  <div class='ocr_page' id='page_1' title='image "/cluster/home/n/w/nwhite01/storage/ocr_20150623/120/hvd.32044015466923/144.png"; bbox 0 0 4016 6360; ppageno 0'>
   <div class='ocr_carea' id='block_1_1' title="bbox 144 371 249 426">
    <p class='ocr_par' dir='ltr' id='par_1_1' title="bbox 144 371 249 426">
     <span class='ocr_line' id='line_1_1' title="bbox 144 371 249 426; baseline -0.019 0"><span class='ocrx_word' id='word_1_1' title='bbox 144 371 249 426; x_wconf 69' lang='lat'><strong>977</strong></span> 
     </span>
    </p>
   </div>
   <div class='ocr_carea' id='block_1_2' title="bbox 939 294 2602 406">
    <p class='ocr_par' dir='ltr' id='par_1_2' title="bbox 939 294 2602 406">
     <span class='ocr_line' id='line_1_2' title="bbox 939 294 2602 406; baseline -0.026 1"><span class='ocrx_word' id='word_1_2' title='bbox 939 326 1300 406; x_wconf 74' lang='lat' dir='ltr'><strong>exeostrto&#39;</strong></span> <span class='ocrx_word' id='word_1_3' title='bbox 1338 343 1402 400; x_wconf 73' lang='lat' dir='ltr'><strong>IN</strong></span> <span class='ocrx_word' id='word_1_4' title='bbox 1445 294 1880 398; x_wconf 65' lang='lat' dir='ltr'><strong>MAi’TllAiUM.</strong></span> <span class='ocrx_word' id='word_1_5' title='bbox 1923 365 1991 374; x_wconf 85' lang='grc'><strong><em>-</em></strong></span> <span class='ocrx_word' id='word_1_6' title='bbox 2027 330 2155 386; x_wconf 81' lang='lat' dir='ltr'><strong>ua.</strong></span> <span class='ocrx_word' id='word_1_7' title='bbox 2193 321 2282 386; x_wconf 83' lang='lat' dir='ltr'><strong>tv,</strong></span> <span class='ocrx_word' id='word_1_8' title='bbox 2323 314 2474 371; x_wconf 60' lang='lat' dir='ltr'><strong>car.</strong></span> <span class='ocrx_word' id='word_1_9' title='bbox 2521 313 2602 366; x_wconf 74' lang='grc' dir='ltr'>ιί.</span> 
     </span>
    </p>
   </div>
   <div class='ocr_carea' id='block_1_3' title="bbox 3303 315 3409 372">
    <p class='ocr_par' dir='ltr' id='par_1_3' title="bbox 3303 315 3409 372">
     <span class='ocr_line' id='line_1_3' title="bbox 3303 315 3409 372; baseline 0.028 -3"><span class='ocrx_word' id='word_1_10' title='bbox 3303 315 3409 372; x_wconf 72' lang='lat'><strong>278</strong></span> 
     </span>
    </p>
   </div>
   <div class='ocr_carea' id='block_1_4' title="bbox 149 432 3409 544">
    <p class='ocr_par' dir='ltr' id='par_1_4' title="bbox 149 432 3409 544">
     <span class='ocr_line' id='line_1_4' title="bbox 149 432 3409 544; baseline -0.017 -1"><span class='ocrx_word' id='word_1_11' title='bbox 149 495 308 544; x_wconf 80' lang='lat' dir='ltr'><strong>natus</strong></span> <span class='ocrx_word' id='word_1_12' title='bbox 346 496 405 536; x_wconf 89' lang='lat' dir='ltr'><strong>es</strong></span> <span class='ocrx_word' id='word_1_13' title='bbox 447 493 565 534; x_wconf 89' lang='lat' dir='ltr'><strong>ora.</strong></span> <span class='ocrx_word' id='word_1_14' title='bbox 612 469 917 528; x_wconf 81' lang='lat' dir='ltr'><strong>Paternitas</strong></span> <span class='ocrx_word' id='word_1_15' title='bbox 944 467 1062 537; x_wconf 85' lang='lat' dir='ltr'><strong>ejus</strong></span> <span class='ocrx_word' id='word_1_16' title='bbox 1097 473 1148 518; x_wconf 90' lang='lat' dir='ltr'><strong>te</strong></span> <span class='ocrx_word' id='word_1_17' title='bbox 1187 463 1372 516; x_wconf 77' lang='lat' dir='ltr'><strong>doceat</strong></span> <span class='ocrx_word' id='word_1_18' title='bbox 1399 473 1504 527; x_wconf 88' lang='lat' dir='ltr'><strong>qua</strong></span> <span class='ocrx_word' id='word_1_19' title='bbox 1538 453 1730 508; x_wconf 90' lang='lat' dir='ltr'><strong>ﬁducia</strong></span> <span class='ocrx_word' id='word_1_20' title='bbox 1763 453 1804 506; x_wconf 80' lang='grc' dir='ltr'><strong>Α</strong></span> <span class='ocrx_word' id='word_1_21' title='bbox 1835 449 1996 502; x_wconf 86' lang='lat' dir='ltr'><strong>etiam</strong></span> <span class='ocrx_word' id='word_1_22' title='bbox 2026 447 2339 517; x_wconf 81' lang='lat' dir='ltr'><strong>priusquam</strong></span> <span class='ocrx_word' id='word_1_23' title='bbox 2367 449 2637 515; x_wconf 90' lang='lat' dir='ltr'><strong>petantur.</strong></span> <span class='ocrx_word' id='word_1_24' title='bbox 2673 438 2778 494; x_wconf 86' lang='lat' dir='ltr'><strong>Sed</strong></span> <span class='ocrx_word' id='word_1_25' title='bbox 2817 439 2932 493; x_wconf 73' lang='lat' dir='ltr'><strong>tunc</strong></span> <span class='ocrx_word' id='word_1_26' title='bbox 2959 434 3186 506; x_wconf 66' lang='lat' dir='ltr'><strong>quaestio</strong></span> <span class='ocrx_word' id='word_1_27' title='bbox 3227 432 3409 505; x_wconf 81' lang='lat' dir='ltr'><strong>perfa-</strong></span> 
     </span>
    </p>
   </div>
   <div class='ocr_carea' id='block_1_5' title="bbox 149 549 1732 646">
    <p class='ocr_par' dir='ltr' id='par_1_5' title="bbox 149 549 1732 646">
     <span class='ocr_line' id='line_1_5' title="bbox 149 549 1732 646; baseline -0.024 -12"><span class='ocrx_word' id='word_1_28' title='bbox 149 581 233 634; x_wconf 83' lang='lat' dir='ltr'><strong>vel</strong></span> <span class='ocrx_word' id='word_1_29' title='bbox 275 591 382 646; x_wconf 85' lang='lat' dir='ltr'><strong>quo</strong></span> <span class='ocrx_word' id='word_1_30' title='bbox 423 569 618 625; x_wconf 72' lang='lat' dir='ltr'><strong>aﬂcctu</strong></span> <span class='ocrx_word' id='word_1_31' title='bbox 659 577 818 618; x_wconf 88' lang='lat' dir='ltr'><strong>orare</strong></span> <span class='ocrx_word' id='word_1_32' title='bbox 859 559 1096 612; x_wconf 87' lang='lat' dir='ltr'><strong>debeas:</strong></span> <span class='ocrx_word' id='word_1_33' title='bbox 1135 553 1350 607; x_wconf 81' lang='lat' dir='ltr'><strong>Patrem</strong></span> <span class='ocrx_word' id='word_1_34' title='bbox 1389 549 1534 603; x_wconf 86' lang='lat' dir='ltr'><strong>enim</strong></span> <span class='ocrx_word' id='word_1_35' title='bbox 1573 561 1732 608; x_wconf 86' lang='lat' dir='ltr'><strong>oras;</strong></span> 
     </span>
    </p>
   </div>
   <div class='ocr_carea' id='block_1_6' title="bbox 153 637 1738 739">
    <p class='ocr_par' dir='ltr' id='par_1_6' title="bbox 153 637 1738 739">
     <span class='ocr_line' id='line_1_6' title="bbox 153 637 1738 739; baseline -0.025 -13"><span class='ocrx_word' id='word_1_36' title='bbox 153 637 441 739; x_wconf 74' lang='lat' dir='ltr'><strong>ingredere</strong></span> <span class='ocrx_word' id='word_1_37' title='bbox 477 660 547 716; x_wconf 88' lang='lat' dir='ltr'><strong>ad</strong></span> <span class='ocrx_word' id='word_1_38' title='bbox 581 671 706 714; x_wconf 90' lang='lat' dir='ltr'><strong>cum</strong></span> <span class='ocrx_word' id='word_1_39' title='bbox 751 654 804 708; x_wconf 91' lang='lat' dir='ltr'><strong>in</strong></span> <span class='ocrx_word' id='word_1_40' title='bbox 850 647 1204 710; x_wconf 81' lang='lat' dir='ltr'><strong>conscientia,</strong></span> <span class='ocrx_word' id='word_1_41' title='bbox 1251 653 1310 698; x_wconf 93' lang='lat' dir='ltr'><strong>et</strong></span> <span class='ocrx_word' id='word_1_42' title='bbox 1350 657 1444 696; x_wconf 90' lang='lat' dir='ltr'><strong>ora</strong></span> <span class='ocrx_word' id='word_1_43' title='bbox 1491 637 1640 692; x_wconf 89' lang='lat' dir='ltr'><strong>illum</strong></span> <span class='ocrx_word' id='word_1_44' title='bbox 1680 643 1738 688; x_wconf 92' lang='lat' dir='ltr'><strong>ut</strong></span> 
     </span>
    </p>
   </div>
   <div class='ocr_carea' id='block_1_7' title="bbox 155 761 318 814">
    <p class='ocr_par' dir='ltr' id='par_1_7' title="bbox 155 761 318 814">
     <span class='ocr_line' id='line_1_7' title="bbox 155 761 318 814; baseline -0.018 0"><span class='ocrx_word' id='word_1_45' title='bbox 155 761 318 814; x_wconf 78' lang='lat' dir='ltr'><strong>tilins.</strong></span> 
     </span>
    </p>
   </div>
   <div class='ocr_carea' id='block_1_8' title="bbox 229 814 1737 912">
    <p class='ocr_par' dir='ltr' id='par_1_8' title="bbox 229 814 1737 912">
     <span class='ocr_line' id='line_1_8' title="bbox 229 814 1737 912; baseline -0.025 -7"><span class='ocrx_word' id='word_1_46' title='bbox 229 850 296 904; x_wconf 75' lang='lat' dir='ltr'><strong>Et</strong></span> <span class='ocrx_word' id='word_1_47' title='bbox 331 848 514 908; x_wconf 81' lang='lat' dir='ltr'><strong>Pater,</strong></span> <span class='ocrx_word' id='word_1_48' title='bbox 544 843 633 912; x_wconf 81' lang='lat' dir='ltr'><strong>qui</strong></span> <span class='ocrx_word' id='word_1_49' title='bbox 658 839 790 895; x_wconf 82' lang='lat' dir='ltr'><strong>videt</strong></span> <span class='ocrx_word' id='word_1_50' title='bbox 839 835 893 889; x_wconf 83' lang='lat' dir='ltr'><strong>in</strong></span> <span class='ocrx_word' id='word_1_51' title='bbox 932 831 1217 890; x_wconf 81' lang='lat' dir='ltr'><strong>absconso,</strong></span> <span class='ocrx_word' id='word_1_52' title='bbox 1258 821 1436 878; x_wconf 77' lang='lat' dir='ltr'><strong>reddet</strong></span> <span class='ocrx_word' id='word_1_53' title='bbox 1478 818 1588 872; x_wconf 79' lang='lat' dir='ltr'><strong>tibi.</strong></span> <span class='ocrx_word' id='word_1_54' title='bbox 1621 814 1737 868; x_wconf 81' lang='lat' dir='ltr'><strong>Noli</strong></span> 
     </span>
    </p>
   </div>
   <div class='ocr_carea' id='block_1_9' title="bbox 152 909 1742 1000">
    <p class='ocr_par' dir='ltr' id='par_1_9' title="bbox 152 909 1742 1000">
     <span class='ocr_line' id='line_1_9' title="bbox 152 909 1742 1000; baseline -0.026 0"><span class='ocrx_word' id='word_1_55' title='bbox 152 958 314 1000; x_wconf 83' lang='lat' dir='ltr'><strong>orare</strong></span> <span class='ocrx_word' id='word_1_56' title='bbox 341 949 402 995; x_wconf 91' lang='lat' dir='ltr'><strong>ut</strong></span> <span class='ocrx_word' id='word_1_57' title='bbox 426 935 662 992; x_wconf 86' lang='lat' dir='ltr'><strong>videaris</strong></span> <span class='ocrx_word' id='word_1_58' title='bbox 686 932 757 987; x_wconf 89' lang='lat' dir='ltr'><strong>ab</strong></span> <span class='ocrx_word' id='word_1_59' title='bbox 781 925 1111 986; x_wconf 89' lang='lat' dir='ltr'><strong>hominibus,</strong></span> <span class='ocrx_word' id='word_1_60' title='bbox 1142 918 1235 974; x_wconf 87' lang='lat' dir='ltr'><strong>sed</strong></span> <span class='ocrx_word' id='word_1_61' title='bbox 1259 931 1356 972; x_wconf 89' lang='lat' dir='ltr'><strong>ora</strong></span> <span class='ocrx_word' id='word_1_62' title='bbox 1383 915 1527 967; x_wconf 91' lang='lat' dir='ltr'><strong>intus</strong></span> <span class='ocrx_word' id='word_1_63' title='bbox 1557 909 1742 964; x_wconf 88' lang='lat' dir='ltr'><strong>clauso</strong></span> 
     </span>
    </p>
   </div>
   <div class='ocr_carea' id='block_1_10' title="bbox 153 1003 1743 1101">
    <p class='ocr_par' dir='ltr' id='par_1_10' title="bbox 153 1003 1743 1101">
     <span class='ocr_line' id='line_1_10' title="bbox 153 1003 1743 1101; baseline -0.023 -8"><span class='ocrx_word' id='word_1_64' title='bbox 153 1039 324 1101; x_wconf 84' lang='lat' dir='ltr'><strong>ostio,</strong></span> <span class='ocrx_word' id='word_1_65' title='bbox 357 1044 414 1088; x_wconf 89' lang='lat' dir='ltr'><strong>ut</strong></span> <span class='ocrx_word' id='word_1_66' title='bbox 447 1030 612 1087; x_wconf 84' lang='lat' dir='ltr'><strong>Pater</strong></span> <span class='ocrx_word' id='word_1_67' title='bbox 635 1036 762 1082; x_wconf 89' lang='lat' dir='ltr'><strong>tuus</strong></span> <span class='ocrx_word' id='word_1_68' title='bbox 789 1023 987 1084; x_wconf 80' lang='lat' dir='ltr'><strong>videat,</strong></span> <span class='ocrx_word' id='word_1_69' title='bbox 1025 1027 1080 1073; x_wconf 89' lang='lat' dir='ltr'><strong>et</strong></span> <span class='ocrx_word' id='word_1_70' title='bbox 1117 1015 1300 1077; x_wconf 84' lang='lat' dir='ltr'><strong>Pater,</strong></span> <span class='ocrx_word' id='word_1_71' title='bbox 1331 1009 1424 1080; x_wconf 86' lang='lat' dir='ltr'><strong>qui</strong></span> <span class='ocrx_word' id='word_1_72' title='bbox 1454 1005 1650 1062; x_wconf 90' lang='lat' dir='ltr'><strong>viderit</strong></span> <span class='ocrx_word' id='word_1_73' title='bbox 1689 1003 1743 1057; x_wconf 90' lang='lat' dir='ltr'><strong>in</strong></span> 
     </span>
    </p>
   </div>
   <div class='ocr_carea' id='block_1_11' title="bbox 159 1098 1746 1191">
    <p class='ocr_par' dir='ltr' id='par_1_11' title="bbox 159 1098 1746 1191">
     <span class='ocr_line' id='line_1_11' title="bbox 159 1098 1746 1191; baseline -0.023 -6"><span class='ocrx_word' id='word_1_74' title='bbox 159 1098 462 1191; x_wconf 85' lang='lat' dir='ltr'><strong>absconso,</strong></span> <span class='ocrx_word' id='word_1_75' title='bbox 495 1121 682 1177; x_wconf 85' lang='lat' dir='ltr'><strong>reddet</strong></span> <span class='ocrx_word' id='word_1_76' title='bbox 705 1117 823 1172; x_wconf 90' lang='lat' dir='ltr'><strong>tibi.</strong></span> <span class='ocrx_word' id='word_1_77' title='bbox 853 1111 1062 1168; x_wconf 81' lang='lat' dir='ltr'><strong>Reddet</strong></span> <span class='ocrx_word' id='word_1_78' title='bbox 1103 1113 1283 1162; x_wconf 89' lang='lat' dir='ltr'><strong>autem</strong></span> <span class='ocrx_word' id='word_1_79' title='bbox 1320 1117 1429 1158; x_wconf 90' lang='lat' dir='ltr'><strong>non</strong></span> <span class='ocrx_word' id='word_1_80' title='bbox 1458 1098 1622 1154; x_wconf 84' lang='lat' dir='ltr'><strong>verba</strong></span> <span class='ocrx_word' id='word_1_81' title='bbox 1650 1111 1746 1165; x_wconf 88' lang='lat' dir='ltr'><strong>pro</strong></span> 
     </span>
    </p>
   </div>
   <div class='ocr_carea' id='block_1_12' title="bbox 158 1193 1748 1287">
    <p class='ocr_par' dir='ltr' id='par_1_12' title="bbox 158 1193 1748 1287">
     <span class='ocr_line' id='line_1_12' title="bbox 158 1193 1748 1287; baseline -0.021 -15"><span class='ocrx_word' id='word_1_82' title='bbox 158 1222 361 1284; x_wconf 77' lang='lat' dir='ltr'><strong>verbis,</strong></span> <span class='ocrx_word' id='word_1_83' title='bbox 389 1231 564 1287; x_wconf 89' lang='lat' dir='ltr'><strong>neque</strong></span> <span class='ocrx_word' id='word_1_84' title='bbox 592 1227 690 1283; x_wconf 91' lang='lat' dir='ltr'><strong>pro</strong></span> <span class='ocrx_word' id='word_1_85' title='bbox 719 1205 968 1280; x_wconf 83' lang='lat' dir='ltr'><strong>precibus</strong></span> <span class='ocrx_word' id='word_1_86' title='bbox 995 1213 1231 1273; x_wconf 82' lang='lat' dir='ltr'><strong>precem,</strong></span> <span class='ocrx_word' id='word_1_87' title='bbox 1255 1194 1350 1250; x_wconf 88' lang='lat' dir='ltr'><strong>sed</strong></span> <span class='ocrx_word' id='word_1_88' title='bbox 1369 1193 1604 1246; x_wconf 84' lang='lat' dir='ltr'><strong>fructum</strong></span> <span class='ocrx_word' id='word_1_89' title='bbox 1625 1202 1748 1242; x_wconf 87' lang='lat' dir='ltr'><strong>ora-</strong></span> 
     </span>
    </p>
   </div>
   <div class='ocr_carea' id='block_1_13' title="bbox 161 1297 943 1376">
    <p class='ocr_par' dir='ltr' id='par_1_13' title="bbox 161 1297 943 1376">
     <span class='ocr_line' id='line_1_13' title="bbox 161 1297 943 1376; baseline -0.022 -9"><span class='ocrx_word' id='word_1_90' title='bbox 161 1314 350 1376; x_wconf 89' lang='lat' dir='ltr'><strong>tionis,</strong></span> <span class='ocrx_word' id='word_1_91' title='bbox 377 1319 435 1364; x_wconf 90' lang='lat' dir='ltr'><strong>et</strong></span> <span class='ocrx_word' id='word_1_92' title='bbox 465 1304 770 1362; x_wconf 81' lang='lat' dir='ltr'><strong>mercedem</strong></span> <span class='ocrx_word' id='word_1_93' title='bbox 799 1297 943 1353; x_wconf 89' lang='lat' dir='ltr'><strong>ﬁdei.</strong></span> 
     </span>
    </p>
   </div>
   <div class='ocr_carea' id='block_1_14' title="bbox 233 1372 1746 1458">
    <p class='ocr_par' dir='ltr' id='par_1_14' title="bbox 233 1372 1746 1458">
     <span class='ocr_line' id='line_1_14' title="bbox 233 1372 1746 1458; baseline -0.021 0"><span class='ocrx_word' id='word_1_94' title='bbox 233 1372 465 1458; x_wconf 67' lang='lat' dir='ltr'><strong>Orontes</strong></span> <span class='ocrx_word' id='word_1_95' title='bbox 497 1407 672 1452; x_wconf 73' lang='lat' dir='ltr'><strong>autem</strong></span> <span class='ocrx_word' id='word_1_96' title='bbox 709 1390 866 1446; x_wconf 82' lang='lat' dir='ltr'><strong>nolite</strong></span> <span class='ocrx_word' id='word_1_97' title='bbox 896 1386 1119 1443; x_wconf 81' lang='lat' dir='ltr'><strong>multum</strong></span> <span class='ocrx_word' id='word_1_98' title='bbox 1145 1381 1320 1452; x_wconf 85' lang='lat' dir='ltr'><strong>loqui,</strong></span> <span class='ocrx_word' id='word_1_99' title='bbox 1361 1379 1494 1432; x_wconf 83' lang='lat' dir='ltr'><strong>sicut</strong></span> <span class='ocrx_word' id='word_1_100' title='bbox 1533 1372 1746 1428; x_wconf 73' lang='lat' dir='ltr'><strong>ethnici.</strong></span> 
     </span>
    </p>
   </div>
   <div class='ocr_carea' id='block_1_15' title="bbox 165 1461 1748 1556">
    <p class='ocr_par' dir='ltr' id='par_1_15' title="bbox 165 1461 1748 1556">
     <span class='ocr_line' id='line_1_15' title="bbox 165 1461 1748 1556; baseline -0.022 -6"><span class='ocrx_word' id='word_1_101' title='bbox 165 1497 338 1550; x_wconf 75' lang='lat' dir='ltr'><strong>Plane</strong></span> <span class='ocrx_word' id='word_1_102' title='bbox 364 1490 613 1547; x_wconf 79' lang='lat' dir='ltr'><strong>ethnicos</strong></span> <span class='ocrx_word' id='word_1_103' title='bbox 641 1481 870 1556; x_wconf 88' lang='lat' dir='ltr'><strong>gentiles</strong></span> <span class='ocrx_word' id='word_1_104' title='bbox 903 1484 1082 1540; x_wconf 88' lang='lat' dir='ltr'><strong>vocat,</strong></span> <span class='ocrx_word' id='word_1_105' title='bbox 1116 1472 1202 1529; x_wconf 89' lang='lat' dir='ltr'><strong>vel</strong></span> <span class='ocrx_word' id='word_1_106' title='bbox 1240 1466 1620 1542; x_wconf 87' lang='lat' dir='ltr'><strong>philosophos,</strong></span> <span class='ocrx_word' id='word_1_107' title='bbox 1658 1461 1748 1532; x_wconf 89' lang='lat' dir='ltr'><strong>qui</strong></span> 
     </span>
    </p>
   </div>
   <div class='ocr_carea' id='block_1_16' title="bbox 162 1553 1750 1643">
    <p class='ocr_par' dir='ltr' id='par_1_16' title="bbox 162 1553 1750 1643">
     <span class='ocr_line' id='line_1_16' title="bbox 162 1553 1750 1643; baseline -0.021 -5"><span class='ocrx_word' id='word_1_108' title='bbox 162 1585 380 1638; x_wconf 80' lang='lat' dir='ltr'><strong>duabus</strong></span> <span class='ocrx_word' id='word_1_109' title='bbox 419 1581 484 1635; x_wconf 82' lang='lat' dir='ltr'><strong>de</strong></span> <span class='ocrx_word' id='word_1_110' title='bbox 512 1553 694 1632; x_wconf 79' lang='lat' dir='ltr'><strong>causis</strong></span> <span class='ocrx_word' id='word_1_111' title='bbox 732 1570 994 1643; x_wconf 83' lang='lat' dir='ltr'><strong>prolixius</strong></span> <span class='ocrx_word' id='word_1_112' title='bbox 1027 1565 1278 1620; x_wconf 87' lang='lat' dir='ltr'><strong>orabant.</strong></span> <span class='ocrx_word' id='word_1_113' title='bbox 1310 1559 1580 1614; x_wconf 85' lang='lat' dir='ltr'><strong>Putabant</strong></span> <span class='ocrx_word' id='word_1_114' title='bbox 1605 1553 1750 1608; x_wconf 89' lang='lat' dir='ltr'><strong>enim</strong></span> 
     </span>
    </p>
   </div>
   <div class='ocr_carea' id='block_1_17' title="bbox 169 1654 1752 1750">
    <p class='ocr_par' dir='ltr' id='par_1_17' title="bbox 169 1654 1752 1750">
     <span class='ocr_line' id='line_1_17' title="bbox 169 1654 1752 1750; baseline -0.023 -15"><span class='ocrx_word' id='word_1_115' title='bbox 169 1679 438 1750; x_wconf 88' lang='lat' dir='ltr'><strong>apposite,</strong></span> <span class='ocrx_word' id='word_1_116' title='bbox 465 1675 606 1730; x_wconf 89' lang='lat' dir='ltr'><strong>sicut</strong></span> <span class='ocrx_word' id='word_1_117' title='bbox 635 1671 689 1724; x_wconf 89' lang='lat' dir='ltr'><strong>in</strong></span> <span class='ocrx_word' id='word_1_118' title='bbox 720 1681 900 1722; x_wconf 90' lang='lat' dir='ltr'><strong>rerum</strong></span> <span class='ocrx_word' id='word_1_119' title='bbox 933 1661 1162 1734; x_wconf 83' lang='lat' dir='ltr'><strong>negotiis</strong></span> <span class='ocrx_word' id='word_1_120' title='bbox 1201 1666 1257 1713; x_wconf 90' lang='lat' dir='ltr'><strong>et</strong></span> <span class='ocrx_word' id='word_1_121' title='bbox 1294 1664 1581 1710; x_wconf 87' lang='lat' dir='ltr'><strong>causarum</strong></span> <span class='ocrx_word' id='word_1_122' title='bbox 1607 1654 1752 1702; x_wconf 88' lang='lat' dir='ltr'><strong>statu</strong></span> 
     </span>
    </p>
   </div>
   <div class='ocr_carea' id='block_1_18' title="bbox 166 1741 1754 1834">
    <p class='ocr_par' dir='ltr' id='par_1_18' title="bbox 166 1741 1754 1834">
     <span class='ocr_line' id='line_1_18' title="bbox 166 1741 1754 1834; baseline -0.023 -9"><span class='ocrx_word' id='word_1_123' title='bbox 166 1770 312 1825; x_wconf 84' lang='lat' dir='ltr'><strong>soliti</strong></span> <span class='ocrx_word' id='word_1_124' title='bbox 333 1777 514 1832; x_wconf 88' lang='lat' dir='ltr'><strong>erant,</strong></span> <span class='ocrx_word' id='word_1_125' title='bbox 543 1761 706 1834; x_wconf 62' lang='grc'><strong>314</strong></span> <span class='ocrx_word' id='word_1_126' title='bbox 727 1762 792 1815; x_wconf 88' lang='lat' dir='ltr'><strong>ad</strong></span> <span class='ocrx_word' id='word_1_127' title='bbox 817 1753 1246 1829; x_wconf 84' lang='lat' dir='ltr'><strong>persuadendum</strong></span> <span class='ocrx_word' id='word_1_128' title='bbox 1269 1746 1435 1816; x_wconf 84' lang='lat' dir='ltr'><strong>loqui,</strong></span> <span class='ocrx_word' id='word_1_129' title='bbox 1463 1745 1536 1798; x_wconf 92' lang='lat' dir='ltr'><strong>ita</strong></span> <span class='ocrx_word' id='word_1_130' title='bbox 1556 1741 1610 1795; x_wconf 90' lang='lat' dir='ltr'><strong>in</strong></span> <span class='ocrx_word' id='word_1_131' title='bbox 1630 1753 1754 1792; x_wconf 89' lang='lat' dir='ltr'><strong>ora-</strong></span> 
     </span>
    </p>
   </div>
   <div class='ocr_carea' id='block_1_19' title="bbox 168 1827 1754 1920">
    <p class='ocr_par' dir='ltr' id='par_1_19' title="bbox 168 1827 1754 1920">
     <span class='ocr_line' id='line_1_19' title="bbox 168 1827 1754 1920; baseline -0.022 -4"><span class='ocrx_word' id='word_1_132' title='bbox 168 1863 319 1916; x_wconf 87' lang='lat' dir='ltr'><strong>tione</strong></span> <span class='ocrx_word' id='word_1_133' title='bbox 366 1857 585 1920; x_wconf 90' lang='lat' dir='ltr'><strong>debere,</strong></span> <span class='ocrx_word' id='word_1_134' title='bbox 632 1852 956 1914; x_wconf 91' lang='lat' dir='ltr'><strong>arbitrantes</strong></span> <span class='ocrx_word' id='word_1_135' title='bbox 999 1845 1168 1899; x_wconf 89' lang='lat' dir='ltr'><strong>Deum</strong></span> <span class='ocrx_word' id='word_1_136' title='bbox 1212 1838 1394 1894; x_wconf 81' lang='lat' dir='ltr'><strong>verbis</strong></span> <span class='ocrx_word' id='word_1_137' title='bbox 1440 1827 1754 1905; x_wconf 85' lang='lat' dir='ltr'><strong>persuaderi</strong></span> 
     </span>
    </p>
   </div>
   <div class='ocr_carea' id='block_1_20' title="bbox 167 1919 1753 2021">
    <p class='ocr_par' dir='ltr' id='par_1_20' title="bbox 167 1919 1753 2021">
     <span class='ocr_line' id='line_1_20' title="bbox 167 1919 1753 2021; baseline -0.021 -14"><span class='ocrx_word' id='word_1_138' title='bbox 167 1966 350 2021; x_wconf 88' lang='lat' dir='ltr'><strong>posse.</strong></span> <span class='ocrx_word' id='word_1_139' title='bbox 379 1948 468 2010; x_wconf 86' lang='lat' dir='ltr'><strong>Et,</strong></span> <span class='ocrx_word' id='word_1_140' title='bbox 509 1919 649 2000; x_wconf 88' lang='lat' dir='ltr'><strong>sicut</strong></span> <span class='ocrx_word' id='word_1_141' title='bbox 680 1938 1039 1996; x_wconf 85' lang='lat' dir='ltr'><strong>conciliabant</strong></span> <span class='ocrx_word' id='word_1_142' title='bbox 1065 1923 1627 1988; x_wconf 77' lang='lat' dir='ltr'><strong>verborum-facundia</strong></span> <span class='ocrx_word' id='word_1_143' title='bbox 1650 1919 1753 1976; x_wconf 84' lang='lat' dir='ltr'><strong>sibi</strong></span> 
     </span>
    </p>
   </div>
   <div class='ocr_carea' id='block_1_21' title="bbox 159 2017 1754 2110">
    <p class='ocr_par' dir='ltr' id='par_1_21' title="bbox 159 2017 1754 2110">
     <span class='ocr_line' id='line_1_21' title="bbox 159 2017 1754 2110; baseline -0.02 -15"><span class='ocrx_word' id='word_1_144' title='bbox 159 2017 379 2110; x_wconf 57' lang='lat' dir='ltr'><strong>iudices</strong></span> <span class='ocrx_word' id='word_1_145' title='bbox 424 2036 491 2091; x_wconf 90' lang='lat' dir='ltr'><strong>ad</strong></span> <span class='ocrx_word' id='word_1_146' title='bbox 532 2031 856 2094; x_wconf 86' lang='lat' dir='ltr'><strong>favendum,</strong></span> <span class='ocrx_word' id='word_1_147' title='bbox 886 2024 1288 2090; x_wconf 85' lang='lat' dir='ltr'><strong>reddebantque</strong></span> <span class='ocrx_word' id='word_1_148' title='bbox 1333 2017 1567 2072; x_wconf 84' lang='lat' dir='ltr'><strong>intentos</strong></span> <span class='ocrx_word' id='word_1_149' title='bbox 1594 2021 1754 2080; x_wconf 87' lang='lat' dir='ltr'><strong>atque</strong></span> 
     </span>
    </p>
   </div>
   <div class='ocr_carea' id='block_1_22' title="bbox 171 2103 1752 2193">
    <p class='ocr_par' dir='ltr' id='par_1_22' title="bbox 171 2103 1752 2193">
     <span class='ocr_line' id='line_1_22' title="bbox 171 2103 1752 2193; baseline -0.021 -7"><span class='ocrx_word' id='word_1_150' title='bbox 171 2128 489 2193; x_wconf 79' lang='lat' dir='ltr'><strong>benevolos,</strong></span> <span class='ocrx_word' id='word_1_151' title='bbox 509 2127 587 2180; x_wconf 89' lang='lat' dir='ltr'><strong>sic</strong></span> <span class='ocrx_word' id='word_1_152' title='bbox 611 2123 796 2192; x_wconf 86' lang='lat' dir='ltr'><strong>utique</strong></span> <span class='ocrx_word' id='word_1_153' title='bbox 823 2117 1185 2174; x_wconf 80' lang='lat' dir='ltr'><strong>moliebantur</strong></span> <span class='ocrx_word' id='word_1_154' title='bbox 1202 2108 1540 2182; x_wconf 85' lang='lat' dir='ltr'><strong>permulcere</strong></span> <span class='ocrx_word' id='word_1_155' title='bbox 1560 2103 1752 2166; x_wconf 90' lang='lat' dir='ltr'><strong>Deum,</strong></span> 
     </span>
    </p>
   </div>
   <div class='ocr_carea' id='block_1_23' title="bbox 179 2199 1758 2292">
    <p class='ocr_par' dir='ltr' id='par_1_23' title="bbox 179 2199 1758 2292">
     <span class='ocr_line' id='line_1_23' title="bbox 179 2199 1758 2292; baseline -0.017 -15"><span class='ocrx_word' id='word_1_156' title='bbox 179 2223 312 2292; x_wconf 86' lang='lat' dir='ltr'><strong>quia</strong></span> <span class='ocrx_word' id='word_1_157' title='bbox 337 2219 560 2290; x_wconf 81' lang='lat' dir='ltr'><strong>singulis</strong></span> <span class='ocrx_word' id='word_1_158' title='bbox 591 2217 644 2271; x_wconf 92' lang='lat' dir='ltr'><strong>in</strong></span> <span class='ocrx_word' id='word_1_159' title='bbox 679 2214 859 2270; x_wconf 82' lang='lat' dir='ltr'><strong>causis</strong></span> <span class='ocrx_word' id='word_1_160' title='bbox 886 2210 1250 2281; x_wconf 82' lang='lat' dir='ltr'><strong>Opinabantur</strong></span> <span class='ocrx_word' id='word_1_161' title='bbox 1275 2218 1398 2259; x_wconf 91' lang='lat' dir='ltr'><strong>eum</strong></span> <span class='ocrx_word' id='word_1_162' title='bbox 1429 2199 1566 2255; x_wconf 83' lang='lat' dir='ltr'><strong>ﬁeeti</strong></span> <span class='ocrx_word' id='word_1_163' title='bbox 1598 2209 1758 2268; x_wconf 89' lang='lat' dir='ltr'><strong>posse</strong></span> 
     </span>
    </p>
   </div>
   <div class='ocr_carea' id='block_1_24' title="bbox 179 2291 1759 2383">
    <p class='ocr_par' dir='ltr' id='par_1_24' title="bbox 179 2291 1759 2383">
     <span class='ocr_line' id='line_1_24' title="bbox 179 2291 1759 2383; baseline -0.016 -16"><span class='ocrx_word' id='word_1_164' title='bbox 179 2291 630 2383; x_wconf 84' lang='lat' dir='ltr'><strong>persuasibilibus</strong></span> <span class='ocrx_word' id='word_1_165' title='bbox 652 2305 852 2362; x_wconf 82' lang='lat' dir='ltr'><strong>verbis.</strong></span> <span class='ocrx_word' id='word_1_166' title='bbox 885 2303 984 2358; x_wconf 88' lang='lat' dir='ltr'><strong>Vel</strong></span> <span class='ocrx_word' id='word_1_167' title='bbox 1025 2301 1164 2355; x_wconf 87' lang='lat' dir='ltr'><strong>forte</strong></span> <span class='ocrx_word' id='word_1_168' title='bbox 1207 2299 1327 2353; x_wconf 90' lang='lat' dir='ltr'><strong>ideo</strong></span> <span class='ocrx_word' id='word_1_169' title='bbox 1361 2293 1651 2365; x_wconf 90' lang='lat' dir='ltr'><strong>plurimum</strong></span> <span class='ocrx_word' id='word_1_170' title='bbox 1681 2291 1759 2343; x_wconf 88' lang='lat' dir='ltr'><strong>lo-</strong></span> 
     </span>
    </p>
   </div>
   <div class='ocr_carea' id='block_1_25' title="bbox 175 2381 1759 2472">
    <p class='ocr_par' dir='ltr' id='par_1_25' title="bbox 175 2381 1759 2472">
     <span class='ocr_line' id='line_1_25' title="bbox 175 2381 1759 2472; baseline -0.015 -15"><span class='ocrx_word' id='word_1_171' title='bbox 175 2403 507 2472; x_wconf 86' lang='lat' dir='ltr'><strong>quebantur,</strong></span> <span class='ocrx_word' id='word_1_172' title='bbox 535 2397 661 2468; x_wconf 85' lang='lat' dir='ltr'><strong>quia</strong></span> <span class='ocrx_word' id='word_1_173' title='bbox 689 2395 823 2450; x_wconf 90' lang='lat' dir='ltr'><strong>nihil</strong></span> <span class='ocrx_word' id='word_1_174' title='bbox 845 2395 910 2448; x_wconf 90' lang='lat' dir='ltr'><strong>de</strong></span> <span class='ocrx_word' id='word_1_175' title='bbox 939 2388 1288 2450; x_wconf 87' lang='lat' dir='ltr'><strong>conscientia,</strong></span> <span class='ocrx_word' id='word_1_176' title='bbox 1321 2385 1414 2440; x_wconf 90' lang='lat' dir='ltr'><strong>sed</strong></span> <span class='ocrx_word' id='word_1_177' title='bbox 1439 2381 1620 2438; x_wconf 89' lang='lat' dir='ltr'><strong>omnia</strong></span> <span class='ocrx_word' id='word_1_178' title='bbox 1641 2394 1759 2434; x_wconf 88' lang='lat' dir='ltr'><strong>ver-</strong></span> 
     </span>
    </p>
   </div>
   <div class='ocr_carea' id='block_1_26' title="bbox 173 2473 1760 2562">
    <p class='ocr_par' dir='ltr' id='par_1_26' title="bbox 173 2473 1760 2562">
     <span class='ocr_line' id='line_1_26' title="bbox 173 2473 1760 2562; baseline -0.018 -12"><span class='ocrx_word' id='word_1_179' title='bbox 173 2499 370 2551; x_wconf 88' lang='lat' dir='ltr'><strong>borum</strong></span> <span class='ocrx_word' id='word_1_180' title='bbox 401 2489 688 2562; x_wconf 89' lang='lat' dir='ltr'><strong>superﬁcie</strong></span> <span class='ocrx_word' id='word_1_181' title='bbox 719 2487 978 2559; x_wconf 80' lang='lat' dir='ltr'><strong>agebant,</strong></span> <span class='ocrx_word' id='word_1_182' title='bbox 1007 2483 1308 2539; x_wconf 86' lang='lat' dir='ltr'><strong>nescientes</strong></span> <span class='ocrx_word' id='word_1_183' title='bbox 1349 2475 1544 2544; x_wconf 88' lang='lat' dir='ltr'><strong>ubique</strong></span> <span class='ocrx_word' id='word_1_184' title='bbox 1591 2473 1760 2526; x_wconf 90' lang='lat' dir='ltr'><strong>Deum</strong></span> 
     </span>
    </p>
   </div>
   <div class='ocr_carea' id='block_1_27' title="bbox 171 2562 1763 2650">
    <p class='ocr_par' dir='ltr' id='par_1_27' title="bbox 171 2562 1763 2650">
     <span class='ocr_line' id='line_1_27' title="bbox 171 2562 1763 2650; baseline -0.018 -10"><span class='ocrx_word' id='word_1_185' title='bbox 171 2587 391 2640; x_wconf 83' lang='lat' dir='ltr'><strong>adesse.</strong></span> <span class='ocrx_word' id='word_1_186' title='bbox 423 2582 665 2650; x_wconf 84' lang='lat' dir='ltr'><strong>Quorum</strong></span> <span class='ocrx_word' id='word_1_187' title='bbox 689 2577 856 2634; x_wconf 89' lang='lat' dir='ltr'><strong>inﬁda</strong></span> <span class='ocrx_word' id='word_1_188' title='bbox 873 2573 1193 2646; x_wconf 85' lang='lat' dir='ltr'><strong>supplicatio</strong></span> <span class='ocrx_word' id='word_1_189' title='bbox 1211 2567 1470 2640; x_wconf 87' lang='lat' dir='ltr'><strong>poscebat</strong></span> <span class='ocrx_word' id='word_1_190' title='bbox 1489 2572 1567 2622; x_wconf 91' lang='lat' dir='ltr'><strong>ut.</strong></span> <span class='ocrx_word' id='word_1_191' title='bbox 1591 2562 1638 2617; x_wconf 89' lang='lat' dir='ltr'><strong>si</strong></span> <span class='ocrx_word' id='word_1_192' title='bbox 1669 2562 1763 2615; x_wconf 88' lang='lat' dir='ltr'><strong>ab-</strong></span> 
     </span>
    </p>
   </div>
   <div class='ocr_carea' id='block_1_28' title="bbox 171 2652 1762 2745">
    <p class='ocr_par' dir='ltr' id='par_1_28' title="bbox 171 2652 1762 2745">
     <span class='ocr_line' id='line_1_28' title="bbox 171 2652 1762 2745; baseline -0.017 -13"><span class='ocrx_word' id='word_1_193' title='bbox 171 2687 320 2732; x_wconf 83' lang='lat' dir='ltr'><strong>esset</strong></span> <span class='ocrx_word' id='word_1_194' title='bbox 347 2689 513 2745; x_wconf 85' lang='lat' dir='ltr'><strong>quem</strong></span> <span class='ocrx_word' id='word_1_195' title='bbox 539 2669 823 2741; x_wconf 80' lang='lat' dir='ltr'><strong>rogabant,</strong></span> <span class='ocrx_word' id='word_1_196' title='bbox 849 2681 998 2721; x_wconf 88' lang='lat' dir='ltr'><strong>more</strong></span> <span class='ocrx_word' id='word_1_197' title='bbox 1026 2665 1324 2719; x_wconf 63' lang='lat' dir='ltr'><strong>daemonum</strong></span> <span class='ocrx_word' id='word_1_198' title='bbox 1359 2654 1572 2712; x_wconf 87' lang='lat' dir='ltr'><strong>tandem</strong></span> <span class='ocrx_word' id='word_1_199' title='bbox 1598 2652 1762 2706; x_wconf 87' lang='lat' dir='ltr'><strong>adve-</strong></span> 
     </span>
    </p>
   </div>
   <div class='ocr_carea' id='block_1_29' title="bbox 172 2743 1762 2832">
    <p class='ocr_par' dir='ltr' id='par_1_29' title="bbox 172 2743 1762 2832">
     <span class='ocr_line' id='line_1_29' title="bbox 172 2743 1762 2832; baseline -0.018 -10"><span class='ocrx_word' id='word_1_200' title='bbox 172 2769 363 2832; x_wconf 83' lang='lat' dir='ltr'><strong>niret;</strong></span> <span class='ocrx_word' id='word_1_201' title='bbox 401 2764 626 2820; x_wconf 87' lang='lat' dir='ltr'><strong>veniens</strong></span> <span class='ocrx_word' id='word_1_202' title='bbox 655 2769 858 2819; x_wconf 84' lang='lat' dir='ltr'><strong>autem,</strong></span> <span class='ocrx_word' id='word_1_203' title='bbox 889 2757 1030 2826; x_wconf 91' lang='lat' dir='ltr'><strong>quod</strong></span> <span class='ocrx_word' id='word_1_204' title='bbox 1067 2754 1218 2824; x_wconf 90' lang='lat' dir='ltr'><strong>prius</strong></span> <span class='ocrx_word' id='word_1_205' title='bbox 1245 2749 1546 2810; x_wconf 85' lang='lat' dir='ltr'><strong>nescierat,</strong></span> <span class='ocrx_word' id='word_1_206' title='bbox 1573 2743 1762 2796; x_wconf 87' lang='lat' dir='ltr'><strong>amba-</strong></span> 
     </span>
    </p>
   </div>
   <div class='ocr_carea' id='block_1_30' title="bbox 171 2835 1762 2926">
    <p class='ocr_par' dir='ltr' id='par_1_30' title="bbox 171 2835 1762 2926">
     <span class='ocr_line' id='line_1_30' title="bbox 171 2835 1762 2926; baseline -0.016 -15"><span class='ocrx_word' id='word_1_207' title='bbox 171 2859 339 2926; x_wconf 81' lang='lat' dir='ltr'><strong>gibus</strong></span> <span class='ocrx_word' id='word_1_208' title='bbox 370 2854 659 2910; x_wconf 86' lang='lat' dir='ltr'><strong>verborum</strong></span> <span class='ocrx_word' id='word_1_209' title='bbox 689 2835 1008 2905; x_wconf 86' lang='lat' dir='ltr'><strong>addisceret.</strong></span> <span class='ocrx_word' id='word_1_210' title='bbox 1041 2844 1151 2898; x_wconf 85' lang='lat' dir='ltr'><strong>Nec</strong></span> <span class='ocrx_word' id='word_1_211' title='bbox 1178 2841 1374 2896; x_wconf 90' lang='lat' dir='ltr'><strong>mirum</strong></span> <span class='ocrx_word' id='word_1_212' title='bbox 1406 2838 1607 2904; x_wconf 83' lang='lat' dir='ltr'><strong>itaque,</strong></span> <span class='ocrx_word' id='word_1_213' title='bbox 1640 2847 1762 2888; x_wconf 90' lang='lat' dir='ltr'><strong>cum</strong></span> 
     </span>
    </p>
   </div>
   <div class='ocr_carea' id='block_1_31' title="bbox 172 2925 1764 3003">
    <p class='ocr_par' dir='ltr' id='par_1_31' title="bbox 172 2925 1764 3003">
     <span class='ocr_line' id='line_1_31' title="bbox 172 2925 1764 3003; baseline -0.015 -3"><span class='ocrx_word' id='word_1_214' title='bbox 172 2947 342 3002; x_wconf 87' lang='lat' dir='ltr'><strong>idolis</strong></span> <span class='ocrx_word' id='word_1_215' title='bbox 389 2943 788 2999; x_wconf 80' lang='lat' dir='ltr'><strong>famularentur</strong></span> <span class='ocrx_word' id='word_1_216' title='bbox 806 2981 822 3003; x_wconf 92' lang='lat'><strong>,</strong></span> <span class='ocrx_word' id='word_1_217' title='bbox 847 2940 892 2993; x_wconf 91' lang='lat' dir='ltr'><strong>si</strong></span> <span class='ocrx_word' id='word_1_218' title='bbox 920 2936 1088 2992; x_wconf 90' lang='lat' dir='ltr'><strong>multa</strong></span> <span class='ocrx_word' id='word_1_219' title='bbox 1123 2945 1304 2989; x_wconf 88' lang='lat' dir='ltr'><strong>coram</strong></span> <span class='ocrx_word' id='word_1_220' title='bbox 1332 2928 1512 2988; x_wconf 85' lang='lat' dir='ltr'><strong>surdis</strong></span> <span class='ocrx_word' id='word_1_221' title='bbox 1542 2925 1764 2997; x_wconf 88' lang='lat' dir='ltr'><strong>profun-</strong></span> 
     </span>
    </p>
   </div>
   <div class='ocr_carea' id='block_1_32' title="bbox 168 3016 1764 3102">
    <p class='ocr_par' dir='ltr' id='par_1_32' title="bbox 168 3016 1764 3102">
     <span class='ocr_line' id='line_1_32' title="bbox 168 3016 1764 3102; baseline -0.015 -10"><span class='ocrx_word' id='word_1_222' title='bbox 168 3041 374 3092; x_wconf 82' lang='lat' dir='ltr'><strong>derent</strong></span> <span class='ocrx_word' id='word_1_223' title='bbox 420 3035 585 3090; x_wconf 88' lang='lat' dir='ltr'><strong>verba</strong></span> <span class='ocrx_word' id='word_1_224' title='bbox 633 3029 936 3102; x_wconf 80' lang='lat' dir='ltr'><strong>nugatoria.</strong></span> <span class='ocrx_word' id='word_1_225' title='bbox 987 3024 1294 3088; x_wconf 62' lang='lat' dir='ltr'><strong>Praesertim</strong></span> <span class='ocrx_word' id='word_1_226' title='bbox 1348 3037 1470 3076; x_wconf 91' lang='lat' dir='ltr'><strong>cum</strong></span> <span class='ocrx_word' id='word_1_227' title='bbox 1519 3031 1621 3072; x_wconf 88' lang='lat' dir='ltr'><strong>nec</strong></span> <span class='ocrx_word' id='word_1_228' title='bbox 1663 3016 1764 3085; x_wconf 90' lang='lat' dir='ltr'><strong>ipsi</strong></span> 
     </span>
    </p>
   </div>
   <div class='ocr_carea' id='block_1_33' title="bbox 168 3104 1844 3218">
    <p class='ocr_par' dir='ltr' id='par_1_33' title="bbox 168 3104 1844 3218">
     <span class='ocr_line' id='line_1_33' title="bbox 168 3104 1844 3218; baseline -0.016 -37"><span class='ocrx_word' id='word_1_229' title='bbox 168 3127 456 3181; x_wconf 68' lang='lat' dir='ltr'><strong>dzemones</strong></span> <span class='ocrx_word' id='word_1_230' title='bbox 486 3121 630 3176; x_wconf 91' lang='lat' dir='ltr'><strong>scire</strong></span> <span class='ocrx_word' id='word_1_231' title='bbox 666 3125 918 3189; x_wconf 88' lang='lat' dir='ltr'><strong>possent,</strong></span> <span class='ocrx_word' id='word_1_232' title='bbox 947 3124 1235 3182; x_wconf 88' lang='lat' dir='ltr'><strong>antequam</strong></span> <span class='ocrx_word' id='word_1_233' title='bbox 1266 3107 1436 3181; x_wconf 84' lang='lat' dir='ltr'><strong>ignari</strong></span> <span class='ocrx_word' id='word_1_234' title='bbox 1463 3119 1652 3162; x_wconf 84' lang='lat' dir='ltr'><strong>eorum</strong></span> <span class='ocrx_word' id='word_1_235' title='bbox 1679 3104 1763 3157; x_wconf 91' lang='lat' dir='ltr'><strong>in-</strong></span> <span class='ocrx_word' id='word_1_236' title='bbox 1794 3155 1844 3218; x_wconf 77' lang='lat' dir='ltr'><strong>C</strong></span> 
     </span>
     <span class='ocr_line' id='line_1_34' title="bbox 600 3193 1766 3218; baseline 0 0"><span class='ocrx_word' id='word_1_237' title='bbox 600 3211 614 3218; x_wconf 87' lang='lat'><strong>-</strong></span> <span class='ocrx_word' id='word_1_238' title='bbox 731 3211 742 3218; x_wconf 88' lang='lat'><em>.</em></span> <span class='ocrx_word' id='word_1_239' title='bbox 923 3207 935 3218; x_wconf 76' lang='grc' dir='ltr'><strong>ο</strong></span> <span class='ocrx_word' id='word_1_240' title='bbox 958 3205 972 3218; x_wconf 80' lang='grc' dir='ltr'><strong>ι</strong></span> <span class='ocrx_word' id='word_1_241' title='bbox 1045 3205 1058 3218; x_wconf 76' lang='grc' dir='ltr'><strong>ι</strong></span> <span class='ocrx_word' id='word_1_242' title='bbox 1158 3217 1161 3218; x_wconf 67' lang='lat'>,</span> <span class='ocrx_word' id='word_1_243' title='bbox 1214 3217 1222 3218; x_wconf 32' lang='grc' dir='ltr'><em>κ</em></span> <span class='ocrx_word' id='word_1_244' title='bbox 1244 3208 1356 3218; x_wconf 23' lang='lat' dir='ltr'><strong>ﬁse-</strong></span> <span class='ocrx_word' id='word_1_245' title='bbox 1395 3196 1588 3218; x_wconf 60' lang='lat' dir='ltr'><strong>_--Il-..n</strong></span> <span class='ocrx_word' id='word_1_246' title='bbox 1659 3193 1766 3218; x_wconf 62' lang='grc' dir='ltr'><strong>ΕΑΔ</strong></span> 
     </span>
    </p>
   </div>
   <div class='ocr_carea' id='block_1_34' title="bbox 171 3193 1768 3280">
    <p class='ocr_par' dir='ltr' id='par_1_34' title="bbox 171 3193 1768 3280">
     <span class='ocr_line' id='line_1_35' title="bbox 171 3193 1768 3280; baseline -0.015 -9"><span class='ocrx_word' id='word_1_247' title='bbox 171 3223 529 3271; x_wconf 83' lang='lat' dir='ltr'><strong>struerentur</strong></span> <span class='ocrx_word' id='word_1_248' title='bbox 567 3211 816 3280; x_wconf 78' lang='lat' dir='ltr'><strong>eloquio,</strong></span> <span class='ocrx_word' id='word_1_249' title='bbox 847 3205 975 3278; x_wconf 90' lang='lat' dir='ltr'><strong>quid</strong></span> <span class='ocrx_word' id='word_1_250' title='bbox 1008 3205 1360 3260; x_wconf 84' lang='lat' dir='ltr'><strong>obsecrantes</strong></span> <span class='ocrx_word' id='word_1_251' title='bbox 1395 3196 1613 3253; x_wconf 87' lang='lat' dir='ltr'><strong>vellent.</strong></span> <span class='ocrx_word' id='word_1_252' title='bbox 1659 3193 1768 3248; x_wconf 90' lang='lat' dir='ltr'><strong>Sed</strong></span> 
     </span>
    </p>
   </div>
   <div class='ocr_carea' id='block_1_35' title="bbox 172 3287 1771 3365">
    <p class='ocr_par' dir='ltr' id='par_1_35' title="bbox 172 3287 1771 3365">
     <span class='ocr_line' id='line_1_36' title="bbox 172 3287 1771 3365; baseline -0.016 0"><span class='ocrx_word' id='word_1_253' title='bbox 172 3311 360 3365; x_wconf 73' lang='lat' dir='ltr'><strong>ﬁdeiis</strong></span> <span class='ocrx_word' id='word_1_254' title='bbox 385 3309 480 3363; x_wconf 91' lang='lat' dir='ltr'><strong>Dei</strong></span> <span class='ocrx_word' id='word_1_255' title='bbox 510 3287 824 3362; x_wconf 15' lang='lat' dir='ltr'><strong>oratorunon</strong></span> <span class='ocrx_word' id='word_1_256' title='bbox 853 3299 1141 3354; x_wconf 84' lang='lat' dir='ltr'><strong>multorum</strong></span> <span class='ocrx_word' id='word_1_257' title='bbox 1175 3305 1298 3364; x_wconf 89' lang='lat' dir='ltr'><strong>eget</strong></span> <span class='ocrx_word' id='word_1_258' title='bbox 1326 3291 1647 3352; x_wconf 88' lang='lat' dir='ltr'><strong>verborum,</strong></span> <span class='ocrx_word' id='word_1_259' title='bbox 1675 3302 1771 3341; x_wconf 85' lang='lat' dir='ltr'><strong>ne-</strong></span> 
     </span>
    </p>
   </div>
   <div class='ocr_carea' id='block_1_36' title="bbox 171 3379 1770 3468">
    <p class='ocr_par' dir='ltr' id='par_1_36' title="bbox 171 3379 1770 3468">
     <span class='ocr_line' id='line_1_37' title="bbox 171 3379 1770 3468; baseline -0.016 -15"><span class='ocrx_word' id='word_1_260' title='bbox 171 3417 278 3468; x_wconf 91' lang='lat' dir='ltr'><strong>que</strong></span> <span class='ocrx_word' id='word_1_261' title='bbox 302 3398 389 3451; x_wconf 89' lang='lat' dir='ltr'><strong>illi</strong></span> <span class='ocrx_word' id='word_1_262' title='bbox 423 3409 648 3450; x_wconf 85' lang='lat' dir='ltr'><strong>narrare</strong></span> <span class='ocrx_word' id='word_1_263' title='bbox 673 3392 902 3462; x_wconf 89' lang='lat' dir='ltr'><strong>plurima</strong></span> <span class='ocrx_word' id='word_1_264' title='bbox 927 3403 1060 3458; x_wconf 82' lang='lat' dir='ltr'><strong>Opus</strong></span> <span class='ocrx_word' id='word_1_265' title='bbox 1083 3395 1187 3450; x_wconf 91' lang='lat' dir='ltr'><strong>est,</strong></span> <span class='ocrx_word' id='word_1_266' title='bbox 1225 3383 1311 3438; x_wconf 89' lang='lat' dir='ltr'><strong>cui</strong></span> <span class='ocrx_word' id='word_1_267' title='bbox 1339 3379 1520 3437; x_wconf 92' lang='lat' dir='ltr'><strong>omnia</strong></span> <span class='ocrx_word' id='word_1_268' title='bbox 1541 3383 1770 3446; x_wconf 83' lang='lat' dir='ltr'><strong>patent,</strong></span> 
     </span>
    </p>
   </div>
   <div class='ocr_carea' id='block_1_37' title="bbox 173 3469 1774 3560">
    <p class='ocr_par' dir='ltr' id='par_1_37' title="bbox 173 3469 1774 3560">
     <span class='ocr_line' id='line_1_38' title="bbox 173 3469 1774 3560; baseline -0.016 -14"><span class='ocrx_word' id='word_1_269' title='bbox 173 3503 229 3546; x_wconf 87' lang='lat' dir='ltr'><strong>et</strong></span> <span class='ocrx_word' id='word_1_270' title='bbox 263 3491 779 3560; x_wconf 73' lang='lat' dir='ltr'><strong>ubiquescrutatnr</strong></span> <span class='ocrx_word' id='word_1_271' title='bbox 802 3488 1134 3536; x_wconf 89' lang='lat' dir='ltr'><strong>secretorum</strong></span> <span class='ocrx_word' id='word_1_272' title='bbox 1175 3488 1398 3537; x_wconf 87' lang='lat' dir='ltr'><strong>arcana,</strong></span> <span class='ocrx_word' id='word_1_273' title='bbox 1435 3479 1490 3525; x_wconf 91' lang='lat' dir='ltr'><strong>et</strong></span> <span class='ocrx_word' id='word_1_274' title='bbox 1533 3469 1774 3522; x_wconf 87' lang='lat' dir='ltr'><strong>intensor</strong></span> 
     </span>
    </p>
   </div>
   <div class='ocr_carea' id='block_1_38' title="bbox 178 3564 1774 3640">
    <p class='ocr_par' dir='ltr' id='par_1_38' title="bbox 178 3564 1774 3640">
     <span class='ocr_line' id='line_1_39' title="bbox 178 3564 1774 3640; baseline -0.015 -5"><span class='ocrx_word' id='word_1_275' title='bbox 178 3591 264 3635; x_wconf 90' lang='lat' dir='ltr'><strong>est</strong></span> <span class='ocrx_word' id='word_1_276' title='bbox 293 3580 548 3635; x_wconf 82' lang='lat' dir='ltr'><strong>cordium</strong></span> <span class='ocrx_word' id='word_1_277' title='bbox 568 3617 582 3640; x_wconf 90' lang='lat'><strong>,</strong></span> <span class='ocrx_word' id='word_1_278' title='bbox 625 3576 889 3630; x_wconf 89' lang='lat' dir='ltr'><strong>discretor</strong></span> <span class='ocrx_word' id='word_1_279' title='bbox 916 3583 1132 3639; x_wconf 88' lang='lat' dir='ltr'><strong>quoque</strong></span> <span class='ocrx_word' id='word_1_280' title='bbox 1159 3564 1544 3636; x_wconf 84' lang='lat' dir='ltr'><strong>cogitationum</strong></span> <span class='ocrx_word' id='word_1_281' title='bbox 1569 3574 1633 3614; x_wconf 89' lang='lat' dir='ltr'><strong>ac</strong></span> <span class='ocrx_word' id='word_1_282' title='bbox 1661 3574 1774 3613; x_wconf 77' lang='lat' dir='ltr'><strong>me—</strong></span> 
     </span>
    </p>
   </div>
   <div class='ocr_carea' id='block_1_39' title="bbox 178 3649 1775 3728">
    <p class='ocr_par' dir='ltr' id='par_1_39' title="bbox 178 3649 1775 3728">
     <span class='ocr_line' id='line_1_40' title="bbox 178 3649 1775 3728; baseline -0.013 -3"><span class='ocrx_word' id='word_1_283' title='bbox 178 3673 484 3726; x_wconf 76' lang='lat' dir='ltr'><strong>dullarum.</strong></span> <span class='ocrx_word' id='word_1_284' title='bbox 511 3666 618 3721; x_wconf 88' lang='lat' dir='ltr'><strong>Sed</strong></span> <span class='ocrx_word' id='word_1_285' title='bbox 648 3680 745 3719; x_wconf 92' lang='lat' dir='ltr'><strong>nec</strong></span> <span class='ocrx_word' id='word_1_286' title='bbox 777 3675 906 3717; x_wconf 88' lang='lat' dir='ltr'><strong>sane</strong></span> <span class='ocrx_word' id='word_1_287' title='bbox 930 3660 1126 3714; x_wconf 88' lang='lat' dir='ltr'><strong>multas</strong></span> <span class='ocrx_word' id='word_1_288' title='bbox 1154 3659 1438 3728; x_wconf 85' lang='lat' dir='ltr'><strong>lacrymas,</strong></span> <span class='ocrx_word' id='word_1_289' title='bbox 1467 3651 1551 3707; x_wconf 89' lang='lat' dir='ltr'><strong>vel</strong></span> <span class='ocrx_word' id='word_1_290' title='bbox 1578 3649 1775 3705; x_wconf 88' lang='lat' dir='ltr'><strong>multas</strong></span> 
     </span>
    </p>
   </div>
   <div class='ocr_carea' id='block_1_40' title="bbox 179 3745 1772 3824">
    <p class='ocr_par' dir='ltr' id='par_1_40' title="bbox 179 3745 1772 3824">
     <span class='ocr_line' id='line_1_41' title="bbox 179 3745 1772 3824; baseline -0.013 -10"><span class='ocrx_word' id='word_1_291' title='bbox 179 3759 600 3822; x_wconf 82' lang='lat' dir='ltr'><strong>obsecrationes</strong></span> <span class='ocrx_word' id='word_1_292' title='bbox 616 3757 677 3817; x_wconf 76' lang='lat' dir='ltr'><strong>in</strong></span> <span class='ocrx_word' id='word_1_293' title='bbox 707 3754 941 3824; x_wconf 84' lang='lat' dir='ltr'><strong>puritate</strong></span> <span class='ocrx_word' id='word_1_294' title='bbox 963 3751 1142 3805; x_wconf 84' lang='lat' dir='ltr'><strong>cordis</strong></span> <span class='ocrx_word' id='word_1_295' title='bbox 1164 3749 1407 3812; x_wconf 90' lang='lat' dir='ltr'><strong>damnat,</strong></span> <span class='ocrx_word' id='word_1_296' title='bbox 1431 3745 1650 3800; x_wconf 86' lang='lat' dir='ltr'><strong>damnat</strong></span> <span class='ocrx_word' id='word_1_297' title='bbox 1674 3759 1772 3798; x_wconf 91' lang='lat' dir='ltr'><strong>au-</strong></span> 
     </span>
    </p>
   </div>
   <div class='ocr_carea' id='block_1_41' title="bbox 184 3834 1776 3918">
    <p class='ocr_par' dir='ltr' id='par_1_41' title="bbox 184 3834 1776 3918">
     <span class='ocr_line' id='line_1_42' title="bbox 184 3834 1776 3918; baseline -0.012 -11"><span class='ocrx_word' id='word_1_298' title='bbox 184 3867 295 3909; x_wconf 88' lang='lat' dir='ltr'><strong>tem</strong></span> <span class='ocrx_word' id='word_1_299' title='bbox 323 3849 752 3918; x_wconf 83' lang='lat' dir='ltr'><strong>multiloquium,</strong></span> <span class='ocrx_word' id='word_1_300' title='bbox 785 3843 926 3914; x_wconf 87' lang='lat' dir='ltr'><strong>quod</strong></span> <span class='ocrx_word' id='word_1_301' title='bbox 957 3845 1021 3896; x_wconf 88' lang='lat' dir='ltr'><strong>de</strong></span> <span class='ocrx_word' id='word_1_302' title='bbox 1045 3839 1366 3901; x_wconf 84' lang='lat' dir='ltr'><strong>inﬁdelitate</strong></span> <span class='ocrx_word' id='word_1_303' title='bbox 1387 3845 1440 3892; x_wconf 89' lang='lat' dir='ltr'><strong>et</strong></span> <span class='ocrx_word' id='word_1_304' title='bbox 1467 3834 1776 3906; x_wconf 84' lang='lat' dir='ltr'><strong>impuritate</strong></span> 
     </span>
    </p>
   </div>
   <div class='ocr_carea' id='block_1_42' title="bbox 188 3929 1776 4011">
    <p class='ocr_par' dir='ltr' id='par_1_42' title="bbox 188 3929 1776 4011">
     <span class='ocr_line' id='line_1_43' title="bbox 188 3929 1776 4011; baseline -0.013 -11"><span class='ocrx_word' id='word_1_305' title='bbox 188 3946 396 4001; x_wconf 89' lang='lat' dir='ltr'><strong>mentis</strong></span> <span class='ocrx_word' id='word_1_306' title='bbox 419 3951 728 4011; x_wconf 76' lang='lat' dir='ltr'><strong>generatur.</strong></span> <span class='ocrx_word' id='word_1_307' title='bbox 750 3937 998 4006; x_wconf 83' lang='lat' dir='ltr'><strong>Alioquin</strong></span> <span class='ocrx_word' id='word_1_308' title='bbox 1024 3945 1080 3989; x_wconf 91' lang='lat' dir='ltr'><strong>et</strong></span> <span class='ocrx_word' id='word_1_309' title='bbox 1107 3935 1316 3987; x_wconf 82' lang='lat' dir='ltr'><strong>Annam</strong></span> <span class='ocrx_word' id='word_1_310' title='bbox 1337 3929 1565 3999; x_wconf 84' lang='lat' dir='ltr'><strong>legimus</strong></span> <span class='ocrx_word' id='word_1_311' title='bbox 1588 3941 1776 3995; x_wconf 86' lang='lat' dir='ltr'><strong>preces</strong></span> 
     </span>
    </p>
   </div>
   <div class='ocr_carea' id='block_1_43' title="bbox 187 4017 1778 4105">
    <p class='ocr_par' dir='ltr' id='par_1_43' title="bbox 187 4017 1778 4105">
     <span class='ocr_line' id='line_1_44' title="bbox 187 4017 1778 4105; baseline -0.013 -14"><span class='ocrx_word' id='word_1_312' title='bbox 187 4035 585 4105; x_wconf 84' lang='lat' dir='ltr'><strong>multiplicasse</strong></span> <span class='ocrx_word' id='word_1_313' title='bbox 610 4044 796 4085; x_wconf 89' lang='lat' dir='ltr'><strong>coram</strong></span> <span class='ocrx_word' id='word_1_314' title='bbox 821 4027 1067 4090; x_wconf 89' lang='lat' dir='ltr'><strong>Domino,</strong></span> <span class='ocrx_word' id='word_1_315' title='bbox 1097 4036 1152 4078; x_wconf 90' lang='lat' dir='ltr'><strong>et</strong></span> <span class='ocrx_word' id='word_1_316' title='bbox 1177 4030 1486 4076; x_wconf 89' lang='lat' dir='ltr'><strong>sanctorum</strong></span> <span class='ocrx_word' id='word_1_317' title='bbox 1517 4017 1778 4087; x_wconf 89' lang='lat' dir='ltr'><strong>plurimos</strong></span> 
     </span>
    </p>
   </div>
   <div class='ocr_carea' id='block_1_44' title="bbox 183 4111 1778 4194">
    <p class='ocr_par' dir='ltr' id='par_1_44' title="bbox 183 4111 1778 4194">
     <span class='ocr_line' id='line_1_45' title="bbox 183 4111 1778 4194; baseline -0.013 -10"><span class='ocrx_word' id='word_1_318' title='bbox 183 4130 354 4185; x_wconf 88' lang='lat' dir='ltr'><strong>biduo</strong></span> <span class='ocrx_word' id='word_1_319' title='bbox 378 4126 696 4194; x_wconf 82' lang='lat' dir='ltr'><strong>triduoque,</strong></span> <span class='ocrx_word' id='word_1_320' title='bbox 736 4121 855 4174; x_wconf 87' lang='lat' dir='ltr'><strong>sine</strong></span> <span class='ocrx_word' id='word_1_321' title='bbox 898 4119 1009 4171; x_wconf 90' lang='lat' dir='ltr'><strong>ulla</strong></span> <span class='ocrx_word' id='word_1_322' title='bbox 1057 4115 1458 4178; x_wconf 86' lang='lat' dir='ltr'><strong>intermissione</strong></span> <span class='ocrx_word' id='word_1_323' title='bbox 1503 4111 1778 4165; x_wconf 87' lang='lat' dir='ltr'><strong>orationes</strong></span> 
     </span>
    </p>
   </div>
   <div class='ocr_carea' id='block_1_45' title="bbox 185 4203 1776 4289">
    <p class='ocr_par' dir='ltr' id='par_1_45' title="bbox 185 4203 1776 4289">
     <span class='ocr_line' id='line_1_46' title="bbox 185 4203 1776 4289; baseline -0.013 -13"><span class='ocrx_word' id='word_1_324' title='bbox 185 4235 318 4276; x_wconf 89' lang='lat' dir='ltr'><strong>suas</strong></span> <span class='ocrx_word' id='word_1_325' title='bbox 343 4215 681 4289; x_wconf 88' lang='lat' dir='ltr'><strong>protelasse;</strong></span> <span class='ocrx_word' id='word_1_326' title='bbox 706 4213 798 4267; x_wconf 91' lang='lat' dir='ltr'><strong>scd</strong></span> <span class='ocrx_word' id='word_1_327' title='bbox 823 4209 1193 4266; x_wconf 77' lang='lat' dir='ltr'><strong>eLDominum</strong></span> <span class='ocrx_word' id='word_1_328' title='bbox 1214 4213 1562 4276; x_wconf 89' lang='lat' dir='ltr'><strong>pernoctasse</strong></span> <span class='ocrx_word' id='word_1_329' title='bbox 1582 4203 1635 4256; x_wconf 90' lang='lat' dir='ltr'><strong>in</strong></span> <span class='ocrx_word' id='word_1_330' title='bbox 1655 4218 1776 4258; x_wconf 84' lang='lat' dir='ltr'><strong>ora-</strong></span> 
     </span>
    </p>
   </div>
   <div class='ocr_carea' id='block_1_46' title="bbox 185 4293 1781 4376">
    <p class='ocr_par' dir='ltr' id='par_1_46' title="bbox 185 4293 1781 4376">
     <span class='ocr_line' id='line_1_47' title="bbox 185 4293 1781 4376; baseline -0.013 -9"><span class='ocrx_word' id='word_1_331' title='bbox 185 4315 358 4371; x_wconf 87' lang='lat' dir='ltr'><strong>tione,</strong></span> <span class='ocrx_word' id='word_1_332' title='bbox 396 4318 560 4376; x_wconf 87' lang='lat' dir='ltr'><strong>atque</strong></span> <span class='ocrx_word' id='word_1_333' title='bbox 585 4307 640 4360; x_wconf 90' lang='lat' dir='ltr'><strong>in</strong></span> <span class='ocrx_word' id='word_1_334' title='bbox 666 4305 856 4375; x_wconf 83' lang='lat' dir='ltr'><strong>agonia</strong></span> <span class='ocrx_word' id='word_1_335' title='bbox 884 4301 1146 4373; x_wconf 81' lang='lat' dir='ltr'><strong>prolixius</strong></span> <span class='ocrx_word' id='word_1_336' title='bbox 1171 4311 1375 4360; x_wconf 92' lang='lat' dir='ltr'><strong>orasse,</strong></span> <span class='ocrx_word' id='word_1_337' title='bbox 1404 4297 1475 4351; x_wconf 89' lang='lat' dir='ltr'><strong>ita</strong></span> <span class='ocrx_word' id='word_1_338' title='bbox 1514 4302 1575 4349; x_wconf 86' lang='lat' dir='ltr'><strong>ut</strong></span> <span class='ocrx_word' id='word_1_339' title='bbox 1615 4293 1781 4348; x_wconf 88' lang='lat' dir='ltr'><strong>sudor</strong></span> 
     </span>
    </p>
   </div>
   <div class='ocr_carea' id='block_1_47' title="bbox 183 4381 1777 4475">
    <p class='ocr_par' dir='ltr' id='par_1_47' title="bbox 183 4381 1777 4475">
     <span class='ocr_line' id='line_1_48' title="bbox 183 4381 1777 4475; baseline -0.015 -15"><span class='ocrx_word' id='word_1_340' title='bbox 183 4406 307 4475; x_wconf 85' lang='lat' dir='ltr'><strong>ejus</strong></span> <span class='ocrx_word' id='word_1_341' title='bbox 337 4400 500 4470; x_wconf 87' lang='lat' dir='ltr'><strong>quasi</strong></span> <span class='ocrx_word' id='word_1_342' title='bbox 527 4406 674 4466; x_wconf 82' lang='lat' dir='ltr'><strong>gutta</strong></span> <span class='ocrx_word' id='word_1_343' title='bbox 711 4393 985 4464; x_wconf 84' lang='lat' dir='ltr'><strong>sanguinis</strong></span> <span class='ocrx_word' id='word_1_344' title='bbox 1015 4393 1068 4446; x_wconf 93' lang='lat' dir='ltr'><strong>in</strong></span> <span class='ocrx_word' id='word_1_345' title='bbox 1116 4399 1316 4446; x_wconf 87' lang='lat' dir='ltr'><strong>terram</strong></span> <span class='ocrx_word' id='word_1_346' title='bbox 1357 4385 1661 4440; x_wconf 89' lang='lat' dir='ltr'><strong>distillaret.</strong></span> <span class='ocrx_word' id='word_1_347' title='bbox 1698 4381 1777 4436; x_wconf 83' lang='lat' dir='ltr'><strong>Ex</strong></span> 
     </span>
    </p>
   </div>
   <div class='ocr_carea' id='block_1_48' title="bbox 184 4478 1864 4564">
    <p class='ocr_par' dir='ltr' id='par_1_48' title="bbox 184 4478 1864 4564">
     <span class='ocr_line' id='line_1_49' title="bbox 184 4478 1864 4564; baseline -0.013 -16"><span class='ocrx_word' id='word_1_348' title='bbox 184 4510 298 4564; x_wconf 91' lang='lat' dir='ltr'><strong>quo</strong></span> <span class='ocrx_word' id='word_1_349' title='bbox 325 4493 497 4546; x_wconf 90' lang='lat' dir='ltr'><strong>datur</strong></span> <span class='ocrx_word' id='word_1_350' title='bbox 525 4487 745 4557; x_wconf 79' lang='lat' dir='ltr'><strong>intelligi</strong></span> <span class='ocrx_word' id='word_1_351' title='bbox 770 4485 912 4554; x_wconf 92' lang='lat' dir='ltr'><strong>quod</strong></span> <span class='ocrx_word' id='word_1_352' title='bbox 948 4499 1050 4538; x_wconf 91' lang='lat' dir='ltr'><strong>non</strong></span> <span class='ocrx_word' id='word_1_353' title='bbox 1077 4478 1451 4550; x_wconf 88' lang='lat' dir='ltr'><strong>multiplicatio</strong></span> <span class='ocrx_word' id='word_1_354' title='bbox 1478 4490 1700 4546; x_wconf 89' lang='lat' dir='ltr'><strong>precum</strong></span> <span class='ocrx_word' id='word_1_355' title='bbox 1725 4482 1780 4529; x_wconf 91' lang='lat' dir='ltr'><strong>et</strong></span> <span class='ocrx_word' id='word_1_356' title='bbox 1805 4493 1864 4552; x_wconf 68' lang='grc' dir='ltr'><strong>Β</strong></span> 
     </span>
    </p>
   </div>
   <div class='ocr_carea' id='block_1_49' title="bbox 184 4568 1777 4656">
    <p class='ocr_par' dir='ltr' id='par_1_49' title="bbox 184 4568 1777 4656">
     <span class='ocr_line' id='line_1_50' title="bbox 184 4568 1777 4656; baseline -0.012 -18"><span class='ocrx_word' id='word_1_357' title='bbox 184 4583 442 4656; x_wconf 83' lang='lat' dir='ltr'><strong>profusio</strong></span> <span class='ocrx_word' id='word_1_358' title='bbox 464 4579 625 4650; x_wconf 85' lang='lat' dir='ltr'><strong>jugis,</strong></span> <span class='ocrx_word' id='word_1_359' title='bbox 651 4595 715 4632; x_wconf 78' lang='lat' dir='ltr'><strong>ex</strong></span> <span class='ocrx_word' id='word_1_360' title='bbox 744 4575 933 4631; x_wconf 71' lang='lat' dir='ltr'><strong>aiiectu</strong></span> <span class='ocrx_word' id='word_1_361' title='bbox 961 4573 1126 4628; x_wconf 89' lang='lat' dir='ltr'><strong>divini</strong></span> <span class='ocrx_word' id='word_1_362' title='bbox 1155 4571 1376 4635; x_wconf 90' lang='lat' dir='ltr'><strong>amoris,</strong></span> <span class='ocrx_word' id='word_1_363' title='bbox 1403 4568 1488 4623; x_wconf 87' lang='lat' dir='ltr'><strong>vel</strong></span> <span class='ocrx_word' id='word_1_364' title='bbox 1515 4569 1777 4621; x_wconf 87' lang='lat' dir='ltr'><strong>interces-</strong></span> 
     </span>
    </p>
   </div>
   <div class='ocr_carea' id='block_1_50' title="bbox 187 4657 1782 4732">
    <p class='ocr_par' dir='ltr' id='par_1_50' title="bbox 187 4657 1782 4732">
     <span class='ocr_line' id='line_1_51' title="bbox 187 4657 1782 4732; baseline -0.011 -3"><span class='ocrx_word' id='word_1_365' title='bbox 187 4676 271 4729; x_wconf 90' lang='lat' dir='ltr'><strong>sio</strong></span> <span class='ocrx_word' id='word_1_366' title='bbox 314 4670 496 4728; x_wconf 67' lang='lat' dir='ltr'><strong>venite</strong></span> <span class='ocrx_word' id='word_1_367' title='bbox 539 4670 854 4730; x_wconf 90' lang='lat' dir='ltr'><strong>damnatur,</strong></span> <span class='ocrx_word' id='word_1_368' title='bbox 901 4663 994 4720; x_wconf 84' lang='lat' dir='ltr'><strong>sed</strong></span> <span class='ocrx_word' id='word_1_369' title='bbox 1021 4663 1162 4732; x_wconf 88' lang='lat' dir='ltr'><strong>quod</strong></span> <span class='ocrx_word' id='word_1_370' title='bbox 1209 4667 1418 4714; x_wconf 89' lang='lat' dir='ltr'><strong>tantum</strong></span> <span class='ocrx_word' id='word_1_371' title='bbox 1457 4657 1782 4712; x_wconf 88' lang='lat' dir='ltr'><strong>verbotenus</strong></span> 
     </span>
    </p>
   </div>
   <div class='ocr_carea' id='block_1_51' title="bbox 188 4746 1781 4829">
    <p class='ocr_par' dir='ltr' id='par_1_51' title="bbox 188 4746 1781 4829">
     <span class='ocr_line' id='line_1_52' title="bbox 188 4746 1781 4829; baseline -0.014 -10"><span class='ocrx_word' id='word_1_372' title='bbox 188 4779 404 4818; x_wconf 84' lang='lat' dir='ltr'><strong>vacuas</strong></span> <span class='ocrx_word' id='word_1_373' title='bbox 447 4759 656 4829; x_wconf 88' lang='lat' dir='ltr'><strong>replere</strong></span> <span class='ocrx_word' id='word_1_374' title='bbox 683 4772 842 4811; x_wconf 87' lang='lat' dir='ltr'><strong>auras</strong></span> <span class='ocrx_word' id='word_1_375' title='bbox 871 4755 988 4809; x_wconf 88' lang='lat' dir='ltr'><strong>sine</strong></span> <span class='ocrx_word' id='word_1_376' title='bbox 1029 4751 1312 4811; x_wconf 81' lang='lat' dir='ltr'><strong>affectione</strong></span> <span class='ocrx_word' id='word_1_377' title='bbox 1341 4746 1628 4802; x_wconf 88' lang='lat' dir='ltr'><strong>inﬁdeliter</strong></span> <span class='ocrx_word' id='word_1_378' title='bbox 1653 4759 1781 4799; x_wconf 91' lang='lat' dir='ltr'><strong>con-</strong></span> 
     </span>
    </p>
   </div>
   <div class='ocr_carea' id='block_1_52' title="bbox 189 4835 1782 4914">
    <p class='ocr_par' dir='ltr' id='par_1_52' title="bbox 189 4835 1782 4914">
     <span class='ocr_line' id='line_1_53' title="bbox 189 4835 1782 4914; baseline -0.016 -4"><span class='ocrx_word' id='word_1_379' title='bbox 189 4854 452 4910; x_wconf 90' lang='lat' dir='ltr'><strong>tendunt.</strong></span> <span class='ocrx_word' id='word_1_380' title='bbox 484 4850 749 4904; x_wconf 84' lang='lat' dir='ltr'><strong>Nimirum</strong></span> <span class='ocrx_word' id='word_1_381' title='bbox 775 4845 901 4914; x_wconf 90' lang='lat' dir='ltr'><strong>quia</strong></span> <span class='ocrx_word' id='word_1_382' title='bbox 927 4844 1068 4902; x_wconf 86' lang='lat' dir='ltr'><strong>sicut</strong></span> <span class='ocrx_word' id='word_1_383' title='bbox 1090 4837 1394 4894; x_wconf 88' lang='lat' dir='ltr'><strong>damnabile</strong></span> <span class='ocrx_word' id='word_1_384' title='bbox 1418 4845 1502 4890; x_wconf 89' lang='lat' dir='ltr'><strong>cst</strong></span> <span class='ocrx_word' id='word_1_385' title='bbox 1528 4850 1653 4890; x_wconf 89' lang='lat' dir='ltr'><strong>cum</strong></span> <span class='ocrx_word' id='word_1_386' title='bbox 1684 4835 1782 4903; x_wconf 79' lang='lat' dir='ltr'><strong>by-</strong></span> 
     </span>
    </p>
   </div>
   <div class='ocr_carea' id='block_1_53' title="bbox 187 4924 1781 5016">
    <p class='ocr_par' dir='ltr' id='par_1_53' title="bbox 187 4924 1781 5016">
     <span class='ocr_line' id='line_1_54' title="bbox 187 4924 1781 5016; baseline -0.014 -16"><span class='ocrx_word' id='word_1_387' title='bbox 187 4943 428 5016; x_wconf 88' lang='lat' dir='ltr'><strong>pocritis</strong></span> <span class='ocrx_word' id='word_1_388' title='bbox 459 4956 644 5005; x_wconf 88' lang='lat' dir='ltr'><strong>orare,</strong></span> <span class='ocrx_word' id='word_1_389' title='bbox 675 4948 734 4992; x_wconf 90' lang='lat' dir='ltr'><strong>ut</strong></span> <span class='ocrx_word' id='word_1_390' title='bbox 763 4936 832 4990; x_wconf 87' lang='lat' dir='ltr'><strong>ab</strong></span> <span class='ocrx_word' id='word_1_391' title='bbox 870 4933 1177 4989; x_wconf 88' lang='lat' dir='ltr'><strong>hominibus</strong></span> <span class='ocrx_word' id='word_1_392' title='bbox 1203 4930 1515 4983; x_wconf 88' lang='lat' dir='ltr'><strong>videamur:</strong></span> <span class='ocrx_word' id='word_1_393' title='bbox 1553 4927 1625 4981; x_wconf 87' lang='lat' dir='ltr'><strong>ita</strong></span> <span class='ocrx_word' id='word_1_394' title='bbox 1661 4924 1781 4978; x_wconf 85' lang='lat' dir='ltr'><strong>infi-</strong></span> 
     </span>
    </p>
   </div>
   <div class='ocr_carea' id='block_1_54' title="bbox 191 5019 1785 5100">
    <p class='ocr_par' dir='ltr' id='par_1_54' title="bbox 191 5019 1785 5100">
     <span class='ocr_line' id='line_1_55' title="bbox 191 5019 1785 5100; baseline -0.016 -7"><span class='ocrx_word' id='word_1_395' title='bbox 191 5037 446 5093; x_wconf 86' lang='lat' dir='ltr'><strong>delitatis</strong></span> <span class='ocrx_word' id='word_1_396' title='bbox 472 5043 580 5098; x_wconf 91' lang='lat' dir='ltr'><strong>est,</strong></span> <span class='ocrx_word' id='word_1_397' title='bbox 607 5047 728 5086; x_wconf 90' lang='lat' dir='ltr'><strong>cum</strong></span> <span class='ocrx_word' id='word_1_398' title='bbox 750 5027 1040 5100; x_wconf 83' lang='lat' dir='ltr'><strong>gentilibus</strong></span> <span class='ocrx_word' id='word_1_399' title='bbox 1065 5025 1117 5078; x_wconf 90' lang='lat' dir='ltr'><strong>in</strong></span> <span class='ocrx_word' id='word_1_400' title='bbox 1141 5019 1480 5089; x_wconf 88' lang='lat' dir='ltr'><strong>multiloquio</strong></span> <span class='ocrx_word' id='word_1_401' title='bbox 1499 5033 1598 5072; x_wconf 92' lang='lat' dir='ltr'><strong>nos</strong></span> <span class='ocrx_word' id='word_1_402' title='bbox 1617 5031 1785 5071; x_wconf 78' lang='lat' dir='ltr'><strong>exau-</strong></span> 
     </span>
    </p>
   </div>
   <div class='ocr_carea' id='block_1_55' title="bbox 192 5107 1785 5198">
    <p class='ocr_par' dir='ltr' id='par_1_55' title="bbox 192 5107 1785 5198">
     <span class='ocr_line' id='line_1_56' title="bbox 192 5107 1785 5198; baseline -0.014 -18"><span class='ocrx_word' id='word_1_403' title='bbox 192 5129 302 5183; x_wconf 89' lang='lat' dir='ltr'><strong>diri</strong></span> <span class='ocrx_word' id='word_1_404' title='bbox 331 5136 545 5198; x_wconf 85' lang='lat' dir='ltr'><strong>putare,</strong></span> <span class='ocrx_word' id='word_1_405' title='bbox 576 5137 676 5176; x_wconf 89' lang='lat' dir='ltr'><strong>nec</strong></span> <span class='ocrx_word' id='word_1_406' title='bbox 701 5108 1016 5188; x_wconf 85' lang='lat' dir='ltr'><strong>intelligere,</strong></span> <span class='ocrx_word' id='word_1_407' title='bbox 1055 5112 1246 5167; x_wconf 85' lang='lat' dir='ltr'><strong>saltem</strong></span> <span class='ocrx_word' id='word_1_408' title='bbox 1276 5108 1564 5173; x_wconf 90' lang='lat' dir='ltr'><strong>credendo,</strong></span> <span class='ocrx_word' id='word_1_409' title='bbox 1592 5107 1785 5170; x_wconf 90' lang='lat' dir='ltr'><strong>Deum,</strong></span> 
     </span>
    </p>
   </div>
   <div class='ocr_carea' id='block_1_56' title="bbox 193 5197 1788 5290">
    <p class='ocr_par' dir='ltr' id='par_1_56' title="bbox 193 5197 1788 5290">
     <span class='ocr_line' id='line_1_57' title="bbox 193 5197 1788 5290; baseline -0.016 -15"><span class='ocrx_word' id='word_1_410' title='bbox 193 5221 284 5275; x_wconf 89' lang='lat' dir='ltr'><strong>cui</strong></span> <span class='ocrx_word' id='word_1_411' title='bbox 315 5197 520 5290; x_wconf 71' lang='lat' dir='ltr'><strong>przesto</strong></span> <span class='ocrx_word' id='word_1_412' title='bbox 545 5221 671 5269; x_wconf 91' lang='lat' dir='ltr'><strong>sunt</strong></span> <span class='ocrx_word' id='word_1_413' title='bbox 698 5227 759 5264; x_wconf 89' lang='lat' dir='ltr'><strong>ea</strong></span> <span class='ocrx_word' id='word_1_414' title='bbox 780 5224 900 5280; x_wconf 70' lang='lat' dir='ltr'><strong>quae</strong></span> <span class='ocrx_word' id='word_1_415' title='bbox 926 5215 1073 5271; x_wconf 91' lang='lat' dir='ltr'><strong>sunt,</strong></span> <span class='ocrx_word' id='word_1_416' title='bbox 1097 5217 1284 5273; x_wconf 74' lang='lat' dir='ltr'><strong>quteve</strong></span> <span class='ocrx_word' id='word_1_417' title='bbox 1305 5200 1542 5263; x_wconf 86' lang='lat' dir='ltr'><strong>fuerunt,</strong></span> <span class='ocrx_word' id='word_1_418' title='bbox 1566 5197 1649 5252; x_wconf 90' lang='lat' dir='ltr'><strong>vel</strong></span> <span class='ocrx_word' id='word_1_419' title='bbox 1668 5211 1788 5266; x_wconf 82' lang='lat' dir='ltr'><strong>quae</strong></span> 
     </span>
    </p>
   </div>
   <div class='ocr_carea' id='block_1_57' title="bbox 197 5287 1788 5376">
    <p class='ocr_par' dir='ltr' id='par_1_57' title="bbox 197 5287 1788 5376">
     <span class='ocr_line' id='line_1_58' title="bbox 197 5287 1788 5376; baseline -0.014 -11"><span class='ocrx_word' id='word_1_420' title='bbox 197 5287 390 5366; x_wconf 71' lang='lat' dir='ltr'><strong>futura</strong></span> <span class='ocrx_word' id='word_1_421' title='bbox 417 5315 562 5371; x_wconf 91' lang='lat' dir='ltr'><strong>sunt,</strong></span> <span class='ocrx_word' id='word_1_422' title='bbox 598 5307 772 5376; x_wconf 85' lang='lat' dir='ltr'><strong>ipsum</strong></span> <span class='ocrx_word' id='word_1_423' title='bbox 800 5301 950 5370; x_wconf 89' lang='lat' dir='ltr'><strong>prius</strong></span> <span class='ocrx_word' id='word_1_424' title='bbox 978 5298 1140 5360; x_wconf 90' lang='lat' dir='ltr'><strong>scire,</strong></span> <span class='ocrx_word' id='word_1_425' title='bbox 1162 5309 1322 5365; x_wconf 88' lang='lat' dir='ltr'><strong>quam</strong></span> <span class='ocrx_word' id='word_1_426' title='bbox 1346 5299 1610 5362; x_wconf 88' lang='lat' dir='ltr'><strong>petamus,</strong></span> <span class='ocrx_word' id='word_1_427' title='bbox 1633 5287 1788 5357; x_wconf 88' lang='lat' dir='ltr'><strong>quid-</strong></span> 
     </span>
    </p>
   </div>
   <div class='ocr_carea' id='block_1_58' title="bbox 198 5379 1788 5470">
    <p class='ocr_par' dir='ltr' id='par_1_58' title="bbox 198 5379 1788 5470">
     <span class='ocr_line' id='line_1_59' title="bbox 198 5379 1788 5470; baseline -0.014 -15"><span class='ocrx_word' id='word_1_428' title='bbox 198 5401 338 5470; x_wconf 87' lang='lat' dir='ltr'><strong>quid</strong></span> <span class='ocrx_word' id='word_1_429' title='bbox 373 5414 512 5468; x_wconf 91' lang='lat' dir='ltr'><strong>opus</strong></span> <span class='ocrx_word' id='word_1_430' title='bbox 537 5403 626 5450; x_wconf 90' lang='lat' dir='ltr'><strong>est</strong></span> <span class='ocrx_word' id='word_1_431' title='bbox 653 5393 828 5448; x_wconf 90' lang='lat' dir='ltr'><strong>nobis.</strong></span> <span class='ocrx_word' id='word_1_432' title='bbox 861 5390 937 5444; x_wconf 88' lang='lat' dir='ltr'><strong>De.</strong></span> <span class='ocrx_word' id='word_1_433' title='bbox 959 5403 1064 5458; x_wconf 89' lang='lat' dir='ltr'><strong>quo</strong></span> <span class='ocrx_word' id='word_1_434' title='bbox 1089 5394 1236 5440; x_wconf 89' lang='lat' dir='ltr'><strong>recte</strong></span> <span class='ocrx_word' id='word_1_435' title='bbox 1261 5382 1553 5454; x_wconf 68' lang='lat' dir='ltr'><strong>quaeritur:</strong></span> <span class='ocrx_word' id='word_1_436' title='bbox 1577 5380 1621 5434; x_wconf 90' lang='lat' dir='ltr'><strong>si</strong></span> <span class='ocrx_word' id='word_1_437' title='bbox 1647 5379 1788 5433; x_wconf 87' lang='lat' dir='ltr'><strong>Deus</strong></span> 
     </span>
    </p>
   </div>
   <div class='ocr_carea' id='block_1_59' title="bbox 199 5470 1787 5565">
    <p class='ocr_par' dir='ltr' id='par_1_59' title="bbox 199 5470 1787 5565">
     <span class='ocr_line' id='line_1_60' title="bbox 199 5470 1787 5565; baseline -0.018 -15"><span class='ocrx_word' id='word_1_438' title='bbox 199 5493 374 5565; x_wconf 76' lang='lat'><strong>315</strong></span> <span class='ocrx_word' id='word_1_439' title='bbox 395 5503 550 5546; x_wconf 83' lang='lat' dir='ltr'><strong>antea</strong></span> <span class='ocrx_word' id='word_1_440' title='bbox 580 5488 730 5543; x_wconf 87' lang='lat' dir='ltr'><strong>novit</strong></span> <span class='ocrx_word' id='word_1_441' title='bbox 752 5499 914 5554; x_wconf 90' lang='lat' dir='ltr'><strong>quam</strong></span> <span class='ocrx_word' id='word_1_442' title='bbox 936 5490 1200 5551; x_wconf 88' lang='lat' dir='ltr'><strong>petamus,</strong></span> <span class='ocrx_word' id='word_1_443' title='bbox 1229 5475 1355 5547; x_wconf 86' lang='lat' dir='ltr'><strong>quid</strong></span> <span class='ocrx_word' id='word_1_444' title='bbox 1383 5489 1518 5545; x_wconf 90' lang='lat' dir='ltr'><strong>opus</strong></span> <span class='ocrx_word' id='word_1_445' title='bbox 1540 5479 1626 5526; x_wconf 91' lang='lat' dir='ltr'><strong>est</strong></span> <span class='ocrx_word' id='word_1_446' title='bbox 1649 5470 1787 5541; x_wconf 89' lang='lat' dir='ltr'><strong>apud</strong></span> 
     </span>
    </p>
   </div>
   <div class='ocr_carea' id='block_1_60' title="bbox 198 5566 1790 5652">
    <p class='ocr_par' dir='ltr' id='par_1_60' title="bbox 198 5566 1790 5652">
     <span class='ocr_line' id='line_1_61' title="bbox 198 5566 1790 5652; baseline -0.014 -12"><span class='ocrx_word' id='word_1_447' title='bbox 198 5585 496 5641; x_wconf 85' lang='lat' dir='ltr'><strong>scientiam</strong></span> <span class='ocrx_word' id='word_1_448' title='bbox 526 5589 734 5652; x_wconf 82' lang='lat' dir='ltr'><strong>petere,</strong></span> <span class='ocrx_word' id='word_1_449' title='bbox 769 5576 849 5632; x_wconf 86' lang='lat' dir='ltr'><strong>vel</strong></span> <span class='ocrx_word' id='word_1_450' title='bbox 874 5590 970 5630; x_wconf 90' lang='lat' dir='ltr'><strong>cur</strong></span> <span class='ocrx_word' id='word_1_451' title='bbox 993 5616 1007 5640; x_wconf 93' lang='lat'><strong>,</strong></span> <span class='ocrx_word' id='word_1_452' title='bbox 1049 5573 1174 5626; x_wconf 85' lang='lat' dir='ltr'><strong>licet</strong></span> <span class='ocrx_word' id='word_1_453' title='bbox 1205 5569 1391 5642; x_wconf 89' lang='lat' dir='ltr'><strong>paucis</strong></span> <span class='ocrx_word' id='word_1_454' title='bbox 1419 5566 1600 5622; x_wconf 89' lang='lat' dir='ltr'><strong>verbis</strong></span> <span class='ocrx_word' id='word_1_455' title='bbox 1633 5579 1790 5620; x_wconf 91' lang='lat' dir='ltr'><strong>orare</strong></span> 
     </span>
    </p>
   </div>
   <div class='ocr_carea' id='block_1_61' title="bbox 201 5655 1790 5746">
    <p class='ocr_par' dir='ltr' id='par_1_61' title="bbox 201 5655 1790 5746">
     <span class='ocr_line' id='line_1_62' title="bbox 201 5655 1790 5746; baseline -0.014 -16"><span class='ocrx_word' id='word_1_456' title='bbox 201 5675 437 5746; x_wconf 78' lang='lat' dir='ltr'><strong>jubcat?</strong></span> <span class='ocrx_word' id='word_1_457' title='bbox 475 5673 608 5727; x_wconf 80' lang='lat' dir='ltr'><strong>Nam</strong></span> <span class='ocrx_word' id='word_1_458' title='bbox 653 5680 708 5726; x_wconf 89' lang='lat' dir='ltr'><strong>et</strong></span> <span class='ocrx_word' id='word_1_459' title='bbox 749 5669 964 5738; x_wconf 87' lang='lat' dir='ltr'><strong>quidam</strong></span> <span class='ocrx_word' id='word_1_460' title='bbox 995 5663 1435 5736; x_wconf 88' lang='lat' dir='ltr'><strong>philosophorum</strong></span> <span class='ocrx_word' id='word_1_461' title='bbox 1463 5655 1790 5728; x_wconf 88' lang='lat' dir='ltr'><strong>superﬂuum</strong></span> 
     </span>
    </p>
   </div>
   <div class='ocr_carea' id='block_1_62' title="bbox 199 5745 1788 5827">
    <p class='ocr_par' dir='ltr' id='par_1_62' title="bbox 199 5745 1788 5827">
     <span class='ocr_line' id='line_1_63' title="bbox 199 5745 1788 5827; baseline -0.014 -7"><span class='ocrx_word' id='word_1_462' title='bbox 199 5745 468 5820; x_wconf 71' lang='lat' dir='ltr'><strong>dixerunt</strong></span> <span class='ocrx_word' id='word_1_463' title='bbox 507 5778 630 5817; x_wconf 90' lang='lat' dir='ltr'><strong>eum</strong></span> <span class='ocrx_word' id='word_1_464' title='bbox 663 5759 911 5827; x_wconf 84' lang='lat' dir='ltr'><strong>precibus</strong></span> <span class='ocrx_word' id='word_1_465' title='bbox 950 5756 1193 5824; x_wconf 85' lang='lat' dir='ltr'><strong>fatigari,</strong></span> <span class='ocrx_word' id='word_1_466' title='bbox 1243 5752 1331 5821; x_wconf 89' lang='lat' dir='ltr'><strong>qui</strong></span> <span class='ocrx_word' id='word_1_467' title='bbox 1381 5749 1528 5804; x_wconf 90' lang='lat' dir='ltr'><strong>novit</strong></span> <span class='ocrx_word' id='word_1_468' title='bbox 1580 5745 1788 5814; x_wconf 89' lang='lat' dir='ltr'><strong>singula</strong></span> 
     </span>
    </p>
   </div>
   <div class='ocr_carea' id='block_1_63' title="bbox 1840 527 3415 604">
    <p class='ocr_par' dir='ltr' id='par_1_63' title="bbox 1840 527 3415 604">
     <span class='ocr_line' id='line_1_64' title="bbox 1840 527 3415 604; baseline -0.009 -9"><span class='ocrx_word' id='word_1_469' title='bbox 1840 541 1939 597; x_wconf 88' lang='lat' dir='ltr'><strong>cile</strong></span> <span class='ocrx_word' id='word_1_470' title='bbox 1966 540 2214 604; x_wconf 82' lang='lat' dir='ltr'><strong>solvitur,</strong></span> <span class='ocrx_word' id='word_1_471' title='bbox 2243 538 2288 592; x_wconf 91' lang='lat' dir='ltr'><strong>si</strong></span> <span class='ocrx_word' id='word_1_472' title='bbox 2310 537 2443 592; x_wconf 87' lang='lat' dir='ltr'><strong>ordo</strong></span> <span class='ocrx_word' id='word_1_473' title='bbox 2468 533 2680 589; x_wconf 89' lang='lat' dir='ltr'><strong>debitus</strong></span> <span class='ocrx_word' id='word_1_474' title='bbox 2707 529 2985 599; x_wconf 87' lang='lat' dir='ltr'><strong>etjustitia</strong></span> <span class='ocrx_word' id='word_1_475' title='bbox 3017 536 3292 598; x_wconf 89' lang='lat' dir='ltr'><strong>pensatur.</strong></span> <span class='ocrx_word' id='word_1_476' title='bbox 3328 527 3415 582; x_wconf 91' lang='lat' dir='ltr'><strong>Si-</strong></span> 
     </span>
    </p>
   </div>
   <div class='ocr_carea' id='block_1_64' title="bbox 1841 617 3414 701">
    <p class='ocr_par' dir='ltr' id='par_1_64' title="bbox 1841 617 3414 701">
     <span class='ocr_line' id='line_1_65' title="bbox 1841 617 3414 701; baseline -0.008 -19"><span class='ocrx_word' id='word_1_477' title='bbox 1841 629 2056 701; x_wconf 87' lang='lat' dir='ltr'><strong>quidem</strong></span> <span class='ocrx_word' id='word_1_478' title='bbox 2087 629 2228 683; x_wconf 90' lang='lat' dir='ltr'><strong>aliud</strong></span> <span class='ocrx_word' id='word_1_479' title='bbox 2255 634 2339 681; x_wconf 89' lang='lat' dir='ltr'><strong>est</strong></span> <span class='ocrx_word' id='word_1_480' title='bbox 2367 623 2638 696; x_wconf 86' lang='lat' dir='ltr'><strong>ignoranti</strong></span> <span class='ocrx_word' id='word_1_481' title='bbox 2667 623 2809 692; x_wconf 88' lang='lat' dir='ltr'><strong>quod</strong></span> <span class='ocrx_word' id='word_1_482' title='bbox 2853 617 3128 674; x_wconf 84' lang='lat' dir='ltr'><strong>nesciebat</strong></span> <span class='ocrx_word' id='word_1_483' title='bbox 3161 630 3414 680; x_wconf 88' lang='lat' dir='ltr'><strong>narrare,</strong></span> 
     </span>
    </p>
   </div>
   <div class='ocr_carea' id='block_1_65' title="bbox 1842 705 3416 785">
    <p class='ocr_par' dir='ltr' id='par_1_65' title="bbox 1842 705 3416 785">
     <span class='ocr_line' id='line_1_66' title="bbox 1842 705 3416 785; baseline -0.011 -9"><span class='ocrx_word' id='word_1_484' title='bbox 1842 722 1987 776; x_wconf 90' lang='lat' dir='ltr'><strong>aliud</strong></span> <span class='ocrx_word' id='word_1_485' title='bbox 2013 735 2142 776; x_wconf 89' lang='lat' dir='ltr'><strong>vero</strong></span> <span class='ocrx_word' id='word_1_486' title='bbox 2171 718 2314 774; x_wconf 88' lang='lat' dir='ltr'><strong>cultu</strong></span> <span class='ocrx_word' id='word_1_487' title='bbox 2354 714 2632 785; x_wconf 77' lang='lat' dir='ltr'><strong>religionis</strong></span> <span class='ocrx_word' id='word_1_488' title='bbox 2654 725 2814 767; x_wconf 87' lang='lat' dir='ltr'><strong>orare</strong></span> <span class='ocrx_word' id='word_1_489' title='bbox 2845 709 2993 762; x_wconf 90' lang='lat' dir='ltr'><strong>illum</strong></span> <span class='ocrx_word' id='word_1_490' title='bbox 3021 706 3108 762; x_wconf 90' lang='lat' dir='ltr'><strong>cui</strong></span> <span class='ocrx_word' id='word_1_491' title='bbox 3139 705 3416 774; x_wconf 82' lang='lat' dir='ltr'><strong>subjectus</strong></span> 
     </span>
    </p>
   </div>
   <div class='ocr_carea' id='block_1_66' title="bbox 1840 798 3419 880">
    <p class='ocr_par' dir='ltr' id='par_1_66' title="bbox 1840 798 3419 880">
     <span class='ocr_line' id='line_1_67' title="bbox 1840 798 3419 880; baseline -0.013 -10"><span class='ocrx_word' id='word_1_492' title='bbox 1840 829 1961 870; x_wconf 89' lang='lat' dir='ltr'><strong>esse</strong></span> <span class='ocrx_word' id='word_1_493' title='bbox 1989 813 2172 878; x_wconf 88' lang='lat' dir='ltr'><strong>debes,</strong></span> <span class='ocrx_word' id='word_1_494' title='bbox 2199 819 2256 866; x_wconf 91' lang='lat' dir='ltr'><strong>et</strong></span> <span class='ocrx_word' id='word_1_495' title='bbox 2288 809 2428 880; x_wconf 89' lang='lat' dir='ltr'><strong>apud</strong></span> <span class='ocrx_word' id='word_1_496' title='bbox 2451 807 2712 863; x_wconf 88' lang='lat' dir='ltr'><strong>scientem</strong></span> <span class='ocrx_word' id='word_1_497' title='bbox 2739 813 2924 872; x_wconf 86' lang='lat' dir='ltr'><strong>petere</strong></span> <span class='ocrx_word' id='word_1_498' title='bbox 2947 808 3006 854; x_wconf 91' lang='lat' dir='ltr'><strong>ut</strong></span> <span class='ocrx_word' id='word_1_499' title='bbox 3037 798 3272 868; x_wconf 88' lang='lat' dir='ltr'><strong>accipias</strong></span> <span class='ocrx_word' id='word_1_500' title='bbox 3296 812 3419 868; x_wconf 78' lang='lat' dir='ltr'><strong>gra-</strong></span> 
     </span>
    </p>
   </div>
   <div class='ocr_carea' id='block_1_67' title="bbox 1844 889 3423 977">
    <p class='ocr_par' dir='ltr' id='par_1_67' title="bbox 1844 889 3423 977">
     <span class='ocr_line' id='line_1_68' title="bbox 1844 889 3423 977; baseline -0.013 -15"><span class='ocrx_word' id='word_1_501' title='bbox 1844 909 1914 963; x_wconf 89' lang='lat' dir='ltr'><strong>tis</strong></span> <span class='ocrx_word' id='word_1_502' title='bbox 1944 909 2087 977; x_wconf 91' lang='lat' dir='ltr'><strong>quod</strong></span> <span class='ocrx_word' id='word_1_503' title='bbox 2132 919 2198 959; x_wconf 79' lang='lat' dir='ltr'><strong>ex</strong></span> <span class='ocrx_word' id='word_1_504' title='bbox 2247 912 2300 959; x_wconf 88' lang='lat' dir='ltr'><strong>te</strong></span> <span class='ocrx_word' id='word_1_505' title='bbox 2340 910 2498 956; x_wconf 86' lang='lat' dir='ltr'><strong>antea</strong></span> <span class='ocrx_word' id='word_1_506' title='bbox 2545 913 2653 954; x_wconf 91' lang='lat' dir='ltr'><strong>non</strong></span> <span class='ocrx_word' id='word_1_507' title='bbox 2695 893 2968 951; x_wconf 89' lang='lat' dir='ltr'><strong>habueris.</strong></span> <span class='ocrx_word' id='word_1_508' title='bbox 3015 890 3223 960; x_wconf 84' lang='lat' dir='ltr'><strong>Quippe</strong></span> <span class='ocrx_word' id='word_1_509' title='bbox 3265 889 3423 958; x_wconf 86' lang='lat' dir='ltr'><strong>longe</strong></span> 
     </span>
    </p>
   </div>
   <div class='ocr_carea' id='block_1_68' title="bbox 1845 977 3424 1060">
    <p class='ocr_par' dir='ltr' id='par_1_68' title="bbox 1845 977 3424 1060">
     <span class='ocr_line' id='line_1_69' title="bbox 1845 977 3424 1060; baseline -0.01 -10"><span class='ocrx_word' id='word_1_510' title='bbox 1845 997 1992 1051; x_wconf 91' lang='lat' dir='ltr'><strong>aliud</strong></span> <span class='ocrx_word' id='word_1_511' title='bbox 2024 1005 2107 1050; x_wconf 90' lang='lat' dir='ltr'><strong>est</strong></span> <span class='ocrx_word' id='word_1_512' title='bbox 2140 995 2331 1050; x_wconf 88' lang='lat' dir='ltr'><strong>devote</strong></span> <span class='ocrx_word' id='word_1_513' title='bbox 2357 989 2649 1060; x_wconf 89' lang='lat' dir='ltr'><strong>implorare</strong></span> <span class='ocrx_word' id='word_1_514' title='bbox 2676 984 2818 1056; x_wconf 88' lang='lat' dir='ltr'><strong>apud</strong></span> <span class='ocrx_word' id='word_1_515' title='bbox 2857 982 3120 1054; x_wconf 89' lang='lat' dir='ltr'><strong>potiorem</strong></span> <span class='ocrx_word' id='word_1_516' title='bbox 3154 991 3208 1034; x_wconf 92' lang='lat' dir='ltr'><strong>te</strong></span> <span class='ocrx_word' id='word_1_517' title='bbox 3231 977 3424 1034; x_wconf 77' lang='lat' dir='ltr'><strong>suifra-</strong></span> 
     </span>
    </p>
   </div>
   <div class='ocr_carea' id='block_1_69' title="bbox 1845 1067 3425 1158">
    <p class='ocr_par' dir='ltr' id='par_1_69' title="bbox 1845 1067 3425 1158">
     <span class='ocr_line' id='line_1_70' title="bbox 1845 1067 3425 1158; baseline -0.013 -18"><span class='ocrx_word' id='word_1_518' title='bbox 1845 1089 1990 1158; x_wconf 81' lang='lat' dir='ltr'><strong>gium</strong></span> <span class='ocrx_word' id='word_1_519' title='bbox 2013 1125 2028 1151; x_wconf 92' lang='lat'><strong>,</strong></span> <span class='ocrx_word' id='word_1_520' title='bbox 2071 1094 2126 1140; x_wconf 88' lang='lat' dir='ltr'><strong>et</strong></span> <span class='ocrx_word' id='word_1_521' title='bbox 2169 1082 2312 1141; x_wconf 80' lang='lat' dir='ltr'><strong>aliud</strong></span> <span class='ocrx_word' id='word_1_522' title='bbox 2344 1079 2558 1134; x_wconf 87' lang='lat' dir='ltr'><strong>inﬁrmo</strong></span> <span class='ocrx_word' id='word_1_523' title='bbox 2584 1074 2796 1131; x_wconf 89' lang='lat' dir='ltr'><strong>narrari</strong></span> <span class='ocrx_word' id='word_1_524' title='bbox 2823 1088 2944 1143; x_wconf 76' lang='lat' dir='ltr'><strong>qua:</strong></span> <span class='ocrx_word' id='word_1_525' title='bbox 2973 1071 3164 1125; x_wconf 83' lang='lat' dir='ltr'><strong>nescit.</strong></span> <span class='ocrx_word' id='word_1_526' title='bbox 3196 1069 3340 1122; x_wconf 89' lang='lat' dir='ltr'><strong>Sane</strong></span> <span class='ocrx_word' id='word_1_527' title='bbox 3371 1067 3425 1124; x_wconf 86' lang='lat' dir='ltr'><strong>in</strong></span> 
     </span>
    </p>
   </div>
   <div class='ocr_carea' id='block_1_70' title="bbox 1847 1161 3428 1238">
    <p class='ocr_par' dir='ltr' id='par_1_70' title="bbox 1847 1161 3428 1238">
     <span class='ocr_line' id='line_1_71' title="bbox 1847 1161 3428 1238; baseline -0.012 -8"><span class='ocrx_word' id='word_1_528' title='bbox 1847 1191 1954 1230; x_wconf 86' lang='lat' dir='ltr'><strong>uno</strong></span> <span class='ocrx_word' id='word_1_529' title='bbox 1985 1190 2172 1232; x_wconf 89' lang='lat' dir='ltr'><strong>eorum</strong></span> <span class='ocrx_word' id='word_1_530' title='bbox 2217 1171 2472 1227; x_wconf 89' lang='lat' dir='ltr'><strong>indicium</strong></span> <span class='ocrx_word' id='word_1_531' title='bbox 2503 1175 2588 1224; x_wconf 91' lang='lat' dir='ltr'><strong>est</strong></span> <span class='ocrx_word' id='word_1_532' title='bbox 2625 1163 2973 1238; x_wconf 61' lang='lat' dir='ltr'><strong>ignorantia,</strong></span> <span class='ocrx_word' id='word_1_533' title='bbox 3005 1162 3058 1215; x_wconf 89' lang='lat' dir='ltr'><strong>in</strong></span> <span class='ocrx_word' id='word_1_534' title='bbox 3097 1161 3269 1216; x_wconf 88' lang='lat' dir='ltr'><strong>altero</strong></span> <span class='ocrx_word' id='word_1_535' title='bbox 3298 1173 3428 1213; x_wconf 88' lang='lat' dir='ltr'><strong>vero</strong></span> 
     </span>
    </p>
   </div>
   <div class='ocr_carea' id='block_1_71' title="bbox 1846 1249 3426 1336">
    <p class='ocr_par' dir='ltr' id='par_1_71' title="bbox 1846 1249 3426 1336">
     <span class='ocr_line' id='line_1_72' title="bbox 1846 1249 3426 1336; baseline -0.015 -13"><span class='ocrx_word' id='word_1_536' title='bbox 1846 1266 2166 1336; x_wconf 80' lang='lat' dir='ltr'><strong>obsequium</strong></span> <span class='ocrx_word' id='word_1_537' title='bbox 2184 1261 2427 1334; x_wconf 73' lang='lat' dir='ltr'><strong>justi‘tice.</strong></span> <span class='ocrx_word' id='word_1_538' title='bbox 2455 1259 2531 1313; x_wconf 89' lang='lat' dir='ltr'><strong>lbi</strong></span> <span class='ocrx_word' id='word_1_539' title='bbox 2561 1255 2790 1311; x_wconf 90' lang='lat' dir='ltr'><strong>ﬁdeliter</strong></span> <span class='ocrx_word' id='word_1_540' title='bbox 2822 1252 3109 1312; x_wconf 81' lang='lat' dir='ltr'><strong>referimus</strong></span> <span class='ocrx_word' id='word_1_541' title='bbox 3139 1249 3426 1311; x_wconf 87' lang='lat' dir='ltr'><strong>nescienti,</strong></span> 
     </span>
    </p>
   </div>
   <div class='ocr_carea' id='block_1_72' title="bbox 1849 1345 3427 1438">
    <p class='ocr_par' dir='ltr' id='par_1_72' title="bbox 1849 1345 3427 1438">
     <span class='ocr_line' id='line_1_73' title="bbox 1849 1345 3427 1438; baseline -0.012 -22"><span class='ocrx_word' id='word_1_542' title='bbox 1849 1363 1938 1416; x_wconf 90' lang='lat' dir='ltr'><strong>hic</strong></span> <span class='ocrx_word' id='word_1_543' title='bbox 1960 1358 2275 1438; x_wconf 85' lang='lat' dir='ltr'><strong>suppliciter</strong></span> <span class='ocrx_word' id='word_1_544' title='bbox 2310 1355 2654 1416; x_wconf 87' lang='lat' dir='ltr'><strong>obsecramus</strong></span> <span class='ocrx_word' id='word_1_545' title='bbox 2695 1359 2750 1404; x_wconf 91' lang='lat' dir='ltr'><strong>et</strong></span> <span class='ocrx_word' id='word_1_546' title='bbox 2790 1349 3024 1420; x_wconf 88' lang='lat' dir='ltr'><strong>petimus</strong></span> <span class='ocrx_word' id='word_1_547' title='bbox 3070 1363 3101 1402; x_wconf 89' lang='lat' dir='ltr'><strong>a</strong></span> <span class='ocrx_word' id='word_1_548' title='bbox 3150 1345 3427 1416; x_wconf 84' lang='lat' dir='ltr'><strong>largitore.</strong></span> 
     </span>
    </p>
   </div>
   <div class='ocr_carea' id='block_1_73' title="bbox 1853 1434 3432 1511">
    <p class='ocr_par' dir='ltr' id='par_1_73' title="bbox 1853 1434 3432 1511">
     <span class='ocr_line' id='line_1_74' title="bbox 1853 1434 3432 1511; baseline -0.011 -6"><span class='ocrx_word' id='word_1_549' title='bbox 1853 1451 1977 1510; x_wconf 83' lang='lat' dir='ltr'><strong>Vult</strong></span> <span class='ocrx_word' id='word_1_550' title='bbox 2002 1434 2148 1503; x_wconf 83' lang='lat' dir='ltr'><strong>enim</strong></span> <span class='ocrx_word' id='word_1_551' title='bbox 2175 1447 2316 1500; x_wconf 89' lang='lat' dir='ltr'><strong>Deus</strong></span> <span class='ocrx_word' id='word_1_552' title='bbox 2341 1440 2661 1511; x_wconf 87' lang='lat' dir='ltr'><strong>interrogari</strong></span> <span class='ocrx_word' id='word_1_553' title='bbox 2701 1455 2782 1505; x_wconf 89' lang='lat' dir='ltr'><strong>se,</strong></span> <span class='ocrx_word' id='word_1_554' title='bbox 2814 1453 2873 1492; x_wconf 88' lang='lat' dir='ltr'><strong>ut</strong></span> <span class='ocrx_word' id='word_1_555' title='bbox 2902 1438 3118 1492; x_wconf 82' lang='lat' dir='ltr'><strong>bonitas</strong></span> <span class='ocrx_word' id='word_1_556' title='bbox 3145 1436 3261 1506; x_wconf 86' lang='lat' dir='ltr'><strong>ejus</strong></span> <span class='ocrx_word' id='word_1_557' title='bbox 3287 1434 3432 1488; x_wconf 89' lang='lat' dir='ltr'><strong>deri-</strong></span> 
     </span>
    </p>
   </div>
   <div class='ocr_carea' id='block_1_74' title="bbox 1851 1524 3432 1608">
    <p class='ocr_par' dir='ltr' id='par_1_74' title="bbox 1851 1524 3432 1608">
     <span class='ocr_line' id='line_1_75' title="bbox 1851 1524 3432 1608; baseline -0.011 -11"><span class='ocrx_word' id='word_1_558' title='bbox 1851 1549 2006 1602; x_wconf 83' lang='lat' dir='ltr'><strong>vetur</strong></span> <span class='ocrx_word' id='word_1_559' title='bbox 2029 1539 2094 1593; x_wconf 92' lang='lat' dir='ltr'><strong>ad</strong></span> <span class='ocrx_word' id='word_1_560' title='bbox 2117 1537 2398 1608; x_wconf 87' lang='lat' dir='ltr'><strong>plurimos,</strong></span> <span class='ocrx_word' id='word_1_561' title='bbox 2423 1543 2480 1589; x_wconf 86' lang='lat' dir='ltr'><strong>et</strong></span> <span class='ocrx_word' id='word_1_562' title='bbox 2500 1541 2678 1586; x_wconf 90' lang='lat' dir='ltr'><strong>tamen</strong></span> <span class='ocrx_word' id='word_1_563' title='bbox 2703 1529 2918 1585; x_wconf 85' lang='lat' dir='ltr'><strong>devotio</strong></span> <span class='ocrx_word' id='word_1_564' title='bbox 2938 1536 2994 1583; x_wconf 92' lang='lat' dir='ltr'><strong>et</strong></span> <span class='ocrx_word' id='word_1_565' title='bbox 3019 1535 3193 1582; x_wconf 84' lang='lat' dir='ltr'><strong>status</strong></span> <span class='ocrx_word' id='word_1_566' title='bbox 3205 1524 3432 1594; x_wconf 72' lang='lat' dir='ltr'><strong>justitia:</strong></span> 
     </span>
    </p>
   </div>
   <div class='ocr_carea' id='block_1_75' title="bbox 1853 1616 3430 1698">
    <p class='ocr_par' dir='ltr' id='par_1_75' title="bbox 1853 1616 3430 1698">
     <span class='ocr_line' id='line_1_76' title="bbox 1853 1616 3430 1698; baseline -0.013 -8"><span class='ocrx_word' id='word_1_567' title='bbox 1853 1640 2097 1690; x_wconf 80' lang='lat' dir='ltr'><strong>servetur</strong></span> <span class='ocrx_word' id='word_1_568' title='bbox 2125 1627 2264 1698; x_wconf 76' lang='lat' dir='ltr'><strong>apud</strong></span> <span class='ocrx_word' id='word_1_569' title='bbox 2293 1624 2586 1698; x_wconf 81' lang='lat' dir='ltr'><strong>subjectos.</strong></span> <span class='ocrx_word' id='word_1_570' title='bbox 2617 1620 2733 1676; x_wconf 81' lang='lat' dir='ltr'><strong>Non</strong></span> <span class='ocrx_word' id='word_1_571' title='bbox 2773 1619 2924 1698; x_wconf 83' lang='lat' dir='ltr'><strong>quasi</strong></span> <span class='ocrx_word' id='word_1_572' title='bbox 2955 1617 3203 1673; x_wconf 89' lang='lat' dir='ltr'><strong>nesciens</strong></span> <span class='ocrx_word' id='word_1_573' title='bbox 3231 1616 3430 1670; x_wconf 84' lang='lat' dir='ltr'><strong>docea-</strong></span> 
     </span>
    </p>
   </div>
   <div class='ocr_carea' id='block_1_76' title="bbox 1859 1694 3436 1788">
    <p class='ocr_par' dir='ltr' id='par_1_76' title="bbox 1859 1694 3436 1788">
     <span class='ocr_line' id='line_1_77' title="bbox 1859 1694 3436 1788; baseline -0.011 -10"><span class='ocrx_word' id='word_1_574' title='bbox 1859 1732 1966 1788; x_wconf 89' lang='lat' dir='ltr'><strong>tur,</strong></span> <span class='ocrx_word' id='word_1_575' title='bbox 2001 1722 2096 1776; x_wconf 71' lang='lat' dir='ltr'><strong>sed</strong></span> <span class='ocrx_word' id='word_1_576' title='bbox 2125 1694 2270 1773; x_wconf 79' lang='lat' dir='ltr'><strong>velut</strong></span> <span class='ocrx_word' id='word_1_577' title='bbox 2305 1694 2480 1771; x_wconf 87' lang='lat' dir='ltr'><strong>bonus</strong></span> <span class='ocrx_word' id='word_1_578' title='bbox 2512 1713 2770 1767; x_wconf 88' lang='lat' dir='ltr'><strong>Dominus</strong></span> <span class='ocrx_word' id='word_1_579' title='bbox 2799 1694 3117 1780; x_wconf 71' lang='lat' dir='ltr'><strong>suppliciter</strong></span> <span class='ocrx_word' id='word_1_580' title='bbox 3147 1716 3436 1762; x_wconf 86' lang='lat' dir='ltr'><strong>veneratus</strong></span> 
     </span>
    </p>
   </div>
   <div class='ocr_carea' id='block_1_77' title="bbox 1780 1799 3437 1880">
    <p class='ocr_par' dir='ltr' id='par_1_77' title="bbox 1780 1799 3437 1880">
     <span class='ocr_line' id='line_1_78' title="bbox 1780 1799 3437 1880; baseline -0.008 -16"><span class='ocrx_word' id='word_1_581' title='bbox 1780 1803 1827 1864; x_wconf 86' lang='lat' dir='ltr'><strong>B</strong></span> <span class='ocrx_word' id='word_1_582' title='bbox 1855 1815 2150 1870; x_wconf 84' lang='lat' dir='ltr'><strong>clementer</strong></span> <span class='ocrx_word' id='word_1_583' title='bbox 2197 1817 2459 1880; x_wconf 64' lang='lat' dir='ltr'><strong>praestare</strong></span> <span class='ocrx_word' id='word_1_584' title='bbox 2510 1805 2779 1876; x_wconf 84' lang='lat' dir='ltr'><strong>dignetur.</strong></span> <span class='ocrx_word' id='word_1_585' title='bbox 2832 1799 2984 1856; x_wconf 87' lang='lat' dir='ltr'><strong>Unde</strong></span> <span class='ocrx_word' id='word_1_586' title='bbox 3032 1809 3089 1855; x_wconf 87' lang='lat' dir='ltr'><strong>et</strong></span> <span class='ocrx_word' id='word_1_587' title='bbox 3132 1799 3437 1868; x_wconf 86' lang='lat' dir='ltr'><strong>composuit</strong></span> 
     </span>
    </p>
   </div>
   <div class='ocr_carea' id='block_1_78' title="bbox 1856 1891 3434 1971">
    <p class='ocr_par' dir='ltr' id='par_1_78' title="bbox 1856 1891 3434 1971">
     <span class='ocr_line' id='line_1_79' title="bbox 1856 1891 3434 1971; baseline -0.013 -7"><span class='ocrx_word' id='word_1_588' title='bbox 1856 1905 2230 1965; x_wconf 86' lang='lat' dir='ltr'><strong>brevissimam</strong></span> <span class='ocrx_word' id='word_1_589' title='bbox 2261 1914 2500 1971; x_wconf 89' lang='lat' dir='ltr'><strong>precem,</strong></span> <span class='ocrx_word' id='word_1_590' title='bbox 2548 1897 2593 1952; x_wconf 91' lang='lat' dir='ltr'><strong>si</strong></span> <span class='ocrx_word' id='word_1_591' title='bbox 2633 1895 2904 1966; x_wconf 88' lang='lat' dir='ltr'><strong>quomodo</strong></span> <span class='ocrx_word' id='word_1_592' title='bbox 2946 1895 3172 1948; x_wconf 90' lang='lat' dir='ltr'><strong>salutem</strong></span> <span class='ocrx_word' id='word_1_593' title='bbox 3202 1891 3434 1945; x_wconf 87' lang='lat' dir='ltr'><strong>celerem</strong></span> 
     </span>
    </p>
   </div>
   <div class='ocr_carea' id='block_1_79' title="bbox 1858 1981 3437 2056">
    <p class='ocr_par' dir='ltr' id='par_1_79' title="bbox 1858 1981 3437 2056">
     <span class='ocr_line' id='line_1_80' title="bbox 1858 1981 3437 2056; baseline -0.011 -4"><span class='ocrx_word' id='word_1_594' title='bbox 1858 1995 2173 2052; x_wconf 87' lang='lat' dir='ltr'><strong>misericors</strong></span> <span class='ocrx_word' id='word_1_595' title='bbox 2203 1992 2485 2053; x_wconf 88' lang='lat' dir='ltr'><strong>tribueret,</strong></span> <span class='ocrx_word' id='word_1_596' title='bbox 2515 1997 2572 2044; x_wconf 89' lang='lat' dir='ltr'><strong>ct</strong></span> <span class='ocrx_word' id='word_1_597' title='bbox 2612 1987 2756 2042; x_wconf 88' lang='lat' dir='ltr'><strong>nulla</strong></span> <span class='ocrx_word' id='word_1_598' title='bbox 2794 1985 3118 2056; x_wconf 74' lang='lat' dir='ltr'><strong>pnepediret</strong></span> <span class='ocrx_word' id='word_1_599' title='bbox 3151 1981 3437 2036; x_wconf 84' lang='lat' dir='ltr'><strong>verborum</strong></span> 
     </span>
    </p>
   </div>
   <div class='ocr_carea' id='block_1_80' title="bbox 1857 2077 3436 2160">
    <p class='ocr_par' dir='ltr' id='par_1_80' title="bbox 1857 2077 3436 2160">
     <span class='ocr_line' id='line_1_81' title="bbox 1857 2077 3436 2160; baseline -0.011 -15"><span class='ocrx_word' id='word_1_600' title='bbox 1857 2088 2157 2160; x_wconf 75' lang='lat' dir='ltr'><strong>prolixitas,</strong></span> <span class='ocrx_word' id='word_1_601' title='bbox 2191 2085 2300 2139; x_wconf 90' lang='lat' dir='ltr'><strong>imo</strong></span> <span class='ocrx_word' id='word_1_602' title='bbox 2326 2081 2518 2138; x_wconf 88' lang='lat' dir='ltr'><strong>ﬁducia</strong></span> <span class='ocrx_word' id='word_1_603' title='bbox 2547 2091 2691 2135; x_wconf 85' lang='lat' dir='ltr'><strong>esset</strong></span> <span class='ocrx_word' id='word_1_604' title='bbox 2723 2095 2789 2133; x_wconf 85' lang='lat' dir='ltr'><strong>ex</strong></span> <span class='ocrx_word' id='word_1_605' title='bbox 2826 2078 3092 2133; x_wconf 89' lang='lat' dir='ltr'><strong>brevitate</strong></span> <span class='ocrx_word' id='word_1_606' title='bbox 3127 2077 3393 2130; x_wconf 89' lang='lat' dir='ltr'><strong>dictorum</strong></span> <span class='ocrx_word' id='word_1_607' title='bbox 3421 2114 3436 2138; x_wconf 94' lang='lat'><strong>,</strong></span> 
     </span>
    </p>
   </div>
   <div class='ocr_carea' id='block_1_81' title="bbox 1859 2151 3518 2251">
    <p class='ocr_par' dir='ltr' id='par_1_81' title="bbox 1859 2151 3518 2251">
     <span class='ocr_line' id='line_1_82' title="bbox 1859 2151 3518 2251; baseline -0.01 -16"><span class='ocrx_word' id='word_1_608' title='bbox 1859 2181 2000 2251; x_wconf 87' lang='lat' dir='ltr'><strong>quod</strong></span> <span class='ocrx_word' id='word_1_609' title='bbox 2027 2176 2355 2250; x_wconf 82' lang='lat' dir='ltr'><strong>piusjudex,</strong></span> <span class='ocrx_word' id='word_1_610' title='bbox 2385 2174 2475 2244; x_wconf 92' lang='lat' dir='ltr'><strong>qui</strong></span> <span class='ocrx_word' id='word_1_611' title='bbox 2501 2173 2649 2228; x_wconf 90' lang='lat' dir='ltr'><strong>brevi</strong></span> <span class='ocrx_word' id='word_1_612' title='bbox 2686 2187 2744 2226; x_wconf 89' lang='lat' dir='ltr'><strong>se</strong></span> <span class='ocrx_word' id='word_1_613' title='bbox 2769 2169 2935 2226; x_wconf 90' lang='lat' dir='ltr'><strong>voluit</strong></span> <span class='ocrx_word' id='word_1_614' title='bbox 2963 2169 3141 2241; x_wconf 81' lang='lat' dir='ltr'><strong>rogari</strong></span> <span class='ocrx_word' id='word_1_615' title='bbox 3182 2167 3432 2226; x_wconf 89' lang='lat' dir='ltr'><strong>oraculo.</strong></span> <span class='ocrx_word' id='word_1_616' title='bbox 3513 2151 3518 2154; x_wconf 57' lang='grc'><em>’</em></span> 
     </span>
    </p>
   </div>
   <div class='ocr_carea' id='block_1_82' title="bbox 1860 2262 3440 2340">
    <p class='ocr_par' dir='ltr' id='par_1_82' title="bbox 1860 2262 3440 2340">
     <span class='ocr_line' id='line_1_83' title="bbox 1860 2262 3440 2340; baseline -0.01 -12"><span class='ocrx_word' id='word_1_617' title='bbox 1860 2273 2020 2328; x_wconf 89' lang='lat' dir='ltr'><strong>citius</strong></span> <span class='ocrx_word' id='word_1_618' title='bbox 2042 2277 2245 2326; x_wconf 91' lang='lat' dir='ltr'><strong>annuat</strong></span> <span class='ocrx_word' id='word_1_619' title='bbox 2271 2266 2512 2340; x_wconf 88' lang='lat' dir='ltr'><strong>poscenti</strong></span> <span class='ocrx_word' id='word_1_620' title='bbox 2539 2281 2605 2319; x_wconf 73' lang='lat' dir='ltr'><strong>ex</strong></span> <span class='ocrx_word' id='word_1_621' title='bbox 2635 2273 2778 2319; x_wconf 85' lang='lat' dir='ltr'><strong>voto.</strong></span> <span class='ocrx_word' id='word_1_622' title='bbox 2814 2262 3214 2326; x_wconf 88' lang='lat' dir='ltr'><strong>Verumtamen,</strong></span> <span class='ocrx_word' id='word_1_623' title='bbox 3249 2275 3440 2330; x_wconf 87' lang='lat' dir='ltr'><strong>quam-</strong></span> 
     </span>
    </p>
   </div>
   <div class='ocr_carea' id='block_1_83' title="bbox 1861 2352 3446 2433">
    <p class='ocr_par' dir='ltr' id='par_1_83' title="bbox 1861 2352 3446 2433">
     <span class='ocr_line' id='line_1_84' title="bbox 1861 2352 3446 2433; baseline -0.009 -14"><span class='ocrx_word' id='word_1_624' title='bbox 1861 2365 1944 2419; x_wconf 88' lang='lat' dir='ltr'><strong>vis</strong></span> <span class='ocrx_word' id='word_1_625' title='bbox 1996 2376 2167 2433; x_wconf 88' lang='lat' dir='ltr'><strong>pauca</strong></span> <span class='ocrx_word' id='word_1_626' title='bbox 2217 2357 2582 2428; x_wconf 87' lang='lat' dir='ltr'><strong>composuerit</strong></span> <span class='ocrx_word' id='word_1_627' title='bbox 2633 2356 2795 2410; x_wconf 85' lang='lat' dir='ltr'><strong>verba</strong></span> <span class='ocrx_word' id='word_1_628' title='bbox 2849 2354 3046 2424; x_wconf 89' lang='lat' dir='ltr'><strong>quibus</strong></span> <span class='ocrx_word' id='word_1_629' title='bbox 3099 2368 3198 2407; x_wconf 90' lang='lat' dir='ltr'><strong>nos</strong></span> <span class='ocrx_word' id='word_1_630' title='bbox 3253 2352 3446 2406; x_wconf 83' lang='lat' dir='ltr'><strong>doceat</strong></span> 
     </span>
    </p>
   </div>
   <div class='ocr_carea' id='block_1_84' title="bbox 1861 2443 3441 2521">
    <p class='ocr_par' dir='ltr' id='par_1_84' title="bbox 1861 2443 3441 2521">
     <span class='ocr_line' id='line_1_85' title="bbox 1861 2443 3441 2521; baseline -0.01 -12"><span class='ocrx_word' id='word_1_631' title='bbox 1861 2468 2052 2518; x_wconf 87' lang='lat' dir='ltr'><strong>orare,</strong></span> <span class='ocrx_word' id='word_1_632' title='bbox 2097 2449 2446 2521; x_wconf 72' lang='lat' dir='ltr'><strong>quterendnm</strong></span> <span class='ocrx_word' id='word_1_633' title='bbox 2493 2455 2670 2500; x_wconf 89' lang='lat' dir='ltr'><strong>tamen</strong></span> <span class='ocrx_word' id='word_1_634' title='bbox 2710 2445 2949 2498; x_wconf 89' lang='lat' dir='ltr'><strong>arbitror</strong></span> <span class='ocrx_word' id='word_1_635' title='bbox 2978 2459 3078 2498; x_wconf 90' lang='lat' dir='ltr'><strong>cur</strong></span> <span class='ocrx_word' id='word_1_636' title='bbox 3105 2444 3187 2498; x_wconf 89' lang='lat' dir='ltr'><strong>vel</strong></span> <span class='ocrx_word' id='word_1_637' title='bbox 3232 2443 3441 2497; x_wconf 85' lang='lat' dir='ltr'><strong>hisdem</strong></span> 
     </span>
    </p>
   </div>
   <div class='ocr_carea' id='block_1_85' title="bbox 1865 2534 3447 2614">
    <p class='ocr_par' dir='ltr' id='par_1_85' title="bbox 1865 2534 3447 2614">
     <span class='ocr_line' id='line_1_86' title="bbox 1865 2534 3447 2614; baseline -0.008 -17"><span class='ocrx_word' id='word_1_638' title='bbox 1865 2543 2054 2614; x_wconf 91' lang='lat' dir='ltr'><strong>paucis</strong></span> <span class='ocrx_word' id='word_1_639' title='bbox 2081 2539 2260 2595; x_wconf 89' lang='lat' dir='ltr'><strong>verbis</strong></span> <span class='ocrx_word' id='word_1_640' title='bbox 2290 2553 2428 2608; x_wconf 85' lang='lat' dir='ltr'><strong>opus</strong></span> <span class='ocrx_word' id='word_1_641' title='bbox 2453 2537 2524 2592; x_wconf 88' lang='lat' dir='ltr'><strong>sit</strong></span> <span class='ocrx_word' id='word_1_642' title='bbox 2553 2536 2617 2589; x_wconf 89' lang='lat' dir='ltr'><strong>ad</strong></span> <span class='ocrx_word' id='word_1_643' title='bbox 2643 2550 2767 2588; x_wconf 88' lang='lat' dir='ltr'><strong>eum</strong></span> <span class='ocrx_word' id='word_1_644' title='bbox 2794 2534 2884 2604; x_wconf 88' lang='lat' dir='ltr'><strong>qui</strong></span> <span class='ocrx_word' id='word_1_645' title='bbox 2907 2535 3010 2588; x_wconf 86' lang='lat' dir='ltr'><strong>scit</strong></span> <span class='ocrx_word' id='word_1_646' title='bbox 3037 2535 3241 2598; x_wconf 89' lang='lat' dir='ltr'><strong>omnia,</strong></span> <span class='ocrx_word' id='word_1_647' title='bbox 3263 2543 3320 2586; x_wconf 92' lang='lat' dir='ltr'><strong>et</strong></span> <span class='ocrx_word' id='word_1_648' title='bbox 3349 2548 3447 2586; x_wconf 88' lang='lat' dir='ltr'><strong>no-</strong></span> 
     </span>
    </p>
   </div>
   <div class='ocr_carea' id='block_1_86' title="bbox 1866 2626 3446 2702">
    <p class='ocr_par' dir='ltr' id='par_1_86' title="bbox 1866 2626 3446 2702">
     <span class='ocr_line' id='line_1_87' title="bbox 1866 2626 3446 2702; baseline -0.009 -12"><span class='ocrx_word' id='word_1_649' title='bbox 1866 2639 1970 2702; x_wconf 82' lang='lat' dir='ltr'><strong>vit,</strong></span> <span class='ocrx_word' id='word_1_650' title='bbox 1997 2645 2058 2690; x_wconf 89' lang='lat' dir='ltr'><strong>ut</strong></span> <span class='ocrx_word' id='word_1_651' title='bbox 2085 2634 2286 2697; x_wconf 80' lang='lat' dir='ltr'><strong>dictum</strong></span> <span class='ocrx_word' id='word_1_652' title='bbox 2312 2637 2418 2695; x_wconf 79' lang='lat' dir='ltr'><strong>eSt,</strong></span> <span class='ocrx_word' id='word_1_653' title='bbox 2447 2629 2575 2700; x_wconf 88' lang='lat' dir='ltr'><strong>quid</strong></span> <span class='ocrx_word' id='word_1_654' title='bbox 2601 2627 2757 2688; x_wconf 88' lang='lat' dir='ltr'><strong>nobis</strong></span> <span class='ocrx_word' id='word_1_655' title='bbox 2786 2640 3006 2680; x_wconf 88' lang='lat' dir='ltr'><strong>necesse</strong></span> <span class='ocrx_word' id='word_1_656' title='bbox 3033 2626 3119 2685; x_wconf 79' lang='lat' dir='ltr'><strong>sit,</strong></span> <span class='ocrx_word' id='word_1_657' title='bbox 3152 2632 3446 2692; x_wconf 89' lang='lat' dir='ltr'><strong>antequam</strong></span> 
     </span>
    </p>
   </div>
   <div class='ocr_carea' id='block_1_87' title="bbox 1866 2715 3446 2800">
    <p class='ocr_par' dir='ltr' id='par_1_87' title="bbox 1866 2715 3446 2800">
     <span class='ocr_line' id='line_1_88' title="bbox 1866 2715 3446 2800; baseline -0.01 -17"><span class='ocrx_word' id='word_1_658' title='bbox 1866 2739 2130 2800; x_wconf 85' lang='lat' dir='ltr'><strong>petamus.</strong></span> <span class='ocrx_word' id='word_1_659' title='bbox 2158 2723 2236 2790; x_wconf 80' lang='lat' dir='ltr'><strong>Ad</strong></span> <span class='ocrx_word' id='word_1_660' title='bbox 2258 2722 2400 2793; x_wconf 92' lang='lat' dir='ltr'><strong>quod</strong></span> <span class='ocrx_word' id='word_1_661' title='bbox 2424 2721 2568 2776; x_wconf 88' lang='lat' dir='ltr'><strong>illico</strong></span> <span class='ocrx_word' id='word_1_662' title='bbox 2594 2719 2889 2783; x_wconf 89' lang='lat' dir='ltr'><strong>fatendum,</strong></span> <span class='ocrx_word' id='word_1_663' title='bbox 2913 2717 3095 2788; x_wconf 87' lang='lat' dir='ltr'><strong>potius</strong></span> <span class='ocrx_word' id='word_1_664' title='bbox 3123 2715 3283 2771; x_wconf 88' lang='lat' dir='ltr'><strong>rebus</strong></span> <span class='ocrx_word' id='word_1_665' title='bbox 3311 2729 3446 2784; x_wconf 87' lang='lat' dir='ltr'><strong>quas</strong></span> 
     </span>
    </p>
   </div>
   <div class='ocr_carea' id='block_1_88' title="bbox 1868 2803 3444 2887">
    <p class='ocr_par' dir='ltr' id='par_1_88' title="bbox 1868 2803 3444 2887">
     <span class='ocr_line' id='line_1_89' title="bbox 1868 2803 3444 2887; baseline -0.012 -13"><span class='ocrx_word' id='word_1_666' title='bbox 1868 2820 2050 2875; x_wconf 90' lang='lat' dir='ltr'><strong>animo</strong></span> <span class='ocrx_word' id='word_1_667' title='bbox 2075 2816 2333 2887; x_wconf 84' lang='lat' dir='ltr'><strong>gerimus,</strong></span> <span class='ocrx_word' id='word_1_668' title='bbox 2359 2820 2416 2870; x_wconf 88' lang='lat' dir='ltr'><strong>et</strong></span> <span class='ocrx_word' id='word_1_669' title='bbox 2443 2810 2740 2870; x_wconf 67' lang='lat' dir='ltr'><strong>intentione</strong></span> <span class='ocrx_word' id='word_1_670' title='bbox 2767 2808 2967 2873; x_wconf 85' lang='lat' dir='ltr'><strong>cordis,</strong></span> <span class='ocrx_word' id='word_1_671' title='bbox 2999 2821 3121 2875; x_wconf 86' lang='lat' dir='ltr'><strong>cum</strong></span> <span class='ocrx_word' id='word_1_672' title='bbox 3153 2803 3444 2869; x_wconf 75' lang='lat' dir='ltr'><strong>dilectione</strong></span> 
     </span>
    </p>
   </div>
   <div class='ocr_carea' id='block_1_89' title="bbox 1868 2896 3446 2982">
    <p class='ocr_par' dir='ltr' id='par_1_89' title="bbox 1868 2896 3446 2982">
     <span class='ocr_line' id='line_1_90' title="bbox 1868 2896 3446 2982; baseline -0.012 -15"><span class='ocrx_word' id='word_1_673' title='bbox 1868 2929 2001 2982; x_wconf 88' lang='lat' dir='ltr'><strong>pura</strong></span> <span class='ocrx_word' id='word_1_674' title='bbox 2031 2920 2085 2964; x_wconf 91' lang='lat' dir='ltr'><strong>et</strong></span> <span class='ocrx_word' id='word_1_675' title='bbox 2107 2907 2458 2978; x_wconf 83' lang='lat' dir='ltr'><strong>simplicitate</strong></span> <span class='ocrx_word' id='word_1_676' title='bbox 2485 2904 2734 2968; x_wconf 81' lang='lat' dir='ltr'><strong>aﬂ’ectus,</strong></span> <span class='ocrx_word' id='word_1_677' title='bbox 2759 2917 2859 2969; x_wconf 87' lang='lat' dir='ltr'><strong>nos</strong></span> <span class='ocrx_word' id='word_1_678' title='bbox 2894 2913 3053 2970; x_wconf 88' lang='lat' dir='ltr'><strong>agere</strong></span> <span class='ocrx_word' id='word_1_679' title='bbox 3069 2897 3280 2952; x_wconf 72' lang='lat' dir='ltr'><strong>-debere</strong></span> <span class='ocrx_word' id='word_1_680' title='bbox 3304 2896 3446 2966; x_wconf 90' lang='lat' dir='ltr'><strong>apud</strong></span> 
     </span>
    </p>
   </div>
   <div class='ocr_carea' id='block_1_90' title="bbox 1816 2987 3450 3071">
    <p class='ocr_par' dir='ltr' id='par_1_90' title="bbox 1816 2987 3450 3071">
     <span class='ocr_line' id='line_1_91' title="bbox 1816 2987 3450 3071; baseline -0.013 -12"><span class='ocrx_word' id='word_1_681' title='bbox 1816 3063 1818 3066; x_wconf 54' lang='grc'>,</span> <span class='ocrx_word' id='word_1_682' title='bbox 1870 3003 2060 3068; x_wconf 91' lang='lat' dir='ltr'><strong>Deum,</strong></span> <span class='ocrx_word' id='word_1_683' title='bbox 2092 3017 2252 3071; x_wconf 89' lang='lat' dir='ltr'><strong>quam</strong></span> <span class='ocrx_word' id='word_1_684' title='bbox 2283 2998 2496 3061; x_wconf 86' lang='lat' dir='ltr'><strong>verbis,</strong></span> <span class='ocrx_word' id='word_1_685' title='bbox 2531 3004 2592 3049; x_wconf 91' lang='lat' dir='ltr'><strong>ut</strong></span> <span class='ocrx_word' id='word_1_686' title='bbox 2635 2994 3003 3063; x_wconf 87' lang='lat' dir='ltr'><strong>impetremus.</strong></span> <span class='ocrx_word' id='word_1_687' title='bbox 3037 2989 3242 3044; x_wconf 90' lang='lat' dir='ltr'><strong>Idcirco</strong></span> <span class='ocrx_word' id='word_1_688' title='bbox 3274 2987 3450 3042; x_wconf 89' lang='lat' dir='ltr'><strong>scien-</strong></span> 
     </span>
    </p>
   </div>
   <div class='ocr_carea' id='block_1_91' title="bbox 1871 3075 3448 3155">
    <p class='ocr_par' dir='ltr' id='par_1_91' title="bbox 1871 3075 3448 3155">
     <span class='ocr_line' id='line_1_92' title="bbox 1871 3075 3448 3155; baseline -0.011 -8"><span class='ocrx_word' id='word_1_689' title='bbox 1871 3095 1996 3148; x_wconf 89' lang='lat' dir='ltr'><strong>dum</strong></span> <span class='ocrx_word' id='word_1_690' title='bbox 2041 3092 2205 3145; x_wconf 86' lang='lat' dir='ltr'><strong>verba</strong></span> <span class='ocrx_word' id='word_1_691' title='bbox 2249 3103 2349 3155; x_wconf 91' lang='lat' dir='ltr'><strong>nos</strong></span> <span class='ocrx_word' id='word_1_692' title='bbox 2379 3086 2660 3148; x_wconf 83' lang='lat' dir='ltr'><strong>docuisse,</strong></span> <span class='ocrx_word' id='word_1_693' title='bbox 2693 3090 2755 3138; x_wconf 94' lang='lat' dir='ltr'><strong>ut</strong></span> <span class='ocrx_word' id='word_1_694' title='bbox 2777 3081 2978 3138; x_wconf 87' lang='lat' dir='ltr'><strong>eisdem</strong></span> <span class='ocrx_word' id='word_1_695' title='bbox 3006 3079 3226 3134; x_wconf 90' lang='lat' dir='ltr'><strong>doceret</strong></span> <span class='ocrx_word' id='word_1_696' title='bbox 3267 3075 3448 3131; x_wconf 86' lang='lat' dir='ltr'><strong>verbis</strong></span> 
     </span>
    </p>
   </div>
   <div class='ocr_carea' id='block_1_92' title="bbox 1872 3165 3452 3252">
    <p class='ocr_par' dir='ltr' id='par_1_92' title="bbox 1872 3165 3452 3252">
     <span class='ocr_line' id='line_1_93' title="bbox 1872 3165 3452 3252; baseline -0.012 -16"><span class='ocrx_word' id='word_1_697' title='bbox 1872 3182 2000 3252; x_wconf 90' lang='lat' dir='ltr'><strong>quid</strong></span> <span class='ocrx_word' id='word_1_698' title='bbox 2035 3195 2193 3236; x_wconf 90' lang='lat' dir='ltr'><strong>orare</strong></span> <span class='ocrx_word' id='word_1_699' title='bbox 2222 3184 2488 3248; x_wconf 88' lang='lat' dir='ltr'><strong>oporteat,</strong></span> <span class='ocrx_word' id='word_1_700' title='bbox 2511 3183 2784 3244; x_wconf 14' lang='lat' dir='ltr'><strong>“quatenus</strong></span> <span class='ocrx_word' id='word_1_701' title='bbox 2809 3185 2874 3226; x_wconf 82' lang='lat' dir='ltr'><strong>ex</strong></span> <span class='ocrx_word' id='word_1_702' title='bbox 2907 3170 2990 3224; x_wconf 88' lang='lat' dir='ltr'><strong>his</strong></span> <span class='ocrx_word' id='word_1_703' title='bbox 3025 3169 3237 3222; x_wconf 87' lang='lat' dir='ltr'><strong>animus</strong></span> <span class='ocrx_word' id='word_1_704' title='bbox 3267 3165 3452 3221; x_wconf 59' lang='lat' dir='ltr'><strong>concio</strong></span> 
     </span>
    </p>
   </div>
   <div class='ocr_carea' id='block_1_93' title="bbox 1871 3258 3452 3344">
    <p class='ocr_par' dir='ltr' id='par_1_93' title="bbox 1871 3258 3452 3344">
     <span class='ocr_line' id='line_1_94' title="bbox 1871 3258 3452 3344; baseline -0.013 -15"><span class='ocrx_word' id='word_1_705' title='bbox 1871 3282 2023 3344; x_wconf 90' lang='lat' dir='ltr'><strong>pcret</strong></span> <span class='ocrx_word' id='word_1_706' title='bbox 2063 3280 2118 3326; x_wconf 92' lang='lat' dir='ltr'><strong>ct</strong></span> <span class='ocrx_word' id='word_1_707' title='bbox 2161 3268 2434 3327; x_wconf 69' lang='lat' dir='ltr'><strong>meruerim</strong></span> <span class='ocrx_word' id='word_1_708' title='bbox 2465 3265 2748 3322; x_wconf 90' lang='lat' dir='ltr'><strong>mandaret</strong></span> <span class='ocrx_word' id='word_1_709' title='bbox 2791 3263 3032 3332; x_wconf 89' lang='lat' dir='ltr'><strong>regulam</strong></span> <span class='ocrx_word' id='word_1_710' title='bbox 3074 3258 3305 3316; x_wconf 87' lang='lat' dir='ltr'><strong>orandi:</strong></span> <span class='ocrx_word' id='word_1_711' title='bbox 3345 3271 3452 3310; x_wconf 89' lang='lat' dir='ltr'><strong>non</strong></span> 
     </span>
    </p>
   </div>
   <div class='ocr_carea' id='block_1_94' title="bbox 1872 3345 3450 3432">
    <p class='ocr_par' dir='ltr' id='par_1_94' title="bbox 1872 3345 3450 3432">
     <span class='ocr_line' id='line_1_95' title="bbox 1872 3345 3450 3432; baseline -0.013 -14"><span class='ocrx_word' id='word_1_712' title='bbox 1872 3365 2034 3420; x_wconf 89' lang='lat' dir='ltr'><strong>verba</strong></span> <span class='ocrx_word' id='word_1_713' title='bbox 2061 3376 2180 3432; x_wconf 77' lang='lat' dir='ltr'><strong>qua:</strong></span> <span class='ocrx_word' id='word_1_714' title='bbox 2217 3360 2453 3422; x_wconf 90' lang='lat' dir='ltr'><strong>diceret,</strong></span> <span class='ocrx_word' id='word_1_715' title='bbox 2482 3355 2576 3411; x_wconf 89' lang='lat' dir='ltr'><strong>sed</strong></span> <span class='ocrx_word' id='word_1_716' title='bbox 2617 3367 2707 3408; x_wconf 88' lang='lat' dir='ltr'><strong>res</strong></span> <span class='ocrx_word' id='word_1_717' title='bbox 2731 3361 2786 3408; x_wconf 88' lang='lat' dir='ltr'><strong>et</strong></span> <span class='ocrx_word' id='word_1_718' title='bbox 2813 3350 3205 3408; x_wconf 86' lang='lat' dir='ltr'><strong>sententiarum</strong></span> <span class='ocrx_word' id='word_1_719' title='bbox 3250 3345 3450 3402; x_wconf 88' lang='lat' dir='ltr'><strong>intelli-</strong></span> 
     </span>
    </p>
   </div>
   <div class='ocr_carea' id='block_1_95' title="bbox 1871 3437 3452 3527">
    <p class='ocr_par' dir='ltr' id='par_1_95' title="bbox 1871 3437 3452 3527">
     <span class='ocr_line' id='line_1_96' title="bbox 1871 3437 3452 3527; baseline -0.015 -17"><span class='ocrx_word' id='word_1_720' title='bbox 1871 3455 2107 3527; x_wconf 86' lang='lat' dir='ltr'><strong>gentiam</strong></span> <span class='ocrx_word' id='word_1_721' title='bbox 2128 3443 2202 3506; x_wconf 7' lang='lat' dir='ltr'><strong>bex</strong></span> <span class='ocrx_word' id='word_1_722' title='bbox 2233 3447 2426 3504; x_wconf 76' lang='lat' dir='ltr'><strong>affectu</strong></span> <span class='ocrx_word' id='word_1_723' title='bbox 2450 3445 2599 3515; x_wconf 87' lang='lat' dir='ltr'><strong>quid</strong></span> <span class='ocrx_word' id='word_1_724' title='bbox 2641 3450 2978 3513; x_wconf 81' lang='lat' dir='ltr'><strong>exposceret.</strong></span> <span class='ocrx_word' id='word_1_725' title='bbox 3029 3437 3280 3508; x_wconf 84' lang='lat' dir='ltr'><strong>Alioquin</strong></span> <span class='ocrx_word' id='word_1_726' title='bbox 3310 3451 3452 3490; x_wconf 82' lang='lat' dir='ltr'><strong>nun-</strong></span> 
     </span>
    </p>
   </div>
   <div class='ocr_carea' id='block_1_96' title="bbox 1873 3525 3453 3615">
    <p class='ocr_par' dir='ltr' id='par_1_96' title="bbox 1873 3525 3453 3615">
     <span class='ocr_line' id='line_1_97' title="bbox 1873 3525 3453 3615; baseline -0.014 -16"><span class='ocrx_word' id='word_1_727' title='bbox 1873 3525 2035 3615; x_wconf 88' lang='lat' dir='ltr'><strong>quam</strong></span> <span class='ocrx_word' id='word_1_728' title='bbox 2080 3541 2201 3604; x_wconf 87' lang='lat' dir='ltr'><strong>aliis</strong></span> <span class='ocrx_word' id='word_1_729' title='bbox 2235 3538 2416 3593; x_wconf 84' lang='lat' dir='ltr'><strong>verbis</strong></span> <span class='ocrx_word' id='word_1_730' title='bbox 2456 3535 2719 3589; x_wconf 87' lang='lat' dir='ltr'><strong>orandum</strong></span> <span class='ocrx_word' id='word_1_731' title='bbox 2747 3539 2923 3595; x_wconf 87' lang='lat' dir='ltr'><strong>esset,</strong></span> <span class='ocrx_word' id='word_1_732' title='bbox 2956 3543 3120 3600; x_wconf 87' lang='lat' dir='ltr'><strong>quam</strong></span> <span class='ocrx_word' id='word_1_733' title='bbox 3150 3525 3352 3582; x_wconf 89' lang='lat' dir='ltr'><strong>eisdem</strong></span> <span class='ocrx_word' id='word_1_734' title='bbox 3396 3525 3453 3578; x_wconf 90' lang='lat' dir='ltr'><strong>in</strong></span> 
     </span>
    </p>
   </div>
   <div class='ocr_carea' id='block_1_97' title="bbox 1875 3615 3451 3704">
    <p class='ocr_par' dir='ltr' id='par_1_97' title="bbox 1875 3615 3451 3704">
     <span class='ocr_line' id='line_1_98' title="bbox 1875 3615 3451 3704; baseline -0.015 -16"><span class='ocrx_word' id='word_1_735' title='bbox 1875 3633 2071 3704; x_wconf 87' lang='lat' dir='ltr'><strong>quibus</strong></span> <span class='ocrx_word' id='word_1_736' title='bbox 2092 3627 2427 3689; x_wconf 83' lang='lat' dir='ltr'><strong>haecdocuit.</strong></span> <span class='ocrx_word' id='word_1_737' title='bbox 2453 3623 2607 3678; x_wconf 84' lang='lat' dir='ltr'><strong>Nunc</strong></span> <span class='ocrx_word' id='word_1_738' title='bbox 2628 3630 2810 3676; x_wconf 89' lang='lat' dir='ltr'><strong>autem</strong></span> <span class='ocrx_word' id='word_1_739' title='bbox 2837 3620 2994 3690; x_wconf 88' lang='lat' dir='ltr'><strong>longe</strong></span> <span class='ocrx_word' id='word_1_740' title='bbox 3015 3617 3174 3672; x_wconf 89' lang='lat' dir='ltr'><strong>aliter</strong></span> <span class='ocrx_word' id='word_1_741' title='bbox 3197 3615 3451 3671; x_wconf 85' lang='lat' dir='ltr'><strong>sentitur.</strong></span> 
     </span>
    </p>
   </div>
   <div class='ocr_carea' id='block_1_98' title="bbox 1876 3705 3457 3786">
    <p class='ocr_par' dir='ltr' id='par_1_98' title="bbox 1876 3705 3457 3786">
     <span class='ocr_line' id='line_1_99' title="bbox 1876 3705 3457 3786; baseline -0.016 -4"><span class='ocrx_word' id='word_1_742' title='bbox 1876 3726 2082 3782; x_wconf 84' lang='lat' dir='ltr'><strong>Idcirco</strong></span> <span class='ocrx_word' id='word_1_743' title='bbox 2127 3737 2247 3776; x_wconf 88' lang='lat' dir='ltr'><strong>non.</strong></span> <span class='ocrx_word' id='word_1_744' title='bbox 2277 3719 2457 3774; x_wconf 89' lang='lat' dir='ltr'><strong>verbis</strong></span> <span class='ocrx_word' id='word_1_745' title='bbox 2499 3715 2640 3786; x_wconf 89' lang='lat' dir='ltr'><strong>apud</strong></span> <span class='ocrx_word' id='word_1_746' title='bbox 2680 3728 2805 3768; x_wconf 87' lang='lat' dir='ltr'><strong>eum</strong></span> <span class='ocrx_word' id='word_1_747' title='bbox 2843 3712 3084 3782; x_wconf 88' lang='lat' dir='ltr'><strong>agimus,</strong></span> <span class='ocrx_word' id='word_1_748' title='bbox 3125 3707 3217 3763; x_wconf 85' lang='lat' dir='ltr'><strong>sed</strong></span> <span class='ocrx_word' id='word_1_749' title='bbox 3261 3705 3457 3759; x_wconf 84' lang='lat' dir='ltr'><strong>atl&#39;ectn</strong></span> 
     </span>
    </p>
   </div>
   <div class='ocr_carea' id='block_1_99' title="bbox 1876 3801 3456 3886">
    <p class='ocr_par' dir='ltr' id='par_1_99' title="bbox 1876 3801 3456 3886">
     <span class='ocr_line' id='line_1_100' title="bbox 1876 3801 3456 3886; baseline -0.016 -10"><span class='ocrx_word' id='word_1_750' title='bbox 1876 3819 2098 3881; x_wconf 89' lang='lat' dir='ltr'><strong>mentis,</strong></span> <span class='ocrx_word' id='word_1_751' title='bbox 2131 3829 2290 3886; x_wconf 87' lang='lat' dir='ltr'><strong>quem</strong></span> <span class='ocrx_word' id='word_1_752' title='bbox 2338 3827 2407 3867; x_wconf 77' lang='lat' dir='ltr'><strong>ex</strong></span> <span class='ocrx_word' id='word_1_753' title='bbox 2447 3809 2650 3864; x_wconf 87' lang='lat' dir='ltr'><strong>eisdem</strong></span> <span class='ocrx_word' id='word_1_754' title='bbox 2696 3805 2878 3859; x_wconf 89' lang='lat' dir='ltr'><strong>verbis</strong></span> <span class='ocrx_word' id='word_1_755' title='bbox 2921 3801 3285 3873; x_wconf 87' lang='lat' dir='ltr'><strong>percepimus,</strong></span> <span class='ocrx_word' id='word_1_756' title='bbox 3333 3812 3456 3852; x_wconf 92' lang='lat' dir='ltr'><strong>cum</strong></span> 
     </span>
    </p>
   </div>
   <div class='ocr_carea' id='block_1_100' title="bbox 1881 3887 3458 3976">
    <p class='ocr_par' dir='ltr' id='par_1_100' title="bbox 1881 3887 3458 3976">
     <span class='ocr_line' id='line_1_101' title="bbox 1881 3887 3458 3976; baseline -0.017 -10"><span class='ocrx_word' id='word_1_757' title='bbox 1881 3911 1987 3966; x_wconf 89' lang='lat' dir='ltr'><strong>ﬁde</strong></span> <span class='ocrx_word' id='word_1_758' title='bbox 2013 3925 2077 3962; x_wconf 89' lang='lat' dir='ltr'><strong>ac</strong></span> <span class='ocrx_word' id='word_1_759' title='bbox 2106 3921 2202 3976; x_wconf 90' lang='lat' dir='ltr'><strong>spe</strong></span> <span class='ocrx_word' id='word_1_760' title='bbox 2221 3913 2276 3958; x_wconf 89' lang='lat' dir='ltr'><strong>et</strong></span> <span class='ocrx_word' id='word_1_761' title='bbox 2299 3897 2584 3956; x_wconf 87' lang='lat' dir='ltr'><strong>cbaritatis</strong></span> <span class='ocrx_word' id='word_1_762' title='bbox 2610 3894 2870 3964; x_wconf 88' lang='lat' dir='ltr'><strong>obsequio</strong></span> <span class='ocrx_word' id='word_1_763' title='bbox 2893 3893 3085 3947; x_wconf 87' lang='lat' dir='ltr'><strong>devote</strong></span> <span class='ocrx_word' id='word_1_764' title='bbox 3109 3887 3458 3956; x_wconf 71' lang='lat' dir='ltr'><strong>implorantes</strong></span> 
     </span>
    </p>
   </div>
   <div class='ocr_carea' id='block_1_101' title="bbox 1878 3979 3462 4068">
    <p class='ocr_par' dir='ltr' id='par_1_101' title="bbox 1878 3979 3462 4068">
     <span class='ocr_line' id='line_1_102' title="bbox 1878 3979 3462 4068; baseline -0.017 -12"><span class='ocrx_word' id='word_1_765' title='bbox 1878 4005 2318 4068; x_wconf 7' lang='lat' dir='ltr'><strong>eum,gquatenus</strong></span> <span class='ocrx_word' id='word_1_766' title='bbox 2354 3990 2520 4063; x_wconf 78' lang='lat'><strong>316</strong></span> <span class='ocrx_word' id='word_1_767' title='bbox 2553 4001 2619 4042; x_wconf 81' lang='lat' dir='ltr'><strong>ex</strong></span> <span class='ocrx_word' id='word_1_768' title='bbox 2652 3985 2834 4041; x_wconf 87' lang='lat' dir='ltr'><strong>verbis</strong></span> <span class='ocrx_word' id='word_1_769' title='bbox 2873 3979 3198 4038; x_wconf 83' lang='lat' dir='ltr'><strong>accendatur</strong></span> <span class='ocrx_word' id='word_1_770' title='bbox 3232 3992 3328 4033; x_wconf 92' lang='lat' dir='ltr'><strong>cor</strong></span> <span class='ocrx_word' id='word_1_771' title='bbox 3364 3990 3462 4030; x_wconf 88' lang='lat' dir='ltr'><strong>no-</strong></span> 
     </span>
    </p>
   </div>
   <div class='ocr_carea' id='block_1_102' title="bbox 1879 4065 3456 4151">
    <p class='ocr_par' dir='ltr' id='par_1_102' title="bbox 1879 4065 3456 4151">
     <span class='ocr_line' id='line_1_103' title="bbox 1879 4065 3456 4151; baseline -0.016 -7"><span class='ocrx_word' id='word_1_772' title='bbox 1879 4065 2153 4151; x_wconf 62' lang='lat' dir='ltr'><strong>strum,et</strong></span> <span class='ocrx_word' id='word_1_773' title='bbox 2177 4089 2457 4139; x_wconf 84' lang='lat' dir='ltr'><strong>serenetur</strong></span> <span class='ocrx_word' id='word_1_774' title='bbox 2487 4080 2540 4132; x_wconf 91' lang='lat' dir='ltr'><strong>in</strong></span> <span class='ocrx_word' id='word_1_775' title='bbox 2563 4076 2852 4146; x_wconf 82' lang='lat' dir='ltr'><strong>precibus:</strong></span> <span class='ocrx_word' id='word_1_776' title='bbox 2890 4071 3105 4134; x_wconf 83' lang='lat' dir='ltr'><strong>deinde,</strong></span> <span class='ocrx_word' id='word_1_777' title='bbox 3133 4068 3202 4122; x_wconf 90' lang='lat' dir='ltr'><strong>ab</strong></span> <span class='ocrx_word' id='word_1_778' title='bbox 3235 4067 3351 4136; x_wconf 89' lang='lat' dir='ltr'><strong>ipsa</strong></span> <span class='ocrx_word' id='word_1_779' title='bbox 3375 4065 3456 4119; x_wconf 88' lang='lat' dir='ltr'><strong>in-</strong></span> 
     </span>
    </p>
   </div>
   <div class='ocr_carea' id='block_1_103' title="bbox 1883 4157 3459 4239">
    <p class='ocr_par' dir='ltr' id='par_1_103' title="bbox 1883 4157 3459 4239">
     <span class='ocr_line' id='line_1_104' title="bbox 1883 4157 3459 4239; baseline -0.017 -1"><span class='ocrx_word' id='word_1_780' title='bbox 1883 4182 2118 4239; x_wconf 90' lang='lat' dir='ltr'><strong>tentione</strong></span> <span class='ocrx_word' id='word_1_781' title='bbox 2137 4177 2318 4234; x_wconf 85' lang='lat' dir='ltr'><strong>cordis</strong></span> <span class='ocrx_word' id='word_1_782' title='bbox 2341 4172 2618 4235; x_wconf 89' lang='lat' dir='ltr'><strong>illostrati,</strong></span> <span class='ocrx_word' id='word_1_783' title='bbox 2644 4167 2786 4239; x_wconf 88' lang='lat' dir='ltr'><strong>quod</strong></span> <span class='ocrx_word' id='word_1_784' title='bbox 2817 4167 2929 4236; x_wconf 89' lang='lat' dir='ltr'><strong>ipse</strong></span> <span class='ocrx_word' id='word_1_785' title='bbox 2949 4162 3134 4218; x_wconf 86' lang='lat' dir='ltr'><strong>docuit</strong></span> <span class='ocrx_word' id='word_1_786' title='bbox 3155 4157 3459 4215; x_wconf 84' lang='lat' dir='ltr'><strong>fiducialius</strong></span> 
     </span>
    </p>
   </div>
   <div class='ocr_carea' id='block_1_104' title="bbox 1882 4251 3458 4343">
    <p class='ocr_par' dir='ltr' id='par_1_104' title="bbox 1882 4251 3458 4343">
     <span class='ocr_line' id='line_1_105' title="bbox 1882 4251 3458 4343; baseline -0.017 -14"><span class='ocrx_word' id='word_1_787' title='bbox 1882 4277 2253 4343; x_wconf 89' lang='lat' dir='ltr'><strong>impetremus.</strong></span> <span class='ocrx_word' id='word_1_788' title='bbox 2294 4267 2372 4321; x_wconf 83' lang='lat' dir='ltr'><strong>Ac</strong></span> <span class='ocrx_word' id='word_1_789' title='bbox 2415 4280 2511 4334; x_wconf 85' lang='lat' dir='ltr'><strong>per</strong></span> <span class='ocrx_word' id='word_1_790' title='bbox 2555 4264 2690 4326; x_wconf 87' lang='lat' dir='ltr'><strong>hoc,</strong></span> <span class='ocrx_word' id='word_1_791' title='bbox 2739 4275 2806 4314; x_wconf 79' lang='lat' dir='ltr'><strong>ex</strong></span> <span class='ocrx_word' id='word_1_792' title='bbox 2850 4257 3018 4327; x_wconf 89' lang='lat' dir='ltr'><strong>ipsius</strong></span> <span class='ocrx_word' id='word_1_793' title='bbox 3053 4251 3331 4316; x_wconf 87' lang='lat' dir='ltr'><strong>doctrina,</strong></span> <span class='ocrx_word' id='word_1_794' title='bbox 3361 4263 3458 4304; x_wconf 88' lang='lat' dir='ltr'><strong>eor</strong></span> 
     </span>
    </p>
   </div>
   <div class='ocr_carea' id='block_1_105' title="bbox 1883 4344 3462 4432">
    <p class='ocr_par' dir='ltr' id='par_1_105' title="bbox 1883 4344 3462 4432">
     <span class='ocr_line' id='line_1_106' title="bbox 1883 4344 3462 4432; baseline -0.015 -10"><span class='ocrx_word' id='word_1_795' title='bbox 1883 4375 2124 4423; x_wconf 90' lang='lat' dir='ltr'><strong>nostrum</strong></span> <span class='ocrx_word' id='word_1_796' title='bbox 2146 4361 2274 4432; x_wconf 90' lang='lat' dir='ltr'><strong>quid</strong></span> <span class='ocrx_word' id='word_1_797' title='bbox 2299 4373 2458 4414; x_wconf 89' lang='lat' dir='ltr'><strong>orare</strong></span> <span class='ocrx_word' id='word_1_798' title='bbox 2481 4355 2696 4418; x_wconf 89' lang='lat' dir='ltr'><strong>debeat,</strong></span> <span class='ocrx_word' id='word_1_799' title='bbox 2721 4351 2906 4423; x_wconf 87' lang='lat' dir='ltr'><strong>paucis</strong></span> <span class='ocrx_word' id='word_1_800' title='bbox 2931 4349 3230 4402; x_wconf 86' lang='lat' dir='ltr'><strong>illustratur</strong></span> <span class='ocrx_word' id='word_1_801' title='bbox 3247 4344 3462 4409; x_wconf 86' lang='lat' dir='ltr'><strong>verbis;</strong></span> 
     </span>
    </p>
   </div>
   <div class='ocr_carea' id='block_1_106' title="bbox 1883 4437 3465 4515">
    <p class='ocr_par' dir='ltr' id='par_1_106' title="bbox 1883 4437 3465 4515">
     <span class='ocr_line' id='line_1_107' title="bbox 1883 4437 3465 4515; baseline -0.017 -2"><span class='ocrx_word' id='word_1_802' title='bbox 1883 4459 2210 4514; x_wconf 86' lang='lat' dir='ltr'><strong>illustratum</strong></span> <span class='ocrx_word' id='word_1_803' title='bbox 2252 4465 2414 4515; x_wconf 87' lang='lat' dir='ltr'><strong>vero,</strong></span> <span class='ocrx_word' id='word_1_804' title='bbox 2451 4463 2559 4501; x_wconf 88' lang='lat' dir='ltr'><strong>non</strong></span> <span class='ocrx_word' id='word_1_805' title='bbox 2590 4443 2877 4500; x_wconf 90' lang='lat' dir='ltr'><strong>indicando</strong></span> <span class='ocrx_word' id='word_1_806' title='bbox 2903 4439 2989 4495; x_wconf 90' lang='lat' dir='ltr'><strong>cui</strong></span> <span class='ocrx_word' id='word_1_807' title='bbox 3019 4437 3198 4492; x_wconf 86' lang='lat' dir='ltr'><strong>omnia</strong></span> <span class='ocrx_word' id='word_1_808' title='bbox 3245 4443 3428 4506; x_wconf 88' lang='lat' dir='ltr'><strong>patent</strong></span> <span class='ocrx_word' id='word_1_809' title='bbox 3450 4473 3465 4497; x_wconf 95' lang='lat'><strong>,</strong></span> 
     </span>
    </p>
   </div>
   <div class='ocr_carea' id='block_1_107' title="bbox 1885 4525 3467 4616">
    <p class='ocr_par' dir='ltr' id='par_1_107' title="bbox 1885 4525 3467 4616">
     <span class='ocr_line' id='line_1_108' title="bbox 1885 4525 3467 4616; baseline -0.019 -9"><span class='ocrx_word' id='word_1_810' title='bbox 1885 4550 1980 4606; x_wconf 89' lang='lat' dir='ltr'><strong>sed</strong></span> <span class='ocrx_word' id='word_1_811' title='bbox 2021 4541 2372 4616; x_wconf 63' lang='lat' dir='ltr'><strong>supplicantn</strong></span> <span class='ocrx_word' id='word_1_812' title='bbox 2405 4539 2496 4609; x_wconf 89' lang='lat' dir='ltr'><strong>qui</strong></span> <span class='ocrx_word' id='word_1_813' title='bbox 2530 4535 2710 4592; x_wconf 90' lang='lat' dir='ltr'><strong>omnia</strong></span> <span class='ocrx_word' id='word_1_814' title='bbox 2756 4539 2953 4602; x_wconf 87' lang='lat' dir='ltr'><strong>potest,</strong></span> <span class='ocrx_word' id='word_1_815' title='bbox 2993 4526 3338 4583; x_wconf 83' lang='lat' dir='ltr'><strong>afl‘ectuosius</strong></span> <span class='ocrx_word' id='word_1_816' title='bbox 3365 4525 3467 4578; x_wconf 85' lang='lat' dir='ltr'><strong>dif-</strong></span> 
     </span>
    </p>
   </div>
   <div class='ocr_carea' id='block_1_108' title="bbox 1887 4615 3469 4704">
    <p class='ocr_par' dir='ltr' id='par_1_108' title="bbox 1887 4615 3469 4704">
     <span class='ocr_line' id='line_1_109' title="bbox 1887 4615 3469 4704; baseline -0.017 -9"><span class='ocrx_word' id='word_1_817' title='bbox 1887 4615 2149 4704; x_wconf 79' lang='lat' dir='ltr'><strong>funditur,</strong></span> <span class='ocrx_word' id='word_1_818' title='bbox 2182 4642 2237 4688; x_wconf 90' lang='lat' dir='ltr'><strong>et</strong></span> <span class='ocrx_word' id='word_1_819' title='bbox 2261 4629 2506 4700; x_wconf 78' lang='lat' dir='ltr'><strong>exposcit</strong></span> <span class='ocrx_word' id='word_1_820' title='bbox 2531 4641 2654 4681; x_wconf 90' lang='lat' dir='ltr'><strong>cum</strong></span> <span class='ocrx_word' id='word_1_821' title='bbox 2694 4621 2987 4684; x_wconf 86' lang='lat' dir='ltr'><strong>charitate,</strong></span> <span class='ocrx_word' id='word_1_822' title='bbox 3033 4617 3176 4688; x_wconf 88' lang='lat' dir='ltr'><strong>quod</strong></span> <span class='ocrx_word' id='word_1_823' title='bbox 3214 4615 3327 4684; x_wconf 85' lang='lat' dir='ltr'><strong>jam</strong></span> <span class='ocrx_word' id='word_1_824' title='bbox 3367 4629 3469 4684; x_wconf 85' lang='lat' dir='ltr'><strong>spe</strong></span> 
     </span>
    </p>
   </div>
   <div class='ocr_carea' id='block_1_109' title="bbox 1887 4706 3469 4798">
    <p class='ocr_par' dir='ltr' id='par_1_109' title="bbox 1887 4706 3469 4798">
     <span class='ocr_line' id='line_1_110' title="bbox 1887 4706 3469 4798; baseline -0.018 -13"><span class='ocrx_word' id='word_1_825' title='bbox 1887 4729 2011 4786; x_wconf 87' lang='lat' dir='ltr'><strong>fidei</strong></span> <span class='ocrx_word' id='word_1_826' title='bbox 2041 4723 2348 4798; x_wconf 89' lang='lat' dir='ltr'><strong>percepisse</strong></span> <span class='ocrx_word' id='word_1_827' title='bbox 2373 4714 2735 4789; x_wconf 61' lang='lat' dir='ltr'><strong>praesumitur.</strong></span> <span class='ocrx_word' id='word_1_828' title='bbox 2776 4712 2914 4781; x_wconf 85' lang='lat' dir='ltr'><strong>Spes</strong></span> <span class='ocrx_word' id='word_1_829' title='bbox 2942 4723 3072 4763; x_wconf 86' lang='lat' dir='ltr'><strong>vero</strong></span> <span class='ocrx_word' id='word_1_830' title='bbox 3097 4722 3202 4762; x_wconf 92' lang='lat' dir='ltr'><strong>non</strong></span> <span class='ocrx_word' id='word_1_831' title='bbox 3241 4706 3469 4760; x_wconf 83' lang='lat' dir='ltr'><strong>confun-</strong></span> 
     </span>
    </p>
   </div>
   <div class='ocr_carea' id='block_1_110' title="bbox 1887 4796 3470 4886">
    <p class='ocr_par' dir='ltr' id='par_1_110' title="bbox 1887 4796 3470 4886">
     <span class='ocr_line' id='line_1_111' title="bbox 1887 4796 3470 4886; baseline -0.019 -8"><span class='ocrx_word' id='word_1_832' title='bbox 1887 4796 2067 4884; x_wconf 69' lang='lat' dir='ltr'><strong>ditur,</strong></span> <span class='ocrx_word' id='word_1_833' title='bbox 2097 4815 2353 4886; x_wconf 89' lang='lat' dir='ltr'><strong>quoniam</strong></span> <span class='ocrx_word' id='word_1_834' title='bbox 2383 4809 2620 4866; x_wconf 88' lang='lat' dir='ltr'><strong>charitas</strong></span> <span class='ocrx_word' id='word_1_835' title='bbox 2656 4806 2751 4861; x_wconf 89' lang='lat' dir='ltr'><strong>Dei</strong></span> <span class='ocrx_word' id='word_1_836' title='bbox 2777 4803 2969 4858; x_wconf 72' lang='lat' dir='ltr'><strong>ditiusa</strong></span> <span class='ocrx_word' id='word_1_837' title='bbox 3005 4808 3092 4856; x_wconf 88' lang='lat' dir='ltr'><strong>est</strong></span> <span class='ocrx_word' id='word_1_838' title='bbox 3128 4799 3183 4854; x_wconf 92' lang='lat' dir='ltr'><strong>in</strong></span> <span class='ocrx_word' id='word_1_839' title='bbox 3213 4796 3470 4852; x_wconf 84' lang='lat' dir='ltr'><strong>cordibus</strong></span> 
     </span>
    </p>
   </div>
   <div class='ocr_carea' id='block_1_111' title="bbox 1889 4885 3466 4978">
    <p class='ocr_par' dir='ltr' id='par_1_111' title="bbox 1889 4885 3466 4978">
     <span class='ocr_line' id='line_1_112' title="bbox 1889 4885 3466 4978; baseline -0.02 -11"><span class='ocrx_word' id='word_1_840' title='bbox 1889 4909 2092 4967; x_wconf 90' lang='lat' dir='ltr'><strong>nostris</strong></span> <span class='ocrx_word' id='word_1_841' title='bbox 2116 4885 2213 4978; x_wconf 88' lang='lat' dir='ltr'><strong>per</strong></span> <span class='ocrx_word' id='word_1_842' title='bbox 2237 4902 2496 4972; x_wconf 82' lang='lat' dir='ltr'><strong>Spiritum</strong></span> <span class='ocrx_word' id='word_1_843' title='bbox 2529 4905 2773 4958; x_wconf 85' lang='lat' dir='ltr'><strong>sanctum</strong></span> <span class='ocrx_word' id='word_1_844' title='bbox 2797 4895 2890 4968; x_wconf 79' lang='lat' dir='ltr'><strong>qui</strong></span> <span class='ocrx_word' id='word_1_845' title='bbox 2916 4893 3076 4957; x_wconf 79' lang='lat' dir='ltr'><strong>datus</strong></span> <span class='ocrx_word' id='word_1_846' title='bbox 3101 4897 3180 4945; x_wconf 85' lang='lat' dir='ltr'><strong>est</strong></span> <span class='ocrx_word' id='word_1_847' title='bbox 3211 4886 3383 4940; x_wconf 85' lang='lat' dir='ltr'><strong>nobis.</strong></span> <span class='ocrx_word' id='word_1_848' title='bbox 3411 4885 3466 4936; x_wconf 91' lang='lat' dir='ltr'><strong>ln</strong></span> 
     </span>
    </p>
   </div>
   <div class='ocr_carea' id='block_1_112' title="bbox 1893 4974 3469 5076">
    <p class='ocr_par' dir='ltr' id='par_1_112' title="bbox 1893 4974 3469 5076">
     <span class='ocr_line' id='line_1_113' title="bbox 1893 4974 3469 5076; baseline -0.023 -15"><span class='ocrx_word' id='word_1_849' title='bbox 1893 5019 2001 5076; x_wconf 88' lang='lat' dir='ltr'><strong>quo</strong></span> <span class='ocrx_word' id='word_1_850' title='bbox 2031 4974 2283 5056; x_wconf 81' lang='lat' dir='ltr'><strong>nimirum</strong></span> <span class='ocrx_word' id='word_1_851' title='bbox 2313 4993 2517 5064; x_wconf 89' lang='lat' dir='ltr'><strong>Spiritu</strong></span> <span class='ocrx_word' id='word_1_852' title='bbox 2538 4991 2757 5062; x_wconf 90' lang='lat' dir='ltr'><strong>jamque</strong></span> <span class='ocrx_word' id='word_1_853' title='bbox 2789 4987 3088 5042; x_wconf 88' lang='lat' dir='ltr'><strong>clamamus</strong></span> <span class='ocrx_word' id='word_1_854' title='bbox 3114 4998 3126 5033; x_wconf 89' lang='lat'><strong>:</strong></span> <span class='ocrx_word' id='word_1_855' title='bbox 3167 4976 3339 5035; x_wconf 83' lang='lat' dir='ltr'><strong>Abba,</strong></span> <span class='ocrx_word' id='word_1_856' title='bbox 3369 4974 3469 5027; x_wconf 83' lang='lat' dir='ltr'><strong>Pa-</strong></span> 
     </span>
    </p>
   </div>
   <div class='ocr_carea' id='block_1_113' title="bbox 1897 5065 3468 5156">
    <p class='ocr_par' dir='ltr' id='par_1_113' title="bbox 1897 5065 3468 5156">
     <span class='ocr_line' id='line_1_114' title="bbox 1897 5065 3468 5156; baseline -0.022 -7"><span class='ocrx_word' id='word_1_857' title='bbox 1897 5065 1996 5149; x_wconf 73' lang='lat' dir='ltr'><strong>ter.</strong></span> <span class='ocrx_word' id='word_1_858' title='bbox 2032 5090 2166 5146; x_wconf 87' lang='lat' dir='ltr'><strong>Hinc</strong></span> <span class='ocrx_word' id='word_1_859' title='bbox 2192 5084 2397 5156; x_wconf 90' lang='lat' dir='ltr'><strong>liquido</strong></span> <span class='ocrx_word' id='word_1_860' title='bbox 2421 5090 2587 5152; x_wconf 89' lang='lat' dir='ltr'><strong>patet,</strong></span> <span class='ocrx_word' id='word_1_861' title='bbox 2627 5094 2730 5134; x_wconf 87' lang='lat' dir='ltr'><strong>non</strong></span> <span class='ocrx_word' id='word_1_862' title='bbox 2763 5075 2904 5132; x_wconf 90' lang='lat' dir='ltr'><strong>aliud</strong></span> <span class='ocrx_word' id='word_1_863' title='bbox 2935 5088 3034 5128; x_wconf 89' lang='lat' dir='ltr'><strong>nos</strong></span> <span class='ocrx_word' id='word_1_864' title='bbox 3065 5082 3223 5125; x_wconf 87' lang='lat' dir='ltr'><strong>orare</strong></span> <span class='ocrx_word' id='word_1_865' title='bbox 3247 5065 3468 5127; x_wconf 83' lang='lat' dir='ltr'><strong>debere,</strong></span> 
     </span>
    </p>
   </div>
   <div class='ocr_carea' id='block_1_114' title="bbox 1893 5156 3472 5256">
    <p class='ocr_par' dir='ltr' id='par_1_114' title="bbox 1893 5156 3472 5256">
     <span class='ocr_line' id='line_1_115' title="bbox 1893 5156 3472 5256; baseline -0.018 -17"><span class='ocrx_word' id='word_1_866' title='bbox 1893 5200 2055 5256; x_wconf 89' lang='lat' dir='ltr'><strong>quam</strong></span> <span class='ocrx_word' id='word_1_867' title='bbox 2078 5182 2222 5253; x_wconf 88' lang='lat' dir='ltr'><strong>quod</strong></span> <span class='ocrx_word' id='word_1_868' title='bbox 2246 5176 2430 5239; x_wconf 88' lang='lat' dir='ltr'><strong>docuit</strong></span> <span class='ocrx_word' id='word_1_869' title='bbox 2456 5175 2713 5246; x_wconf 86' lang='lat' dir='ltr'><strong>magister</strong></span> <span class='ocrx_word' id='word_1_870' title='bbox 2753 5167 3031 5230; x_wconf 84' lang='lat' dir='ltr'><strong>veritatis;</strong></span> <span class='ocrx_word' id='word_1_871' title='bbox 3063 5172 3136 5224; x_wconf 85' lang='lat' dir='ltr'><strong>et,</strong></span> <span class='ocrx_word' id='word_1_872' title='bbox 3178 5160 3306 5214; x_wconf 90' lang='lat' dir='ltr'><strong>licet</strong></span> <span class='ocrx_word' id='word_1_873' title='bbox 3349 5156 3472 5223; x_wconf 79' lang='lat' dir='ltr'><strong>aliis</strong></span> 
     </span>
    </p>
   </div>
   <div class='ocr_carea' id='block_1_115' title="bbox 1895 5247 3474 5341">
    <p class='ocr_par' dir='ltr' id='par_1_115' title="bbox 1895 5247 3474 5341">
     <span class='ocr_line' id='line_1_116' title="bbox 1895 5247 3474 5341; baseline -0.019 -10"><span class='ocrx_word' id='word_1_874' title='bbox 1895 5247 2075 5330; x_wconf 68' lang='lat' dir='ltr'><strong>verbis</strong></span> <span class='ocrx_word' id='word_1_875' title='bbox 2096 5247 2410 5341; x_wconf 80' lang='lat' dir='ltr'><strong>frequenter</strong></span> <span class='ocrx_word' id='word_1_876' title='bbox 2427 5280 2660 5328; x_wconf 88' lang='lat' dir='ltr'><strong>oremus,</strong></span> <span class='ocrx_word' id='word_1_877' title='bbox 2690 5271 2868 5318; x_wconf 86' lang='lat' dir='ltr'><strong>tamen</strong></span> <span class='ocrx_word' id='word_1_878' title='bbox 2891 5255 3032 5328; x_wconf 84' lang='lat' dir='ltr'><strong>quod</strong></span> <span class='ocrx_word' id='word_1_879' title='bbox 3053 5251 3198 5308; x_wconf 88' lang='lat' dir='ltr'><strong>aliud</strong></span> <span class='ocrx_word' id='word_1_880' title='bbox 3221 5263 3326 5304; x_wconf 92' lang='lat' dir='ltr'><strong>non</strong></span> <span class='ocrx_word' id='word_1_881' title='bbox 3349 5247 3474 5302; x_wconf 87' lang='lat' dir='ltr'><strong>licet</strong></span> 
     </span>
    </p>
   </div>
   <div class='ocr_carea' id='block_1_116' title="bbox 1897 5339 3474 5424">
    <p class='ocr_par' dir='ltr' id='par_1_116' title="bbox 1897 5339 3474 5424">
     <span class='ocr_line' id='line_1_117' title="bbox 1897 5339 3474 5424; baseline -0.021 1"><span class='ocrx_word' id='word_1_882' title='bbox 1897 5381 2054 5424; x_wconf 88' lang='lat' dir='ltr'><strong>orare</strong></span> <span class='ocrx_word' id='word_1_883' title='bbox 2077 5339 2298 5420; x_wconf 82' lang='lat' dir='ltr'><strong>minime</strong></span> <span class='ocrx_word' id='word_1_884' title='bbox 2325 5359 2651 5415; x_wconf 89' lang='lat' dir='ltr'><strong>dubitamus.</strong></span> <span class='ocrx_word' id='word_1_885' title='bbox 2673 5353 2832 5411; x_wconf 85' lang='lat' dir='ltr'><strong>Unde</strong></span> <span class='ocrx_word' id='word_1_886' title='bbox 2852 5344 3149 5421; x_wconf 87' lang='lat' dir='ltr'><strong>perpendat</strong></span> <span class='ocrx_word' id='word_1_887' title='bbox 3174 5341 3230 5396; x_wconf 93' lang='lat' dir='ltr'><strong>in</strong></span> <span class='ocrx_word' id='word_1_888' title='bbox 3253 5339 3474 5395; x_wconf 81' lang='lat' dir='ltr'><strong>Christo</strong></span> 
     </span>
    </p>
   </div>
   <div class='ocr_carea' id='block_1_117' title="bbox 1895 5430 3474 5527">
    <p class='ocr_par' dir='ltr' id='par_1_117' title="bbox 1895 5430 3474 5527">
     <span class='ocr_line' id='line_1_118' title="bbox 1895 5430 3474 5527; baseline -0.022 -9"><span class='ocrx_word' id='word_1_889' title='bbox 1895 5471 2145 5524; x_wconf 88' lang='lat' dir='ltr'><strong>renatus,</strong></span> <span class='ocrx_word' id='word_1_890' title='bbox 2177 5455 2333 5527; x_wconf 89' lang='lat' dir='ltr'><strong>quia,</strong></span> <span class='ocrx_word' id='word_1_891' title='bbox 2365 5469 2430 5508; x_wconf 80' lang='lat' dir='ltr'><strong>ex</strong></span> <span class='ocrx_word' id='word_1_892' title='bbox 2471 5465 2580 5522; x_wconf 92' lang='lat' dir='ltr'><strong>quo</strong></span> <span class='ocrx_word' id='word_1_893' title='bbox 2616 5445 2822 5516; x_wconf 82' lang='lat' dir='ltr'><strong>justitia</strong></span> <span class='ocrx_word' id='word_1_894' title='bbox 2847 5437 3278 5496; x_wconf 85' lang='lat' dir='ltr'><strong>Christianorum</strong></span> <span class='ocrx_word' id='word_1_895' title='bbox 3308 5430 3474 5501; x_wconf 67' lang='lat' dir='ltr'><strong>erepit</strong></span> 
     </span>
    </p>
   </div>
   <div class='ocr_carea' id='block_1_118' title="bbox 1896 5527 3476 5628">
    <p class='ocr_par' dir='ltr' id='par_1_118' title="bbox 1896 5527 3476 5628">
     <span class='ocr_line' id='line_1_119' title="bbox 1896 5527 3476 5628; baseline -0.018 -15"><span class='ocrx_word' id='word_1_896' title='bbox 1896 5557 2110 5628; x_wconf 81' lang='lat' dir='ltr'><strong>egregie</strong></span> <span class='ocrx_word' id='word_1_897' title='bbox 2155 5549 2472 5620; x_wconf 89' lang='lat' dir='ltr'><strong>adimpleri,</strong></span> <span class='ocrx_word' id='word_1_898' title='bbox 2520 5546 2588 5600; x_wconf 90' lang='lat' dir='ltr'><strong>ah</strong></span> <span class='ocrx_word' id='word_1_899' title='bbox 2611 5543 2734 5598; x_wconf 91' lang='lat' dir='ltr'><strong>inde</strong></span> <span class='ocrx_word' id='word_1_900' title='bbox 2765 5539 2994 5593; x_wconf 87' lang='lat' dir='ltr'><strong>ﬁliorum</strong></span> <span class='ocrx_word' id='word_1_901' title='bbox 3044 5533 3261 5602; x_wconf 87' lang='lat' dir='ltr'><strong>adoptio</strong></span> <span class='ocrx_word' id='word_1_902' title='bbox 3308 5527 3476 5597; x_wconf 67' lang='lat' dir='ltr'><strong>etrapit</strong></span> 
     </span>
    </p>
   </div>
   <div class='ocr_carea' id='block_1_119' title="bbox 1899 5620 3474 5708">
    <p class='ocr_par' dir='ltr' id='par_1_119' title="bbox 1899 5620 3474 5708">
     <span class='ocr_line' id='line_1_120' title="bbox 1899 5620 3474 5708; baseline -0.022 -1"><span class='ocrx_word' id='word_1_903' title='bbox 1899 5620 2204 5706; x_wconf 65' lang='lat' dir='ltr'><strong>reformari.</strong></span> <span class='ocrx_word' id='word_1_904' title='bbox 2243 5645 2341 5708; x_wconf 86' lang='lat' dir='ltr'><strong>Et,</strong></span> <span class='ocrx_word' id='word_1_905' title='bbox 2379 5642 2421 5697; x_wconf 87' lang='lat' dir='ltr'><strong>si</strong></span> <span class='ocrx_word' id='word_1_906' title='bbox 2451 5638 2644 5693; x_wconf 90' lang='lat' dir='ltr'><strong>viderit</strong></span> <span class='ocrx_word' id='word_1_907' title='bbox 2672 5649 2730 5688; x_wconf 91' lang='lat' dir='ltr'><strong>se</strong></span> <span class='ocrx_word' id='word_1_908' title='bbox 2760 5630 2960 5688; x_wconf 81' lang='lat' dir='ltr'><strong>eisdem</strong></span> <span class='ocrx_word' id='word_1_909' title='bbox 2981 5626 3202 5697; x_wconf 64' lang='lat' dir='ltr'><strong>iustitia:</strong></span> <span class='ocrx_word' id='word_1_910' title='bbox 3227 5620 3474 5694; x_wconf 85' lang='lat' dir='ltr'><strong>partibus</strong></span> 
     </span>
    </p>
   </div>
   <div class='ocr_carea' id='block_1_120' title="bbox 1903 5715 3468 5806">
    <p class='ocr_par' dir='ltr' id='par_1_120' title="bbox 1903 5715 3468 5806">
     <span class='ocr_line' id='line_1_121' title="bbox 1903 5715 3468 5806; baseline -0.019 -11"><span class='ocrx_word' id='word_1_911' title='bbox 1903 5739 2104 5806; x_wconf 86' lang='lat' dir='ltr'><strong>favere,</strong></span> <span class='ocrx_word' id='word_1_912' title='bbox 2135 5735 2344 5791; x_wconf 84' lang='lat' dir='ltr'><strong>noverit</strong></span> <span class='ocrx_word' id='word_1_913' title='bbox 2369 5747 2426 5787; x_wconf 88' lang='lat' dir='ltr'><strong>se</strong></span> <span class='ocrx_word' id='word_1_914' title='bbox 2449 5731 2569 5799; x_wconf 88' lang='lat' dir='ltr'><strong>jure</strong></span> <span class='ocrx_word' id='word_1_915' title='bbox 2592 5721 2894 5794; x_wconf 89' lang='lat' dir='ltr'><strong>adoptionis</strong></span> <span class='ocrx_word' id='word_1_916' title='bbox 2918 5721 3084 5776; x_wconf 88' lang='lat' dir='ltr'><strong>ﬁlium</strong></span> <span class='ocrx_word' id='word_1_917' title='bbox 3108 5715 3308 5778; x_wconf 83' lang='lat' dir='ltr'><strong>vocari,</strong></span> <span class='ocrx_word' id='word_1_918' title='bbox 3332 5719 3384 5764; x_wconf 92' lang='lat' dir='ltr'><strong>ct</strong></span> <span class='ocrx_word' id='word_1_919' title='bbox 3406 5725 3468 5766; x_wconf 71' lang='lat' dir='ltr'><strong>ex</strong></span> 
     </span>
    </p>
   </div>
   <div class='ocr_carea' id='block_1_121' title="bbox 3993 163 4004 858">
    <p class='ocr_par' dir='ltr' id='par_1_121' title="bbox 3993 163 3999 392">
     <span class='ocr_line' id='line_1_122' title="bbox 3993 163 3999 392; baseline 0 -70"><span class='ocrx_word' id='word_1_920' title='bbox 3993 163 3999 392; x_wconf 46' lang='grc' dir='ltr'><strong>ι</strong></span> 
     </span>
    </p>
   </div>
   <div class='ocr_carea' id='block_1_122' title="bbox 3994 163 4002 871">
    <p class='ocr_par' dir='ltr' id='par_1_122' title="bbox 3994 163 3999 322">
     <span class='ocr_line' id='line_1_123' title="bbox 3994 163 3999 322; baseline 0 -2"><span class='ocrx_word' id='word_1_921' title='bbox 3994 163 3999 322; x_wconf 61' lang='lat' dir='ltr'><strong>i</strong></span> 
     </span>
    </p>
   </div>
  </div>
