4000 6362
546 252 547 255 γ
648 285 757 343 επεν

1428 292 1485 347 S.
1528 293 1881 352 PASCHASII
1920 296 2263 353 RATBERTI
2299 298 2588 356 ABBATIS
2622 302 3070 361 CURBEIENSIS

3743 325 3821 380 280

620 406 831 460 eadem
859 402 1147 473 adoptione
1170 412 1391 472 paterna
1427 403 1634 460 viscera
1654 388 1742 460 'ad
1790 407 2213 463 misericordiam
2245 414 2290 468 Α
2317 407 2525 482 diligat.
2556 410 2690 467 Nam
2731 415 2775 469 si
2807 415 2910 471 hoc
2946 417 3117 472 solum
3152 390 3306 488 (μέοά
3335 420 3541 489 jubetur
3559 439 3676 494 orat,
3701 437 3822 495 retu...

640 496 962 568 promereri.
986 496 1080 549 Sin
1108 504 1285 548 autem
1309 496 1486 550 minus
1504 497 1797 552 attenderit
1815 499 1955 567 quod
1977 499 2211 569 praemit-

616 590 788 650 .titur,
834 586 1126 642 timendum
1165 600 1233 640 ne
1273 586 1450 640 oratio
1498 585 1589 640 fiat
1624 588 1998 645 exsecrabilis.
2042 588 2214 645 Aliter

638 695 771 752 ergo
792 679 975 733 vivere
997 692 1160 746 quam
1187 684 1246 730 ut
1267 676 1470 739 docuit,
1498 676 1825 746 degenerare
1845 685 1931 731 est
1956 694 1985 731 a
2014 678 2209 747 gratia,

636 787 736 842 per
773 786 936 841 quam
965 769 1067 824 sibi
1108 783 1206 823 nos
1242 767 1386 824 Deus
1426 767 1587 823 Pater
1612 766 1886 838 adoptavit
1930 770 1984 823 in
2026 770 2204 835 ﬁlios;

636 862 795 916 aliter
820 876 951 915 vero
975 874 1155 923 orare,
1187 874 1294 913 non
1323 857 1495 913 solum
1534 859 1838 928 ignorantia
1856 899 1871 921 ,
1904 873 2089 914 verum
2117 875 2206 914 er-

635 951 775 1006 roris
795 951 949 1021 culpa
982 948 1330 1021 prtegravari.
1360 950 1440 1005 Ex
1467 964 1575 1019 quo
1604 948 1745 1004 idem
1775 949 1851 1001 ait
1875 966 1888 1002 :
1922 948 2209 1018 Rejccistis

634 1041 888 1096 mandata
922 1040 1017 1095 Dei
1047 1048 1107 1094 ut
1132 1034 1452 1094 traditiones
1485 1047 1693 1094 vestras
1717 1037 1967 1093 statuatis
1991 1036 2203 1105 (Matth.

630 1148 719 1197 xv,
736 1132 812 1202 '5).
831 1131 985 1188 Unde
1004 1145 1222 1186 oremus
1239 1130 1379 1187 sicut
1401 1129 1582 1186 docuit
1604 1128 1797 1183 unicus
1821 1126 1986 1182 Filius
2008 1126 2203 1191 Patris,

629 1222 721 1290 qui
755 1220 975 1276 Patrem
1004 1234 1197 1287 suum,
1240 1218 1448 1276 scilicet
1476 1234 1506 1272 a
1533 1226 1752 1283 natura,
1781 1226 2025 1272 nostrum
2067 1232 2205 1286 pra:-

628 1312 767 1367 stitit
787 1326 906 1366 esse
928 1325 1028 1380 per
1043 1310 1294 1382 gratiam.
1311 1310 1377 1364 Et
1397 1310 1656 1364 honorem
1677 1307 1954 1378 proprium
1976 1306 2204 1378 largitus

625 1410 713 1454 est
738 1399 1045 1454 hominibus
1071 1407 1150 1464 ut,
1177 1398 1321 1468 quod
1346 1398 1493 1453 solus
1516 1397 1752 1452 habebat
1770 1396 2202 1453 consubstantia-

622 1490 793 1545 litatis
827 1489 1131 1560 optimum;
1168 1492 1379 1545 cunctis
1415 1504 1513 1544 sua
1551 1489 1793 1544 bonitate
1832 1503 1927 1557 per
1970 1488 2200 1559 gratiam

623 1582 851 1635 donaret
879 1580 1162 1636 indultum.
1197 1579 1535 1650 Quapropter
1560 1578 1742 1635 docuit
1768 1579 1918 1649 prius
1941 1594 2041 1634 nos
2070 1593 2198 1633 con-

620 1671 825 1728 formes
853 1686 973 1727 esse
999 1671 1218 1736 debere,
1250 1671 1441 1728 deinde
1469 1670 1756 1733 concessit,
1783 1667 1926 1738 quod
1954 1669 2067 1737 ipse
2094 1670 2194 1724 ha-

2316 520 2374 561 se
2407 516 2753 578 accepturum
2796 511 2940 580 quod
2983 526 3077 581 spe
3118 516 3399 582 przesumit
3431 518 3480 573 in
3525 536 3585 577 eo
3608 527 3686 593 qui
3721 532 3820 587 nulli

2314 604 2474 667 negat
2495 598 2638 667 quod
2663 599 2979 667 requiritur,
3010 601 3349 659 confidenter
3378 609 3610 677 gaudeat.
3643 612 3817 674 Publica

2312 694 2396 740 est
2420 686 2563 742 enim
2599 688 2851 743 omnibus
2885 691 2939 743 in
2980 689 3198 747 Christo
3241 696 3452 758 renatis,
3494 706 3545 752 et
3569 708 3816 762 communis

2312 776 2428 832 hanc
2454 778 2647 841 oratio,
2692 779 2909 847 quando
2947 795 3052 835 non
3082 797 3178 851 pro
3204 799 3332 849 uno,
3367 786 3458 841 sed
3489 803 3582 857 pro
3615 795 3819 850 omnibus

2310 866 2624 934 effunditur,
2651 868 2775 938 quia
2799 883 2990 925 omnes
3011 870 3065 925 in
3081 870 3296 927 Christo
3317 889 3475 929 unum
3499 891 3683 934 sumus.
3696 881 3816 938 Deus

2309 956 2473 1027 igitur
2517 959 2669 1028 pacis
2702 967 2757 1013 et
2790 961 3114 1025 concordiae,
3151 963 3405 1030 magister
3444 968 3685 1034 veritatis,
3727 976 3820 1027 uni-

2308 1056 2474 1103 tatem
2502 1057 2812 1105 renatorum
2847 1049 3098 1105 instituit.
3129 1050 3252 1108 ideo
3287 1053 3366 1108 sic
3392 1070 3550 1110 unum
3574 1074 3665 1128 pro
3682 1065 3821 1116 omni-

2306 1137 2409 1193 bus
2441 1154 2602 1193 orare
2627 1140 2818 1204 voluit,
2845 1142 3116 1210 quomodo
3142 1142 3258 1213 ipse
3282 1145 3335 1199 in
3368 1161 3476 1202 uno
3503 1137 3648 1204 simul
3670 1168 3820 1209 omnes

2305 1229 2559 1298 portavit.
2616 1229 2746 1283 Nam
2778 1230 2953 1298 majus
2979 1240 3063 1287 est
3110 1247 3274 1287 unum
3321 1234 3375 1288 in
3420 1238 3654 1294 onmibus
3673 1256 3816 1308 orare,

2303 1333 2465 1388 quam
2511 1318 2564 1373 in
2605 1320 2782 1390 seipse
2808 1320 3059 1389 aliquem,
3102 1330 3321 1392 propter
3349 1326 3492 1395 quod
3518 1343 3618 1383 non
3647 1332 3818 1387 modica

2302 1408 2473 1463 virtus
2511 1408 2772 1463 orationis
2799 1409 2969 1480 318
2983 1412 3337 1476 existimanda
3392 1424 3475 1471 est
3497 1434 3527 1481 ,'
3558 1418 3610 1472 in
3655 1434 3712 1475 eo
3749 1422 3818 1476 ubi

2299 1507 2616 1566 omnes'pro
2655 1513 2763 1552 uno
2800 1500 2959 1554 simul
2987 1509 3164 1565 orant,
3191 1502 3318 1571 quia
3348 1519 3487 1560 unus
3526 1504 3578 1560 in
3612 1509 3819 1566 omnibus

2298 1586 2595 1643 dedicatur.
2627 1586 2695 1640 Et
2724 1603 2845 1642 cum
2870 1589 3067 1644 dicitur
3103 1589 3171 1644 ab
3192 1590 3479 1647 omnibus:

2371 1674 2535 1730 Pater
2560 1685 2756 1741 noster,
2778 1676 2869 1744 qui
2890 1694 2944 1731 cs
2972 1678 3026 1732 in
3053 1677 3214 1732 catis.
3255 1678 3313 1734 Si
3339 1679 3578 1750 profecto
3604 1683 3757 1741 unitus
3774 1700 3819 1743 es

615 1763 777 1817 bebat
809 1777 873 1817 ex
918 1769 1111 1816 natura
1139 1760 1379 1837 deitatis,
1419 1761 1575 1815 nobis
1605 1774 1699 1829 per
1728 1757 2031 1827 adoptionis
2068 1773 2193 1829 gra-
2228 1745 2272 1805 Β
2302 1765 2356 1821 in
2384 1766 2586 1822 Christi
2628 1781 2878 1837 corpore,
2904 1782 3093 1839 omnes
3129 1745 3539 1838 pariter-secum
3584 1780 3630 1827 te
3657 1773 3701 1826 ξη
3725 1790 3819 1843 pro.

616 1852 746 1907 tiam
779 1852 1073 1924 possidere.
1098 1851 1237 1919 Quid
1274 1852 1439 1922 igitur
1465 1851 1818 1913 ordinabilius
1855 1849 1959 1906 dici
1987 1856 2189 1919 potest,

613 1946 810 2013 quidve
830 1943 1150 2013 potentius?
1187 1943 1317 2013 quid
1347 1944 1654 2013 benignius,
1682 1942 1766 1997 vel
1799 1940 1927 2012 quid
1953 1941 2187 2011 largius,

613 2049 775 2102 quam
802 2034 944 2102 quod
973 2033 1226 2104 praestitit
1250 2033 1427 2097 nobis,
1467 2041 1522 2086 et
1563 2033 1749 2089 docuit
1777 2048 1877 2088 nos
1902 2031 2189 2103 comparti.

616 2125 764 2193 cipes
788 2139 910 2179 esse
939 2124 1177 2179 nominis
1198 2124 1339 2194 ejus,
1376 2132 1431 2179 et
1453 2124 1732 2194 dignitatis
1760 2122 1889 2179 fecit
1912 2137 2031 2177 esse
2062 2138 2190 2177 con-

613 2214 831 2269 sortes?
868 2212 1005 2269 Hinc
1037 2223 1117 2269 est
1157 2228 1286 2283 ergo
1320 2214 1463 2284 quod
1510 2214 1651 2268 inter
1695 2222 1891 2269 cmtcra
1933 2212 2187 2269 salutaria

610 2319 704 2361 sua
735 2304 938 2359 monita
966 2312 1021 2359 et
1047 2313 1315 2375 praecepta
1345 2303 1524 2358 divina
1547 2344 1561 2364 .
1608 2304 1803 2374 quibus
1843 2302 2189 2359 credentibus

611 2395 885 2450 consuluit
928 2396 996 2451 ad
1033 2396 1286 2475 salutem,
1324 2397 1602 2466 proposuit
1643 2396 1807 2450 etiam
1851 2394 2040 2451 orandi
2081 2393 2189 2448 for-

608 2502 772 2549 mam,
805 2486 1037 2542 instituit
1058 2487 1398 2557 qualitatem,
1430 2485 1653 2542 tradidit
1686 2485 2044 2556 disciplinam,
2075 2500 2187 2538 mo-

607 2580 720 2634 nuit
771 2580 901 2651 quid
945 2581 1266 2655 petendum,
1310 2579 1457 2634 dedit
1499 2592 1693 2633 ausum
1726 2577 2061 2646 adoptionis,
2103 2584 2185 2639 ut,

603 2669 766 2743 317
791 2671 917 2726 dum
956 2671 1183 2725 interius
1228 2670 1279 2723 in
1318 2668 1475 2723 nobis
1508 2667 1648 2737 apud
1679 2665 1894 2721 Patrem
1920 2664 2186 2735 petimus,

605 2761 817 2816 facilius
836 2761 1136 2815 audiamur.
1154 2759 1400 2829 Implevit
1424 2760 1654 2827 denique
1674 2758 1815 2827 quod
1838 2756 2184 2825 promiserat,

607 2849 735 2921 quia
764 2849 875 2903 veri
905 2848 1219 2903 adoratores
1246 2847 1548 2901 adorabunt
1584 2845 1801 2900 Patrem
1832 2845 1886 2898 in
1912 2844 2101 2912 spiritu
2131 2852 2186 2896 et

603 2937 850 2993 veritate.
878 2937 1006 2993 Veri
1053 2937 1256 3006 itaque.
1300 2938 1461 3005 quia,
1503 2937 1656 3006 juxta
1703 2932 2183 2989 sanctificationcm

604 3027 822 3099 spiritus
861 3034 917 3081 et
956 3026 1300 3087 traditionem
1344 3025 1609 3088 veritatis,
1647 3024 1863 3078 Patrem
1892 3022 2183 3077 adoramus

600 3122 718 3177 sine
748 3118 856 3177 ullo
885 3119 1086 3177 erroris
1115 3117 1412 3174 obstaculo.
1446 3115 1553 3169 Nos
1583 3115 1727 3169 enim
1756 3113 2025 3168 nescimus
2049 3128 2181 3182 quo-
2209 3090 2253 3150 Ο

603 3212 764 3269 modo
799 3218 1044 3280 oporteat
1094 3224 1282 3271 orare,
1331 3207 1425 3263 sed
1464 3205 1698 3276 Spiritus
1725 3211 1949 3259 sanctus
1974 3211 2058 3258 est
2085 3203 2176 3271 qui

596 3304 759 3357 docet
793 3316 892 3356 nos
921 3300 988 3355 de
1012 3300 1292 3363 omnibus,
1319 3308 1376 3353 et
1410 3297 1645 3368 postulat
1687 3310 1784 3367 pro
1814 3293 1989 3360 nobis,
2018 3303 2178 3363 atque

599 3395 903 3466 transponit
943 3394 996 3449 in
1021 3408 1234 3452 omnen
1267 3394 1568 3452 veritatem,
1607 3391 1811 3447 Idcirco
1840 3390 1982 3445 nulla
2009 3391 2178 3460 magis

599 3487 857 3558 spiritalis
886 3486 1060 3541 oratio
1086 3500 1259 3555 neque
1290 3484 1575 3555 profusior,
1608 3497 1916 3553 quanquam
1944 3497 1973 3537 a
2016 3481 2174 3545 Filio,

586 3559 687 3650 ἰιιιί
713 3586 799 3634 est
829 3578 1061 3643 Veritas,
1089 3593 1155 3632 ex
1176 3576 1292 3644 ejus
1319 3592 1415 3631 ore
1444 3575 1800 3646 percepimus.
1822 3575 2008 3630 Amica
2031 3578 2175 3628 cn'm

595 3681 649 3726 et
697 3670 979 3729 familiaris
1005 3671 1180 3727 oratio
1218 3677 1319 3735 cst,
1363 3669 1529 3725 Deum
1564 3669 1632 3728 de
1666 3683 1785 3733 suo,
1828 3668 1944 3737 ipso
1981 3667 2173 3738 pracci-

595 3762 799 3830 piente,
828 3774 1037 3829 rogare.
1080 3769 1136 3814 et
1170 3760 1235 3813 ad
1272 3772 1434 3819 aures
1473 3765 1728 3828 paternas
1753 3756 1954 3813 Christi
1987 3771 2175 3810 ascen-

591 3851 722 3905 dere
750 3851 1024 3904 mandata.
1056 3850 1194 3915 Quid
1240 3851 1403 3919 igitur
1429 3859 1616 3919 putas,
1654 3857 1978 3919 agnoscetne
2015 3847 2177 3911 Pater

594 3938 714 3991 Filii
739 3938 822 3992 sui
855 3938 1051 3993 verba?
1071 3939 1210 4008 Ergo
1229 3953 1352 3992 cum
1372 3952 1590 4007 precem
1616 3938 1862 4009 facimus,
1890 3938 2009 3991 ideo
2034 3938 2171 3991 intra

593 4028 900 4084 cubiculum
928 4028 1134 4084 intrare
1156 4030 1440 4097 jnlzemur,
1469 4037 1528 4083 ut
1562 4028 1650 4096 qui
1684 4027 1891 4089 habitat
1926 4027 2173 4091 Christus

594 4122 744 4177 intus
773 4120 827 4175 in
864 4129 1103 4191 pectore,
1144 4119 1259 4189 ipse
1286 4119 1356 4173 sit
1383 4126 1438 4191 et
1480 4119 1533 4172 in
1579 4132 1726 4172 voce.
1762 4105 2010 4185 Alioquin
2057 4116 2175 4185 sine

596 4212 708 4267 Deo
745 4212 887 4283 apud
911 4212 1080 4267 Deum
1106 4225 1296 4280 preces
1332 4207 1584 4273 fundere,
1627 4222 1690 4279 ac
1720 4222 1833 4272 rem
1864 4206 2043 4262 verbis
2070 4206 2173 4260 im-

594 4304 742 4373 plere
788 4316 1077 4373 possumus
1118 4301 1400 4371 profecto;
1451 4298 1697 4354 effectum
1747 4298 1926 4367 operis
1974 4311 2173 4373 nequa-7

594 4408 756 4475 quam
779 4391 1161 4467 obtinebimus.

600 4522 606 4527 ο
663 4483 752 4539 Sic
794 4500 934 4554 ergo,
984 4483 1176 4552 inquit,
1222 4502 1307 4537 vos

593 4576 681 4631 Sic
704 4591 825 4645 ergo
860 4590 949 4629 vos
981 4574 1237 4645 orabitis?
1278 4575 1399 4637 nisi,
1436 4588 1541 4628 non
1584 4582 1638 4625 ut
1666 4572 1971 4647 ltypocritte,
2011 4578 2070 4623 ut
2092 4570 2173 4623 vi-

593 4665 851 4731 deamini,
896 4680 1005 4721 non
1042 4676 1096 4722 ut
1133 4667 1345 4730 ethnici,
1379 4666 1429 4719 in
1463 4663 1817 4733 multiloquio,
1859 4663 1951 4718 sed
1983 4671 2041 4742 ut
2077 4663 2170 4717 do-

592 4771 712 4819 ceo,
747 4764 802 4811 et
822 4755 967 4826 quod
1002 4756 1190 4819 doceo,
1217 4762 1273 4809 et
1299 4752 1567 4823 quomodo
1599 4753 1786 4816 doceo,
1814 4766 1911 4807 vos
1942 4753 2034 4820 qui
2064 4752 2168 4806 mei

593 4846 745 4911 estis,
771 4844 1018 4901 orabitis.
1064 4845 1203 4915 Ergo
1251 4844 1338 4905 ubi
1386 4860 1491 4905 non
1523 4842 1695 4897 solum
1745 4840 2050 4918 pensandus
2085 4848 2170 4895 est

592 4934 816 4993 etl'ectns
840 4934 1133 4998 orationis,
1182 4948 1367 4999 verum
1401 4933 1566 4996 etiam
1597 4930 1915 5001 cogitandus
1952 4929 2168 5006 habitus

591 5028 855 5096 corporis,
887 5034 942 5085 et
984 5026 1175 5087 modus
1208 5025 1375 5091 vocis,
1407 5022 1667 5092 quietudo
1689 5036 1905 5091 quoque
1930 5019 2169 5089 discipli~

592 5135 675 5195 nu:
709 5119 935 5183 Christi,
975 5129 1029 5173 et
1059 5119 1229 5187 pudor
1270 5116 1605 5182 humilitatis,
1645 5115 1872 5186 Propter
1899 5114 2041 5184 quod
2088 5114 2167 5166 in-

590 5210 699 5266 fert
724 5228 739 5265 :
769 5209 858 5267 Sic
886 5226 1007 5279 ergo
1052 5225 1138 5267 vos
1165 5206 1411 5269 ambitis;
1455 5220 1519 5259 ac
1550 5204 1597 5269 si
1618 5203 1842 5273 diceret,
1880 5211 1939 5256 ut
1990 5203 2164 5265 trado,

591 5302 920 5363 utinstruo,
956 5306 1013 5353 ut
1063 5296 1337 5366 praecipio,
1379 5304 1438 5349 ut
1485 5293 1794 5364 prmscribo.
1838 5292 1980 5361 Deus
2018 5290 2162 5346 enim

592 5407 701 5444 non
730 5388 896 5449 vocis.
927 5388 1021 5442 sed
1057 5385 1238 5441 cordis
1266 5382 1482 5438 auditor
1500 5389 1603 5446 est,
1630 5381 1698 5449 de
1723 5396 1829 5461 quo
1854 5380 2123 5453 Propheta
2147 5394 2160 5443 ;

590 5476 1062 5546 Prtcparationcm,
1110 5474 1302 5543 inquit,
1345 5472 1516 5525 cordis
1553 5486 1731 5524 eorum
1773 5469 1974 5523 audiuit
2016 5470 2162 5522 auris

590 5552 679 5618 m2.
714 5564 884 5635 (Paul.
914 5581 989 5629 ix,
1015 5564 1128 5638 20),
1154 5563 1359 5618 Idcirco
1388 5560 1630 5630 quisquis
1658 5567 1796 5621 orat,
1835 5558 1980 5623 illum
2002 5574 2160 5638 quem

590 5654 861 5723 t7;~at,jam
895 5670 988 5732 per
1021 5656 1176 5723 {idem
1212 5656 1262 5708 in
1290 5654 1452 5707 corde
1490 5660 1683 5707 teneat.
1719 5668 1814 5720 per
1840 5634 2159 5716 charitatcm

1346 4483 1561 4537 orabitis
1584 4498 1601 4536 :
1626 4480 1850 4549 Εῑιιιιίιι
1877 4487 1962 4550 est
1989 4477 2171 4533 dicere
2197 4435 2249 4496 Β

2299 1858 2452 1912 cibus
2496 1866 2798 1921 assumunt,
2828 1867 2991 1927 atque
3017 1867 3073 1911 ut
3104 1860 3197 1912 fiat
3237 1859 3482 1915 voluntas
3513 1861 3563 1915 in
3603 1870 3667 1925 te,
3693 1863 3817 1917 simul

2297 1945 2604 2016 implorant.
2653 1946 2858 2001 Idcirco
2904 1963 3009 2002 non
3051 1948 3262 2003 modica
3313 1949 3589 2019 cogitanda
3632 1959 3704 2004 est
3733 1950 3819 2004 lure

2295 2038 2494 2102 unitas,
2527 2053 2632 2092 non
2658 2038 3089 2108 parvipendenda
3122 2047 3231 2093 tam
3262 2039 3417 2094 firma
3460 2040 3513 2094 in
3536 2040 3727 2096 Christo
3751 2056 3817 2096 so«

2291 2128 2480 2191 cietas,
2509 2129 2600 2184 ubi
2628 2130 2867 2183 omnium
2889 2145 2992 2185 vox
3018 2140 3100 2185 est
3125 2145 3259 2196 una,
3292 2139 3348 2185 et
3373 2129 3529 2186 simul
3550 2146 3718 2186 omnes
3736 2147 3816 2184 una

2293 2219 2396 2277 fide
2423 2218 2591 2276 Deum
2617 2220 2670 2274 in
2708 2230 2888 2276 mente
2913 2230 3151 2292 portant,
3197 2237 3308 2277 una
3335 2222 3589 2277 charitate
3612 2221 3816 2292 diligunt,

2292 2326 2397 2365 una
2413 2309 2527 2379 jam
2571 2327 2668 2382 spe
2703 2310 2997 2378 fruuntur;
3039 2312 3199 2367 simul
3237 2326 3456 2383 quoque
3488 2326 3663 2366 omnes
3685 2326 3814 2365 unum

2290 2412 2497 2470 petunt,
2535 2417 2698 2456 unum
2752 2411 3033 2471 qumrunt,
3079 2416 3242 2456 unam
3290 2400 3504 2472 pulsant
3542 2400 3605 2455 ad
3635 2401 3814 2470 januam

2291 2491 2525 2561 pictatis.
2557 2491 2698 2546 Nihil
2726 2493 2889 2562 igitur
2920 2492 3166 2556 validius,
3192 2491 3333 2547 nihil
3359 2490 3679 2562 locupletius,
3706 2485 3812 2541 nihil

2288 2580 2505 2645 melius,
2528 2597 2688 2650 quam
2706 2591 2764 2635 ut
2790 2598 2978 2637 omnes
3008 2598 3172 2636 unum
3193 2583 3327 2646 sint,
3353 2591 3408 2637 et
3429 2595 3607 2637 omnes
3631 2595 3715 2650 pro
3732 2592 3814 2631 uno

2293 2655 2588 2739 invigilent,
2622 2671 2778 2725 sicuti
2818 2687 2957 2725 unus
2982 2685 3079 2741 pro
3102 2671 3361 2726 omnibus
3394 2672 3531 2726 inter
3557 2682 3740 2731 omnes,
3770 2674 3813 2718 ut

2289 2761 2528 2821 universi
2560 2759 2718 2815 simul
2740 2761 2793 2815 in
2815 2760 3032 2816 Christo
3055 2776 3219 2817 unum
3246 2760 3601 2816 inveniantur.
3623 2758 3721 2826 Qua
3747 2769 3813 2809 re-

2288 2866 2414 2904 vera
2446 2851 2567 2911 ﬁde,
2596 2866 2701 2919 qua
2743 2866 2857 2921 spe,
2891 2867 2996 2921 qua
3041 2852 3282 2923 denique
3308 2853 3567 2908 charitate
3592 2849 3748 2905 docuit
3768 2856 3812 2899 ut

2289 2956 2447 2995 nemo
2471 2941 2703 3006 ﬁdelium
2731 2943 2799 2996 ab
2837 2943 2940 2997 hac
2969 2942 3176 2996 unitate
3204 2958 3273 2997 se
3302 2942 3521 3000 dividat.
3550 2940 3662 2996 ldeo
3685 2950 3811 2992 nemo

2289 3029 2427 3098 apud
2456 3029 2670 3084 Patrem
2701 3030 2993 3101 impetrare
3018 3031 3157 3099 quod
3187 3030 3364 3087 Filius
3393 3031 3567 3087 docuit
3585 3029 3811 3084 unicusse

2287 3120 2517 3184 diliidat;
2555 3134 2730 3182 nemo,
2759 3134 2878 3195 qum
2908 3120 3109 3186 docuit,
3140 3135 3311 3190 opera
3345 3121 3568 3176 filiorum
3593 3116 3812 3191 ignaviter

2286 3210 2678 3280 pra-terminat.
2722 3208 2846 3264 ilwc
2873 3218 2977 3272 est,
3005 3211 3246 3280 inquam,
3290 3211 3377 3266 illa
3401 3219 3646 3282 potestas,
3680 3220 3811 3277 quam

2285 3297 2432 3377 dedit
2456 3295 2762 3351 hominibus
2803 3296 2939 3352 filios
2966 3298 3059 3353 Dei
3102 3298 3239 3361 ﬁeri.
3284 3299 3487 3363 Idcirco
3512 3308 3565 3355 et
3598 3293 3811 3369 praemisit

2282 3403 2447 3459 ορθτδ
2477 3390 2779 3458 manus.
2809 3399 2867 3446 ιιι
2895 3406 2962 3446 ει
2987 3392 3159 3460 ipsius
3189 3403 3413 3453 maneat
3455 3393 3653 3462 adoptio
3681 3388 3811 3443 liber-

2283 3478 2413 3533 tatis
2444 3489 2658 3533 nostras.
2688 3479 2915 3550 Propter
2943 3481 3085 3549 quod
3109 3481 3202 3535 dat
3253 3497 3447 3538 ausam
3484 3480 3656 3537 orandi
3680 3489 3809 3546 quam

2281 3569 2431 3625 dedit
2463 3568 2740 3636 ctdocuit,
2785 3571 2829 3625 si
2876 3573 3022 3640 quod
3056 3572 3235 3626 minus
3275 3581 3363 3635 est
3389 3572 3441 3627 in
3482 3571 3625 3631 nobis
3665 3578 3812 3635 ntpcr

2280 3662 2509 3732 gratiam
2566 3660 2870 3731 impleatur.
2918 3660 3056 3717 Hinc
3099 3662 3319 3730 quoties
3365 3671 3601 3719 nostrum
3633 3656 3808 3726 aliquis,

2279 3755 2526 3825 quamvis
2571 3765 2813 3811 semotus
2854 3770 2885 3809 a
2920 3755 3150 3819 caeteris,
3185 3763 3240 3809 et
3293 3755 3663 3812 secretioribus
3691 3748 3813 3808 babi-

2280 3856 2403 3902 tans
2452 3846 2685 3902 latenter
2734 3846 2903 3913 locis,
2945 3846 3114 3902 Deum
3167 3845 3387 3902 Patrem
3438 3839 3808 3914 nuncupaverit,

2281 3935 2700 4000 animadvertat,
2738 3951 2845 3991 non
2881 3935 3172 4005 separatim
3205 3935 3455 4007 singulis,
3483 3933 3571 3990 sed
3610 3941 3811 3986 commu-

2281 4026 2427 4081 niter
2446 4025 2718 4081 universis
2743 4026 2941 4081 donum
2975 4027 3114 4081 tanti
3144 4027 3394 4082 muneris
3423 4025 3733 4080 attributum.
3761 4014 3814 4067 Et

2279 4116 2403 4188 ideo
2429 4130 2585 4171 nemo
2622 4118 2723 4172 sibi
2764 4118 3053 4188 applaudat
3079 4119 3283 4184 dicere,
3315 4120 3476 4173 Pater
3507 4130 3648 4172 meus
3671 4109 3747 4182 qui
3766 4121 3814 4159 es

2279 4208 2332 4280 in
2376 4206 2546 4279 caelis,
2599 4208 2694 4262 sed
2747 4206 2909 4262 Pater
2960 4217 3152 4271 noster,
3195 4209 3454 4277 quoniam
3503 4207 3597 4264 soli
3633 4199 3813 4258 Christo

2279 4296 2554 4373 competit,
2587 4296 2741 4366 cujus
2776 4296 2992 4365 proprie
3036 4305 3189 4365 pater
3224 4305 3313 4350 est
3345 4297 3503 4352 Deus.
3541 4290 3682 4348 Unde
3710 4282 3811 4339 alibi

2277 4376 2555 4453 signantcr
2582 4386 2678 4451 ait,
2735 4384 2881 4451 Vada
2919 4385 2989 4438 ad
3018 4382 3233 4439 Patrem
3260 4403 3457 4451 meum,
3483 4381 3665 4440 deinde
3697 4378 3813 4433 intu-

2275 4476 2358 4542 lit,
2381 4487 2427 4530 et
2460 4474 2670 4547 Patrem
2704 4483 2927 4528 vestrum
2954 4472 3137 4544 (Joatt.
3169 4489 3261 4539 xx,
3292 4475 3402 4545 I7).
3429 4474 3545 4541 Quo
3566 4471 3714 4531 dicto,
3739 4476 3810 4517 sa-

2269 4566 2345 4619 tis
2391 4564 2622 4618 discrete
2659 4563 2915 4631 insinuat,
2956 4564 3059 4617 sibi
3109 4564 3401 4633 specialem
3444 4561 3659 4635 gloriam
3694 4550 3812 4625 quod

2272 4654 2441 4709 Filius
2466 4660 2550 4707 est
2576 4667 2873 4723 congruere
2892 4668 2988 4729 per
3014 4662 3285 4721 naturam,
3312 4652 3611 4725 generalem
3631 4654 3813 4718 quoque

2273 4743 2504 4815 gratiam
2551 4742 2853 4815 adoptionis
2883 4743 3091 4814 cunctis
3131 4744 3495 4803 communiter
3536 4744 3813 4795 concessam

2270 4849 2392 4890 esse
2420 4848 2518 4903 per
2554 4832 2804 4901 gratiam.
2838 4831 2915 4886 Ac
2951 4832 2996 4886 si
3026 4832 3220 4901 aliquis
3250 4831 3630 4911 paterfamilias
3653 4834 3814 4911 quent-

2270 4924 2415 4994 piam
2440 4923 2637 4997 habeat
2664 4939 2693 4976 a
2728 4931 2920 4976 natura
2945 4920 3130 4978 lilium.
3165 4933 3218 4975 et
3251 4907 3431 4977 tamen
3468 4920 3643 4996 plures
3666 4907 3815 4984 posSi-

2272 5016 2397 5072 deat
2425 5015 2674 5088 famulos,
2701 5016 2939 5087 nunquid
2963 5018 3033 5072 ob
3060 5017 3160 5072 hoc
3198 5018 3322 5087 quia
3354 5012 3724 5090 paterfamilias
3745 5005 3812 5058 tli—

2272 5107 2434 5171 citur,
2467 5107 2610 5171 servi
2651 5107 2717 5160 ab
2744 5120 2807 5160 eo
2836 5092 2992 5176 aequa
3040 5107 3353 5175 conditione
3386 5108 3649 5173 habentur
3682 5105 3736 5152 ιιι
3767 5093 3813 5144 θ’

2270 5198 2395 5264 lius,
2430 5198 2729 5269 przcsertim
2767 5213 2889 5252 eum
2938 5199 3076 5253 idem
3111 5198 3277 5268 Filius
3307 5197 3562 5253 Dominus
3590 5188 3814 5267 probetur

2271 5303 2392 5343 esse
2416 5287 2766 5357 cunctorum?
2790 5286 2945 5361 Patet
2983 5288 3146 5358 igitur
3190 5287 3240 5359 in
3281 5287 3453 5355 altero
3485 5279 3812 5339 consubstan-

2274 5377 2472 5433 tialitas
2500 5387 2723 5441 natura',
2751 5377 2803 5445 in
2834 5377 3005 5445 altero
3031 5392 3163 5429 vero
3186 5376 3400 5446 bonitas
3420 5364 3748 5427 dominantis.
3770 5366 3813 5410 υί

2275 5469 2326 5543 in
2356 5475 2585 5537 utroque
2613 5483 2899 5521 commune
2919 5464 3257 5535 paternitatis
3285 5463 3452 5534 319
3473 5473 3659 5516 nomen
3684 5447 3816 5543 sodi'

2271 5538 2378 5627 tur.
2416 5550 2569 5625 Unde
2598 5557 2873 5621 docemur,
2908 5573 3097 5611 omnes
3123 5572 3259 5626 quos
3296 5554 3439 5608 unda
3486 5552 3626 5617 lavat
3666 5538 3816 5611 δερα-

2274 5647 2395 5714 smi,
2428 5664 2523 5701 nos
2552 5649 2602 5714 in
2641 5646 2755 5717 ipso
2790 5648 2983 5699 fratres
3025 5661 3141 5698 esse
3178 5644 3397 5707 dobere,
3427 5651 3479 5695 et
3526 5640 3577 5692 In
3614 5633 3817 5696 invict’ﬂl
