4016 6360
131 345 228 399 281

913 338 1275 394 EXPOSITIO
1314 339 1379 393 IN
1417 339 1853 395 MATTlleUM.
1897 369 1964 379 -
2006 340 2132 393 LIB.
2172 341 2258 402 IV,
2302 339 2456 396 CAP.
2503 341 2590 394 \‘l.

3280 348 3388 404 282

133 453 493 510 fraternitatis
523 437 734 506 vinculo
771 452 983 505 sociari.
1025 451 1100 504 Ac
1136 465 1230 520 per
1253 451 1354 504 hoc
1395 450 1447 504 in
1481 459 1706 518 utroque
1734 455 1784 513 Α
1810 459 1886 504 est
1923 467 2041 503 cum
2071 449 2176 504 Deo
2209 452 2263 505 in
2307 451 2446 505 caelis
2475 451 2612 522 (Col.
2659 424 2736 514 ιιι,
2779 459 2836 522 ι).
2865 455 2976 524 Age
3014 455 3150 524 jam,
3179 473 3386 527 quaso,

135 545 296 600 simul
335 558 617 598 monemur
651 541 794 594 Patri
840 539 1135 607 rependere
1181 538 1430 594 affectum
1473 539 1713 608 adoptio-

134 638 245 700 nis,
281 645 336 689 et
365 634 624 687 fratribus
652 646 756 684 non
802 630 1007 694 odium,
1036 630 1128 683 sed
1156 630 1524 699 germanitatis
1552 630 1712 683 obse-

134 726 264 796 quio
301 723 599 779 deservire.
643 720 700 775 Si
729 721 871 774 enim
921 719 1159 773 carnalis
1205 719 1457 773 nativitas
1496 733 1561 772 ex
1607 733 1714 772 uno

135 815 448 870 mortalium
483 828 581 866 nos
613 811 749 864 tanti
786 809 987 863 amoris
1030 808 1161 878 ligat
1185 807 1420 872 vinculo,
1459 803 1714 876 multipli4

135 913 251 968 cius
290 907 575 980 cogitanda
615 915 698 961 est
732 904 1044 958 fraternitas
1091 918 1158 957 ex
1208 903 1318 956 Deo
1350 902 1510 957 Patre
1552 917 1714 956 vene-

134 1003 328 1066 randa,
356 1015 522 1070 quam
555 1014 712 1053 nemo
741 998 844 1051 nisi
888 995 1146 1066 spiritalis
1176 1003 1353 1066 potest
1379 994 1712 1066 dignoscere.

132 1097 421 1166 Alioquin,
469 1094 517 1148 si
566 1109 673 1148 non
707 1091 1022 1161 spiritaliter
1069 1098 1399 1154 renascatur,
1448 1091 1715 1161 quomodo

132 1187 277 1240 valet
314 1183 724 1254 apprehendere
764 1191 856 1234 aut
901 1180 1101 1235 sentire
1148 1179 1396 1235 affectum
1421 1181 1715 1235 secundum

133 1277 455 1332 interiorem
480 1273 754 1327 hominem
787 1269 943 1340 hujus
972 1270 1207 1325 amoris?
1227 1269 1469 1340 Namque
1499 1270 1543 1325 si
1587 1285 1715 1324 vera

132 1366 237 1421 ﬁde
263 1375 320 1420 et
347 1380 444 1435 spe
472 1362 780 1418 certissima
811 1363 926 1416 lucc
959 1361 1258 1430 paternitas
1288 1369 1642 1415 veneraretur
1662 1369 1718 1414 et

131 1465 431 1519 amaretur,
468 1468 566 1522 per
611 1451 871 1520 Spiritum
913 1457 1157 1504 sauctmn
1200 1450 1464 1504 cltaritate
1503 1448 1713 1515 diﬁ‘usa,

133 1561 414 1616 nunquam
440 1544 752 1599 fraternitas
773 1541 953 1596 carnis
974 1541 1204 1610 amplius
1230 1542 1431 1595 valeret
1459 1540 1598 1611 apud
1621 1540 1718 1594 ali—

132 1653 295 1707 quos,
340 1637 432 1690 sed
479 1633 798 1711 praeferrent
846 1631 1178 1686 nobilitatem
1231 1646 1298 1684 ex
1329 1631 1456 1694 Deo,
1505 1638 1560 1684 et
1596 1645 1716 1700 gra-

134 1729 264 1782 tiam
298 1725 602 1794 adoptionis
647 1721 1008 1791 corruptioni;
1056 1721 1354 1790 darentque
1382 1734 1601 1789 operam
1645 1734 1714 1774 ne

1817 541 2114 595 cmlestium
2147 550 2437 603 scmtator,
2468 551 2522 596 et
2553 544 2803 612 perquire
2828 545 3047 613 quinam
3085 547 3209 600 θα)ιί
3264 560 3392 603 sunt

1815 628 1869 683 in
1901 630 2093 699 quibus
2119 639 2173 684 ct
2199 631 2362 685 Deum
2391 631 2607 686 Patrem
2647 642 2701 686 et
2727 635 2890 686 vitam
2924 641 3066 687 tuam
3101 637 3387 692 abscondi-

1819 723 1926 774 tam
1951 723 2308 790 recognoScis.
2335 721 2586 792 Nunquid
2620 723 2880 777 altissima
2917 724 3098 778 mundi
3141 741 3387 796 corpora,

1815 826 1935 880 quae
1969 829 2074 866 non
2116 821 2339 882 possunt
2366 829 2487 868 esse
2515 815 2614 868 nisi
2649 815 2701 868 in
2743 815 2896 870 loco?
2920 814 3070 882 Quod
3101 817 3144 871 si
3183 818 3257 872 ita
3286 829 3388 882 est,

1815 905 1943 956 aves
1959 901 2079 956 caeli
2111 901 2330 971 majoris
2361 905 2539 958 meriti
2565 915 2744 968 erunt,
2789 921 3016 975 quarum
3053 911 3392 964 conversatio

1814 989 1926 1045 Deo
1956 991 2180 1046 vicinior
2205 1003 2318 1057 est;
2354 994 2497 1063 quod
2535 996 2754 1049 omnino
2779 1005 2924 1050 stare
2961 1012 3066 1052 non
3097 1005 3292 1067 potest.
3325 999 3392 1054 Et

1815 1084 1936 1138 ideo
1971 1083 2242 1139 fatendum
2279 1086 2446 1140 Deum
2479 1101 2742 1156 nusquam
2788 1088 2841 1140 in
2873 1087 2990 1142 loco
3028 1091 3392 1158 corporalium

1815 1189 1996 1231 rerum
2025 1177 2370 1245 quierendum
2401 1185 2492 1231 aut
2527 1179 2907 1248 cogitandum;
2941 1195 3118 1250 neque
3157 1182 3391 1252 aliquem

1815 1283 1936 1323 esse
1964 1268 2138 1323 locum
2167 1283 2275 1338 quo
2298 1283 2404 1323 non
2437 1270 2527 1334 sit,
2557 1270 2683 1340 quia
2713 1272 2890 1326 omnis
2916 1271 3064 1328 locus
3091 1283 3288 1342 prmsto
3311 1279 3396 1327 est

1814 1360 1885 1415 ei.
1924 1358 2057 1412 Nam
2083 1361 2224 1428 quod
2267 1359 2467 1429 ubique
2498 1360 2598 1422 est;
2635 1361 2707 1414 ita
2739 1361 2843 1415 dici
2873 1362 3084 1416 videtur
3121 1379 3223 1417 non
3253 1361 3396 1432 quod

1815 1449 2058 1504 localiter
2085 1450 2138 1504 in
2167 1445 2421 1504 omni'sit
2458 1449 2576 1504 loco
2599 1450 2840 1517 (omnino
2864 1451 3008 1506 enim
3040 1453 3093 1506 in
3125 1453 3242 1508 loco
3276 1469 3396 1508 esse

1815 1555 1922 1596 non
1946 1539 2163 1611 potest),
2207 1542 2307 1618 sed
2330 1542 2471 1611 quod
2493 1541 2543 1596 ei
2566 1543 2742 1597 omnis
2773 1543 2921 1599 locus
2958 1545 3117 1610 adsit,
3147 1546 3304 1614 eique
3328 1545 3395 1599 ad

1815 1628 2134 1699 capiendum
2153 1637 2354 1698 pateat,
2387 1645 2508 1684 cum
2541 1631 2654 1701 ipse
2694 1647 2798 1685 non
2824 1633 3146 1702 suscipiatur
3169 1634 3222 1688 in
3255 1634 3393 1698 loco,

1817 1727 1978 1786 atque
2009 1719 2129 1772 ideo
2156 1727 2304 1773 recte
2335 1734 2597 1788 nusquam
2624 1721 2677 1773 in
2705 1721 2824 1775 loco
2844 1735 2965 1776 esse
2993 1721 3224 1777 dicatur.
3254 1723 3396 1790 Quo-

133 1818 438 1887 degeneres
465 1814 780 1878 existerent,
813 1819 865 1866 et
895 1818 1044 1864 tanto
1071 1818 1293 1879 parente
1329 1809 1551 1878 indigni,
1583 1825 1711 1880 pro-
1736 1807 1788 1871 B
1815 1811 1959 1864 niam
2001 1809 2234 1879 Spiritus
2260 1811 2401 1866 Deus
2421 1811 2620 1880 ubique
2639 1822 2741 1876 est,
2782 1813 2902 1867 licet
2933 1829 3036 1867 non
3066 1814 3117 1868 in
3145 1815 3278 1878 loco,
3303 1816 3398 1870 sed

131 1916 252 1974 pter
295 1911 622 1957 vetustatem
650 1900 850 1955 carnis.
885 1899 1022 1954 Ecce
1051 1915 1213 1968 quam
1247 1898 1420 1953 ﬁdelis
1466 1909 1520 1952 et
1559 1898 1716 1952 beata

132 1995 295 2048 debet
337 1991 597 2047 aestimari
645 1993 839 2054 oratio,
873 2003 1036 2059 quam
1085 1988 1240 2042 nobis
1283 1988 1472 2042 doctor
1511 1988 1634 2041 vitae
1662 1995 1717 2041 et

132 2086 400 2154 magister
426 2083 663 2138 caelestis
702 2081 914 2144 docuit;
951 2095 1078 2135 ecce
1106 2095 1268 2150 quam
1299 2079 1440 2134 beati
1470 2095 1568 2134 nos
1597 2092 1716 2132 esse

133 2189 448 2244 possumus,
480 2173 524 2228 si
553 2173 667 2226 haec
704 2187 810 2226 non
844 2179 1052 2224 tantum
1092 2168 1266 2224 ofﬁcio
1286 2170 1419 2232 oris,
1451 2170 1544 2222 sed
1571 2167 1715 2221 ﬁdeli

135 2263 569 2318 conversationis
585 2277 864 2316 servamus
888 2269 1010 2314 actu
1043 2276 1056 2324 ;
1085 2275 1212 2314 ecce
1241 2275 1400 2328 quam
1421 2269 1570 2314 certa
1595 2275 1716 2328 spes

133 2353 334 2406 salutis
359 2353 484 2406 data
509 2363 589 2406 est
611 2351 977 2414 credentibus,
1003 2357 1310 2418 quantaque
1339 2350 1484 2404 circa
1516 2365 1614 2403 nos
1637 2349 1716 2402 di-

129 2443 300 2498 lectio
329 2442 604 2496 Creatoris
640 2440 978 2503 diﬂ'tmditur,
1017 2447 1216 2507 quanta
1249 2438 1616 2493 misericordia
1661 2447 1715 2491 et

128 2536 306 2604 pietas
339 2541 699 2604 praerogatur,
730 2540 1039 2602 quantaque
1077 2530 1248 2600 gratia
1276 2538 1330 2583 et
1361 2529 1566 2582 fiducia:
1600 2544 1716 2581 mu-

128 2641 230 2680 nus
252 2625 590 2694 indulgetur,
621 2611 698 2686 ui,
727 2623 817 2692 qui
841 2622 981 2676 servi
1011 2621 1156 2691 digiti
1179 2635 1284 2674 non
1307 2619 1521 2682 fuimus,
1550 2620 1713 2672 Deutn

126 2725 336 2785 patrem
383 2715 569 2768 dicere
608 2714 918 2766 audeamus.
979 2710 1128 2765 Unde
1173 2723 1395 2764 necesse.
1431 2719 1514 2763 est
1559 2707 1713 2777 quasi

125 2805 218 2857 ﬁlii
250 2805 345 2858 Dei
399 2806 649 2857 vivamus
694 2811 750 2856 et
793 2815 1198 2864 conversemur,
1231 2808 1290 2854 ut
1332 2800 1385 2854 id
1431 2813 1551 2853 esse
1574 2798 1716 2868 quod

125 2900 386 2962 dicimur,
421 2898 737 2967 spiritaliter
762 2904 885 2949 actu
913 2903 967 2948 et
997 2894 1238 2949 moribus
1278 2893 1588 2962 probemus,
1627 2906 1712 2945 se-

125 2988 369 3042 cundum
414 2987 559 3056 quod
599 2985 834 3041 Joannes
883 2985 997 3037 ait:
1029 2983 1132 3050 Qui
1182 2991 1336 3036 natus
1383 2992 1553 3036 estea:
1580 2980 1711 3058 Deo,

125 3097 225 3134 non
243 3089 435 3150 peccat
462 3078 513 3148 (1
539 3076 702 3130 Joan.
732 3091 783 3140 ν,
812 3074 924 3145 l8),
965 3077 1087 3144 quia
1127 3074 1382 3128 nativitas
1412 3072 1507 3126 Dei
1537 3080 1714 3126 custo-

1815 1903 1870 1958 in
1899 1901 2228 1972 spiritalibus
2256 1911 2313 1957 et
2342 1903 2395 1956 in
2427 1901 2663 1958 Sanctis.
2696 1902 2833 1958 Hinc
2855 1919 3068 1973 quoque
3093 1904 3258 1958 David
3281 1905 3356 1958 ait
3381 1922 3392 1956 :

1813 1993 1976 2059 Deus,
2001 1994 2090 2064 qui
2119 1995 2175 2047 in
2213 1994 2406 2048 sanctis
2449 1993 2842 2064 habitas(Psal.
2893 2010 3003 2057 xm,
3030 1995 3108 2064 5),
3141 1994 3396 2048 nimirum

1815 2086 1918 2140 hoc
1961 2097 2048 2140 est
2087 2085 2269 2140 dicere
2300 2084 2352 2138 in
2409 2084 2585 2139 caelis.
2617 2085 2960 2154 Quapropter
3001 2084 3244 2152 quisquis
3275 2098 3396 2137 cum

1815 2175 1926 2228 Deo
1951 2173 2003 2227 in
2039 2173 2192 2228 cmlis
2224 2173 2431 2227 versari
2462 2173 2756 2237 desideras,
2789 2173 2842 2226 in
2884 2172 3088 2227 sanctis
3109 2182 3163 2226 et
3188 2171 3396 2242 spirita-

1815 2263 1956 2318 libus
1991 2271 2154 2332 atque
2182 2262 2630 2317 intellectualihus
2657 2278 2686 2316 a
2719 2263 2950 2316 terrenis
2979 2273 3030 2316 te
3070 2271 3394 2332 transpone;

1813 2354 1938 2421 quia
1969 2353 2058 2422 qui
2088 2361 2300 2407 terrena
2329 2353 2568 2422 sapiunt,
2601 2368 2725 2406 cum
2751 2353 2861 2407 Deo
2889 2361 3162 2422 nequeunt
3189 2361 3390 2406 sortem

1815 2444 2144 2498 litereditatis
2179 2444 2514 2514 participari.
2559 2443 2692 2498 Hinc
2741 2459 2960 2513 quoque
2987 2451 3072 2498 est
3099 2443 3242 2512 quod
3287 2441 3398 2510 spi-

1815 2535 2250 2604 ritustsapieutite
2285 2535 2336 2589 in
2357 2536 2514 2591 bouis
2536 2535 2657 2589 ﬁliis
2681 2536 2992 2601 meditatur,
3010 2550 3114 2590 non
3138 2550 3237 2604 pro
3258 2533 3400 2588 utili-

1817 2623 2016 2678 tatibus
2034 2632 2369 2678 terrenarum
2387 2640 2566 2678 rerum
2592 2624 2981 2689 interveniens,
2997 2623 3091 2678 sed
3109 2639 3205 2693 pro
3228 2618 3397 2678 nostri

1814 2713 1990 2767 Patris
2040 2713 2205 2783 gloria
2237 2713 2404 2766 telum
2443 2715 2657 2784 pietatis
2701 2714 2963 2783 impendit
2992 2712 3266 2779 affectum,
3319 2714 3394 2768 ita

1815 2801 1998 2856 dicens
2022 2818 2035 2854 :
2060 2799 2430 2869 Sanctiﬁcetur
2456 2819 2643 2856 nomen
2671 2811 2838 2855 tuum.
2866 2800 3069 2858 Nomen
3099 2803 3280 2872 itaque
3302 2802 3402 2856 Pa-

1817 2892 1912 2946 tris
1949 2892 2182 2945 ﬁliorum
2205 2901 2307 2956 est,
2342 2893 2594 2960 quoniam
2620 2891 2780 2946 Pater
2802 2907 2907 2946 non
2938 2892 3042 2947 nisi
3083 2906 3150 2947 ex
3178 2891 3287 2946 ﬁlio
3311 2906 3400 2960 ap-

1814 2981 2066 3051 pellatur,
2090 2982 2230 3037 sicut
2259 2997 2357 3037 uec
2375 2982 2516 3037 ﬁlius
2543 2983 2645 3036 nisi
2673 2983 2738 3037 de
2761 2982 2926 3037 Patre
2947 2983 3163 3037 dicitur.
3189 2981 3399 3036 ltelatio

1813 3071 2194 3142 321quidem
2209 3073 2275 3128 ad
2291 3071 2480 3128 Filiqu
2499 3073 2749 3138 refertur,
2768 3074 3020 3142 quoniam
3037 3087 3396 3128 nemoeorum

123 3174 201 3226 dit
229 3147 416 3235 illum,
447 3147 503 3224 et
543 3168 786 3223 diabolus
833 3182 940 3220 non
991 3165 1161 3236 tangit
1197 3179 1342 3219 eum.
1384 3161 1484 3228 Qui
1533 3169 1711 3216 autem
1742 3147 1788 3210 C
1819 3163 2110 3217 secundum
2157 3177 2254 3228 se,
2308 3163 2405 3218 sed
2461 3164 2752 3219 secundum
2801 3163 3029 3218 alterum
3077 3162 3395 3233 appellatur.

124 3276 416 3337 peccatum
450 3262 600 3324 facit,
631 3277 736 3315 non
769 3269 939 3314 estex
965 3258 1098 3324 Deo,
1121 3257 1213 3312 sed
1235 3272 1302 3310 ex
1333 3255 1564 3318 diabolo,
1586 3254 1710 3324 quia

123 3354 384 3410 diabolus
401 3353 482 3423 ab
513 3352 668 3406 initio
703 3358 915 3420 peccat.
961 3349 1189 3412 Idcirco,
1222 3357 1501 3402 servantes
1532 3361 1712 3401 sacra-

123 3457 374 3503 mentum
399 3445 697 3512 nativitatis
727 3452 948 3507 nostraa,
974 3443 1042 3496 ab
1067 3441 1213 3495 omni
1243 3440 1362 3495 labe
1385 3439 1588 3520 peccati
1615 3453 1713 3492 nos

123 3539 407 3593 immunes
432 3537 824 3600 custodiamus,
854 3542 913 3588 ut
937 3548 1062 3588 vere
1087 3532 1180 3586 ﬁlii
1211 3531 1306 3584 Dei
1345 3531 1532 3585 simus.
1559 3528 1711 3595 Quod

121 3629 285 3693 longe
321 3627 496 3682 Isaias
523 3642 655 3692 voce
691 3633 873 3680 nostra
897 3623 1242 3688 vaticinatur,
1285 3621 1512 3676 dicens:
1544 3619 1620 3672 Tu
1660 3636 1713 3672 es

121 3721 263 3773 enim
317 3715 490 3770 Pater
528 3726 720 3779 noster,
767 3715 890 3784 quia
931 3712 1196 3766 Abraham
1251 3711 1461 3764 nescivit
1502 3726 1628 3773 nos,
1665 3717 1712 3761 et

122 3807 298 3862 Israel
339 3823 450 3860 non
492 3805 746 3875 cognorit,
777 3803 866 3857 sed
913 3813 992 3866 tu,
1041 3801 1281 3865 Domine,
1325 3798 1488 3853 Pater
1518 3807 1710 3862 noster,

122 3898 190 3950 ab
229 3897 385 3950 initio
434 3911 619 3949 nomen
650 3904 795 3946 tuum
829 3908 985 3962 super
1017 3908 1108 3944 nos
1137 3889 1272 3960 (Isa.
1297 3904 1450 3953 LXIII,
1493 3887 1605 3960 16).
1639 3888 1714 3941 De

120 4002 236 4058 quo
261 3987 523 4040 nimirum
559 3985 774 4040 nomine
802 3983 934 4037 satis
959 3971 1134 4036 edoai
1167 3994 1436 4050 rogamus.

193 4076 580 4145 Sanctiﬁcatur
629 4091 813 4130 nomen
857 4083 1025 4126 tuum.
1061 4071 1166 4127 Sed
1211 4073 1363 4141 prius
1407 4070 1710 4141 quaeritur:

121 4169 266 4223 Deus
296 4177 464 4238 pater
490 4166 616 4236 quia
665 4167 862 4235 ubique
892 4179 1012 4220 esse
1052 4164 1308 4228 creditur,
1350 4178 1472 4218 cum
1515 4163 1562 4217 ei
1599 4171 1715 4216 Ian-

119 4269 255 4325 tutn,
289 4262 384 4331 qui
437 4277 492 4312 es
519 4258 682 4329 320
708 4258 762 4312 in
798 4257 960 4322 ccelis,
1013 4257 1258 4312 dicatur?
1294 4255 1512 4310 Necnon
1564 4255 1712 4320 illud,

118 4351 200 4402 Ad
241 4360 292 4404 te
323 4350 496 4403 feraci
535 4352 712 4402 oculos
754 4365 917 4413 meos,
937 4336 1027 4417 qui
1044 4348 1250 4401 habitas
1283 4347 1337 4400 in
1369 4345 1508 4400 ctelis
1540 4345 1711 4416 (Psal.

115 4457 292 4505 cun,
325 4442 378 4511 Ι)
402 4455 502 4494 seu
523 4450 580 4493 et
599 4442 650 4494 in
671 4439 1086 4509 quamplurimis
1111 4439 1264 4501 locis,
1287 4438 1378 4492 ubi
1395 4438 1537 4492 Deus
1552 4436 1715 4490 Pater

117 4532 172 4584 in
195 4531 524 4601 ctelestibus
547 4544 666 4584 esse
695 4531 976 4584 asscritur.
1006 4528 1088 4582 Ad
1116 4529 1258 4597 quod
1296 4527 1572 4582 fatendum
1615 4528 1714 4582 hos

115 4624 312 4688 caelos,
341 4623 400 4676 in
429 4623 629 4690 quibus
655 4623 794 4677 Deus
825 4622 1110 4686 inhabitat,
1135 4635 1242 4675 non
1266 4620 1590 4690 corporales,
1621 4620 1715 4675 sed

114 4715 404 4783 spiritales
437 4713 841 4784 intelligendos;
872 4712 998 4782 quia
1044 4713 1186 4767 Deus
1212 4727 1317 4766 non
1347 4712 1535 4782 spatiis
1569 4712 1716 4768 loco-

116 4821 240 4859 rum
283 4803 641 4868 distenditur,
675 4818 849 4872 neque
874 4803 993 4858 loco
1019 4803 1234 4858 clausus
1264 4810 1496 4858 tenetur.
1530 4802 1712 4857 Moue-

116 4912 244 4949 mur
271 4900 467 4949 autem
493 4894 625 4948 nihil
654 4903 992 4949 terrenarum
1019 4908 1116 4948 nos
1143 4893 1349 4948 ambire
1373 4892 1590 4958 debere,
1622 4894 1716 4947 sed

114 4985 182 5038 ad
231 4983 391 5038 illam
431 4983 612 5051 potius
658 4983 955 5054 regionem,
983 4983 1037 5036 in
1080 4999 1185 5052 qua
1215 4981 1430 5037 Patrem
1469 4991 1714 5037 nostrum

115 5077 555 5131 commemorari
597 5075 852 5141 fatemur,
888 5076 1209 5145 quantocius
1240 5089 1453 5130 summo
1476 5090 1598 5129 cum
1627 5075 1718 5129 de-

115 5167 331 5222 siderio
363 5166 626 5220 festinare
652 5179 666 5218 :
695 5175 754 5218 ut
783 5166 853 5218 ibi
874 5166 989 5235 jam
1041 5173 1221 5218 mente
1266 5179 1565 5227 versemur,
1612 5179 1718 5232 quo

115 5257 285 5312 Pater
314 5265 370 5310 et
396 5255 625 5310 Creator
648 5265 831 5310 uoster
855 5271 974 5310 esse
998 5257 1276 5323 probatur.
1307 5253 1459 5309 Unde
1487 5254 1714 5308 Paulus:

119 5347 359 5409 Νοιεηι,
391 5347 588 5416 inquit,
621 5347 946 5400 conversatio
987 5347 1040 5398 in
1085 5345 1230 5400 caelis.
1265 5355 1337 5399 est
1371 5343 1590 5415 (Philip.
1636 5361 1715 5408 Ill,

114 5441 231 5507 '20).
274 5440 348 5493 Et
390 5439 554 5494 alibi:
587 5438 690 5504 Qui
734 5439 1010 5492 consedere
1051 5455 1143 5491 nos
1181 5438 1306 5507 facit
1335 5440 1387 5490 in
1431 5437 1718 5492 caelestibus

115 5531 352 5598 (Ephes.
408 5547 468 5593 II,
504 5531 579 5600 6).
623 5530 731 5586 Nec
778 5545 883 5584 non
928 5537 984 5584 et
1023 5530 1188 5584 illud:
1217 5529 1273 5584 Si
1317 5529 1718 5584 censui-remittis

115 5639 241 5676 cum
266 5621 510 5685 Christo,
535 5639 652 5691 qua:
677 5639 885 5676 sursum
915 5633 1031 5674 sunt
1065 5623 1245 5688 sapite,
1277 5639 1378 5676 non
1406 5638 1524 5690 qua:
1567 5637 1722 5691 super

117 5721 354 5769 (errant.
397 5712 584 5764 mortui
635 5712 768 5764 enim
811 5713 952 5774 estis,
993 5722 1039 5762 et
1089 5711 1188 5764 rita
1227 5721 1388 5762 rustra
1417 5711 1720 5764 abscondita

1818 3255 1970 3310 Unde
2007 3254 2172 3309 Filius
2204 3255 2269 3309 ad
2301 3255 2516 3309 Patrem
2543 3263 2603 3309 ut
2635 3255 2706 3309 sit
2735 3253 2931 3319 Filius,
2966 3263 3021 3308 et
3052 3253 3218 3308 Pater
3246 3262 3304 3307 ut
3329 3255 3400 3308 sit

1812 3346 1975 3400 Pater
2003 3347 2068 3401 ad
2099 3346 2295 3401 Filium
2342 3346 2595 3402 refertur.
2649 3347 2774 3400 Haec
2799 3347 2940 3401 enim
2973 3347 3203 3402 invicem
3232 3346 3398 3400 relata

1815 3439 2146 3502 consistunt,
2181 3439 2307 3506 quia
2351 3437 2488 3492 alter
2531 3451 2596 3490 ex
2643 3436 2812 3490 altero
2859 3445 3220 3504 nuncupatur.
3263 3435 3400 3490 Hinc

1814 3528 2016 3598 liquido
2048 3537 2224 3597 patet,
2252 3529 2376 3596 quia
2405 3527 2580 3581 Patris
2602 3541 2794 3580 nomen
2823 3527 2875 3580 in
2905 3526 3040 3580 Filio
3066 3535 3180 3590 est,
3211 3529 3347 3580 sicut
3368 3541 3398 3577 e

1814 3618 2087 3674 contrario
2116 3619 2166 3672 iu
2195 3619 2352 3672 Patre
2381 3617 2500 3670 Filii
2529 3631 2648 3670 esse
2675 3624 3025 3670 monstratur.
3057 3615 3306 3683 Alioquin
3351 3617 3397 3670 si

1816 3723 1921 3762 non
1958 3707 2096 3762 alter
2124 3708 2176 3761 in
2208 3707 2380 3760 altero
2405 3714 2581 3770 esset,
2611 3720 2710 3759 nec
2738 3705 2840 3760 iste
2864 3704 3043 3768 Pater,
3071 3719 3172 3759 nec
3197 3704 3285 3758 ille
3305 3703 3398 3758 Fi?

1816 3798 1919 3852 lius
1945 3798 2234 3852 diceretur.
2263 3797 2470 3852 idcirco
2503 3797 2628 3866 quia
2661 3811 2856 3851 nomen
2889 3797 2982 3850 Dei
3008 3795 3186 3850 Patris
3218 3797 3270 3849 in
3299 3811 3397 3850 no-

1815 3889 1898 3944 bis
1922 3897 2006 3943 est
2033 3928 2048 3952 ,
2084 3898 2349 3958 quatenus
2379 3903 2475 3958 per
2500 3888 2990 3959 adoptionem-jure
3018 3887 3277 3942 vocemur
3303 3887 3396 3942 ﬁlii

1815 3995 2102 4051 precamur
2132 3997 2145 4032 ε
2182 3977 2555 4048 Sancti/iretur
2581 3995 2767 4032 nomen
2797 3987 2962 4032 tuum.
2995 3976 3110 4032 Non
3141 3977 3282 4048 quod
3308 3977 3396 4031 ille

1816 4070 2053 4124 sa’nctiOr
2082 4083 2202 4123 esse
2227 4067 2417 4138 possit,
2445 4068 2534 4136 qui
2561 4083 2752 4123 omnes
2778 4081 2846 4122 ex
2866 4068 3045 4138 seipse
3069 4067 3394 4122 sanctiﬁcat.

1821 4159 1971 4215 Unde
1990 4158 2066 4212 ait
2097 4176 2110 4211 :
2156 4157 2339 4212 Sancti
2382 4165 2572 4220 estote,
2620 4156 2754 4210 sicut
2782 4165 2829 4210 et
2866 4172 2960 4226 ego
2994 4167 3206 4210 sanctus
3243 4171 3398 4218 sum;

1816 4251 1910 4304 sed
1958 4248 2158 4303 idcirco
2185 4247 2514 4302 sanctiﬁcari
2540 4263 2734 4303 nomen
2765 4248 2934 4318 ipsius
2961 4249 3017 4302 in
3045 4249 3200 4302 nobis
3223 4257 3406 4318 postu-‘

1815 4338 1989 4392 lamus
2007 4379 2022 4402 ,
2052 4347 2110 4392 ut
2136 4336 2580 4392 sanctiﬁcationis
2603 4352 2714 4392 Siue
2736 4327 2996 4408 operetur
3021 4344 3397 4407 augmentum,

1816 4428 2064 4484 videlicet
2089 4426 2347 4496 Spiritum
2375 4435 2620 4481 sanctum
2646 4441 2803 4480 suum
2853 4426 3010 4480 nobis
3048 4425 3357 4496 praestando
3383 4465 3396 4489 ,

1741 4493 1793 4549 D
1816 4533 1916 4589 per
1938 4533 2099 4589 quem
2121 4493 2360 4573 charitas
2373 4517 2469 4572 Dei
2493 4516 2686 4572 diffusa
2710 4525 2794 4572 est
2815 4517 2869 4572 in
2892 4493 3150 4572 cordibus
3171 4516 3396 4579 nostris,

1817 4616 1874 4664 et
1896 4607 2197 4663 clamamus
2227 4607 2379 4662 Abba
2401 4648 2415 4672 ,
2448 4607 2628 4661 Pater.
2661 4607 2778 4676 Ipse
2803 4607 2946 4662 enim
2987 4605 3221 4676 Spiritus
3245 4607 3399 4660 testi-

1819 4698 2057 4753 monium
2085 4697 2262 4752 reddit
2287 4696 2500 4766 spiritui
2525 4704 2743 4762 nostro,
2776 4696 2919 4766 quod
2945 4710 3137 4751 sumus
3163 4694 3256 4748 ﬁlii
3281 4693 3395 4748 Dei.

1818 4797 1934 4864 Qua
1965 4797 2214 4852 de‘causa
2245 4803 2373 4850 tunc
2394 4793 2764 4849 sanctiﬁcatur
2786 4793 2964 4848 Patris
2994 4806 3192 4848 nomen
3227 4792 3280 4845 in
3305 4805 3402 4842 no-

1818 4890 1934 4954 bis,
1976 4901 2100 4944 cum
2145 4903 2246 4943 nos
2295 4887 2363 4942 ab
2385 4901 2449 4941 eo
2475 4884 2877 4940 sanctiﬁcamur
2904 4899 2934 4938 a
2965 4898 3072 4954 quo
3104 4888 3397 4953 prtestatur

1820 4981 1996 5036 omnis
2039 4977 2415 5034 sanctiﬁcatio.
2459 4975 2627 5040 Nam,
2664 4977 2806 5031 sicut
2849 4975 3086 5046 dignitas
3119 4971 3291 5042 patris
3331 4968 3400 5020 ad

1820 5071 1960 5125 ﬁlios
2003 5067 2258 5132 refertur,
2290 5055 2748 5122 itai‘sanctiﬁcatio
2785 5064 3016 5118 ﬁliorum
3047 5061 3163 5131 ejus
3191 5055 3398 5111 nomini

1823 5161 2094 5217 tribuitur.
2123 5158 2261 5226 Quid
2290 5157 2433 5213 enim
2462 5157 2713 5212 aliud'est
2739 5152 3098 5210 sanctiﬁcatio
3123 5145 3356 5202 nominis
3382 5186 3396 5210 ,

1823 5267 1979 5322 quam
2026 5249 2222 5305 infusio
2245 5248 2418 5304 sancti
2447 5247 2684 5318 Spiritus
2703 5288 2717 5311 ,
2759 5261 2856 5315 per
2897 5246 3057 5314 quem
3089 5254 3186 5307 cor
3211 5238 3356 5309 pium
3385 5278 3399 5298 ,

1826 5341 1955 5394 mite
1981 5380 1994 5404 ,
2026 5338 2293 5410 placidum
2332 5345 2386 5391 et
2411 5346 2619 5391 castum
2645 5376 2659 5400 ,
2691 5334 2946 5402 omnique
2987 5331 3187 5383 virtute
3213 5326 3405 5394 praedia

1829 5443 1938 5488 tum
1971 5431 2038 5486 ad
2066 5430 2180 5497 ejus
2203 5444 2566 5500 praeparamus
2601 5428 2924 5496 ingressum,
2957 5437 3063 5491 quo
3097 5417 3402 5474 sanctiﬁce—

1828 5537 1914 5581 tur
1947 5524 2162 5594 adoptio
2193 5522 2492 5577 libertatis?
2535 5521 2623 5573 Sic
2656 5519 2837 5585 itaque
2868 5531 3060 5569 nomen
3109 5513 3198 5567 Dei
3229 5509 3406 5564 Patris

1827 5616 2194 5674 sanctiﬁcatur
2240 5614 2292 5667 in
2341 5611 2526 5672 nobis,
2577 5606 3026 5679 quemadmodum
3077 5620 3189 5674 Ipse
3236 5600 3402 5655 Filius

1830 5708 2184 5762 clariﬁcatuut
2213 5721 2268 5758 se
2299 5705 2348 5756 iu
2401 5701 2510 5756 suis
2537 5697 2814 5768 diSripulis
2852 5697 2976 5752 alibi
3024 5706 3280 5757 testatur;
3312 5691 3404 5761 qni
