4000 6362
632 336 738 393 2ὶῦ

1393 315 1450 370 S.
1493 315 1854 372 PASCHASll
1889 313 2241 368 RATBERTI
2283 313 2580 370 ABBATIS
2621 312 3081 370 CORBEIENSIS

3788 321 3886 378 284

607 441 753 491 clara
779 434 1147 506 semper,siue
1170 431 1276 488 ullo
1292 430 1662 484 additamento
1691 431 2100 490 detrimentove,
2119 429 2202 483 di-
2232 435 2281 494 Α
2309 428 2522 481 minavit
2553 428 2688 498 (lsa.
2717 445 2829 494 ut,
2868 428 2947 499 2).
2979 428 3131 496 Quod
3160 445 3293 485 sane
3321 446 3516 486 nomen
3545 449 3705 512 nemo
3744 441 3886 492 novit

608 529 853 583 vinitatis
879 529 996 582 luce
1034 526 1291 598 fulgebat.
1338 525 1470 580 Nam
1497 525 1636 580 inter
1657 535 1851 580 caztera
1874 525 1953 579 sic
1986 523 2194 592 inquit:

609 620 984 688 Sanctiﬁcatus
1029 635 1144 671 sum
1190 620 1244 670 in
1284 615 1357 670 eis
1387 614 1613 686 (Ezeclt.
1661 618 1878 684 XXXIX).
1911 616 1977 669 Et
2013 614 2138 668 alibi
2182 632 2194 667 :

611 711 677 764 In
705 713 802 764 Itoc
826 710 1149 778 clariﬁcatus
1178 718 1252 762 est
1284 707 1444 760 Pater
1469 724 1611 760 meus
1631 747 1646 770 ,
1693 717 1745 759 ut
1775 706 2006 774 fructum
2035 705 2200 774 pluri-

609 818 748 854 mum
771 801 1006 870 aﬂ'eratis
1041 799 1221 869 (Joan.
1246 814 1298 862 v,
1327 798 1443 869 l8).
1481 796 1581 852 Ubi
1603 813 1734 868 ergo
1757 795 2200 851 sanctilicationis

610 904 721 941 suae
745 887 921 942 locum
951 887 1189 952 invenit,
1221 887 1418 941 ibidem
1455 902 1516 941 se
1544 886 1870 942 sanctiﬁcari
1907 885 2054 940 dicit.
2082 885 2202 939 Pie-

611 987 697 1033 tas
720 980 864 1033 enim
889 979 1066 1034 Patris
1091 977 1537 1048 praestantissima
1566 977 1667 1031 sibi
1697 974 1927 1030 conferri
1957 990 2199 1044 pronun-

615 1072 754 1137 tiat,
798 1071 1058 1141 quidquid
1102 1072 1215 1125 suis
1244 1069 1460 1124 famulis
1490 1069 1787 1124 clementer
1810 1068 1924 1138 ipsa
1950 1067 2196 1137 largitur.

611 1159 706 1217 Sic
736 1163 918 1230 itaque
945 1162 1314 1217 sanctiﬁcatur
1339 1162 1392 1215 in
1421 1161 1594 1224 nobis,
1619 1160 1775 1214 sicuti
1806 1169 1861 1214 et
1885 1158 2200 1228 magniﬁca-

613 1263 702 1309 tur
737 1271 766 1308 a
827 1255 1002 1310 nobis.
1030 1255 1171 1310 Hine
1194 1271 1408 1326 quoque
1436 1255 1584 1325 virgo
1611 1253 1778 1308 Maria
1813 1251 2049 1323 gratanti
2079 1250 2198 1304 ani-

615 1361 704 1399 mo
737 1346 924 1399 canit:
964 1344 1269 1416 Magniﬁcat
1305 1347 1481 1398 anima
1507 1361 1619 1398 mea
1645 1343 1925 1396 Dominum
1955 1341 2125 1412 (Luc.
2157 1358 2200 1408 ι,

611 1433 744 1504 46),
779 1450 883 1488 non
909 1436 1050 1504 quod
1077 1450 1304 1504 magnus
1331 1444 1385 1489 et
1412 1435 1656 1490 excelsus
1683 1434 1970 1497 Dominus,
2001 1433 2199 1486 nullam

617 1525 822 1581 habens
850 1529 1371 1582 consummationem
1399 1569 1412 1591 ,
1441 1526 1614 1595 maior
1652 1527 1896 1581 minorve
1934 1541 2052 1580 esse
2077 1541 2200 1594 pos-

618 1616 720 1680 sit;
769 1617 862 1672 sed
891 1619 1039 1687 quia,
1063 1619 1189 1672 dum
1219 1634 1317 1672 nos
1339 1619 1391 1672 in
1417 1633 1482 1672 eo
1513 1618 1830 1682 crescimus,
1859 1617 1948 1672 ille
1969 1617 2021 1671 in
2047 1618 2200 1672 nobis

613 1707 768 1775 quasi
795 1709 1192 1780 magniﬁcatur.
1215 1709 1292 1763 Ac
1324 1709 1368 1763 si
1406 1709 1650 1762 dicamus
1681 1707 1906 1772 :Patcr,
1950 1707 2195 1761 sanctiﬁ-

2306 519 2408 572 nisi
2461 519 2553 588 qui
2609 521 2840 590 accipit;
2891 531 3147 592 tanquam
3177 522 3224 575 si
3255 522 3490 589 dicatur,
3516 524 3678 597 323
3713 530 3887 584 nullus

2301 609 2618 678 dignitatem
2645 614 2950 684 adoptionis
2987 615 3230 671 moribus
3265 625 3320 670 et
3349 617 3457 670 vita
3487 618 3754 684 defendit,
3788 624 3885 678 nisi

2305 701 2396 770 qui
2431 701 2606 771 ipsum
2630 718 2825 758 nomen
2855 704 3036 758 divina
3082 691 3560 775 przedestinatione
3607 710 3675 763 ad
3736 721 3885 764 aeter-

2304 808 2428 846 nam
2456 793 2618 847 vitam
2645 809 2804 849 nosse
2827 797 3220 864 promeruerit;
3248 812 3370 850 nam
3393 799 3642 868 accipere
3668 802 3737 854 ad
3759 818 3885 871 pne-

2307 881 2686 938 destiuationis
2712 885 2942 954 gratiam
2977 884 3231 940 refertur.
3261 885 3413 943 Unde
3439 887 3680 958 Baptista
3724 890 3882 946 Joan-

2303 988 2419 1036 nes,
2451 989 2575 1027 cum
2623 975 2688 1029 de
2725 977 2914 1030 eodem
2973 976 3269 1032 Mediatore
3315 987 3503 1033 nostro
3556 980 3881 1050 loqueretur,

2304 1059 2444 1115 inter
2473 1071 2670 1116 caetera
2703 1080 2716 1118 :
2751 1062 3126 1118 Testimonium
3154 1066 3290 1136 ejus,
3320 1067 3513 1136 inquit,
3547 1085 3697 1122 nemo
3753 1075 3884 1124 acci-

2300 1153 2373 1221 pit
2406 1150 2586 1223 (Joan.
2642 1170 2703 1219 ιι,
2745 1154 2872 1227 32);
2911 1157 3002 1227 qui
3035 1165 3216 1212 autem
3257 1160 3453 1230 accipit
3476 1159 3596 1228 ejus
3647 1163 3885 1217 testimo-

2303 1243 2474 1308 nium,
2499 1244 2730 1312 signavit
2760 1246 2887 1316 quia
2918 1247 3058 1302 Deus
3088 1263 3250 1303 verax
3295 1258 3398 1315 est,
3444 1261 3499 1307 et
3548 1253 3672 1308 ideo
3729 1253 3885 1309 datur

2304 1333 2644 1392 vincentibus
2679 1336 2920 1393 calculus
2967 1338 3248 1403 candidus,
3275 1349 3437 1410 atque
3466 1341 3519 1396 in
3550 1343 3744 1399 eodem
3783 1346 3885 1399 cal-

2302 1425 2448 1491 culo.
2505 1427 2557 1481 id
2618 1436 2700 1482 est
2755 1430 2806 1482 in
2865 1431 3056 1485 eodem
3112 1430 3340 1501 corpore
3393 1432 3634 1499 Christi,
3693 1451 3886 1492 nomen

2306 1533 2528 1583 novum,
2570 1519 2778 1573 scilicet
2808 1531 2996 1575 sancta
3029 1522 3246 1591 adoptio
3275 1538 3372 1592 per
3401 1540 3561 1593 quam
3591 1525 3687 1579 ﬁlii
3719 1528 3886 1581 nomi-

2303 1623 2516 1662 uamur.
2544 1608 2598 1660 In
2632 1625 2736 1678 qua
2767 1611 3022 1664 nimirum
3055 1612 3343 1683 adoptione
3366 1615 3879 1686 przedestinatorum

2303 1710 2520 1760 nomen,
2545 1707 2601 1752 ut
2628 1697 2796 1753 Deum
2823 1700 3046 1772 diligant
3069 1710 3124 1757 et
3153 1704 3484 1772 proximum,
3513 1717 3883 1763 consecratur.

615 1807 769 1854 cetur
791 1817 986 1855 nomen
1020 1810 1193 1866 tuum,
1225 1810 1284 1855 ut
1322 1801 1458 1857 tales
1482 1802 1652 1856 simus
1682 1801 1774 1870 qui
1813 1801 2193 1856 sanctiﬁcatio-

2306 1783 2443 1840 llinc
2476 1787 2675 1858 quippe
2723 1789 2983 1859 scriptum
3030 1801 3115 1847 est
3160 1807 3176 1846 :
3231 1793 3544 1848 Mandatum
3590 1814 3784 1850 novum
3824 1800 3888 1852 do

612 1906 735 1945 nem
759 1893 920 1963 322
947 1902 1088 1947 tuam
1125 1909 1231 1948 non
1264 1894 1426 1948 modo
1447 1893 1766 1964 intelligere,
1789 1908 1974 1947 verum
2004 1907 2198 1962 capere

614 1979 890 2034 valeamus
915 1997 928 2044 ;
963 1989 1228 2051 quatenus
1248 1991 1304 2035 tu
1337 1997 1405 2036 ex
1431 1991 1612 2036 nostra
1639 1982 2052 2036 conversatione
2095 1983 2198 2052 spi-

613 2071 792 2126 rituali
817 2082 1039 2128 sanctus
1065 2089 1348 2144 appareas.
1375 2074 1528 2141 Quod
1558 2083 1682 2128 tunc
1715 2083 1859 2130 recte
1888 2075 1981 2138 sit,
2015 2072 2085 2136 si,
2111 2073 2195 2126 vi~

615 2160 806 2216 dentes
832 2163 972 2216 bona
1000 2177 1164 2233 opera
1196 2175 1402 2228 nostra,
1431 2165 1734 2234 gloriﬁcent
1752 2164 1967 2219 Patrem
1997 2164 2086 2233 qui
2111 2172 2198 2218 est

615 2248 668 2302 in
696 2251 870 2308 cmlis.
904 2251 1009 2308 Sed
1051 2269 1215 2323 quam
1261 2253 1504 2310 infelices
1549 2256 1622 2322 hi,
1669 2269 1899 2324 quorum
1942 2253 2196 2324 operibus

615 2339 772 2393 malis
794 2356 988 2396 nomen
1020 2344 1112 2398 Dei
1139 2343 1316 2398 Patris
1337 2345 1769 2414 blasphematur!
1802 2345 1953 2400 Unde
1978 2360 2045 2400 ne
2077 2345 2194 2410 ﬁat,

613 2432 740 2500 quia
764 2433 1000 2501 quotidie
1031 2435 1416 2504 delinquimus,
1456 2437 1697 2506 quotidie
1733 2451 1973 2501 oramus,
2017 2445 2075 2489 ut
2116 2436 2196 2488 vi-

610 2523 851 2579 viﬁcatio
879 2535 933 2579 et
955 2526 1333 2591 sanctiﬁcatio,
1381 2544 1500 2597 quae
1531 2544 1561 2582 a
1605 2529 1694 2582 Dei
1738 2529 1911 2598 gratia
1939 2527 2192 2591 sumitur,

615 2613 784 2684 ipsius
827 2616 880 2669 in
927 2617 1084 2672 nobis
1134 2619 1470 2688 protectione
1517 2627 1782 2673 servetur.
1819 2619 1898 2672 Ac
1941 2633 2038 2686 per
2067 2618 2191 2681 hoc,

618 2720 812 2760 nomen
838 2707 928 2761 Dei
953 2707 1150 2772 Patris,
1169 2709 1309 2778 quod
1333 2709 1386 2763 in
1415 2710 1569 2764 nobis
1591 2718 1694 2772 est,
1727 2724 1824 2778 per
1861 2707 2193 2762 ablutionem

610 2799 781 2850 sancti
821 2798 1076 2866 Spiritus,
1100 2815 1168 2852 ne
1203 2801 1440 2855 deterius
1468 2801 1741 2871 quidpiam
1764 2800 2069 2868 contingat,
2108 2799 2193 2852 in-

613 2887 922 2942 desinenter
943 2889 1334 2944 sanctiﬁcatur.
1359 2891 1633 2957 Quazritur
1678 2905 1809 2959 ergo
1854 2905 1960 2943 non
2005 2889 2105 2942 abs
2136 2901 2196 2942 re

603 2977 682 3031 .ab
721 2977 1016 3047 aliquibus,
1047 2979 1113 3033 de
1139 2995 1250 3048 quo
1278 2982 1493 3034 nomine
1523 2982 1734 3036 dicatur
1765 2999 1777 3033 :
1821 2979 2195 3048 Sanctiﬁcetur

611 3084 798 3122 nomen
835 3071 1024 3124 tuum?
1049 3070 1241 3126 Utrum
1273 3073 1397 3140 quia
1443 3087 1473 3125 a
1518 3072 1733 3127 Christo
1761 3071 2055 3127 Christiani
2101 3086 2194 3124 vo-

610 3159 717 3212 cati
743 3175 950 3224 sumus,
976 3176 1042 3215 an
1067 3161 1190 3230 quia
1212 3177 1242 3215 a
1265 3161 1375 3216 Deo
1398 3161 1556 3216 Patre
1580 3177 1678 3231 per
1696 3163 1924 3233 gratiam
1949 3161 2194 3230 adoptio.

610 3247 696 3301 nis
724 3247 815 3302 ﬁlii
840 3249 1219 3304 nominamur?
1245 3250 1395 3316 Quod
1420 3265 1484 3305 ex
1509 3251 1915 3306 circumstantia
1945 3251 2192 3306 lectionis

610 3337 754 3394 illico
789 3339 1119 3410 designatur,
1168 3356 1289 3396 cum
1331 3343 1706 3410 praemittimus
1735 3361 1748 3397 :
1777 3341 1939 3397 Pater
1994 3354 2190 3408 noster,

609 3428 774 3496 quies
801 3427 853 3481 in
885 3429 1044 3482 cwlis.
1074 3429 1288 3484 Nullum
1335 3433 1479 3486 enim
1527 3449 1724 3488 nomen
1776 3434 1828 3487 in
1873 3433 2029 3488 nobis
2071 3449 2189 3488 am—

609 3515 766 3584 pliori
791 3515 996 3572 honore
1025 3518 1366 3585 sublimatur,
1404 3537 1564 3590 quam
1589 3531 1647 3576 ut
1672 3522 1765 3576 lilii
1795 3522 1892 3577 Dei
1932 3539 2028 3592 per
2063 3523 2189 3593 Spi-

614 3607 752 3662 ritus
780 3609 951 3663 sancti
986 3609 1309 3667 inlusionem
1340 3615 1684 3669 nominemur
1734 3625 1786 3670 et
1815 3617 2006 3670 simus.
2035 3617 2190 3683 Quod

609 3699 860 3754 videlicet
919 3716 1114 3758 nomen
1183 3705 1393 3761 duobus
1459 3708 1756 3762 crescendo
1818 3708 2192 3764 sanctiﬁcatur

612 3789 820 3854 modis;
850 3805 970 3844 cum
1009 3800 1104 3846 aut
1127 3809 1356 3850 numero
1386 3797 1716 3851 credentium
1741 3798 1902 3853 latius
1930 3814 2191 3868 propaga-

612 3884 718 3939 tur,
752 3886 846 3930 aut
875 3893 996 3932 cum
1029 3883 1334 3949 quantitate
1377 3886 1695 3939 meritorum
1745 3886 1798 3940 in
1843 3887 2192 3942 credentibus

615 3965 846 4034 amplius
899 3968 1232 4025 dill‘unditur.
1291 3973 1347 4027 ιιι
1418 3984 1647 4044 utroque
1710 3985 1890 4032 tamen
1949 3981 2192 4047 quotidie

615 4057 1005 4123 sanctiﬁcatnr,
1035 4060 1161 4114 dum
1189 4064 1362 4118 renati
1384 4080 1482 4119 suo
1507 4081 1730 4121 munere
1759 4078 2043 4139 augentur.
2092 4071 2192 4126 Ve-

611 4155 916 4203 rumtamen
949 4166 1056 4205 non
1086 4153 1205 4209 ideo
1229 4155 1441 4224 loquor,
1465 4167 1524 4211 ut
1552 4173 1744 4214 nomen
1767 4160 2191 4219 Christianitatis

611 4236 663 4290 in
698 4238 853 4294 nobis
879 4241 1205 4298 sanctiﬁeari
1235 4259 1342 4299 non
1372 4245 1586 4313 debeat,
1617 4250 1710 4304 sed
1737 4250 1862 4320 quia
1888 4253 2106 4321 adoptio
2136 4253 2188 4308 in

612 4333 945 4385 renascendo
963 4334 1163 4406 gradus
1183 4335 1448 4391 excelsior
1476 4338 1793 4394 meritorum
1817 4352 2184 4398 consecratur.

611 4414 860 4487 Alioquin
885 4435 1060 4490 neque
1085 4421 1466 4481 Christianitas
1493 4427 1610 4483 sine
1659 4429 1970 4500 adoptione,
2015 4449 2189 4504 neque

609 4506 826 4575 adoptio
849 4487 1407 4571 siue—Christianitatc
1444 4487 1928 4586 praestaturdllinc
1970 4487 2186 4594 quoque
2216 4487 2270 4546 Β

610 4594 663 4649 in
693 4597 1012 4670 Apocalypsi
1039 4603 1261 4660 Joannis
1283 4607 1512 4663 vincenti
1542 4611 1742 4665 dicitur
1769 4629 1783 4665 :
1815 4612 1963 4667 Dabo
1987 4615 2036 4668 ei
2074 4616 2183 4669 cal-

609 4684 787 4739 culum
833 4692 1139 4758 candidum,
1183 4705 1231 4748 et
1260 4697 1315 4749 in
1355 4698 1557 4752 calculo
1594 4717 1779 4756 nomen
1811 4720 2020 4768 novum,
2045 4707 2185 4776 quod

611 4793 762 4832 nemo
789 4783 948 4846 novit,
981 4786 1082 4838 nisi
1105 4787 1195 4855 qui
1225 4789 1410 4854 accipit
1435 4790 1619 4860 (Apoc.
1648 4808 1708 4853 ll,
1740 4793 1849 4864 17).
1881 4795 1986 4850 Per
2005 4798 2183 4852 calcu-

609 4867 724 4922 lum
785 4871 1022 4940 quippe,
1079 4877 1346 4931 mediator
1399 4879 1492 4934 Dei
1539 4891 1593 4935 et
1651 4884 1971 4952 hominum,
2022 4889 2184 4942 homo

611 4954 862 5014 Christus
891 4958 1047 5017 Jesus
1081 4963 1405 5035 designatur.
1451 4969 1507 5023 In
1533 4987 1641 5040 quo
1675 4975 1929 5031 nimirum
1959 4978 2188 5044 calculo,

619 5051 990 5120 unusquisque
1021 5066 1242 5111 renatus
1276 5057 1328 5111 in
1359 5057 1600 5124 Christo,
1627 5063 1751 5118 dum
1774 5081 1872 5134 per
1891 5068 2193 5137 adoptionis

611 5141 841 5208 gratiam
871 5159 1034 5198 unum
1061 5159 1257 5216 corpus
1297 5148 1350 5202 in
1381 5165 1445 5204 eo
1470 5150 1718 5221 edicitur,
1758 5171 1951 5211 nomen
1997 5174 2193 5216 novum

614 5231 843 5300 accipit,
876 5245 934 5289 ut
952 5235 1127 5292 Patris
1149 5237 1287 5293 ﬁlius
1315 5239 1542 5307 dicatur,
1571 5252 1627 5298 et
1650 5246 1890 5301 cobeeres
1912 5247 2111 5303 Christi
2139 5250 2195 5302 in

611 5333 780 5390 regno
802 5322 980 5380 Patris
1003 5325 1288 5382 elﬁciatur.
1317 5329 1396 5384 Ac
1420 5331 1466 5386 si
1496 5341 1746 5401 patenter
1771 5335 1915 5390 dicat
1944 5355 1955 5391 :
1985 5338 2084 5405 Qui
2107 5340 2190 5393 vi-

615 5412 755 5464 cerit
778 5416 1036 5470 mundum
1067 5427 1122 5472 et
1149 5426 1427 5474 auctorem
1458 5422 1668 5487 mortis,
1697 5425 1837 5479 dabo
1864 5427 1912 5480 ei
1945 5428 2188 5485 cohaere-

612 5496 736 5569 dem
769 5503 1040 5562 Christum
1065 5519 1122 5564 et
1137 5519 1468 5576 consortem,
1497 5529 1593 5582 per
1621 5531 1780 5584 quem
1805 5519 1975 5574 hostis
1999 5521 2189 5576 devin-

617 5591 779 5657 citur,
818 5604 872 5647 et
913 5598 964 5650 in
996 5614 1060 5652 eo
1084 5616 1278 5656 nomen
1306 5619 1503 5657 novum
1525 5645 1540 5670 ,
1595 5607 1660 5662 de
1707 5625 1813 5677 quo
1847 5611 2012 5666 Isaias
2060 5623 2188 5670 ante

619 5683 863 5748 prxdixit
903 5703 914 5738 :
960 5685 1239 5745 Vocabitur
1261 5695 1353 5747 tibi
1384 5711 1567 5750 nomen
1607 5715 1811 5756 norum.
1842 5705 1980 5771 quod
2009 5723 2063 5757 os
2089 5705 2189 5759 Do-

2253 5634 2517 5704 'regnnm
2585 5619 2854 5686 poscimus
2919 5621 3270 5688 adfuturum,

2302 1875 2462 1940 vobis,
2504 1887 2556 1930 ut
2595 1877 2830 1950 diligatis
2856 1882 3072 1936 invicem
3099 1883 3280 1953 (Joan.
3308 1901 3426 1948 xui,
3457 1885 3572 1957 54).
3609 1887 3765 1942 Nulla
3797 1891 3891 1960 igi-

2301 1975 2390 2020 tur
2409 1966 2626 2024 dilectio
2662 1970 2834 2039 major
2854 1987 2975 2026 esse
3000 1981 3196 2042 potest,
3238 1992 3400 2046 quam
3431 1978 3572 2032 inter
3596 1989 3812 2048 patrem
3838 1991 3890 2037 et

2302 2057 2463 2122 ﬁlios,
2492 2059 2632 2114 inter
2655 2061 2792 2122 ﬁlios
2825 2078 2955 2116 vero
2979 2072 3034 2119 et
3057 2065 3253 2124 fratres
3275 2083 3304 2120 a
3350 2068 3576 2123 Domino
3602 2085 3885 2126 commen-

2300 2148 2490 2213 datur;
2519 2158 2572 2204 et
2604 2150 2707 2212 hoc
2729 2152 2889 2206 estin
2915 2153 3120 2209 calculo
3141 2172 3337 2212 nomen
3371 2174 3567 2212 novum
3603 2161 3890 2231 discipulis

2299 2241 2575 2310 collatum,
2601 2245 2742 2314 quod
2771 2261 2928 2300 nemo
2949 2249 3216 2303 novitnisi
3239 2251 3572 2320 qui‘accipit.
3599 2253 3887 2324 Tanquam

2299 2333 2343 2386 si
2373 2333 2584 2388 dicatur
2615 2352 2629 2388 :
2670 2333 2831 2403 hujus
2847 2337 3100 2393 virtutem
3129 2341 3364 2396 nominis
3389 2357 3486 2412 per
3509 2344 3692 2397 omnia
3725 2347 3886 2414 igno-

2301 2433 2384 2478 rat
2411 2427 2656 2496 quisquis
2678 2427 2732 2482 in
2757 2430 3012 2485 mandato
3051 2430 3396 2488 dilectionem
3443 2433 3629 2489 fratris
3657 2446 3891 2505 paterno

2299 2529 2485 2569 amore
2525 2531 2632 2569 non
2676 2527 2992 2576 conservat.
3030 2519 3280 2577 Profecto
3303 2523 3370 2578 de
3415 2538 3524 2594 quo
3565 2527 3787 2580 nomine
3838 2528 3891 2581 in

2300 2607 2488 2662 eadem
2524 2609 2848 2680 Apocalypsi
2886 2613 3280 2680 repromittitur
3309 2633 3321 2668 :
3349 2614 3588 2670 Scribam
3616 2657 3632 2682 ,
3686 2619 3890 2688 inquit,

2299 2717 2455 2769 super
2494 2701 2642 2755 illum
2675 2703 2987 2758 nomenDei
3022 2706 3146 2771 mei,
3194 2717 3240 2760 et
3285 2725 3471 2766 nomen
3521 2711 3746 2765 civitatis
3789 2711 3893 2766 Dei

2299 2790 2423 2853 mei,
2455 2807 2598 2844 nocte
2638 2791 2993 2859 Hierusalem,
3017 2813 3136 2864 qua:
3165 2797 3428 2852 descendit
3453 2801 3519 2853 de
3545 2800 3672 2853 caelo
3701 2819 3734 2854 a
3771 2802 3892 2856 Deo

2297 2893 2432 2943 meo,
2461 2888 2507 2932 et
2532 2895 2717 2932 nomen
2743 2897 2913 2934 meum
2953 2899 3140 2937 novum
3186 2885 3369 2956 (Apoc.
3416 2904 3500 2952 ιιι,
3556 2889 3666 2958 12).
3718 2889 3894 2959 Igitur

2299 2970 2414 3025 brec
2435 2971 2716 3040 inscriptio
2744 2973 2880 3027 nihil
2912 2974 3056 3030 aliud
3079 2985 3344 3046 estquam
3382 2980 3742 3035 sanctiﬁcatio
3790 3001 3891 3038 no.

2302 3061 2485 3116 minis.
2541 3061 2694 3118 Unde
2742 3079 2962 3120 oramus
3011 3083 3024 3119 :
3066 3065 3434 3136 Sancti/icetur
3479 3087 3669 3126 nomen
3709 3083 3891 3128 tuum.

2220 3140 2265 3202 C
2297 3149 2415 3218 Quo
2441 3151 2626 3222 utique
2660 3153 2800 3224 stylo
2828 3153 2920 3210 vel
2942 3171 3050 3225 quo
3083 3156 3293 3212 calamo
3323 3173 3486 3229 super
3527 3161 3760 3227 victores
3790 3180 3894 3218 no—

2299 3256 2420 3294 men
2447 3241 2538 3295 Dei
2570 3241 3116 3309 Patrisinseribatur,
3164 3248 3469 3304 audiamus.
3527 3250 3756 3322 Lingua.
3807 3255 3895 3308 in-

2295 3331 2433 3398 quit,
2461 3348 2576 3386 mea
2605 3332 2842 3388 calamus
2886 3335 3071 3389 scriba:
3117 3335 3359 3392 velociter
3399 3341 3672 3395 scribentis
3701 3341 3888 3410 (Psal.

2296 3434 2440 3482 xuv,
2470 3419 2562 3487 2);
2594 3421 2682 3475 hic
2711 3430 2827 3487 est,
2869 3423 3087 3492 inquam
3109 3463 3126 3486 ,
3163 3423 3285 3478 Filii
3321 3425 3606 3496 Patrisque
3633 3430 3892 3498 Spiritus,

2293 3507 2449 3576 cujus
2478 3511 2652 3580 gratia
2693 3527 2889 3567 nomen
2931 3514 3254 3584 adoptionis,
3298 3516 3378 3570 vel
3428 3517 3893 3586 Cliristiauimtis,

2295 3600 2612 3658 inscribitur
2633 3611 2689 3657 et
2715 3604 3106 3660 sanctiﬁcatur.
3149 3606 3437 3673 Quoniam,
3490 3609 3631 3663 sicut
3679 3609 3894 3665 Paulus

2293 3689 2369 3746 ait
2394 3709 2406 3744 :
2438 3692 2577 3756 Quia
2599 3709 2779 3747 sumus
2799 3693 2922 3762 ﬁlii,
2950 3696 3088 3748 misit
3110 3695 3253 3751 Deus
3278 3696 3533 3767 Spiritum
3559 3698 3688 3752 Filii
3714 3703 3800 3754 sui
3838 3703 3897 3755 in

2291 3782 2447 3835 corde
2478 3793 2681 3848 nostro,
2725 3783 3035 3839 clamantem
3068 3802 3086 3840 :
3115 3785 3283 3849 Abba,
3315 3786 3498 3842 Pater.
3550 3790 3685 3845 llinc
3728 3803 3894 3846 certe

2292 3871 2527 3941 dignitas
2572 3873 2837 3938 nominis,
2883 3874 3009 3928 hinc
3043 3875 3306 3931 celsitudo
3344 3879 3662 3933 meritorum
3701 3897 3714 3932 :
3758 3881 3898 3935 hinc

2294 3976 2448 4032 reges
2489 3979 2698 4028 sumus,
2746 3964 2872 4018 hinc
2920 3966 3248 4031 sacerdotes,
3274 3966 3398 4021 hinc
3428 3968 3890 4039 triumphatores.

2294 4054 2421 4108 hinc
2449 4069 2585 4109 nova
2613 4064 2885 4121 creatura,
2917 4057 3044 4112 hinc
3069 4058 3363 4114 Christiani
3409 4075 3692 4124 vocamur,
3751 4063 3890 4115 hinc

2295 4145 2386 4200 ﬁlii
2428 4145 2521 4201 Dei
2577 4163 2782 4202 sumus.
2813 4147 3043 4215 Idcirco,
3088 4150 3180 4206 ubi
3220 4152 3383 4207 totius
3421 4169 3631 4208 summa
3661 4155 3894 4218 salutis,

2293 4237 2484 4290 intimo
2529 4252 2690 4292 sensu
2730 4237 2909 4292 cordis
2951 4253 3171 4296 oremus
3209 4258 3222 4294 :
3269 4240 3640 4310 Sauctiﬁcctur
3689 4261 3894 4297 nomen

2293 4333 2462 4377 tuum.
2497 4324 2699 4379 Deinde
2727 4325 3008 4395 sequitur:

2363 4435 2616 4489 Adveniat
2656 4452 2870 4506 regnum
2898 4446 3067 4490 tuum.
3107 4437 3163 4492 lu
3187 4454 3291 4508 qua
3327 4439 3722 4510 supplicatione
3751 4447 3901 4511 quid

2297 4525 2566 4593 petimus?
2609 4523 2862 4594 Nunquid
2909 4541 3031 4581 eum
3079 4542 3305 4597 regnare
3359 4530 3474 4583 sine
3500 4529 3652 4584 initio
3697 4540 3754 4585 et
3779 4533 3905 4587 line

2298 4615 2665 4669 indesinenter
2694 4615 3042 4670 dubitamus?
3069 4615 3442 4686 Nequaquam,
3480 4621 3604 4688 quia
3656 4635 3756 4673 rex
3802 4633 3906 4676 est

2295 4704 2536 4759 omnium
2569 4703 2905 4772 saeculorum,
2948 4705 3102 4775 cujus
3147 4707 3391 4776 profecto
3444 4710 3730 4778 imperium
3784 4728 3908 4767 nec

2299 4794 2404 4847 ﬁne
2426 4793 2715 4857 clauditur,
2746 4811 2846 4852 nec
2876 4797 3030 4852 initio
3073 4800 3430 4865 terminatur;
3467 4804 3558 4856 sed
3601 4803 3703 4857 hoc
3745 4808 3905 4872 peli-

2297 4905 2416 4943 mus
2443 4898 2503 4942 ut
2530 4891 2713 4945 veniat
2744 4890 2873 4945 illud
2899 4906 3124 4960 regnum
3169 4893 3495 4962 adoptionis,
3529 4896 3581 4948 in
3612 4912 3722 4965 quo
3775 4898 3910 4952 bae-

2298 4981 2450 5035 redes
2489 4979 2608 5048 Dei,
2650 4980 2814 5053 32‘.
2853 4981 3166 5038 cohaeredes
3224 4991 3405 5039 autem
3456 4984 3654 5040 Christi
3711 4986 3909 5043 furtivi

2295 5085 2501 5124 sumus.
2522 5069 2801 5139 Congruus
2819 5069 3017 5140 quippe
3035 5071 3171 5125 satis
3190 5071 3324 5127 ordo
3345 5074 3642 5142 petitionis,
3671 5082 3733 5127 ut
3752 5079 3910 5142 quia

2298 5159 2350 5212 in
2379 5159 2544 5229 priori
2569 5159 2959 5228 supplicatione
2987 5159 3220 5217 ﬁliorum
3250 5163 3468 5232 adoptio
3505 5176 3912 5233 consecratur,

2298 5250 2350 5303 in
2379 5250 2632 5314 secunda,
2660 5259 2718 5303 ut
2749 5266 2971 5319 regnum
2997 5253 3142 5322 quod
3181 5254 3308 5310 liliis
3344 5256 3590 5320 debetur,
3630 5257 3915 5314 obsecro-

2299 5358 2446 5406 Inus;
2479 5359 2584 5397 non
2617 5344 2762 5398 enim
2803 5359 3024 5400 oramus
3061 5347 3205 5416 quod
3254 5347 3305 5401 ei
3355 5348 3564 5418 prosit,
3593 5348 3686 5402 sed
3737 5356 3914 5418 quod

2300 5433 2472 5487 nobis.
2515 5432 2668 5500 Quia,
2700 5434 2862 5499 sicut,
2887 5435 3012 5490 dum
3035 5435 3156 5504 ejus
3183 5451 3380 5492 nomen
3423 5439 3806 5493 sanctilicatur
3847 5426 3918 5498 si.

2299 5527 2472 5588 nobis,
2524 5541 2623 5580 nos
2689 5529 2874 5597 utique
2930 5531 3374 5598 sanctiﬁcamur;
3436 5534 3530 5597 ita,
3584 5534 3713 5589 dum
3767 5535 3922 5602 ejus

3351 5634 3593 5680 nostrum
3664 5641 3824 5696 quoq
3835 5646 3926 5685 ue

2297 5708 2494 5761 Christi
2551 5710 2809 5778 sanguine
2862 5711 2940 5763 vel
2997 5714 3247 5780 passione
3301 5717 3609 5785 quaesitum,
3656 5734 3926 5777 oranms
