4000 6362
106 366 199 421 2.;5
865 349 1224 408 EXPOStTlO
1263 348 1328 403 IN
1369 344 1806 400 MATTIUEUM.
1842 376 1912 386 -
1951 345 2077 400 un.
2120 345 2206 407 tv,
2249 341 2400 397 (me.
2444 341 2530 395 vt.

3238 346 3342 402 ‘286

107 472 460 550 promissionis
499 469 754 524 advenire
803 484 1049 536 regnum.
1098 465 1322 531 Quando
1363 477 1484 516 cum
1535 474 1661 514 eva-
1689 461 1735 518 A
1764 459 1999 527 quandiu
2031 468 2114 512 est
2162 460 2305 528 quod
2352 467 2542 513 sancta
2592 458 2686 512 Dei
2737 458 2977 513 Ecclesia
3008 456 3136 512 illud
3183 475 3340 516 orare

107 564 590 625 cuaveritChristus
620 576 779 614 omne
806 559 1163 628 principatum
1207 564 1259 610 et
1307 563 1653 625 potestatem,

107 671 407 725 omnemque
431 655 707 710 virtutem.
740 650 1034 703 traditurus
1070 656 1274 701 estnos
1301 660 1519 715 regnum
1545 646 1657 698 Deo

107 749 263 810 Patri,
288 744 553 813 triumpho
595 740 811 795 virtutis
841 754 970 802 suae,
997 746 1054 790 ut
1095 738 1166 790 sit
1218 737 1358 790 Deus
1387 733 1569 788 omnia
1601 749 1654 787 tn
1687 744 1690 746 ‘

109 838 357 897 omnibus,
380 830 871 901 contemplantibus
897 828 1051 881 nobis
1075 826 1202 880 illud
1230 825 1372 896 quod
1403 840 1501 879 nec
1522 837 1658 878 ocu-

110 929 182 981 lus
224 925 371 989 vidit,
427 940 527 977 nec
569 921 717 976 auris
762 919 980 982 audivit,
1037 934 1136 971 nec
1183 918 1235 971 in
1288 932 1382 970 cor
1424 915 1658 970 hominis

109 1014 352 1076 ascendit,
382 1012 523 1082 quod
548 1011 690 1064 Deus
715 1009 1034 1079 praeparavit
1051 1007 1136 1062 his
1159 1007 1248 1076 qui
1276 1005 1658 1076 diligunteum.

109 1109 175 1162 De.
201 1122 304 1175 quo
345 1105 598 1158 nimirum
629 1117 798 1171 regno
831 1101 1073 1154 dicturus
1111 1109 1197 1154 est
1243 1098 1428 1153 electis
1457 1099 1571 1151 suis
1606 1098 1658 1150 in

107 1196 239 1248 ﬁne:
283 1192 476 1257 Venite,
506 1191 760 1245 benedicti
789 1187 966 1242 Patris
1013 1189 1134 1253 mei,
1163 1190 1406 1257 percipite
1448 1202 1661 1257 regnum

104 1284 228 1351 quod
251 1282 387 1335 vobis
407 1291 651 1349 paratum
670 1289 746 1334 est
767 1280 832 1332 ab
853 1279 1053 1349 origine
1079 1279 1260 1331 mundi
1284 1277 1499 1347 (Matth.
1531 1292 1660 1340 xxv,

105 1373 206 1441 54).
261 1371 364 1425 Sed
409 1385 474 1424 ne
519 1370 774 1425 dilatione
822 1369 1035 1423 animus
1085 1375 1399 1436 torpescat,
1452 1365 1664 1420 noverit

104 1461 216 1528 pius
237 1459 664 1527 exactor,quod,
707 1457 847 1516 sicut
886 1457 1123 1526 quotidie
1171 1456 1226 1510 in
1268 1456 1423 1510 nobis
1466 1469 1664 1509 nomen

102 1548 279 1602 Patris
326 1549 702 1610 sanctiﬁcatur,
751 1555 810 1601 ut
854 1561 953 1602 nos
1003 1547 1070 1600 ad
1132 1546 1356 1601 meliora
1403 1545 1661 1598 virtutum

102 1649 266 1703 opera
291 1635 576 1698 valeamus;
601 1635 674 1688 ita
706 1643 761 1688 et
801 1649 1025 1704 regnum
1055 1633 1199 1702 quod
1248 1642 1498 1702 optamus
1530 1647 1664 1700 quo-

104 1724 227 1776 tidie
258 1724 505 1777 advenire
559 1723 813 1786 sentitur,
863 1723 989 1777 dum
1049 1731 1382 1776 evacuantur
1425 1738 1455 1776 a
1510 1721 1665 1775 nobis

1757 549 1920 617 cmpit
1949 567 1961 602 :
1993 549 2246 603 Adveniat
2275 566 2487 618 regnum
2517 551 2704 604 tuum?
2749 559 2926 604 tamen
2956 551 3081 606 licet
3102 552 3341 620 qnotldie

1757 647 2031 706 augeatur,
2063 639 2237 693 adhuc
2265 637 2527 692 diﬁ‘ertur.
2576 638 2730 704 Quod
2779 655 2990 708 nempe,
3021 641 3223 696 idcirco
3260 643 3340 695 di-

1758 730 1954 793 xerim,
1983 731 2026 784 si
2069 731 2309 798 petieris,
2338 745 2402 785 ac
2449 730 2588 784 forte
2634 731 2774 786 illico
2821 747 2928 786 non
2972 731 3240 798 obtineas,
3273 749 3342 787 ne

1759 823 1998 892 fatiget-is
2020 824 2303 879 instantius
2328 824 2378 876 in
2401 823 2590 892 agonia
2615 824 2878 878 desudare
2913 842 2925 878 :
2955 826 3078 894 quia
3104 840 3330 893 regnum

1762 912 1853 966 Dei
1903 913 2156 968 dilatione
2199 913 2482 981 quaeritur,
2514 927 2610 981 spe
2653 912 2765 981 jam
2808 921 2953 968 certa
3007 922 3239 977 tenetur,
3272 913 3340 967 al

1758 1003 1900 1074 quod
1923 1019 2019 1073 per
2049 1003 2206 1057 ﬁdem
2234 1004 2532 1073 gradimur,
2559 1014 2612 1056 et
2639 1003 2803 1058 nimio
2827 1005 3110 1059 charitatis
3137 1006 3335 1060 ardore
3362 1055 3365 1060 .

1759 1095 2018 1164 quidquid
2055 1097 2323 1150 obstiterit
2370 1095 2720 1160 revincimus,
2762 1103 2818 1148 et
2866 1111 2962 1163 per
2994 1098 3237 1150 eamdem
3275 1097 3343 1149 ad

1761 1185 1888 1240 illud
1928 1187 2098 1240 donec
2141 1184 2944 1255 perveniatur,int‘atigabiliter
2995 1187 3340 1240 desudamus.

1831 1273 1957 1328 Fiat
1980 1276 2216 1329 voluntas
2244 1286 2356 1329 tua.
2389 1275 2495 1329 Par
2519 1289 2732 1343 quoque
2754 1283 2808 1329 et
2829 1275 2956 1329 huic
2978 1275 3342 1346 intelligentia:

1761 1381 1955 1421 sensus
1981 1374 2082 1419 est.
2117 1365 2230 1421 Non
2259 1366 2400 1419 enim
2444 1365 2729 1434 quisquam
2765 1366 2960 1434 estqui
2994 1365 3126 1430 Deo,
3155 1381 3221 1419 ne
3247 1367 3341 1419 ﬁat

1761 1454 1878 1523 ejus
1902 1455 2168 1518 voluntas,
2184 1456 2447 1509 obsistere
2467 1455 2549 1509 vel
2569 1456 2944 1511 contradicere
2969 1457 3159 1525 possit.
3193 1456 3344 1511 Prte-

1762 1545 1949 1600 sertim
1997 1560 2118 1598 cum
2151 1545 2410 1612 scriptum
2451 1545 2561 1599 sit:
2596 1545 2786 1598 Omnia
2824 1563 3142 1616 qurecunque
3183 1547 3342 1601 voluit

1763 1635 2018 1689 Dominus
2047 1635 2166 1704 fecit
2204 1636 2258 1688 in
2285 1633 2410 1688 caelo
2441 1645 2488 1687 et
2523 1636 2578 1688 in
2623 1645 2762 1689 terra
2805 1634 2974 1704 (Psal.
3021 1653 3238 1700 cxxxtv,
3263 1637 3338 1704 6).

1766 1724 1874 1780 Sed
1910 1727 2012 1780 hoc
2061 1741 2281 1779 oramus
2330 1733 2387 1780 ut
2423 1725 2724 1780 libertatem
2762 1728 2974 1782 arbitrii
3009 1728 3178 1784 nostri
3227 1725 3343 1794 ejus

105 1815 418 1882 principatus
445 1823 499 1868 et
528 1821 846 1883 potestates,
871 1812 1203 1882 virtutesque
1233 1827 1403 1865 aereae
1427 1819 1660 1879 potesta-
1688 1803 1735 1860 B
1761 1830 1860 1885 per
1901 1816 2127 1883 gratiam
2157 1816 2425 1870 sociemus
2455 1816 2620 1884 ipsius
2647 1815 2932 1881 voluntati,
2957 1826 3016 1871 ut
3063 1819 3154 1886 qui
3189 1817 3364 1877 vivit,

107 1905 184 1967 tis,
205 1919 323 1957 cum
350 1912 688 1958 evacuantur
725 1902 878 1966 vitia,
908 1909 963 1954 et
1009 1901 1192 1955 mundi
1222 1898 1657 1968 concupiscentia

106 1993 464 2060 exstinguitur.
499 1991 636 2045 Tum
659 1991 863 2060 utique,
896 2005 1020 2045 cum
1067 1990 1152 2044 Itis
1189 1988 1456 2058 propulsis
1492 1989 1659 2041 virtu-

108 2094 204 2136 tum
228 2083 360 2136 bona
393 2082 448 2135 in
483 2083 639 2136 nobis
669 2079 1046 2150 ﬂagraverint,
1074 2090 1131 2132 et
1156 2080 1504 2132 odorameuta
1541 2091 1658 2130 me-

108 2175 307 2226 ritorum
355 2173 542 2227 cubile
583 2171 778 2224 mentis
827 2167 1183 2238 asperserint;
1261 2175 1371 2220 tum
1421 2163 1662 2234 profecto

110 2265 257 2318 Patris
287 2277 518 2332 regnum
543 2261 657 2331 jam
699 2259 918 2328 jamque
957 2258 1211 2312 advenire
1259 2257 1310 2310 in
1363 2255 1516 2310 nobis
1564 2256 1662 2313 mi-

110 2355 230 2405 nime
249 2354 587 2406 dubitamus.
609 2349 775 2418 Cujus
803 2349 1055 2404 nimirum
1085 2358 1242 2419 gustu
1280 2349 1421 2402 inter
1442 2363 1660 2416 pressu—

110 2459 180 2496 ras
204 2442 379 2501 saeculi
413 2441 645 2498 validius
679 2439 996 2503 solidamur,
1019 2447 1075 2492 et
1119 2448 1177 2491 ut
1206 2437 1466 2508 integrius
1496 2439 1663 2492 adve-

109 2537 200 2587 niat
223 2534 285 2587 ad
313 2533 465 2602 quod
492 2532 842 2603 ingredimur,
868 2529 1256 2584 instantissime
1277 2544 1516 2583 oramus.
1550 2526 1664 2597 Age

107 2638 230 2690 ergo,
262 2623 518 2691 quisquis
549 2631 601 2675 te
631 2621 942 2690 adoptatum
971 2620 1025 2672 in
1065 2635 1286 2689 regnum
1318 2619 1542 2687 gaudes,
1581 2618 1664 2671 di-

108 2713 194 2772 lata
232 2715 409 2770 sinum
441 2712 600 2777 ﬁdei,
626 2713 855 2766 extende
898 2710 1358 2781 longanimitatem
1395 2709 1509 2778 spei
1537 2717 1658 2770 tuae,

108 2804 347 2871 ampliﬁca
365 2800 750 2872 magnitudine
789 2801 1011 2866 amoris,
1047 2808 1103 2854 et
1129 2814 1227 2854 ora
1267 2799 1414 2852 omni
1465 2797 1662 2851 virtute

110 2896 296 2956 mentis.
344 2895 611 2964 omnique
657 2893 912 2948 instantia
961 2891 1159 2956 cordis,
1185 2899 1246 2944 ut
1291 2891 1395 2944 hoc
1439 2903 1664 2958 regnum

110 2986 319 3052 quotidie
367 3001 480 3038 non
531 2983 705 3041 solum
734 2982 1066 3037 credentium
1113 2995 1339 3035 numero
1379 2987 1658 3058 augeatur,

109 3090 267 3126 rerum
296 3075 466 3130 etiam
498 3074 551 3126 in
583 3082 655 3137 te,
684 3072 767 3126 vel
799 3072 851 3126 in
883 3071 1092 3126 eunetis
1113 3069 1330 3139 quijam
1353 3069 1662 3124 Christiano

1759 1906 1870 1976 jam
1903 1923 2006 1960 non
2037 1907 2137 1961 sibi
2170 1907 2332 1971 vivat,
2357 1907 2448 1961 sed
2480 1908 2733 1964 voluntas
2756 1910 2848 1963 Dei
2885 1909 3053 1962 libera
3087 1909 3138 1962 in
3168 1908 3342 1961 omni-

1762 2000 1864 2053 bus
1895 1999 2204 2068 impleatur.
2247 1999 2324 2054 De
2349 2015 2454 2068 qua
2503 1999 2757 2053 nimirum
2794 1998 3071 2052 voluntate
3119 2005 3340 2052 sanctus

1762 2089 2048 2159 Apostolus
2078 2097 2308 2143 testatur
2334 2088 2518 2142 dicens
2548 2105 2562 2142 :
2609 2087 2859 2141 Voluntas
2890 2087 2986 2140 Dei
3030 2097 3104 2140 est
3141 2085 3340 2138 sancti-

1762 2176 1939 2245 ficatio
1961 2189 2150 2241 vestra,
2170 2187 2223 2230 ut
2246 2177 2547 2230 abstinentia
2566 2193 2652 2230 vos
2677 2193 2709 2229 a
2739 2175 3039 2229 carnalibus
3065 2173 3342 2227 desideriis

1764 2269 1815 2338 (I
1848 2268 2024 2323 Thess.
2056 2285 2126 2329 tv,
2161 2271 2237 2336 5).
2274 2269 2340 2322 Ει
2365 2267 2491 2322 alibi
2527 2266 2785 2320 Dominus
2818 2283 2831 2318 :
2866 2263 2993 2318 Htrc
3021 2274 3116 2325 est,
3142 2262 3340 2332 inquit,

1764 2361 2000 2415 voluntas
2016 2358 2194 2413 Patris
2215 2359 2303 2430 qui
2324 2375 2403 2412 me
2427 2358 2658 2421 misit,‘ut
2675 2357 2841 2410 omnis
2862 2355 2950 2424 qui
2966 2354 3098 2407 videt
3126 2351 3342 2411 Filium,

1765 2460 1811 2503 et
1833 2451 1994 2503 credit
2019 2451 2074 2503 in
2089 2465 2228 2509 eum,
2244 2449 2427 2502 habeat
2449 2448 2606 2501 vitam
2631 2455 2882 2500 teternam
2913 2443 3097 2513 (Joan.
3128 2458 3201 2496 vt.
3225 2441 3359 2512 40)..

1767 2539 2114 2610 Quapropter
2135 2548 2191 2593 et
2221 2539 2310 2592 hic
2340 2553 2446 2592 non
2473 2537 2612 2605 quod
2639 2536 2735 2598 illi,
2759 2537 2852 2590 sed
2876 2535 3017 2604 quod
3042 2534 3201 2588 nobis
3225 2548 3348 2602 pro-

1767 2632 1858 2694 sit,
1886 2630 2076 2684 devote.
2096 2643 2335 2682 oramus.
2369 2627 2502 2682 Cum
2530 2641 2662 2696 ergo
2688 2627 2932 2688 dicimus,
2961 2624 3083 2678 Fiat
3107 2623 3346 2678 voluntas

1767 2729 1882 2782 tua,
1904 2718 2247 2788 cogitandum
2288 2725 2372 2771 est
2410 2731 2514 2786 qua
2544 2715 2646 2770 ﬁde
2679 2716 2941 2779 dicamus,
2973 2729 3145 2783 quave.
3177 2712 3347 2782 326

1766 2807 2060 2871 charitate;
2093 2806 2219 2874 quia
2251 2819 2406 2860 nemo
2453 2803 2712 2858 hresitans
2748 2803 2816 2856 de
2855 2802 3032 2857 Patris
3061 2801 3340 2856 voluntate

1766 2912 2004 2967 unquam
2036 2905 2182 2950 recte
2218 2904 2356 2950 orat.
2387 2893 2594 2956 Idcirco
2620 2909 2811 2964 magna
2842 2892 2994 2958 ﬁdes,
3026 2908 3218 2960 magna
3250 2892 3344 2946 de-

1766 2988 1947 3050 votio,
1982 3001 2169 3056 magna
2215 2983 2517 3047 securitas,
2549 2983 2614 3036 de
2659 2981 3085 3036 incommutabili
3136 2980 3345 3035 Domini

1765 3076 2005 3131 bonitate
2027 3075 2165 3130 scire
2203 3074 2346 3143 quod
2378 3073 2511 3128 nihil
2543 3071 2666 3126 mali
2707 3071 2856 3134 velit,
2892 3072 3019 3136 imo,
3051 3071 3346 3126 secundum

111 3175 370 3218 censentur
402 3164 646 3226 nomine,
686 3162 987 3232 quantitate
1025 3162 1342 3216 meritorum
1383 3159 1656 3222 dilatetur,

1769 3165 2079 3236 Apostolum
2111 3183 2123 3219 :
2157 3139 2348 3220 omnes
2386 3163 2618 3217 homines
2663 3161 2770 3215 vult
2815 3161 2985 3216 salvos
3024 3161 3158 3230 ﬁeri,
3183 3170 3230 3215 et
3276 3159 3346 3212 ad

111 3263 170 3318 et,
196 3257 470 3309 evacuatis
497 3255 674 3317 malis,
717 3253 1044 3307 clariticetur
1089 3251 1401 3306 virtutibus.
1442 3249 1665 3319 Insuper

110 3348 311 3402 extende
336 3347 558 3402 oculum
583 3347 776 3402 mentis
796 3345 861 3399 ad
883 3345 1008 3398 illud
1032 3343 1276 3397 ultimum
1299 3342 1642 3411 repromissio

108 3435 179 3488 nis
204 3435 363 3499 diem,
396 3436 611 3504 quando
640 3433 685 3488 si
707 3432 1074 3504 permanseris
1100 3431 1152 3484 in
1181 3429 1468 3498 adoptione
1515 3429 1667 3482 audi-

110 3531 248 3579 turus
289 3540 348 3579 es
408 3542 425 3577 :
477 3522 678 3589 Venite,
710 3523 962 3578 benedicti
1019 3519 1192 3574 Patris
1239 3520 1379 3585 mei,
1419 3519 1666 3588 percipite

113 3631 333 3685 regnum.
357 3615 594 3670 Extende
622 3615 785 3686 igitur
824 3613 1037 3676 oculum
1079 3611 1200 3674 ﬁdei
1249 3619 1306 3672 et
1355 3608 1663 3670 charitatis,

113 3710 446 3778 apprehende
492 3709 744 3780 precibus
789 3706 947 3762 simul
999 3705 1180 3760 omnia
1231 3719 1351 3774 qua:
1404 3701 1664 3771 magister

115 3798 338 3853 veritatis
364 3799 556 3869 paucis
585 3798 852 3854 conclusit
897 3797 1094 3852 verbis.
1133 3794 1240 3851 Ora
1275 3794 1369 3849 Dei
1398 3793 1574 3847 Patris
1611 3792 1664 3846 in

108 3886 254 3957 325
278 3889 482 3943 cunctis
522 3888 775 3943 adveniat
820 3902 1076 3957 regnum;
1119 3900 1238 3950 ora,
1269 3885 1406 3940 utin
1439 3884 1668 3938 creden-

113 3980 258 4042 tibus,
290 3980 565 4034 eracuatis
606 3979 784 4042 malis,
816 3977 1107 4032 virtutibus
1140 3975 1450 4047 amplietur,
1479 3984 1535 4028 et
1585 3987 1668 4028 re~

113 4068 356 4135 splendeat
384 4085 636 4140 congruo
663 4069 882 4125 deitatis
906 4070 1137 4133 honore;
1172 4077 1440 4138 quatenus
1461 4075 1516 4121 et
1536 4077 1669 4120 tem-

114 4172 219 4225 pore
246 4158 489 4224 ﬁniatur,
518 4169 682 4229 atque
723 4159 1043 4214 aeternitatis
1073 4159 1340 4230 principio
1377 4157 1666 4227 gloriosius

114 4247 419 4302 beatitudine
445 4248 818 4304 concludatur.
844 4246 968 4302 llaec
995 4248 1138 4301 enim
1166 4247 1346 4301 dicere
1370 4244 1456 4300 vel
1479 4253 1669 4315 optare

116 4339 506 4393 criminosorum
535 4355 692 4394 nemo
734 4341 918 4405 audet,
944 4339 1067 4407 quia
1099 4353 1197 4392 nec
1225 4338 1406 4392 videre
1435 4333 1670 4390 tribunal

111 4426 274 4493 iudicis
295 4439 488 4500 optat;
523 4445 592 4485 eo
633 4430 776 4499 quod
806 4431 858 4484 in
886 4430 1121 4483 adventu
1149 4427 1288 4497 ejus,
1314 4442 1417 4482 non
1463 4423 1669 4494 prmmii

116 4517 310 4580 palmam
331 4535 394 4574 se
425 4528 808 4590 perceptarum
829 4526 1034 4588 sperat,
1050 4519 1144 4572 sed
1174 4525 1313 4572 teste
1334 4513 1666 4571 conscientia
1695 4505 1746 4563 D

117 4607 326 4670 protinus
363 4625 474 4679 pro
519 4609 632 4662 suis
676 4607 910 4662 reatibus
953 4607 1202 4676 excipere
1237 4604 1406 4675 magis
1448 4618 1664 4674 poenam

119 4694 254 4749 timet.
299 4697 421 4767 Age
451 4712 602 4765 ergo,
643 4696 888 4766 quisquis
926 4711 1006 4762 es,
1034 4695 1224 4750 saltem
1250 4703 1374 4764 opta
1421 4709 1564 4748 nunc
1611 4693 1666 4748 in

117 4790 346 4852 tempore,
375 4795 446 4840 ut
482 4785 701 4840 exuaris
729 4785 981 4839 vitiorum
1029 4785 1209 4848 malis,
1230 4793 1286 4838 et
1325 4785 1506 4838 veniat
1528 4783 1580 4837 in
1615 4792 1667 4837 te

116 4871 299 4928 virtutis
336 4887 606 4944 regnum;
636 4873 764 4942 quia
790 4873 932 4928 Deus
959 4873 1216 4926 virtutum
1257 4880 1340 4927 est
1368 4880 1422 4926 et
1452 4888 1557 4927 non
1588 4871 1669 4925 vi-

117 4959 302 5016 tiorum.
329 4962 477 5032 Opta
517 4962 681 5032 igitur
721 4962 776 5016 in
823 4961 1081 5016 membris
1111 4960 1312 5015 Christi
1342 4969 1400 5017 ut
1442 4973 1668 5014 numero

120 5049 374 5120 colligas-is,
391 5062 456 5108 et
473 5051 733 5121 quidquid
753 5059 876 5105 orat
894 5051 1204 5105 universum
1228 5064 1427 5119 corpus
1451 5048 1503 5104 in
1534 5055 1666 5112 toto,

121 5138 170 5190 sd
207 5141 512 5196 membrum
542 5155 712 5210 usque
741 5140 1038 5212 perveniat,
1068 5139 1114 5193 si
1145 5139 1284 5195 forte
1312 5154 1407 5208 spe
1455 5152 1520 5192 ac
1566 5136 1671 5191 ﬁde

121 5229 186 5279 vel
208 5231 473 5286 eharitate
523 5230 688 5287 fueris
717 5239 1008 5293 recreatus
1042 5247 1054 5283 :
1089 5238 1150 5284 ut
1193 5228 1352 5284 simul
1385 5227 1550 5296 capiti
1604 5242 1670 5282 ac

121 5321 344 5377 membris
369 5323 601 5389 orando,
631 5325 864 5395 agendo,
890 5322 1000 5378 vita
1039 5330 1095 5377 et
1133 5321 1371 5375 moribus
1414 5321 1668 5390 deinceps

123 5406 318 5464 ﬁdeliter
345 5410 670 5467 collabores.
716 5411 965 5481 Alioquin
1002 5410 1128 5467 licet
1157 5411 1340 5465 venire
1369 5409 1516 5464 illum
1558 5423 1664 5463 non

123 5494 374 5558 τεϋεςιιοο
415 5498 676 5567 judicium
724 5516 832 5555 non
877 5498 1118 5570 ell’ugies,
1150 5511 1206 5553 et
1248 5513 1462 5569 pmnam
1506 5514 1670 5569 quam

125 5589 349 5650 formidas
376 5598 518 5652 male
547 5598 720 5654 victus
762 5600 1023 5668 exeipies.
1073 5600 1248 5664 Disce,
1280 5599 1458 5664 velim,
1483 5599 1668 5667 longa-

128 5691 418 5760 nimitatem,
439 5707 492 5751 et
507 5713 800 5756 consuescc
819 5697 1224 5769 infatigabiliter
1240 5700 1500 5754 laborare.
1532 5698 1670 5752 Ecce

1769 3259 2087 3328 agnitionem
2121 3256 2350 3310 veritatis
2385 3256 2561 3309 venire
2586 3254 2639 3323 (I
2664 3254 2798 3308 Tim.
2830 3271 2894 3318 ll,
2925 3255 3002 3324 4).
3033 3253 3222 3308 Nullus
3248 3253 3348 3323 igi-

1772 3358 1859 3402 tur
1888 3350 1987 3402 ista
2033 3362 2099 3401 ex
2129 3346 2326 3401 atl‘ectu
2375 3354 2554 3416 potest
2579 3345 2781 3407 dicere,
2811 3344 2911 3398 nisi
2942 3344 3032 3412 qui
3071 3360 3168 3413 pro
3194 3351 3344 3398 certo

1768 3440 2014 3503 credidit,
2041 3440 2220 3493 omnia
2248 3453 2368 3507 qua:
2404 3438 2674 3501 videntur,
2697 3436 2779 3490 vel
2802 3452 2920 3506 quae
2950 3451 3055 3490 non
3080 3435 3347 3498 videntur,

1768 3544 2027 3599 prospera
2060 3529 2142 3583 vel
2179 3529 2424 3591 adversa,
2455 3525 2620 3580 Deum
2650 3539 2748 3593 pro
2783 3525 2983 3578 nostris
3023 3509 3360 3576 utilitatibus

1769 3620 2101 3689 dispensare.
2142 3617 2365 3686 Oportet
2409 3615 2554 3668 enim
2584 3614 2688 3668 ﬁde
2725 3613 2917 3667 devota
2958 3612 3200 3674 credere,
3226 3625 3339 3662 ma-

1769 3709 1850 3778 gis
1879 3723 2002 3762 cum
2048 3723 2145 3776 pro
2177 3716 2363 3761 nostra
2409 3705 2581 3760 salute
2621 3705 2740 3759 sine
2789 3703 2894 3757 ulla
2945 3700 3346 3756 intermissione

1769 3816 1889 3856 esse
1915 3801 2196 3872 providum
2223 3816 2287 3854 ac
2316 3799 2680 3868 dispensative
2709 3797 3019 3860 sollicitum,
3047 3810 3213 3864 quam
3246 3807 3348 3846 nos

1770 3893 1916 3962 ipsos
1962 3907 2059 3962 pro
2101 3891 2276 3946 nobis.
2316 3890 2488 3953 Unde,
2517 3890 2563 3944 si
2607 3889 2727 3957 quis
2761 3888 2864 3941 ista
2908 3886 3206 3941 deliberato
3256 3882 3342 3937 vel

1771 3983 1878 4036 ﬁxo
1907 3991 2052 4037 tenet
2077 3981 2510 4050 animo,semper
2534 3979 2599 4033 ad
2632 3977 2746 4046 ejus
2767 3974 2962 4046 pendet
2991 3974 3343 4035 voluntatem,

1770 4074 1904 4128 nihil
1950 4076 2017 4129 de
2062 4088 2121 4129 se
2161 4088 2520 4143 praesumens,
2551 4071 2740 4126 diebus
2771 4085 2835 4125 ac
2862 4069 3112 4124 noctibus
3146 4066 3352 4135 jugiter

1774 4165 2023 4233 implorat
2051 4164 2194 4220 illius
2225 4164 2277 4218 in
2306 4163 2462 4218 nobis
2491 4162 2586 4216 ﬁat
2630 4161 2901 4224 voluntas,
2933 4174 3052 4228 qua:
3077 4170 3347 4225 nunquam

1771 4253 1882 4308 falli
1907 4262 2106 4322 potest,
2133 4268 2406 4323 nunquam
2436 4251 2730 4313 immutari,
2765 4265 3038 4320 nunquam
3075 4247 3197 4302 ullis
3229 4245 3354 4301 affe-

1771 4345 1948 4399 ctibus
1987 4343 2292 4414 depravari.
2324 4342 2456 4396 Nam
2486 4343 2603 4412 ejus
2641 4340 2890 4394 voluntas
2932 4337 3078 4392 salus
3102 4344 3186 4392 est
3237 4350 3354 4390 om-

1773 4434 1942 4487 nium.
1978 4432 2089 4488 Hoc
2133 4433 2330 4502 quippe
2373 4439 2596 4486 noverat
2643 4430 2782 4484 idem
2811 4428 3000 4483 unicus
3026 4426 3194 4480 Filius
3239 4439 3353 4478 ma-

1772 4526 1940 4595 gister
1987 4523 2255 4588 veritatis,
2289 4538 2412 4577 eum
2454 4522 2668 4576 dicebat
2697 4538 2709 4572 :
2745 4517 2928 4580 Pater,
2956 4525 3185 4571 transeat
3211 4533 3244 4569 a
3272 4531 3356 4569 me

1771 4615 1910 4669 calix
1938 4616 2052 4676 iste,
2090 4621 2440 4668 verumtamen
2465 4628 2568 4664 non
2599 4626 2710 4662 utea
2742 4606 3002 4670 voluntas,
3029 4605 3117 4658 sed
3143 4614 3234 4658 tua
3258 4604 3355 4672 ﬁat

1773 4702 1988 4774 (Matth.
2014 4717 2162 4765 xxvr,
2192 4700 2303 4769 39).
2333 4700 2396 4752 Et
2418 4699 2522 4752 alio
2541 4699 2592 4752 in
2616 4697 2730 4752 loco
2763 4714 2776 4749 :
2804 4686 2926 4748 Non
2952 4694 3060 4748 veni
3083 4702 3137 4747 ut
3160 4692 3356 4762 faciam

1771 4791 2086 4846 uoluntatem
2111 4805 2312 4854 meam,
2345 4787 2434 4842 sed
2470 4786 2784 4841 voluntatem
2826 4783 2940 4853 ejus
2961 4783 3049 4852 qui
3075 4782 3212 4835 misit
3247 4796 3351 4844 me,

1774 4880 1951 4935 Patris
2003 4878 2184 4950 (Joan.
2211 4893 2287 4942 Vl,
2309 4877 2421 4946 58).
2455 4875 2582 4929 Plus
2618 4875 2764 4928 enim
2803 4872 2868 4927 de
2904 4871 3062 4926 Patre
3089 4885 3248 4940 quam
3286 4867 3356 4924 de

1773 4984 1833 5025 se
1860 4967 2166 5023 humanitas
2195 4966 2455 5036 assumpti
2489 4964 2720 5020 hominis
2752 4963 3129 5032 praesumebat,
3159 4968 3217 5012 ut
3237 4973 3357 5013 ont-.

1773 5058 1936 5112 nibus
1975 5055 2286 5112 ostenderet
2336 5063 2536 5120 quanta
2581 5061 2635 5106 ct
2675 5052 2850 5121 qualis
2896 5051 3088 5105 ﬁducia
3133 5049 3185 5102 in
3235 5046 3354 5115 ejus

1774 5147 1980 5204 debeat
2012 5145 2308 5200 consistere
2342 5143 2633 5197 voluntate.
2688 5142 2828 5196 Nulli
2884 5141 3133 5201 dubium,
3166 5129 3353 5191 secun-

1773 5239 1898 5292 dttm
1943 5238 2087 5306 quod
2127 5235 2360 5291 Joannes
2388 5235 2464 5288 ait
2495 5251 2508 5288 :
2538 5233 2641 5298 Qui
2684 5233 2863 5302 fecerit
2894 5229 3205 5285 voluntatem
3234 5225 3350 5290 Dei,

1774 5337 1981 5382 maneat
2016 5328 2072 5382 in
2114 5337 2362 5382 retentum
2405 5323 2455 5396 (Ι
2503 5322 2667 5378 Joan.
2716 5339 2773 5387 ιι,
2808 5321 2915 5391 17).
2959 5317 3164 5372 Idcirco
3211 5313 3350 5368 dila-

1777 5429 1960 5476 tentur
2006 5419 2194 5484 animi,
2229 5427 2440 5473 crescat
2489 5416 2732 5474 allectus.
2769 5411 3136 5482 concipiamus
3176 5413 3355 5486 mente

1777 5513 1919 5582 quod
1942 5517 2190 5576 oramus;
2221 5512 2348 5580 quia
2389 5509 2648 5578 quidquid
2681 5507 2936 5577 magister
2973 5501 3216 5570 caelestis
3255 5499 3352 5552 do~

1780 5604 1891 5659 cuit
1919 5603 2098 5659 verbis
2126 5603 2208 5658 vel
2232 5603 2513 5670 exetuplis,
2545 5603 2658 5656 haec
2687 5609 2771 5654 est
2795 5599 3047 5652 voluntas
3075 5593 3272 5657 Patris
3297 5599 3355 5644 ut

1779 5696 1958 5750 omnia
1986 5695 2371 5764 con-:pleantur.
2409 5694 2488 5748 Ad
2527 5695 2625 5747 hoe
2652 5693 2844 5761 quippe
2873 5691 3069 5761 scripta
3095 5688 3176 5743 vel
3205 5694 3354 5758 gesta
