4000 6362
616 347 719 402 287

1395 344 1453 396 S.
1495 340 1845 397 P.\SClI.\SlI
1888 338 2231 394 llA'l'lilil‘tTl
2272 336 2563 392 ABBATIS
2601 337 3053 394 CORBEIENSIS

3783 336 3901 394 288

617 468 762 523 sunt,
793 468 849 513 ιιι
871 457 1096 513 ﬁdeliter
1125 472 1222 526 pro
1248 455 1420 510 salute
1454 466 1636 509 nostra
1663 454 1916 523 operibus
1960 456 2189 521 pe'raga-
2221 454 2266 510 Λ
2295 449 2735 517 quandodicatur
2752 449 2802 504 ei
2829 465 2843 502 :
2876 448 2975 504 Hic
2995 448 3155 505 labiis
3181 467 3267 505 tne
3289 451 3539 515 bonorat,
3573 467 3671 506 eor
3698 460 3899 505 autem

621 563 763 608 mus.
798 549 948 606 Unde
991 548 1273 619 provideat
1301 548 1668 616 tnutsqnisque
1697 547 1747 599 in
1784 560 1840 600 se
1869 544 1995 613 quid
2043 541 2190 601 velit,

620 642 747 713 quid
771 641 823 695 in
847 639 1008 695 corde
1027 649 1197 710 gerat.
1226 637 1378 705 Quod
1402 638 1445 690 si
1477 637 1667 691 viderit
1691 636 2017 691 voluntatem
2041 645 2192 686 suam

622 733 676 788 i-n
712 731 893 801 aliquo
912 746 943 784 a
970 729 1064 785 Dei
1089 728 1367 785 voluntate
1393 729 1723 795 discrepare,
1740 725 1992 792 corrigat
2018 719 2194 791 pravi-

624 832 788 877 tatem
837 834 1012 884 suam,
1046 835 1112 872 ne
1152 818 1293 888 quod
1340 817 1518 872 verbis
1544 826 1680 877 orat,
1714 814 1953 869 moribus
1980 819 2197 867 contra-

621 912 786 966 dicat.
824 910 1187 980 llinc'quippe
1227 908 1486 977 scriptum
1512 915 1601 960 est
1634 924 1647 960 :
1679 905 1747 959 Et
1776 924 1807 959 a
1840 903 2221 959 voluntatibus‘

619 999 724 1054 tuis
743 1012 914 1055 averte
939 998 1129 1071 (Eccli.
1154 1014 1305 1062 xvtu,
1324 997 1435 1066 δυ).
1461 998 1566 1052 Sed
1592 998 1716 1066 quia
1739 997 1805 1050 de
1820 995 1960 1050 coelo
1989 995 2192 1058 anima,

618 1105 747 1160 pars
775 1090 899 1145 cteli
934 1104 1154 1154 sumus;
1196 1090 1261 1144 tle
1298 1098 1440 1143 terra
1471 1104 1598 1143 vero
1633 1104 1845 1156 corpus,
1875 1102 2001 1155 pars
2038 1094 2197 1138 terra;

619 1193 741 1233 esse
769 1179 1176 1243 convincimur;
1205 1177 1324 1232 ideo
1347 1179 1545 1238 adhuc,
1580 1178 1722 1231 sicut
1746 1177 1822 1229 ait
1863 1175 2149 1244 Apostolus
2175 1190 2190 1227 :

620 1267 757 1322 Caro
779 1269 1087 1337 concupiscit
1109 1267 1355 1321 adversus
1376 1268 1640 1336 spiritum,
1654 1275 1700 1320 et
1720 1266 1927 1336 spiritus
1947 1265 2194 1318 adversus

620 1368 827 1410 carnem
854 1356 997 1428 (Gal.
1026 1373 1094 1423 v,
1113 1358 1222 1426 l7).
1257 1355 1409 1411 Unde
1434 1357 1698 1409 duntaxat
1722 1354 1854 1408 velle
1876 1354 2195 1423 quantisper

619 1446 843 1515 aeljaeet,
876 1446 1138 1515 perﬁcere
1158 1454 1338 1500 autem
1370 1446 1568 1498 bonum
1599 1444 2040 1498 uoninvenimns.
2071 1443 2194 1497 Ideo

617 1552 865 1591 oramus:
892 1535 1016 1589 Fiat
1034 1537 1270 1590 roluntus
1297 1548 1410 1601 tua,
1437 1539 1574 1591 sicut
1600 1538 1655 1590 in
1688 1536 1834 1601 coelo,
1857 1536 2105 1590 videlicet
2138 1535 2193 1588 in

618 1624 832 1692 spiritu,
864 1626 939 1678 sic
960 1635 1006 1678 et
1050 1626 1105 1678 in
1136 1634 1298 1689 terra,
1332 1632 1602 1695 quatenus
1628 1640 1756 1680 caro
1791 1635 1844 1679 et
1892 1626 2069 1678 anima
2105 1624 2192 1678 ille

618 1716 875 1784 spiritalis
904 1717 974 1771 sit
997 1718 1179 1781 homo,
1207 1719 1274 1772 de
1302 1734 1408 1787 quo
1434 1719 1581 1772 cauit
1609 1717 1773 1770 David
1809 1736 1821 1770 :
1857 1716 1959 1769 Cor
1997 1732 2189 1781 meum,

2296 538 2411 608 ejus
2446 538 2602 609 longe
2626 548 2710 593 est
2735 554 2765 592 a
2795 554 2912 603 me;
2947 538 3107 609 longe
3137 541 3323 610 utique
3346 557 3376 593 a
3402 540 3597 605 salute,
3624 541 3760 611 quia
3798 557 3897 595 γοο

2296 627 2474 681 luntas
2502 629 2592 682 Dei
2632 628 2778 682 salus
2806 636 2988 683 nostra
3018 629 3277 684 creditur.
3317 629 3547 696 Idcirco,
3579 631 3683 686 etsi
3723 630 3901 684 aliter

2294 718 2540 795 velimus,
2570 734 2781 788 seraper
2819 721 3083 776 orandum
3115 731 3200 777 est
3224 722 3391 793 328
3417 738 3523 777 non
3563 731 3757 777 nostra
3793 723 3897 777 sed

2297 810 2438 864 illius
2473 812 2719 866 voluntas
2748 811 2860 865 ﬁat.
2895 812 3047 879 Quod
3092 813 3139 867 si
3175 813 3366 869 eadem
3397 829 3516 884 qua:
3557 813 3702 868 Deus
3746 814 3901 881 vult,

2296 901 2412 971 ipso
2444 903 2717 972 aspirante
2756 905 2869 973 jam
2912 904 3180 971 volumus,
3212 920 3318 959 non
3349 914 3595 960 nostrum
3639 905 3740 959 sed
3794 904 3897 958 Dei

2298 1010 2492 1049 munus
2529 1004 2631 1050 est.
2661 995 2807 1061 Ideo,
2833 997 3004 1066 magis
3038 997 3106 1051 de
3131 997 3222 1073 illo
3255 1012 3419 1066 quam
3463 996 3529 1050 de
3557 995 3718 1051 nobis
3744 1011 3897 1065 pra:-

2296 1094 2589 1151 sumentes,
2621 1086 2873 1143 submissi
2910 1086 3027 1156 ejus
3082 1088 3542 1159 prtestantissima:
3587 1087 3891 1152 voluntati,

2296 1187 2444 1233 recte
2471 1192 2693 1234 oramus
2728 1196 2743 1232 :
2780 1177 2905 1232 Fiat
2942 1178 3182 1234 voluntas
3209 1188 3299 1232 tua
3323 1180 3378 1232 in
3412 1188 3573 1243 terra,
3603 1178 3657 1233 id
3702 1188 3795 1233 est
3838 1180 3894 1234 in

2296 1267 2472 1333 nobis,
2502 1283 2570 1323 ex
2596 1284 2662 1323 ea
2692 1280 2848 1340 parte
2890 1270 2943 1323 in
2987 1284 3095 1339 qua
3135 1269 3334 1324 terreni
3386 1284 3591 1332 sumus,
3634 1270 3791 1324 sicut
3836 1272 3892 1324 in

2296 1360 2448 1416 caelis
2471 1369 2571 1427 est,
2604 1362 2657 1416 in
2680 1362 2877 1431 quibus
2903 1362 3017 1432 ipse
3038 1362 3269 1416 habitas.
3306 1360 3374 1415 In
3403 1360 3546 1415 uelis
3575 1362 3797 1430 utique,
3832 1373 3895 1416 ut

2295 1451 2551 1518 diximus,
2579 1468 2685 1507 non
2711 1469 2766 1507 tn
2792 1453 2911 1529 istis
2939 1452 3329 1515 materialibus,
3355 1451 3450 1506 sed
3474 1451 3527 1505 in
3554 1453 3771 1507 sanctis
3799 1468 3893 1505 an-

2294 1542 2429 1613 gelis
2457 1544 2513 1597 in
2540 1543 2738 1612 quibus
2776 1543 3015 1613 perfecte
3041 1544 3182 1597 Deus
3211 1541 3451 1596 Trinitas
3477 1551 3777 1611 operatur;
3806 1545 3891 1597 vel

2293 1632 2453 1686 etiam
2481 1632 2534 1686 in
2555 1631 2778 1696 sanctis,
2803 1647 2940 1702 quos
2962 1631 3028 1685 de
3051 1631 3277 1687 terrenis
3297 1630 3518 1686 elevans
3530 1633 3596 1685 ad
3625 1631 3891 1687 sublimia

2293 1740 2393 1795 per
2446 1726 2673 1797 gratiam
2716 1724 2830 1795 jam
2874 1724 3040 1780 celos
3080 1724 3226 1778 fecit.
3273 1725 3332 1777 ln
3377 1724 3576 1794 quibus
3631 1723 3892 1794 profecto

616 1812 664 1857 et
684 1819 807 1858 caro
837 1822 950 1858 mea
976 1805 1138 1875 327
1154 1805 1539 1862 “saltauerunt
1565 1807 1620 1859 in
1645 1806 1809 1859 Deum
1823 1807 1993 1859 rivum
2016 1802 2190 1870 (Paul.

2299 1816 2473 1875 caelis.
2491 1815 2583 1869 Dei
2608 1817 2758 1885 plena
2781 1816 3028 1870 voluntas
3047 1823 3105 1870 et
3128 1814 3366 1885 perlecta
3388 1814 3739 1883 adimpletur,
3758 1831 3888 1869 cum

615 1911 842 1961 uniti,
870 1897 924 1968 5)
952 1916 967 1963 ;
1002 1909 1059 1953 et
1095 1900 1231 1952 idem
1259 1917 1274 1953 :
1306 1897 1476 1953 Sitivit
1498 1898 1552 1950 in
1578 1908 1627 1951 te
1663 1898 1839 1951 animo
1867 1914 2003 1960 mea,
2037 1913 2196 1965 quam

617 1987 973 2058 multipliciter
996 1991 1089 2042 tibi
1120 2006 1243 2043 caro
1270 2006 1382 2042 mea
1413 1986 1588 2058 (Psal.
1617 2005 1748 2050 uti,
1776 1987 1855 2058 2).
1889 1989 2021 2054 Quis
2050 1988 2194 2042 enim

619 2079 831 2147 ignorat
857 2079 909 2132 in
938 2080 1144 2149 angelis
1169 2088 1263 2134 aut
1287 2080 1338 2133 in
1383 2079 1736 2149 spiritalibus,
1765 2080 1889 2150 quia
1920 2081 2059 2134 Deus
2083 2081 2196 2148 spi-

620 2170 755 2224 ritus
775 2178 880 2232 est,
903 2186 1022 2226 esse
1038 2171 1370 2229 voluntatem
1393 2171 1519 2224 Dei?
1546 2170 1676 2224 Nam
1708 2172 1798 2240 qui
1822 2172 2062 2225 adhaeret
2088 2172 2196 2226 Dea

620 2276 759 2314 unus
784 2261 1004 2330 spiritus
1029 2271 1130 2316 est.
1167 2262 1267 2316 Ubi
1296 2276 1426 2332 ergo
1451 2262 1630 2317 unitas
1660 2271 1870 2333 regnat,
1898 2262 2041 2316 nulla
2087 2262 2198 2315 dis-

552 2423 558 2428 ν
614 2351 800 2405 sensio
825 2367 944 2406 esse
971 2362 1166 2423 potest.
1206 2353 1493 2418 Caeterum,
1518 2354 1563 2409 si
1593 2356 1714 2424 quis
1760 2365 1903 2408 terra
1935 2362 2038 2415 est,
2063 2362 2123 2407 et
2144 2353 2195 2406 in

621 2447 820 2492 terram
869 2442 984 2494 ibit.
1015 2440 1146 2496 Nam
1172 2451 1229 2497 et
1271 2444 1371 2498 hoc
1403 2444 1519 2498 loco
1549 2458 1643 2513 per
1670 2454 1868 2497 terram
1904 2443 2197 2497 carnalitas

618 2528 950 2596 designatur,
965 2546 1062 2600 per
1076 2547 1232 2601 quam
1249 2534 1495 2603 malignis
1510 2534 1789 2603 spiritibus
1804 2535 1854 2587 in
1874 2533 2025 2587 nobis
2041 2532 2209 2585 datur.

617 2618 885 2677 accessus.
904 2624 980 2679 De
995 2640 1103 2694 quo
1117 2625 1285 2679 David
1303 2645 1316 2681 :
1338 2626 1471 2679 Dum
1487 2626 1816 2697 appropiant.
1835 2627 2026 2695 iuqttit,
2042 2629 2215 2695 super.

616 2728 696 2764 me
716 2724 973 2781 nocentes,
996 2726 1052 2770 ut
1071 2718 1227 2771 edant
1257 2734 1439 2772 carnes
1470 2734 1614 2772 meas
1645 2715 1817 2789 (Psal.
1845 2716 1993 2779 xxvi,
2026 2715 2099 2786 2).
2135 2718 2198 2770 Et

617 2806 850 2870 sementi
882 2807 932 2858 in
956 2807 1202 2875 paradiso
1228 2826 1240 2860 :
1262 2808 1303 2860 Τ
1304 2825 1497 2870 errant,
1523 2794 1714 2876 inquit,
1738 2808 1971 2860 comedas
1998 2807 2196 2860 cunctis

616 2895 796 2948 diebus
824 2898 941 2949 vita
964 2908 1068 2951 tua:
1092 2896 1244 2966 (Gen.
1278 2913 1359 2959 tn,
1386 2899 1494 2967 li).
1521 2899 1576 2952 In
1600 2914 1704 2967 qua
1735 2898 1986 2951 nimirum
2028 2906 2194 2959 terra,

615 2986 741 3054 quia
789 2995 974 3041 contra
1004 2988 1330 3043 voluntatem
1380 2988 1475 3042 Dei
1534 2989 1733 3057 agitur,
1779 2997 1834 3040 et
1880 2988 2198 3041 adversatur

616 3082 801 3127 contra
828 3074 997 3128 Deum
1024 3076 1257 3131 carnalis
1289 3077 1449 3131 bomo
1494 3084 1707 3139 noster,
1739 3091 2009 3145 rogamus.

698 3162 818 3216 Fiat
847 3154 1085 3219 uoluntas
1124 3176 1215 3219 tua
1249 3167 1301 3219 in
1344 3158 1484 3220 terra
1527 3168 1657 3221 sicut
1694 3168 1747 3220 in
1788 3166 1936 3221 cazlo.
1977 3167 2089 3221 Non
2135 3176 2194 3222 ut

617 3264 761 3309 terra
808 3266 1140 3325 permaneat,
1168 3268 1434 3326 quatenus
1463 3260 1555 3313 illa
1607 3269 1859 3315 manente
1906 3261 1959 3315 in
1999 3276 2060 3315 ea
2105 3269 2194 3315 tua

617 3348 706 3402 ﬁat
733 3348 996 3414 voluntas,
1026 3350 1118 3406 sed
1149 3360 1207 3405 ut
1235 3362 1471 3407 transeat
1519 3355 1774 3423 quidquid
1807 3356 1858 3409 in
1890 3356 2045 3411 nobis
2088 3348 2196 3410 ter-

616 3453 803 3492 renum
827 3450 911 3494 est
939 3449 1032 3495 aut
1051 3442 1286 3507 carnale,
1307 3452 1359 3497 et
1386 3445 1477 3498 ﬁat
1500 3445 1742 3514 spiritale
1763 3456 1925 3515 atque
1949 3447 2196 3501 ineo-rru-

614 3529 818 3596 ptibilc.
851 3530 1101 3601 Alioquin
1144 3532 1196 3586 in
1240 3541 1406 3599 terra,
1435 3550 1555 3604 qua:
1584 3544 1773 3604 quarta
1806 3536 2192 3592 elementorum

613 3621 820 3687 species
848 3626 950 3687 est,
986 3621 1114 3692 quid
1144 3623 1322 3679 minus
1348 3641 1510 3695 quam
1552 3627 1604 3680 in
1646 3627 1785 3683 etelo
1822 3627 1915 3682 Dei
1945 3627 2195 3682 voluntas

614 3720 849 3780 unquam
878 3715 1093 3785 agitur?
1117 3715 1309 3771 Omnia
1336 3719 1551 3786 quidem
1584 3735 1765 3774 rerum
1815 3720 2105 3785 elementa,
2136 3730 2192 3775 et

611 3801 871 3871 quidquid
898 3803 948 3856 in
994 3805 1076 3858 eis
1104 3814 1196 3859 aut
1217 3822 1279 3860 ex
1308 3807 1388 3860 eis
1426 3818 1530 3872 est,
1572 3808 1689 3876 ejus
1718 3809 1998 3877 subjacent
2044 3819 2195 3879 pote-

613 3892 758 3944 stati.
827 3891 1129 3962 Omnisque
1173 3906 1362 3950 natura
1413 3898 1554 3952 illius
1590 3900 1829 3969 imperiis
1880 3902 2191 3964 fatuulatur,

611 3979 853 4034 etiamet
881 3983 933 4036 in
965 3984 1219 4040 adversas
1246 3988 1438 4039 transit
1457 3986 1610 4055 jussu
1639 3989 1956 4043 dominante
1980 3991 2194 4056 species

615 4070 698 4124 vel
747 4071 969 4142 ﬁguras,
999 4090 1096 4129 nec
1127 4084 1210 4130 est
1236 4076 1434 4146 aliquid
1464 4080 1606 4147 quod
1640 4080 1935 4133 reluctetur
1972 4080 2086 4146 ejus
2111 4081 2193 4134 di-

614 4160 740 4213 ctis.
771 4160 876 4216 Sed
904 4163 1028 4231 quia
1073 4164 1202 4218 solis
1235 4166 1542 4220 hominibus
1570 4168 1622 4220 in
1653 4168 1812 4221 terris
1856 4168 2078 4223 libertas
2108 4185 2195 4222 ar-

613 4249 759 4305 bitrii
787 4257 1048 4307 concessa
1076 4253 1195 4317 luit,
1213 4256 1353 4309 sicut
1376 4257 1582 4327 angelis
1609 4257 2010 4322 ittcmlestibtts,
2035 4261 2194 4313 doce-

550 4406 556 4415 η
611 4332 737 4395 inur
765 4343 995 4413 denique
1022 4345 1232 4414 precari
1274 4354 1355 4409 ut,
1381 4338 1524 4401 sicut
1556 4347 1627 4401 illi
1667 4346 1782 4415 jam
1826 4364 1923 4417 per
1959 4352 2189 4421 gratiam

612 4435 872 4490 voluntati
912 4436 1028 4504 ejus
1072 4438 1355 4501 inhaerent,
1382 4447 1439 4492 ut
1469 4440 1609 4494 ultra
1659 4456 1757 4496 nec
1810 4457 2058 4510 peccare,
2092 4459 2191 4498 nec

613 4526 884 4595 quidpiam
915 4536 1102 4582 contra
1138 4527 1252 4595 ejus
1283 4530 1607 4586 voluntatem
1650 4534 1811 4585 velint
1855 4544 1947 4588 aut
1977 4535 2190 4604 possint

614 4631 804 4685 agere;
838 4617 910 4671 ita
966 4635 1061 4688 nos
1097 4620 1173 4673 illi
1220 4622 1561 4685 couniamur,
1594 4623 1684 4691 qui
1730 4622 1905 4679 adhuc
1935 4625 1988 4678 in
2046 4634 2190 4679 terra

614 4721 816 4771 smnus,
845 4718 1112 4778 quatenus
1142 4726 1264 4765 cum
1294 4715 1359 4766 'eo
1390 4727 1484 4781 per
1510 4712 1626 4781 ejus
1665 4713 1992 4767 voluntatem
2024 4730 2189 4767 unum

613 4798 800 4853 simus.
826 4799 963 4866 Quid
997 4802 1140 4855 enim
1184 4800 1393 4857 felicius
1426 4801 1763 4871 possidemus
1796 4820 1958 4873 quam
2006 4804 2050 4859 si
2094 4804 2187 4857 Dei

611 4887 941 4942 voluntatem
989 4897 1306 4959 perpetuam
1358 4891 1513 4946 nobis
1559 4893 1977 4947 conservemus?
2024 4891 2188 4959 Cujus

610 4978 748 5034 velle
773 4994 1042 5034 summum
1072 4982 1269 5036 bonum
1298 4991 1381 5036 est
1408 4992 1463 5036 et
1490 4983 1747 5038 virtutum
1776 4984 2017 5038 omnium
2043 4982 2190 5037 dedi-

612 5069 776 5132 catio,
826 5071 1078 5124 vitiorum
1127 5087 1340 5142 quoque
1385 5074 1708 5143 percmptio,
1757 5083 1814 5128 et
1860 5072 2191 5142 perpetuitas

612 5171 825 5215 a'tet'nze
857 5163 1218 5218 beatitudinis.
1267 5163 1376 5219 Hac
1419 5165 1614 5234 quippe
1663 5164 1939 5218 voluntate
1977 5170 2189 5216 terrena

613 5252 921 5307 Ctl'icsliblls
943 5254 1239 5308 sociantur.
1268 5254 1418 5309 Unde
1439 5254 1737 5323 perpendat
1776 5252 1949 5307 ﬁdelis
1979 5251 2191 5304 animus

611 5352 871 5410 quantum
900 5342 1006 5410 sibi
1030 5352 1083 5397 et
1106 5342 1299 5398 saeculo
1320 5353 1564 5399 mortuus
1583 5358 1702 5397 esse
1732 5343 1944 5404 debeat,
1968 5341 2011 5394 si
2037 5355 2189 5394 vera-

612 5433 748 5487 citer
775 5434 884 5486 vult
910 5450 1068 5490 orare
1095 5434 1237 5505 quod
1277 5436 1535 5506 magister
1561 5434 1806 5489 veritatis
1837 5433 2024 5496 docet;
2054 5431 2186 5487 alio-

613 5524 761 5595 quin,
794 5514 1035 5595 quisquis
1062 5543 1217 5582 sttum
1256 5527 1393 5581 velle
1421 5540 1686 5594 suumque
1723 5524 1883 5585 nolle,
1909 5524 2085 5579 adhuc
2133 5525 2185 5577 in

612 5617 773 5670 conlo
797 5618 1119 5684 abstractus,
1135 5619 1297 5683 fovet,
1315 5617 1496 5671 Patris
1520 5614 1654 5670 velle
1674 5615 1727 5668 in
1749 5629 1806 5669 se
1829 5614 2039 5683 impleri
2054 5613 2186 5667 ﬁzle—

615 5708 737 5760 liter
768 5710 983 5765 minime
1030 5719 1201 5780 rogat.
1232 5709 1335 5764 Pro
1363 5724 1491 5777 quo,
1524 5705 1859 5765 admonitus,
1881 5716 2067 5759 caveat
2121 5720 2185 5758 ne

2222 3142 2266 3204 C

2224 4480 2269 4538 D

2299 1906 2354 1960 in
2387 1907 2529 1961 nullo
2556 1908 2623 1959 ab
2648 1921 2710 1960 ea
2739 1921 2940 1960 eorum
2958 1905 3154 1975 aliquis
3194 1905 3506 1974 discrepare
3528 1914 3715 1974 potest
3743 1906 3889 1960 ulte-

2300 1995 2412 2048 rius
2441 1994 2848 2049 autdellectere.
2884 1996 2957 2049 De
2983 2008 3090 2063 qua
3118 1993 3377 2047 nimirum
3401 1992 3682 2048 voluntate
3706 1993 3886 2047 Davizl

2300 2085 2443 2138 canit
2476 2100 2492 2138 :
2526 2084 2590 2138 Ut
2618 2086 2814 2139 videam
2838 2084 3170 2138 voluntatem.
3191 2083 3419 2146 Domini,
3452 2094 3501 2136 et
3531 2084 3737 2137 risitem
3756 2094 3888 2136 tetu-

2297 2174 2440 2243 plum
2480 2183 2720 2228 sanctum
2764 2174 2877 2243 ejus
2924 2172 3096 2243 (Psal.
3135 2188 3209 2235 vt,
3236 2172 3350 2241 24).
3403 2171 3538 2226 llinc
3585 2182 3890 2241 quoqueet

2296 2264 2747 2335 Isaias-propheta
2771 2265 2825 2318 in
2851 2278 3076 2333 persona
3098 2264 3273 2318 Patris
3301 2264 3377 2317 ait
3401 2282 3414 2316 :
3452 2262 3517 2316 Et
3546 2264 3602 2315 in
3633 2265 3886 2317 omnibus

2297 2371 2412 2408 mea
2437 2353 2674 2409 voluntas
2710 2353 2845 2423 (lsa.
2879 2369 3023 2419 XLVI,
3053 2339 3175 2419 l0).
3195 2352 3346 2408 Unde
3369 2368 3593 2407 oramus
3613 2361 3694 2417 ut,
3719 2354 3887 2408 sicuti

2297 2455 2381 2499 est
2402 2445 2512 2513 jam
2559 2447 2610 2499 in
2656 2446 2831 2511 cmlis,
2865 2447 3026 2500 idest
3076 2448 3128 2499 in
3165 2446 3370 2513 angelis
3400 2454 3455 2500 et
3485 2447 3693 2500 sanctis
3742 2445 3883 2513 (jus,

2298 2537 2460 2590 etiam
2491 2546 2541 2591 et
2572 2539 2624 2591 in
2656 2538 2829 2601 nobis,
2859 2538 2984 2607 quia
3014 2538 3197 2591 azlbuc
3218 2553 3284 2590 ex
3311 2546 3465 2605 parte
3492 2546 3636 2590 terra
3662 2553 3880 2597 sumus,

2298 2630 2547 2683 voluntas
2575 2628 2771 2692 Patris,
2805 2630 2869 2683 de
2916 2645 3021 2698 qua
3051 2638 3196 2683 recte
3242 2644 3405 2683 nemo
3434 2629 3527 2697 qui
3579 2628 3758 2682 ﬁdelis
3791 2640 3881 2683 est

2298 2720 2526 2781 dubitat,
2562 2720 2775 2789 penitus
2823 2720 3153 2789 impleatur;-
3192 2729 3464 2789 quatenus
3512 2720 3779 2789 spiritalia
3827 2733 3883 2773 et

2298 2812 2475 2866 divina
2502 2812 2553 2865 in
2589 2811 2840 2865 omnibus
2867 2818 2923 2864 et
2961 2811 3013 2864 in
3042 2810 3269 2881 singulis
3299 2818 3552 2880 agantur,
3579 2817 3635 2863 et
3659 2817 3877 2867 terrena

2298 2899 2569 2953 deﬁciant.
2603 2897 2709 2953 Sed
2748 2899 3069 2953 scrutandus
3109 2907 3195 2953 est
3236 2897 3469 2961 animus,
3497 2905 3553 2950 et
3589 2898 3881 2951 nutrienda

2302 2988 2459 3053 ﬁdes,
2489 2997 2649 3059 atque
2700 2989 3053 3059 intelligentia
3097 2988 3319 3043 uberius
3359 2988 3652 3052 dilatanda,
3700 2987 3882 3042 Patris

2302 3081 2548 3136 voluntas
2593 3096 2753 3150 quam
2807 3081 3044 3150 locuples
3090 3081 3180 3143 sit,
3228 3094 3390 3149 quam
3452 3087 3661 3141 sancta,
3712 3093 3879 3146 quam

2296 3174 2442 3245 justa
2489 3181 2544 3228 et
2590 3172 2918 3234 rectissima,
2951 3187 3111 3241 quam
3161 3171 3274 3242 pia,
3300 3183 3573 3240 quamque
3623 3170 3887 3228 euntibus

2294 3266 2557 3337 proﬁcua.
2591 3264 2725 3318 Nam
2749 3263 2986 3319 omnium
3018 3272 3388 3318 creaturarum
3419 3263 3728 3324 existentia,
3761 3263 3886 3315 sola

2296 3358 2544 3412 voluntas
2570 3356 2664 3411 Dei
2693 3355 2812 3419 fuit,
2843 3355 2969 3424 quia
3002 3355 3120 3425 ejus
3146 3354 3398 3418 voluisse,
3430 3353 3629 3409 fecisse
3653 3359 3764 3407 est.
3816 3353 3899 3406 Et-

2298 3447 2419 3500 ideo
2445 3454 2651 3499 rectum
2683 3452 2766 3498 est
2793 3451 2851 3497 ut
2877 3443 2968 3497 illa
2991 3442 3258 3505 voluntas,
3285 3457 3389 3511 qua
3417 3442 3585 3496 creati
3613 3455 3807 3494 sumus
3827 3450 3890 3491 et

2294 3552 2391 3606 per
2426 3551 2587 3605 quam
2619 3534 2920 3596 existimus,
2941 3533 2992 3585 in
3022 3533 3176 3586 nobis
3202 3532 3295 3585 liat
3318 3539 3373 3586 et
3410 3540 3746 3600 permaneat,
3778 3546 3878 3591 ne,

2294 3626 2363 3679 ab
2387 3640 2449 3678 ea
2486 3623 2746 3683 destituti,
2775 3637 2897 3677 mox
2937 3620 3102 3683 veluti
3132 3620 3211 3675 rei
3242 3617 3686 3676 condemnemur.
3731 3615 3885 3670 Nihil

2294 3730 2422 3785 ergo
2440 3715 2638 3784 juslius
2676 3729 2835 3780 quam
2867 3721 2923 3765 ut
2953 3711 3203 3767 voluntas
3231 3710 3347 3774 Dei,
3372 3720 3479 3779 qua
3503 3708 3883 3769 subsistitnus,

2295 3814 2485 3874 agatur
2534 3804 2584 3856 in
2635 3802 2804 3862 nobis,
2841 3809 3105 3869 quatenus
3145 3801 3212 3854 ab
3262 3800 3400 3869 ipsa,
3447 3812 3545 3867 per
3581 3797 3778 3866 ipsam,
3808 3798 3884 3850 ad

2296 3896 2488 3965 ipsam,
2522 3893 2733 3948 reficitis
2760 3891 3084 3960 quandoque
3131 3889 3531 3959 perveniamus.
3563 3885 3701 3939 Nam
3734 3884 3885 3939 sicut

2296 3986 2438 4040 nulla
2472 3985 2572 4038 alia
2594 3998 2754 4037 causa
2777 3990 2859 4035 est
2898 3997 2996 4036 cur
3022 3980 3325 4043 existimas,
3354 3978 3459 4033 nisi
3484 3976 3598 4032 sola
3623 3976 3885 4030 voluntas

2296 4073 2493 4138 Patris,
2526 4074 2597 4126 ita
2638 4070 2779 4124 nulla
2810 4070 2912 4123 alia
2940 4083 3103 4123 causa
3127 4082 3249 4123 esse
3279 4066 3439 4122 debet
3465 4080 3564 4121 cur
3604 4064 3885 4130 vivamus,

2295 4169 2395 4221 nisi
2433 4177 2490 4220 ut
2517 4165 2762 4220 voluntas
2793 4164 2906 4233 ejus
2935 4164 2986 4215 in
3034 4161 3190 4216 nobis
3234 4159 3488 4215 omnibus
3514 4155 3882 4237 compleatur,

2294 4267 2347 4312 et
2373 4258 2438 4310 ad
2462 4244 2602 4325 quod
2631 4254 2795 4310 voluit
2821 4267 2918 4307 nos
2938 4267 3080 4316 esse,
3105 4251 3241 4305 satis
3264 4247 3443 4304 devoti
3467 4246 3880 4316 perveniamus.

2295 4347 2559 4403 Caeterum
2589 4345 2730 4413 quod
2770 4352 2911 4397 terra
2941 4356 3146 4407 sumus,
3177 4341 3246 4395 de
3272 4338 3559 4394 maledicto
3589 4344 3706 4401 est;
3745 4337 3881 4404 quia

2295 4451 2435 4494 terra
2466 4456 2541 4501 es,
2577 4438 2774 4506 inquit,
2807 4437 2934 4490 etin
2977 4443 3170 4488 terram
3200 4433 3300 4486 ibis
3334 4430 3490 4501 (Gen.
3534 4443 3618 4494 ut,
3650 4429 3762 4496 l9).
3813 4429 3886 4481 Et

2295 4529 2417 4584 ideo
2442 4528 2675 4597 petimus
2703 4533 2761 4579 ut
2788 4524 3038 4578 voluntas
3059 4522 3172 4587 Dei,
3196 4536 3317 4592 quae
3334 4520 3401 4575 de
3429 4526 3575 4573 terra
3600 4517 3772 4572 catlos
3801 4516 3885 4571 l‘e—

2294 4620 2392 4682 cit,
2436 4618 2529 4670 ﬁat
2559 4617 2611 4668 in
2655 4615 2831 4678 nobis,
2861 4621 3130 4684 quatenus
3160 4619 3216 4665 et
3261 4610 3363 4678 ipsi
3390 4608 3513 4664 coeli
3564 4607 3757 4661 simus.
3812 4606 3886 4660 Et

2297 4709 2591 4764 notandum
2623 4706 2765 4776 quod
2793 4722 2895 4761 non
2927 4705 3003 4758 ait
3032 4722 3044 4757 :
3078 4704 3198 4758 Fiat
3220 4701 3474 4757 voluntas
3504 4706 3687 4753 nostra
3735 4697 3889 4751 sicut

2293 4809 2402 4862 tua,
2425 4807 2518 4851 aut
2537 4796 2656 4851 Fiat
2674 4796 2923 4851 voluntas
2944 4804 3063 4863 qua:
3089 4794 3143 4847 in
3168 4792 3332 4846 terris
3350 4799 3452 4855 est,
3472 4788 3632 4843 sicuti
3658 4786 3885 4841 illorum

2292 4890 2539 4957 quisunt
2561 4888 2615 4942 in
2644 4887 2827 4950 caelis;
2857 4884 2950 4940 sed
2980 4887 3058 4939 ait
3083 4903 3094 4937 :
3123 4884 3241 4938 Fiat
3266 4881 3515 4936 voluntas
3543 4887 3633 4933 tua
3654 4878 3797 4932 sicut
3820 4877 3886 4931 in

2295 4977 2463 5038 caelis,
2492 4985 2548 5031 et
2576 4976 2628 5030 in
2660 4984 2826 5029 terra.
2863 4972 2935 5028 Ut
2957 4973 3115 5027 sicuti
3144 4971 3220 5026 illi
3239 4970 3352 5037 jam
3379 4984 3483 5024 non
3516 4966 3619 5023 sibi
3661 4964 3882 5028 vivunt,

2293 5065 2456 5138 329
2484 5065 2578 5120 sed
2602 5065 2850 5119 voluntas
2877 5061 2993 5131 ejus
3020 5063 3074 5117 in
3105 5062 3186 5116 eis
3211 5059 3377 5122 vivit,
3409 5066 3466 5113 et
3506 5072 3605 5126 per
3629 5068 3727 5110 eos
3754 5071 3889 5124 qua:

2294 5156 2407 5210 vult
2429 5162 2683 5226 operatur
2706 5170 2720 5219 ;
2744 5154 2816 5207 ita
2836 5161 2893 5207 et
2910 5153 2963 5206 in
2987 5150 3144 5206 nobis
3161 5158 3218 5203 et
3238 5149 3290 5202 in
3310 5148 3564 5203 omnibus
3582 5144 3674 5214 qui
3695 5144 3886 5199 adhuc

2296 5245 2494 5300 terreni
2525 5252 2648 5299 sunt
2673 5281 2689 5307 ,
2719 5241 2969 5297 voluntas
2998 5240 3092 5295 Dei
3124 5238 3220 5292 ﬁat
3245 5278 3260 5303 ,
3292 5245 3349 5292 et
3375 5252 3497 5306 qua:
3522 5233 3714 5290 salutis
3748 5236 3887 5287 sunt

2295 5344 2567 5405 operetur.
2610 5333 2728 5388 Non
2755 5333 2899 5388 enim
2922 5346 3145 5387 oramus
3173 5338 3381 5384 tantum
3410 5335 3471 5381 ut
3495 5325 3729 5380 velimus
3752 5337 3886 5391 qua:

2295 5424 2431 5478 bona
2460 5431 2607 5488 sunt,
2637 5424 2761 5492 quia
2789 5420 2926 5476 velle
2949 5429 3006 5476 et
3024 5434 3131 5475 non
3161 5417 3423 5489 perﬁcere
3448 5414 3742 5470 inﬁrmitas
3765 5420 3881 5471 est.

2295 5515 2388 5572 sed
2419 5516 2586 5570 libere
2610 5515 2840 5583 petimus
2872 5521 2932 5566 ut
2956 5513 3073 5583 ejus
3098 5509 3368 5571 voluntas,
3399 5521 3520 5575 qua:
3546 5503 3703 5559 valde
3722 5503 3887 5557 dives

2295 5618 2377 5665 est
2399 5652 2412 5674 ,
2442 5608 2684 5678 nihilque
2705 5606 3035 5662 inﬁrmitatis
3062 5605 3267 5660 habens
3294 5641 3309 5666 ,
3348 5596 3588 5666 nihilque
3616 5593 3747 5650 mali
3776 5594 3885 5646 ad-

2297 5701 2531 5755 mittens.
2569 5698 2657 5751 ﬁat
2692 5699 2741 5751 in
2766 5696 2945 5758 nobis,
2968 5703 3231 5763 quatenus
3257 5690 3437 5746 omnia
3469 5688 3582 5757 ipse
3613 5695 3884 5755 operetur
