4000 6362
92 271 176 327 289

844 272 1210 335 EXPOSITIO
1248 275 1313 329 IN
1356 276 1789 331 MATTIIA‘IUM.
1830 307 1899 316 —
1936 277 2063 332 LIB.
2103 277 2196 342 IV,
2236 277 2385 333 CAI'.
2436 278 2517 333 Vl.

3206 288 3312 344 290

92 390 132 440 in
153 382 314 440 nobis.
339 381 474 449 Quia
496 380 804 452 quicunque
827 383 1019 452 spiritu
1044 384 1136 439 Dei
1161 395 1413 455 aguntur,
1441 388 1490 440 Ιιί
1513 398 1636 441 sunt
1667 394 1709 447 Λ
1741 396 1941 441 latores
1972 387 2201 453 Christi,
2229 391 2319 460 qui
2364 392 2434 445 ait
2476 410 2488 445 ε
2524 391 2583 446 Si
2611 395 2724 463 quis
2770 397 2947 464 fecerit
2992 400 3309 460 rolimtrttem

89 477 161 529 lilii
182 473 286 528 Dei.
304 471 606 536 Caeterum,
629 471 722 542 qui
742 483 864 541 post
893 490 1018 528 suas
1041 474 1338 529 voluntates
1359 477 1533 530 adhuc
1557 478 1635 532 ire

91 569 328 627 sinuntur,
357 563 526 617 veluti
557 564 651 617 irae
680 564 797 627 ﬁlii,
831 580 927 619 sua
963 565 1275 620 infelicitate
1318 579 1631 636 pascuntur,

89 659 170 711 nisi
197 656 517 726 quandoque
564 655 633 711 ad
675 655 1006 712 voluntatem
1052 656 1150 712 Dei
1195 659 1439 713 bonitate
1467 660 1634 729 ipsius

86 749 370 810 vincantur,
407 756 466 799 et
510 744 777 799 ditissima
806 747 976 800 virtus
1008 746 1206 802 Christi
1235 749 1316 804 eis
1349 749 1633 804 subvenire

85 837 322 905 dignetur.
347 834 520 888 Porro
547 835 602 889 hi
624 835 716 903 qui
738 834 852 902 jam
882 851 1002 904 qua:
1026 838 1164 892 Deus
1186 839 1299 892 vult
1318 878 1333 903 ,
1376 839 1633 893 divinitus

86 927 327 996 iaspirati,
377 929 634 981 ardenter
677 927 897 991 volunt,
956 928 1255 993 nectalem
1303 929 1630 985 voluntatem

83 1017 302 1085 operibus
345 1025 778 1086 consequuntur.
826 1018 979 1087 quasi
1014 1017 1359 1087 perfectionis
1406 1021 1630 1090 gradum

89 1119 269 1174 tenent,
302 1124 405 1164 nec
446 1110 581 1164 adeo
623 1109 761 1163 beati
806 1111 1205 1165 existimantur.
1254 1112 1404 1167 Unde
1446 1114 1632 1169 doctor

78 1203 326 1272 egregius,
373 1211 432 1253 ut
468 1201 702 1271 ιιι-ωηιίεί
733 1219 747 1254 :
793 1199 959 1269 Velle,
1001 1203 1204 1273 inquit,
1236 1205 1439 1274 adjacet
1466 1206 1627 1271 milii,

75 1292 291 1359 perﬂare
336 1301 513 1344 autem
563 1291 755 1344 bonum
803 1308 907 1347 non
953 1292 1156 1347 invenio
1192 1292 1363 1363 (Rom.
1390 1294 1625 1365 “1.18).

73 1382 129 1434 Et
150 1382 267 1445 ideo,
306 1381 578 1435 instanter
604 1381 748 1449 quod
792 1380 1086 1450 perfectius
1114 1392 1200 1437 est
1236 1383 1624 1438 obsecramus:

76 1470 177 1523 Fiat
205 1470 442 1524 voluntas
464 1481 556 1522 tua
581 1472 717 1523 sicut
742 1471 798 1522 iu
823 1470 1024 1526 caelo.“
1049 1472 1103 1524 in
1125 1481 1286 1526 terra.
1317 1472 1471 1539 Quia,
1503 1472 1629 1528 licet

70 1564 115 1614 in
137 1571 271 1614 terra
298 1562 395 1614 ﬁat
409 1558 654 1614 voluntas
677 1568 765 1627 tua
783 1574 882 1629 per
902 1568 1243 1629 potestatem,
1271 1569 1448 1614 tamen
1472 1561 1628 1631 longe

26 1666 31 1670 ι
68 1649 213 1701 aliter
252 1648 367 1715 jam
416 1648 470 1701 lit
504 1649 555 1702 in
606 1647 762 1702 ca‘lis
806 1664 903 1718 per
935 1649 1186 1720 gratiam.
1224 1649 1375 1705 Unde
1403 1666 1625 1707 oramus

1737 473 1916 531 Patris
1940 478 2059 543 mei,
2097 481 2187 549 qui
2221 480 2275 534 in
2308 482 2448 535 caelis
2473 493 2569 546 est,
2602 485 2708 553 ipse
2738 503 2888 540 meus
2922 488 3104 555 frater,
3139 510 3306 561 soror,

1735 575 1783 618 et
1810 578 1976 620 mater
1998 577 2071 620 est
2100 568 2314 637 (Matth.
2347 587 2399 633 ι..
2436 570 2554 640 f2);
2588 584 2752 644 alque
2777 577 2917 632 idem
2954 581 3018 633 de
3045 598 3103 635 se
3131 599 3144 635 :
3186 583 3307 639 Non

1736 655 1847 707 veni
1874 656 2046 723 facere
2070 658 2382 713 voluntatem
2412 678 2600 726 meum,
2630 666 2720 718 sed
2744 667 3055 722 voluntatem
3086 672 3197 739 ejus
3218 676 3307 743 qui

1734 744 1875 798 misit
1898 762 2001 811 me,
2030 744 2207 801 Patris
2231 750 2410 818 (Jomt.
2443 768 2493 806 vr
2513 793 2528 817 ,
2560 754 2673 825 38).
2709 755 2815 811 Sed
2844 769 2902 812 ιιι
2941 760 3031 813 liat
3064 762 3308 818 voluntas

1733 835 1850 904 ejus
1879 837 1931 890 in
1963 838 2138 902 nobis,
2170 841 2319 906 prius
2345 843 2644 912 inspirante
2671 849 2844 915 gratia
2869 850 3067 917 divina,
3094 868 3309 912 maneat

1733 936 1980 994 prompta
2013 926 2288 992 voluntas,
2318 934 2612 988 secundum
2640 937 2808 991 Deum
2830 978 2845 1001 ,
2873 949 2926 992 et
2953 941 3032 995 sic
3057 959 3271 998 oremus
3289 988 3303 1012 ,

1735 1014 1858 1069 Fiat
1882 1018 2117 1072 voluntas
2141 1031 2251 1085 tua,
2293 1034 2348 1076 ut
2377 1028 2517 1093 quod
2543 1043 2605 1081 ex
2637 1030 2789 1085 nolis
2818 1042 2899 1086 est
2928 1036 3102 1089 minus
3128 1041 3303 1107 possi-

1731 1105 1858 1169 bile,
1889 1107 2004 1175 cjus
2025 1109 2164 1162 dono
2186 1113 2540 1181 compleatur,
2568 1127 2625 1173 ut
2662 1120 2732 1174 ibi
2775 1122 3095 1192 incipiamus
3126 1105 3303 1187 vivere

1733 1194 1821 1248 ubi
1858 1194 2021 1250 futuri
2051 1216 2258 1255 sumus.
2291 1204 2485 1259 Volunt
2514 1209 2732 1275 quidam
2771 1212 3097 1271 volumatem
3127 1218 3305 1275 Patris

1730 1285 1796 1338 ad
1826 1302 2114 1354 personam
2157 1294 2329 1346 sancti
2373 1295 2606 1363 Spiritus
2651 1300 2877 1367 referri,
2923 1313 2977 1358 et
3018 1319 3301 1363 venturam

1731 1389 1955 1445 regnum
1986 1380 2052 1431 ad
2080 1394 2363 1447 personam
2391 1388 2615 1452 Christi,
2646 1391 2712 1444 de
2742 1406 2847 1460 quo
2872 1396 3021 1462 pueri
3046 1400 3135 1466 qui
3160 1416 3301 1468 pm:-

1730 1467 1992 1522 cedebant
2021 1478 2075 1523 ct
2109 1472 2199 1540 qui
2233 1480 2600 1544 sequebantur
2636 1480 2939 1539 clamabant
2960 1526 2974 1549 ,
3025 1467 3301 1557 dicentes,

1729 1554 2063 1611 Benedictum
2108 1578 2318 1630 regnum
2371 1563 2545 1620 Putris
2572 1571 2737 1623 nostri
2778 1572 2948 1627 David
2977 1576 3167 1645 (Marc.
3212 1590 3298 1645 XI,

1729 1646 1841 1715 10).
1873 1648 2136 1704 Czeterum
2165 1654 2234 1707 ad
2259 1670 2543 1723 personam
2574 1661 2784 1728 Patris,
2811 1668 3296 1727 sanctiticationcm

68 1754 158 1791 non
186 1739 632 1808 qnalitercunque
651 1779 667 1804 ,
699 1740 792 1794 sed
821 1741 916 1808 ﬁat
960 1740 1197 1796 uoluntas
1226 1754 1317 1795 tua
1336 1783 1351 1807 ,
1392 1744 1523 1798 sicut
1564 1746 1621 1799 in
1652 1738 1695 1797 Β
1726 1739 1892 1807 ipSius
1920 1743 2157 1797 nominis
2186 1748 2460 1813 pertinere
2486 1751 2609 1819 quis
2637 1753 2886 1811 dubitare
2928 1760 3161 1827 poterit?
3190 1761 3299 1817 Nus

66 1835 187 1887 ralis
210 1844 256 1886 et
286 1834 345 1887 in
379 1844 537 1887 terra.
566 1833 638 1890 Ut
667 1834 812 1889 sicut
842 1835 896 1889 in
923 1834 1077 1891 caelis
1120 1851 1225 1890 non
1257 1836 1357 1891 nisi
1401 1848 1489 1891 tua
1535 1854 1625 1893 vo-

69 1925 218 1980 lunlas
262 1935 461 1994 regnat
486 1936 537 1979 et
564 1933 821 1994 operatur
858 1926 911 1979 in
956 1926 1168 1981 cunctis
1200 1944 1214 1981 :
1250 1926 1324 1980 ita
1346 1936 1401 1983 et
1431 1928 1484 1983 in
1518 1936 1626 1983 tero

68 2018 127 2070 ris
145 2026 398 2087 operetur
440 2017 495 2070 in
526 2016 795 2081 omnibus,
828 2025 881 2071 et
904 2017 1075 2087 gratia
1107 2025 1196 2071 tua
1222 2017 1497 2073 voluntate
1535 2020 1618 2074 di-

67 2109 239 2161 lissima
261 2109 519 2163 obtineat
545 2108 848 2164 universos.
875 2109 955 2163 Ex
986 2126 1095 2179 quo
1131 2111 1428 2179 perpendat
1455 2113 1616 2168 devo-

65 2207 135 2249 tas
154 2198 388 2261 animus,
417 2211 580 2266 quam
612 2197 873 2253 latissimo
896 2200 1017 2254 sinu
1044 2200 1333 2254 charitatis
1356 2203 1617 2257 orandum

63 2294 160 2346 est,
195 2301 376 2354 quave
426 2286 532 2353 fide
576 2287 975 2341 corrolloranda
1023 2297 1109 2343 est
1152 2289 1469 2358 supplicatio
1494 2331 1508 2353 ,
1536 2290 1618 2346 vel

62 2386 228 2443 quanta
248 2391 350 2445 spe
374 2376 647 2444 pascendo
671 2376 742 2429 sit
758 2376 991 2432 devotio.
1017 2376 1151 2431 Nam
1177 2378 1422 2435 voluntas
1442 2380 1618 2435 Patris

65 2468 217 2520 eadem
258 2477 349 2521 est
399 2482 523 2537 qum
563 2475 618 2522 et
645 2467 764 2521 Filii
799 2479 963 2537 atque
993 2469 1226 2539 Spiritus
1254 2471 1447 2526 sancti.
1482 2471 1616 2537 Quia

59 2571 144 2609 non
194 2557 337 2611 aliud
390 2556 506 2610 vult
560 2556 723 2612 Pater
772 2572 934 2627 quam
983 2559 1171 2624 Filius,
1224 2576 1399 2629 neque
1451 2561 1617 2618 Filius

62 2644 177 2696 aliud
215 2660 390 2712 quam
447 2637 610 2700 Pater
658 2655 713 2700 et
739 2646 972 2715 Spiritus
1014 2657 1253 2702 sanctus.
1286 2649 1393 2704 Sed
1443 2648 1618 2705 Patris

59 2741 101 2785 et
143 2732 249 2788 Filii
298 2745 365 2789 et
417 2733 654 2804 Spiritus
705 2732 895 2791 sancti
927 2736 1065 2791 sicut
1103 2754 1205 2792 una
1257 2740 1455 2805 deitas,
1510 2756 1615 2794 una

57 2824 229 2891 virtus,
254 2841 369 2879 una
406 2835 676 2894 potestas,
718 2827 790 2881 ita
824 2844 926 2881 una
954 2838 1009 2883 et
1045 2829 1497 2886 incommutabilis
1524 2847 1613 2888 vo-

57 2910 220 2968 luntas.
252 2914 564 2986 Propterea
593 2931 716 2970 cum
746 2917 813 2971 ad
856 2916 1074 2973 Patrem
1114 2935 1356 2984 oramus,
1383 2929 1440 2974 ut
1472 2920 1615 2977 illius

56 3002 97 3052 in
123 3004 262 3057 nobis
289 3004 400 3058 fiat
422 3004 707 3070 voluntas,
737 3006 816 3061 sic
845 3007 1216 3077 accipiendum
1261 3019 1342 3063 est
1362 3050 1377 3075 ,
1407 3020 1464 3064 ut
1493 3011 1614 3067 Filii

1729 1839 1906 1887 tamen
1929 1833 2127 1900 Patris,
2157 1848 2212 1891 et
2237 1838 2375 1903 Filii,
2408 1851 2462 1896 et
2487 1841 2723 1912 Spiritus
2744 1852 2942 1910 sancti,
2967 1851 3099 1906 sicut
3134 1868 3295 1908 unam

1725 1922 2056 1981 voluntatem
2081 1943 2202 1983 esse
2228 1930 2476 2001 dicimus,
2524 1935 2596 1987 ita
2624 1950 2787 1990 unttm
2816 1954 3037 2009 regnum
3062 1951 3116 1995 et
3136 1959 3296 1999 unam

1723 2015 2214 2073 sanctificationcm
2259 2023 2423 2076 totius
2456 2022 2741 2081 Trinitatis
2780 2018 3046 2085 catholico
3074 2034 3298 2088 coalito-

1723 2124 1875 2175 mur;
1911 2100 2035 2167 licet
2066 2113 2281 2169 diffusio
2306 2117 2611 2182 charitatis,
2637 2119 2689 2173 id
2714 2131 2799 2175 est
2841 2135 3088 2193 prompta
3116 2126 3295 2181 volun-

1722 2207 1805 2255 tas
1829 2210 1883 2255 et
1908 2201 2017 2255 Deo
2049 2204 2260 2269 devota,
2290 2207 2357 2261 ad
2388 2207 2623 2277 Spiritus
2644 2213 2814 2266 sancti
2840 2215 3067 2282 gratiam
3094 2217 3292 2273 refcra-

1722 2300 1830 2356 tur,
1857 2293 2015 2348 sicuti
2048 2305 2104 2349 et
2133 2311 2353 2366 regnum
2379 2299 2445 2353 ad
2476 2300 2677 2355 Chriin
2711 2303 3063 2374 triumphum,
3093 2308 3182 2376 qui
3208 2310 3297 2364 tle-

1722 2382 1877 2438 victis
1896 2384 2143 2440 hostibus
2165 2387 2548 2458 triumphavit;
2581 2407 2677 2460 per
2702 2394 2853 2463 cujus
2879 2396 3156 2449 victoriam
3185 2398 3293 2453 Deo

1720 2468 1870 2524 Patri
1897 2474 2250 2538 reconciliati,
2276 2476 2571 2546 gloriamur
2593 2493 2689 2547 per
2710 2481 3068 2550 adoptionem,
3105 2497 3162 2538 ut
3186 2488 3295 2541 lia:-

1720 2562 1880 2616 redes
1910 2564 2049 2631 cjus,
2078 2565 2390 2620 coluereles
2416 2576 2594 2621 autem
2620 2571 2822 2626 Christi
2846 2572 3014 2627 simus
3036 2575 3292 2632 divinitus

1720 2656 2045 2719 consecrati.
2090 2656 2213 2710 llmc
2259 2667 2438 2712 autem
2471 2663 2753 2731 progenies
2784 2665 3086 2734 adoptionis
3118 2669 3169 2723 in
3216 2672 3293 2724 fu-

1720 2753 1841 2799 Iuro
1869 2745 2099 2815 amplius
2128 2757 2181 2801 et
2211 2748 2369 2818 331
2405 2751 2695 2818 perfectius
2725 2764 2810 2809 est
2844 2769 3206 2830 praeceptum,
3237 2773 3291 2819 et

1717 2834 1837 2889 ideo
1861 2835 1929 2890 de
1951 2836 2034 2891 his
2056 2837 2169 2892 hanc
2195 2854 2363 2907 pauca
2387 2839 2678 2896 sufficiant.
2705 2843 2967 2901 Caeterum
2992 2849 3059 2902 ad
3084 2866 3146 2904 ea
3171 2868 3291 2921 quae

1717 2928 1804 3001 hic
1830 2939 1956 2984 sunt
1981 2933 2289 2986 necessaria
2314 2972 2329 2997 ,
2378 2933 2593 2989 interim
2623 2939 2820 2994 mentis
2841 2941 3055 2997 oculum
3086 2946 3288 3017 diriga-

1717 3034 1858 3085 mus,
1885 3029 2175 3090 quatenus,
2199 3023 2282 3077 bis
2308 3028 2598 3093 perceptis,
2620 3030 2687 3083 ad
2710 3030 2810 3084 ista
2832 3046 2950 3101 qua:
2976 3044 3103 3089 sunt
3124 3038 3291 3092 subli-

56 3103 103 3141 ac
129 3089 356 3160 Spiritus
391 3094 570 3147 sancti
600 3093 654 3147 in
701 3094 862 3148 nobis
910 3095 1156 3150 voluntas
1186 3097 1490 3168 impleatur.
1533 3100 1614 3155 ld-
1640 3090 1683 3150 C
1714 3109 1887 3164 ηιίοηι
1916 3112 1971 3164 in
1999 3112 2105 3167 ﬁne
2133 3089 2784 3185 quandoque-veniamus.

55 3180 175 3233 circo
198 3197 544 3251 quaecunque
566 3181 737 3237 Filius
764 3186 978 3250 docuit,
1018 3196 1110 3240 aut
1135 3186 1371 3256 Spiritus
1395 3200 1614 3246 sanctus

56 3271 282 3327 divinitus
311 3273 650 3342 inspiravit,
687 3275 1080 3329 obsecrandum
1112 3286 1197 3330 est
1222 3317 1255 3350 ,.
1286 3289 1344 3331 ut
1376 3278 1429 3332 in
1458 3281 1614 3336 nobis

53 3362 277 3428 operibus
302 3373 675 3434 peraguntur;
709 3365 833 3434 quia
875 3367 990 3423 haec
1029 3380 1113 3421 est
1156 3369 1405 3424 voluntas
1432 3370 1612 3428 Patris

54 3461 97 3503 ut
122 3457 420 3510 secundum
456 3457 621 3511 Deum
669 3457 949 3523 vivamus,
980 3466 1037 3513 et
1080 3471 1347 3530 praecepta
1395 3460 1511 3530 ejus
1556 3464 1611 3519 in

48 3546 284 3599 omnibus
304 3545 682 3601 observemus.
709 3545 819 3602 Sed
846 3548 971 3618 quia
996 3551 1065 3604 ad
1087 3550 1204 3605 haec
1229 3552 1409 3607 minus
1433 3554 1610 3611 idonei

49 3650 237 3705 minus,
270 3642 482 3697 nostris
502 3643 877 3709 praetermissis
917 3643 1313 3711 voluntatibus,
1346 3648 1612 3705 instanter

47 3748 245 3787 minus
271 3743 334 3787 ut
370 3732 516 3788 illius
536 3735 589 3789 in
617 3735 775 3790 nobis
800 3734 894 3790 ﬁat
916 3736 1187 3803 voluntas,
1210 3747 1265 3793 et
1288 3756 1387 3795 nos
1411 3741 1460 3794 ei
1486 3742 1613 3797 sub-

47 3822 133 3878 diti
155 3825 347 3890 simus,
379 3834 655 3895 quatenus
681 3827 898 3897 adoptio
919 3829 1241 3899 quandoque
1268 3830 1425 3886 nobis
1450 3831 1614 3903 330

42 3911 139 3979 iam
185 3915 392 3971 inan
438 3917 789 3986 praestantius
829 3918 1179 3974 concedatur.
1214 3920 1279 3975 Et
1316 3923 1609 3976 notandum

48 4006 203 4072 quod,
233 4008 371 4062 sicut
409 4007 461 4062 in
494 4006 765 4079 Decalogo
790 4009 892 4063 tria
926 4020 1316 4080 praceptorum
1344 4012 1411 4066 ad
1443 4013 1610 4067 Deum

47 4098 298 4161 pertinere
324 4099 639 4170 probantur
662 4101 914 4155 mandata
936 4140 955 4166 ,
986 4102 1059 4155 ita
1081 4110 1137 4157 et
1166 4102 1221 4156 in
1249 4102 1354 4157 hac
1382 4102 1608 4160 formula

50 4191 301 4256 annonis,
325 4192 638 4247 secundum
660 4191 972 4248 interiorem
997 4192 1301 4258 hominem,
1326 4195 1467 4250 Deus
1492 4195 1612 4250 Tri-

49 4281 167 4335 nitas
191 4284 245 4339 in
278 4284 451 4339 nobis
487 4291 873 4349 consecratur;
913 4286 1021 4340 imo
1049 4301 1150 4341 nos
1194 4286 1343 4342 illum
1374 4289 1428 4343 in
1457 4289 1611 4345 nobis

49 4372 347 4430 advocantes
368 4414 390 4440 ,
425 4389 491 4429 ex
523 4383 636 4429 ιοιο
663 4375 828 4430 corde
848 4415 864 4441 ,
891 4383 946 4430 et
981 4389 1049 4429 ex
1080 4384 1187 4442 tota
1214 4378 1425 4443 anima,
1461 4388 1517 4434 et
1542 4395 1610 4435 ex

48 4470 134 4515 tuta
161 4465 389 4529 virtute,
421 4480 519 4534 per
540 4465 657 4519 hzec
687 4466 789 4520 tria
809 4465 1018 4535 plenius
1038 4454 1444 4524 consecrantur.
1476 4468 1613 4536 Qua-

50 4556 147 4603 tuor
168 4553 449 4622 siquidem
475 4554 820 4622 sequentium
848 4569 1057 4624 preces,
1084 4556 1152 4609 ad
1178 4557 1460 4626 praesentis
1490 4556 1612 4611 vita

48 4643 265 4704 praidia
290 4642 604 4712 pertinent,
634 4642 737 4695 tria
765 4651 945 4697 autem
976 4644 1090 4698 haec
1115 4645 1184 4697 ad
1214 4645 1409 4699 futura:
1447 4645 1611 4714 adop-

50 4730 183 4786 tionis
198 4734 449 4803 gratiam
468 4731 796 4801 diriguntur.
821 4731 955 4787 Nam
977 4742 1225 4789 terrenus
1244 4735 1407 4789 homo
1426 4744 1611 4790 noster

49 4830 249 4887 quatuor
275 4822 586 4879 elementis
610 4822 874 4889 subsistit,
896 4832 956 4893 et
988 4824 1108 4879 ideo
1136 4824 1273 4879 bene
1313 4836 1607 4894 quaterna-

49 4910 114 4963 rio
146 4926 367 4980 precum
420 4925 671 4984 numero
691 4913 928 4983 quotidie
975 4914 1295 4969 relevamur.
1342 4914 1609 4977 Caeterum

48 4998 198 5058 futura
218 5004 312 5061 illa
337 5005 574 5075 adoptio
594 5004 867 5062 voluntate
884 5006 979 5062 Dei
1006 5006 1355 5073 circumfusa,
1383 5022 1611 5078 regnum

50 5089 136 5147 Deo
166 5094 337 5162 Patri,
400 5102 470 5149 ut
522 5095 594 5149 sit
645 5097 788 5151 Deus
826 5098 1005 5152 omnia
1066 5098 1121 5152 in
1169 5098 1439 5164 omnibus,
1490 5098 1616 5154 soli-

50 5180 334 5253 dissimum,
370 5200 449 5241 ac
476 5185 732 5257 deinceps
758 5186 970 5242 sabbati
1003 5188 1218 5257 requies
1239 5229 1254 5254 ,
1283 5198 1337 5243 et
1364 5187 1612 5258 plenissi-

50 5287 117 5328 m
140 5277 507 5334 batitndinis
529 5278 893 5333 sanctificatio
922 5280 975 5333 in
1019 5279 1272 5335 omnibus
1299 5280 1427 5334 erit.
1460 5280 1612 5335 Tunc

50 5375 154 5420 me
172 5366 397 5438 integer
418 5367 586 5422 homo
607 5378 794 5422 noster
818 5367 948 5422 illud
972 5368 1257 5424 charitatis
1284 5376 1611 5439 praeceptum

50 5452 282 5523 implebit,
312 5467 383 5513 ut
434 5457 621 5529 diligat
651 5456 822 5514 Deum
862 5473 932 5513 ex
964 5468 1077 5514 toto
1097 5460 1292 5525 corde,
1322 5468 1378 5514 et
1400 5476 1466 5515 ex
1498 5468 1611 5514 tota

51 5553 217 5623 anim,
243 5568 426 5629 atque
444 5574 511 5614 ex
542 5565 655 5614 tota
681 5560 898 5614 virtute.
929 5557 1144 5612 Interim
1167 5568 1346 5615 tamen
1368 5573 1610 5625 oramus,

56 5653 122 5707 ﬁat
148 5660 197 5711 in
222 5662 394 5715 nobis
424 5660 568 5730 quod
598 5661 839 5715 futurum
862 5670 962 5725 est,
996 5672 1055 5715 ιιι
1082 5661 1253 5716 simus
1281 5660 1373 5715 lilii
1405 5670 1460 5715 et
1489 5660 1611 5715 imi-

1639 4426 1688 4486 D

1790 3195 1989 3252 Panem
2026 3212 2258 3255 nostrum
2279 3206 2827 3274 supersubstantiolem
2849 3211 2920 3265 da
2945 3217 3090 3269 nobis
3113 3218 3286 3276 hodie.

1712 3286 1771 3341 lu
1794 3302 1899 3356 qua
1930 3288 2183 3343 nimirum
2209 3293 2484 3360 petitione,
2522 3311 2854 3368 quaecunque
2884 3314 3009 3356 sunt
3034 3318 3284 3360 necessa-

1716 3379 1794 3432 ria
1820 3381 2099 3448 praesentis
2133 3384 2288 3448 vine,
2317 3394 2377 3439 ut
2410 3386 2477 3440 ad
2523 3388 2759 3444 futuram
2798 3396 3079 3461 pervenire
3108 3400 3285 3466 possi-

1713 3487 1832 3525 mus
1855 3511 1870 3537 ,
1916 3475 2099 3528 omnia
2130 3476 2344 3530 videtur
2387 3481 2614 3547 petenda
2647 3483 2913 3538 docuisse.
2950 3485 3081 3539 Nam
3134 3489 3185 3541 iu
3219 3505 3284 3543 eo

1712 3562 1854 3630 quod
1878 3563 1972 3626 ait,
2002 3579 2193 3632 panem
2220 3575 2465 3621 nostrum
2485 3570 2763 3636 ἐπιούσιον,
2796 3573 2846 3626 id
2867 3583 2953 3627 est
2997 3579 3288 3644 supersub-

1713 3651 2044 3716 stantialcm,
2069 3652 2198 3707 illud
2220 3655 2518 3711 nobilitatis
2538 3667 2594 3712 et
2617 3661 2934 3716 substantia:
2955 3663 3096 3719 illius
3121 3667 3289 3736 signi-

1713 3738 1838 3795 ﬁcat
1864 3742 2199 3810 qualitatem,
2235 3745 2377 3813 quod
2422 3762 2585 3817 super
2607 3762 2796 3804 omnes
2824 3753 3155 3810 substantias
3181 3757 3283 3822 sit,

1712 3842 1768 3887 et
1792 3847 1954 3902 super
1997 3849 2186 3889 omnes
2215 3846 2493 3893 creaturas
2539 3840 2842 3912 sublimitas
2867 3853 3076 3902 natura:
3119 3850 3289 3919 ipsius

1712 3925 1956 3979 excedat.
2000 3925 2113 3980 Hoc
2161 3927 2361 3995 quippe
2390 3929 2781 3999 significantius
2816 3938 3115 4004 expressit,
3160 3955 3283 3995 cum

1713 4015 2284 4082 supersubstantialem
2312 4021 2517 4085 posuit;
2547 4021 2671 4090 quia
2703 4021 2818 4091 ipse
2845 4033 2928 4087 est
2951 4027 3106 4095 panis
3135 4029 3285 4084 vivus

1714 4104 1801 4158 ille
1829 4105 1920 4173 qui
1944 4105 2009 4160 de
2034 4105 2174 4160 coelo
2198 4107 2497 4173 descendit,
2533 4111 2599 4165 de
2628 4127 2735 4180 quo
2763 4114 2857 4182 qui
2886 4116 3077 4182 edunt,
3108 4120 3286 4174 adhuc

1713 4196 1976 4259 esuriant,
2004 4211 2059 4251 ει
2084 4197 2204 4250 ideo
2229 4199 2601 4266 quotidianum
2628 4217 2751 4256 cum
2781 4204 2919 4261 alius
2946 4206 3284 4279 Evangelista

1714 4282 1867 4353 (Luc.
1898 4301 1970 4347 si,
1999 4285 2055 4355 5)
2084 4287 2397 4342 noniinavlt.
2426 4289 2888 4348 Verumtamenin
2920 4295 3001 4348 via
3023 4282 3289 4366 quotidia-

1716 4391 1849 4436 nus.
1886 4375 1939 4430 in
1967 4379 2141 4446 patria
2174 4394 2301 4433 vero
2327 4388 2564 4453 aeternus
2583 4422 2597 4446 ,
2628 4383 2770 4454 unde
2797 4398 2894 4453 per
2916 4384 3178 4443 Joannem
3196 4429 3211 4454 ,
3238 4391 3284 4444 si

1714 4466 1836 4534 quis
1861 4480 1927 4520 ex
1954 4467 2057 4521 hoc
2078 4471 2673 4536 panemanducaveril,
2706 4488 2811 4533 non
2838 4475 3099 4530 morietur
3130 4495 3142 4529 :
3172 4475 3284 4547 Ego

1710 4575 1848 4622 sum,
1884 4560 2078 4629 inquit,
2107 4562 2260 4629 ponis
2285 4562 2448 4628 tribus,
2470 4564 2561 4634 qui
2586 4564 2651 4617 de
2670 4565 2794 4618 caelo
2819 4565 3084 4630 descendi,
3108 4570 3154 4622 si
3172 4572 3287 4640 quis

1712 4650 2101 4705 manducauerit
2127 4668 2192 4705 ex
2218 4652 2316 4706 hoc
2337 4670 2491 4722 pane,
2519 4655 2643 4708 vivet
2668 4656 2721 4708 in
2743 4666 3017 4711 (clericum.
3048 4659 3112 4713 Et
3134 4665 3286 4730 panis

1709 4760 1860 4814 quem
1891 4744 2027 4797 dabo
2064 4761 2187 4798 caro
2226 4761 2339 4799 mea
2367 4756 2475 4811 est,
2519 4763 2614 4816 pro
2643 4749 2823 4801 mundi
2852 4749 2954 4802 vita
2985 4751 3165 4820 (Joan.
3201 4767 3250 4807 vr
3270 4794 3284 4814 .

1712 4834 1772 4888 5i
1790 4875 1804 4896 .
1831 4834 1944 4907 52).
1977 4836 2043 4889 Et
2064 4835 2223 4905 paulo
2244 4844 2386 4905 post.
2414 4839 2541 4890 dum
2574 4838 2640 4891 ad
2673 4838 2788 4893 liam
2817 4839 3091 4910 litigarent
3117 4841 3285 4897 Judaei

1716 4943 1930 4996 semper
1951 4926 2206 4981 increduli
2237 4944 2249 4978 :
2278 4929 2461 4992 Amen,
2482 4944 2657 4992 amen,
2678 4930 2794 4982 dice
2819 4930 2983 4996 vobis,
3013 4932 3114 4986 nisi
3138 4936 3288 4986 mané

1715 5016 2028 5069 ducareritis
2051 5031 2260 5069 cantem
2285 5013 2411 5068 Filii
2430 5016 2677 5082 hominis,
2704 5028 2750 5071 et
2774 5018 3002 5074 biberitis
3022 5021 3137 5089 ejus
3157 5038 3282 5075 san-

1715 5111 1946 5180 guinem,
1991 5125 2092 5163 non
2123 5107 2319 5162 habetis
2360 5108 2516 5161 vitam
2561 5110 2615 5163 in
2661 5109 2822 5163 vobis.
2857 5109 2960 5175 Qui
3004 5112 3288 5164 manducet

1716 5215 1885 5254 meam
1913 5214 2143 5263 carnem,
2164 5208 2212 5252 et
2242 5197 2368 5251 bibit
2397 5214 2567 5252 meum
2591 5200 2919 5267 sanguinem,
2948 5197 3099 5251 habet
3126 5198 3281 5250 vitam

1719 5303 1985 5352 internum,
2005 5298 2053 5341 et
2067 5304 2159 5358 ego
2181 5287 2496 5342 resuscitabo
2513 5303 2631 5340 eum
2650 5289 2704 5341 in
2727 5288 2998 5342 novissimo
3021 5286 3124 5340 die.
3149 5284 3286 5339 Caro

1717 5385 1854 5438 enim
1883 5399 1997 5436 meo
2033 5398 2147 5435 vere
2190 5381 2366 5445 cibus,
2406 5391 2453 5433 et
2492 5383 2704 5450 sanguis
2744 5396 2887 5434 meus
2930 5396 3044 5434 vere
3081 5390 3156 5433 est
3190 5396 3285 5448 ρο-

1718 5484 1820 5538 tus,
1857 5489 1922 5528 ac
1964 5481 2156 5527 cratera
2204 5488 2325 5541 qua:
2373 5483 2673 5541 sequuntur
2702 5472 2891 5544 (Ibid.,
2938 5471 3031 5537 53,
3073 5471 3167 5536 54,
3194 5470 3286 5537 55,

1717 5566 1806 5632 56,
1836 5565 1988 5633 etc.).
2026 5564 2176 5618 Patet
2207 5563 2372 5632 igitur
2399 5579 2559 5633 quam
2603 5564 2991 5620 instantissime
3018 5564 3159 5618 hunc
3184 5578 3284 5633 pa-

1719 5672 1841 5714 nem
1885 5663 2070 5724 petere
2115 5655 2431 5717 debeamus,
2477 5655 2594 5709 sine
2621 5672 2726 5724 quo
2774 5658 2826 5710 in
2856 5656 3070 5710 Christo
3109 5656 3286 5711 vivere
