4016 6360
777 253 876 308 291

1571 243 1626 300 S.
1671 239 2025 298 PASCIEASII
2065 241 2405 294 liA'l'ill'lllTl
2446 235 2733 293 ABBATIS
2772 235 3228 296 CORBEIENSIS
3813 265 3871 320 ξω

781 377 885 418 non
921 363 1185 414 valemus.
1217 360 1319 424 Qui
1348 357 1627 410 manducet
1659 373 1772 420 me,
1793 354 1984 424 inquit,
2011 364 2058 407 et
2086 353 2194 423 ipse
2226 354 2349 407 viret
2377 359 2425 415 Α
2453 350 2601 421 gredi
2649 365 2753 403 non
2804 359 3082 420 oporteat,
3147 350 3228 404 vel
3273 352 3504 410 addendo
3553 361 3789 434 quidpiam,
3830 383 3872 431 νεὶ

770 461 985 523 propter
1007 467 1104 502 nte.
1133 449 1286 503 Vivet
1310 457 1488 502 autem
1512 445 1622 514 jam
1649 446 1750 498 alia
1777 445 1907 507 vita,
1934 445 2060 512 quia
2087 443 2180 512 qui
2205 459 2352 497 mau-

777 543 940 596 ducat
980 540 1122 593 hunc
1149 553 1341 608 panem
1376 537 1519 590 vivet
1550 537 1602 590 in
1630 545 1910 588 aeternum.
1941 533 2048 588 Sed
2085 534 2128 588 si
2157 535 2224 590 de
2251 535 2354 589 hoc

785 648 926 702 pane
971 629 1340 699 accipiendum
1385 637 1489 690 est,
1520 626 1726 681 scilicet
1765 625 1832 679 de
1874 624 2076 679 Christi
2102 639 2349 694 corpore,

779 697 884 774 non
912 721 1139 775 absurde
1178 718 1439 788 quaeritur
1467 733 1564 772 cur
1599 731 1705 771 non
1745 716 1984 786 quotidie
2020 716 2167 770 illum
2206 732 2353 771 com-

777 813 1007 877 edimus,
1025 813 1228 881 absque
1251 810 1647 864 intermissione
1663 808 1892 872 dierum,
1909 808 2066 862 sicuti
2089 825 2212 862 eum
2233 808 2352 863 dari

777 905 933 958 nobis
961 903 1200 973 quotidie
1241 917 1480 955 oramus.
1513 900 1647 954 Nam
1689 910 1744 955 ct
1773 901 1825 954 in
1854 900 2208 953 orientalibus
2248 900 2350 952 Ec-

775 995 956 1049 clesiis
986 994 1339 1064 plurimorum
1376 1001 1461 1046 est
1497 991 1742 1060 quotidie
1785 1006 1889 1044 non
1925 989 2350 1054 communicare,

775 1085 1072 1154 praesertim
1103 1099 1224 1138 cum
1253 1083 1354 1138 iste
1400 1082 1554 1152 panis
1583 1081 1924 1150 quotidianus
1947 1082 2177 1135 dicatur.
2208 1081 2352 1134 Alio-

778 1175 907 1243 quin
936 1175 981 1228 si
1005 1189 1068 1228 ex
1099 1181 1368 1244 prmcepto
1391 1171 1634 1241 quotidie
1659 1171 2160 1226 communicandum
2185 1180 2348 1234 esset,

774 1278 1048 1332 nunquam
1081 1263 1160 1316 sic
1199 1262 1570 1316 indill'érenter
1605 1262 1748 1316 istud
1791 1262 1944 1315 lieret
1985 1261 2037 1314 in
2069 1261 2347 1327 Ecclesia;

775 1370 901 1409 nam
930 1356 1046 1409 sine
1069 1354 1321 1409 seandalo
1346 1355 1545 1424 quibus
1575 1353 1863 1422 placuerit,
1891 1351 2018 1405 illud
2050 1353 2273 1416 faciant,
2298 1362 2354 1407 et

773 1460 936 1500 nemo
964 1446 1305 1499 sacerdotum
1339 1454 1446 1508 est,
1471 1443 1563 1514 qui
1593 1451 1685 1497 aut
1711 1442 1953 1513 quotidie
1982 1457 2143 1512 agere
2169 1443 2354 1512 prohi-

775 1537 935 1601 beat,
976 1545 1068 1590 aut
1107 1537 1385 1606 praecipiat
1425 1551 1531 1589 non
1575 1534 1954 1589 intermittere.
1985 1533 2102 1600 Quo
2141 1542 2355 1588 constat

773 1627 932 1681 aliter
959 1627 1381 1695 intelligendum,
1413 1626 1538 1696 quia
1565 1641 1664 1680 nec
1688 1624 1930 1694 quotidie
1960 1639 2149 1680 omnes
2176 1625 2349 1693 parati

774 1716 935 1788 332
963 1731 1083 1770 esse
1107 1731 1394 1784 Possumus
1413 1716 1479 1770 ad
1504 1714 1870 1784 aCCiPiendum
1901 1730 1914 1766 ε
1940 1728 2064 1767 nam
2085 1713 2177 1784 (Illi
2202 1729 2351 1768 mall-
2379 1716 2428 1775 Β
2459 1723 2563 1786 nis,
2585 1723 2664 1778 sic
2684 1732 2884 1778 :etema
2911 1724 3018 1777 vita
3050 1731 3265 1778 constat
3291 1723 3344 1776 in
3381 1735 3536 1791 opere
3573 1719 3777 1774 mandati.
3813 1719 3876 1772 ilia

777 1810 939 1864 ducat
976 1809 1218 1877 indigne,
1256 1807 1517 1876 judicium
1553 1807 1653 1863 sibi
1692 1807 2001 1861 manducat.
2030 1805 2236 1861 Idcirco
2263 1813 2357 1859 aut

771 1900 1148 1968 quotidianum
1183 1914 1305 1953 eum
1335 1898 1679 1968 intelligimus
1701 1935 1716 1962 ,
1748 1912 1814 1952 eo
1847 1897 1989 1966 quod
2016 1895 2259 1966 qumidie
2291 1897 2354 1950 li-

775 1996 897 2042 ceat
921 1987 1209 2049 immolari,
1235 1997 1290 2040 et
1313 1988 1379 2040 ab
1402 1986 1488 2041 his
1505 1986 1598 2055 qui
1621 1986 1792 2055 parati
1817 1994 1944 2040 sunt
1967 1986 2194 2039 lideliter
2215 1985 2355 2041 acci-

779 2076 854 2145 pi,
886 2085 979 2130 aut
1003 2077 1375 2146 quotidianum
1408 2077 1547 2141 ideo,
1578 2076 1703 2146 quia
1729 2079 1843 2145 ipse
1870 2077 2010 2131 idem
2043 2076 2352 2131 indesinen-

782 2180 862 2222 ter
889 2169 1116 2222 interius
1139 2183 1236 2237 per
1258 2169 1416 2222 [idem
1439 2176 1493 2222 et
1515 2168 1859 2233 cbaritatem,
1888 2168 2040 2223 cultu
2075 2168 2354 2238 religionis

777 2275 840 2314 ac
869 2260 1004 2329 spei,
1035 2260 1208 2314 reiicit
1236 2275 1353 2324 nos,
1380 2268 1435 2314 et
1461 2267 1614 2329 pastu
1643 2274 1753 2314 suae
1777 2259 2074 2314 dulcedinis
2103 2259 2352 2314 consola-

781 2361 888 2405 tur.
925 2351 1057 2405 Nam
1087 2352 1204 2406 sine
1245 2351 1361 2420 ipso
1399 2366 1673 2420 nunquam
1719 2349 2042 2420 spiritaliter
2069 2365 2354 2420 possumus

777 2441 982 2496 vivere.
1015 2441 1081 2494 Et
1109 2440 1228 2494 ideo
1257 2456 1378 2496 cum
1407 2440 1542 2494 dicit
1579 2439 1774 2499 hodie.
1804 2440 2043 2494 ostendit
2068 2453 2190 2493 eum
2221 2454 2356 2508 quo-

779 2531 910 2585 tidie
937 2531 1278 2596 sumendum,
1311 2546 1409 2585 nec
1435 2530 1688 2586 sufllcerc
1717 2531 1860 2601 quod
1891 2532 2141 2586 hesterna
2173 2533 2259 2588 die
2289 2533 2353 2586 il-

773 2619 884 2674 lum
913 2620 1274 2690 percepimus,
1303 2621 1348 2675 si
1377 2637 1483 2676 non
1511 2622 1690 2676 adhuc
1716 2622 1876 2676 bodie
1903 2629 1959 2676 et
1983 2623 2051 2677 ad
2079 2623 2239 2678 linem
2269 2641 2356 2680 us-

773 2726 878 2780 que
907 2711 1277 2765 indesinenter
1296 2727 1592 2768 sumamus.
1626 2713 1796 2768 Docet
1816 2714 2048 2786 denique
2069 2731 2187 2782 nos,
2213 2717 2353 2773 hanc

773 2801 1014 2868 quotidie
1050 2803 1356 2857 orationem
1390 2819 1574 2858 coram
1609 2803 1770 2860 Patre
1803 2806 2161 2874 profundere,
2189 2817 2248 2862 ut
2284 2823 2352 2864 ex

774 2893 891 2962 ipsa
957 2895 1271 2962 quotidiana
1335 2895 1460 2948 vita:
1521 2895 1813 2965 indigentia
1872 2912 2350 2965 commoneamur,

773 2986 917 3054 quod
953 3001 1056 3038 nou
1085 2986 1157 3039 sit
1185 2985 1302 3040 dies
1329 3000 1436 3054 quo
1464 3000 1570 3039 non
1601 2986 1794 3040 debeat
1824 3002 1921 3042 cor
1951 2988 2226 3044 interioris
2257 2991 2352 3045 Ιιο-

2399 2131 2404 2136 .
2455 2103 2548 2158 per
2565 2087 2664 2142 mel
2682 2089 2764 2141 ori
2784 2085 3083 2158 meo'lPsal.
3103 2103 3299 2152 cxvm,
3322 2085 3462 2157 l05).
3484 2083 3576 2139 Ubi
3597 2081 3875 2137 ostenditcihm

2453 443 2850 505 subtrahendo,
2904 441 2990 496 vel
3042 441 3242 511 aliquid
3287 443 3611 504 immutando.
3653 454 3767 512 Unde
3802 465 3874 517 dita.

2449 532 2646 586 tandus
2674 540 2760 587 est
2789 532 3156 601 intelligentia:
3179 532 3347 598 sinus,
3376 543 3458 601 et,
3487 539 3527 592 si
3551 545 3744 610 quotidie
3763 565 3874 620 corpus

2451 623 2612 694 333
2643 623 2851 677 Domini
2879 623 3156 692 percipere
3210 638 3312 678 non
3363 627 3620 696 audemus,
3662 640 3828 703 quotidie
3847 647 3875 696 ii.

2452 715 2560 770 Iunt
2587 717 2636 769 in
2669 724 2866 779 mente,
2896 724 2950 770 et
2965 716 3143 770 omnia
3163 713 3278 783 ejus
3291 728 3564 788 prmeepta,
3591 724 3757 781 ardenti
3778 734 3878 788 aninu

2453 822 2750 863 sumamus.
2782 807 2848 861 Et
2872 816 2931 860 ut
2957 807 3169 877 plenius
3197 822 3260 860 ea
3288 823 3477 877 capere
3500 814 3742 881 possimus,
3774 821 3878 878 diebus

2445 901 2674 972 singulis
2710 916 2961 969 rogemus
2989 914 3004 954 :
3039 897 3236 955 Panem
3281 911 3508 954 nostrum
3540 906 3820 971 quotidianum
3846 914 3878 964 de

2453 990 2598 1043 nobis
2627 989 2813 1053 hod.c;
2837 989 2989 1043 cibus
3026 1004 3256 1058 namque
3277 1005 3435 1044 verus
3458 989 3679 1046 voluntas
3692 992 3877 1051 Patrisest

2453 1079 2530 1132 Ex
2561 1094 2668 1146 quo
2692 1079 2830 1132 idem
2861 1078 3053 1132 unicus
3082 1087 3141 1130 ut
3169 1093 3266 1132 nos
3327 1079 3536 1134 doceret
3583 1079 3728 1135 Patris
3761 1081 3877 1138 Filius:

2453 1171 2624 1233 Meus,
2655 1171 2846 1239 inquit,
2869 1171 3012 1223 cibus
3025 1181 3130 1246 est,
3158 1181 3212 1223 ut
3249 1170 3439 1238 faciam
3482 1170 3749 1228 uoluntatem
3785 1176 3878 1230 Patri:

2451 1265 2552 1317 mei
2575 1262 2756 1334 (Joan.
2784 1279 2857 1323 tv,
2902 1262 3016 1332 34).
3052 1263 3118 1316 Et
3161 1261 3285 1316 alibi
3334 1263 3402 1316 ad
3443 1262 3739 1331 discipulos:
3771 1266 3878 1334 0pm»

2451 1355 2578 1408 mini
2605 1355 2774 1408 cibum
2794 1354 2885 1425 qui
2907 1371 3010 1408 non
3033 1355 3187 1423 perit,
3219 1353 3308 1406 sed
3337 1353 3424 1422 qui
3448 1364 3684 1421 permanet
3717 1355 3757 1407 in
3794 1358 3876 1408 rius

2453 1445 2897 1516 wternamann.
2934 1461 3010 1510 vl,
3041 1445 3156 1514 9.7).
3188 1443 3458 1499 Meditatio
3479 1443 3611 1497 enim
3635 1443 3740 1514 legis
3760 1446 3876 1502 divite.

2453 1544 2507 1589 et
2530 1545 2917 1606 pncceptorum
2946 1535 3230 1600 eshibitio,
3267 1534 3560 1588 animarum
3581 1542 3655 1588 est
3675 1535 3800 1588 cibus.
3826 1535 3876 1587 Nec

2453 1629 2672 1684 dubium
2703 1631 2854 1700 quin,
2877 1631 3017 1686 sicut
3043 1645 3282 1701 praesens
3304 1629 3414 1684 vita
3437 1637 3634 1684 constat
3657 1631 3702 1684 in
3733 1630 3812 1682 cibo
3835 1643 3877 1696 p3-

2451 1815 2562 1886 jam
2593 1816 2785 1870 beatus
2813 1815 3028 1880 dicitur,
3061 1816 3105 1870 si
3145 1816 3270 1884 quis
3312 1813 3366 1869 in
3413 1813 3524 1882 lege
3567 1812 3741 1866 Domini
3774 1812 3826 1864 die
3851 1826 3877 1862 ac

2456 1917 2615 1963 nocte
2641 1904 2804 1962 fuerit
2827 1907 3133 1964 meditatus.
3166 1909 3243 1964 De
3273 1922 3375 1978 qua
3397 1905 3626 1977 proiecto
3663 1903 3877 1958 meditatione

2457 1998 2645 2063 David,
2677 1997 2847 2064 Quam
2867 1997 3064 2064 dulcia,
3089 1999 3284 2067 inquit,
3307 1996 3537 2066 faucibus
3564 1993 3674 2047 meis
3690 1993 3876 2060 eloquim-

2456 2179 2637 2234 vocari
2681 2189 3070 2249 praeceptorum
3097 2179 3310 2249 eloquia
3353 2177 3562 2238 debere,
3586 2175 3692 2229 dum
3728 2172 3876 2226 calauti-

2456 2269 2558 2323 bus
2583 2268 2761 2324 dulcia
2791 2269 2920 2322 dicit
2948 2283 3086 2332 esse,
3120 2278 3175 2323 et
3225 2284 3328 2322 non
3376 2266 3604 2320 auribus.
3646 2260 3828 2316 Similiter
3853 2269 3876 2308 tl

2455 2357 2781 2428 Apostolus:
2812 2357 2932 2411 Non
2955 2359 3099 2427 potui
3123 2358 3268 2411 vobis
3315 2355 3456 2426 loqui
3492 2351 3630 2424 quasi
3667 2348 3877 2420 spiritalibus.

2457 2447 2547 2501 sed
2575 2447 2728 2518 quasi
2747 2445 3050 2500 carnalibus
3072 2445 3153 2499 lae
3175 2446 3320 2500 vobis
3339 2453 3510 2514 potum
3547 2439 3673 2504 dedi,
3693 2447 3730 2493 et
3761 2452 3823 2488 nos
3840 2451 3877 2484 a-

2457 2553 2573 2590 εαπι
2602 2536 2653 2602 (ι
2700 2534 2805 2590 εον
2832 2552 2920 2601 III,
2951 2535 3033 2605 1);
3065 2551 3248 2591 eseam
3279 2545 3456 2589 autem
3482 2531 3726 2586 nominans
3758 2526 3877 2595 Spirilr

2458 2626 2563 2681 lem
2601 2627 2922 2680 doctrinam.
2961 2626 3113 2681 Unde
3148 2640 3338 2695 quwso
3360 2623 3478 2693 quis
3500 2619 3682 2676 dubitet
3699 2615 3797 2687 quod
3821 2613 3877 2665 ideo

2459 2719 2764 2774 immolatus
2796 2720 2866 2774 sit
2894 2718 3160 2784 Christus,
3194 2728 3258 2773 ut.
3283 2716 3528 2773 salutaris
3551 2713 3614 2768 sit
3646 2710 3763 2766 cibus
3783 2716 3815 2759 et
3843 2703 3878 2752 τί·

2457 2818 2526 2864 tae
2556 2809 2754 2881 potus?
2795 2809 2874 2862 Ex
2915 2825 3022 2879 quo
3047 2825 3176 2863 sane
3221 2810 3422 2863 clamat
3471 2793 3878 2876 ApostoluszPsul:
3915 2797 3917 2854 i

2458 2914 2694 2953 nostrum
2752 2899 3052 2953 immolatus
3099 2909 3173 2953 est
3221 2897 3496 2960 Christus;
3545 2896 3694 2960 itaque
3727 2885 3917 2956 epulamur

2460 2987 2512 3059 (1
2555 2990 2678 3044 Cor.
2702 3005 2756 3052 v,
2792 2987 2867 3059 7).
2895 2989 2998 3044 Sed
3021 2990 3072 3043 in
3105 2990 3188 3044 his
3215 3003 3284 3045 ut
3311 2986 3570 3058 copiosius
3587 2980 3753 3037 deliciis
3785 2973 3879 3028 aliis}
3915 2983 3917 2986 ‘

775 3073 936 3127 ruinis
959 3074 1050 3126 illo
1071 3074 1552 3143 paneintrinsecus
1573 3074 1906 3130 confirmari.
1926 3076 2002 3131 De
2022 3093 2128 3146 quo
2145 3078 2308 3134 David
2336 3097 2350 3134 :
2379 3067 2426 3130 C
2459 3094 2600 3144 mus,
2631 3095 2846 3133 oremus
2867 3079 3179 3144 instantius,
3220 3077 3428 3134 Panem
3477 3085 3685 3129 nostrum
3725 3063 3878 3137 quotidia-

773 3161 843 3216 ΕΙ
883 3166 1034 3233 panis
1053 3204 1066 3228 ,
1098 3165 1306 3234 inquit,
1334 3180 1424 3218 cor
1463 3166 1688 3218 hominis
1723 3167 1990 3234 conﬁrmet
2020 3167 2193 3238 (Psal.
2218 3185 2312 3224 cur
2336 3211 2349 3233 ,

775 3253 884 3323 l6).
920 3254 1102 3309 Potest
1129 3263 1182 3309 et
1213 3255 1355 3310 istud
1383 3255 1526 3325 quod
1555 3255 1776 3319 dicitur,
1799 3256 1976 3320 hodie,
2007 3256 2072 3312 de
2098 3260 2350 3328 praesenti

773 3349 883 3402 vita
915 3347 1046 3401 satis
1090 3346 1334 3418 intelligi,
1365 3347 1492 3401 dum
1521 3346 1727 3401 scilicet
1770 3347 1822 3399 in
1851 3347 1954 3402 hoc
1995 3349 2190 3403 saeculo
2212 3365 2354 3404 cout-

779 3451 1073 3490 moramur.
1105 3437 1184 3490 Ac
1213 3437 1258 3490 si
1286 3437 1431 3490 dicat
1466 3455 1479 3488 :
1521 3436 1723 3490 Praesta
1757 3437 1912 3492 nobis
1951 3438 2094 3492 hunc
2124 3453 2347 3507 panem,

774 3528 1012 3597 quandiu
1061 3527 1114 3581 in
1158 3527 1262 3582 hac
1306 3527 1489 3582 saeculi
1519 3527 1604 3580 via
1654 3541 1862 3581 sumus.
1895 3525 2154 3583 Novimus
2183 3531 2347 3595 enim,

773 3622 878 3674 nisi
909 3621 1029 3689 quis
1059 3621 1112 3674 in
1145 3621 1247 3675 hac
1275 3620 1386 3673 vita
1411 3635 1536 3674 eum
1568 3620 1906 3690 perceperit,
1941 3620 2162 3674 minime
2187 3620 2239 3673 in
2270 3621 2350 3673 fu-

771 3723 893 3768 turo
917 3714 1060 3767 illius
1081 3713 1352 3783 particeps
1375 3713 1498 3768 erit.
1528 3712 1662 3767 Nam
1687 3728 1848 3784 saepe,
1875 3712 2058 3776 hodie,
2083 3727 2181 3781 pro
2202 3713 2349 3766 omni

774 3806 878 3860 isto
909 3814 1146 3874 tempore
1172 3805 1437 3875 accipitur
1456 3846 1470 3870 ,
1502 3806 1661 3860 sicuti
1690 3814 1772 3860 est
1801 3804 1927 3859 illud
1953 3825 1966 3858 :
1992 3805 2166 3858 Hodie
2193 3807 2239 3858 si
2265 3821 2350 3858 uo-

774 3911 883 3948 cem
927 3896 1202 3949 audieritis
1247 3894 1420 3965 (Psal.
1477 3910 1622 3960 xctv,
1656 3895 1733 3960 8).
1779 3894 1932 3960 Quod
1987 3894 2033 3947 si
2087 3894 2190 3948 hoc
2232 3893 2350 3948 loco

775 3986 849 4039 ita
886 3986 1202 4056 accipiatur,
1248 3993 1376 4039 tunc
1423 3995 1573 4040 recte
1602 3985 1668 4039 de
1713 3999 1939 4054 corpore
1987 3999 2051 4037 ac
2089 3987 2349 4054 sanguine

775 4077 1146 4144 accipiendum
1173 4075 1300 4137 erit,
1330 4083 1390 4128 ut
1411 4075 1485 4129 sit
1515 4087 1705 4128 sensus
1732 4092 1746 4126 :
1781 4072 1980 4127 Panem
2011 4083 2251 4128 nostrum
2279 4075 2348 4127 da

774 4167 931 4220 nobis
951 4206 968 4230 ,
999 4165 1126 4218 dum
1167 4165 1221 4218 in
1254 4165 1503 4234 praesenti
1535 4165 1640 4217 vita
1671 4179 1855 4218 sumus
1879 4203 1894 4228 ,
1923 4172 2188 4232 quatenus
2214 4181 2351 4219 nuu-

773 4271 957 4324 quam,
983 4255 1051 4308 ab
1070 4269 1136 4308 eo
1156 4255 1629 4319 excommunicati,
1653 4254 1720 4310 de
1741 4254 1943 4309 Christi
1964 4271 2190 4325 corpore
2212 4273 2350 4327 pne-

773 4345 1038 4396 cidamur.
1085 4342 1220 4408 Quia
1267 4343 1314 4396 si
1343 4344 1463 4412 quis
1499 4343 1615 4412 ejus
1661 4345 1911 4398 mandata
1943 4361 2047 4401 nou
2078 4331 2344 4413 custodit,

775 4433 919 4485 hunc
966 4445 1160 4498 panem
1209 4431 1424 4502 indigne
1467 4434 1646 4486 sumit.
1677 4432 1830 4499 Quod
1875 4433 2010 4488 satis
2050 4450 2148 4504 per
2172 4436 2342 4492 Adam

777 4537 896 4576 cum
930 4530 1207 4590 peccasset
1235 4523 1408 4577 adhuc
1439 4522 1491 4576 in
1523 4524 1771 4592 paradiso
1809 4525 2136 4579 insinuatum
2165 4528 2345 4582 credi-

775 4630 914 4668 mus.
947 4612 1137 4667 Videte
1161 4653 1174 4678 ,
1202 4613 1403 4682 inquit,
1437 4628 1506 4666 ne
1532 4611 1669 4667 forte
1695 4622 1873 4666 sumat
1893 4614 1962 4667 de
1983 4613 2131 4684 ligno
2151 4615 2272 4669 vita:
2293 4626 2350 4670 et

774 4705 922 4758 vivat
967 4705 1020 4758 in
1069 4714 1350 4758 aeternum.
1397 4703 1625 4773 Lignum
1671 4714 1849 4758 autem
1884 4705 2040 4770 vitaz,
2071 4705 2346 4760 Christum

774 4793 971 4847 debere
999 4792 1246 4863 intelligi,
1271 4807 1428 4846 nemo
1449 4793 1542 4861 qui
1569 4792 1879 4863 Scripturas
1900 4809 2083 4849 sacras
2108 4794 2236 4864 legit
2258 4796 2350 4849 duo

773 4884 948 4939 bitere
975 4883 1193 4952 poterit.
1235 4881 1311 4936 De
1343 4895 1452 4951 quo
1473 4898 1688 4938 sumere
1731 4885 2102 4953 prohibemur,
2134 4886 2347 4955 quoties

771 4975 991 5044 gravius
1015 4988 1301 5044 peccamus
1323 5013 1340 5038 ,
1368 4990 1435 5030 ne
1463 4990 1658 5046 corpus
1685 4976 1801 5045 ejus
1824 4986 1882 5031 et
1918 4979 2231 5047 sanguinem
2260 4979 2346 5032 in-

771 5068 919 5136 digni
949 5067 1301 5137 accipiamus.
1333 5066 1413 5122 Ex
1440 5084 1549 5138 quo
1575 5079 1720 5123 recte
1746 5083 1906 5122 orare
1934 5069 2212 5132 docemur,
2243 5066 2326 5123 Pa

773 5175 889 5210 nem
919 5167 1152 5210 nostrum
1173 5157 1534 5227 quotidianum
1556 5158 1624 5211 da
1651 5159 1796 5212 nobis
1817 5157 1987 5221 hodie,
2014 5158 2067 5211 id
2087 5169 2188 5221 est,
2215 5158 2347 5213 tales

771 5264 872 5302 nos
891 5247 1112 5313 exhibe,
1133 5258 1195 5302 ut
1214 5264 1338 5304 eum
1361 5264 1428 5304 ex
1456 5258 1510 5302 te
1531 5247 1652 5316 jure
1677 5263 1972 5304 sumamus.
2001 5247 2106 5303 Sed
2127 5249 2345 5318 quidam

772 5338 916 5392 hunc
955 5353 1172 5394 sensum
1216 5339 1380 5393 altius
1419 5337 1802 5399 discutientes,
1848 5351 2039 5407 panem
2081 5339 2351 5408 quotidia~

774 5444 940 5492 num,
992 5429 1254 5500 spiritalia
1305 5435 1570 5497 praecepta
1615 5435 1670 5482 et
1720 5427 1900 5482 divina
1947 5444 2068 5498 quae
2110 5431 2348 5498 quotidie

776 5521 1022 5575 meditari
1076 5522 1337 5576 debemus
1379 5530 1433 5574 et
1472 5520 1724 5589 operari,
1777 5521 2086 5590 accipienda
2141 5524 2350 5593 planius

775 5623 1104 5677 sanxerunt;
1157 5628 1223 5666 eo
1269 5614 1411 5683 quod
1462 5611 1696 5683 regulam
1741 5613 1877 5667 hanc
1926 5616 2116 5668 oramli
2171 5626 2347 5674 trans—

2373 4399 2428 4461 D

2426 3185 2577 3223 ~num
2600 3171 2668 3223 da
2693 3170 2838 3225 nobis
2859 3171 3031 3224 hodie.
3057 3171 3112 3225 ln
3148 3186 3257 3240 qua
3299 3168 3535 3240 profecto
3569 3159 3784 3233 petitionis
3811 3153 3879 3205 clas

2453 3261 2567 3316 sula
2603 3260 2934 3330 probabilius
2965 3261 3275 3329 tripertitus
3306 3255 3648 3326 intelligentia:
3668 3259 3805 3304 sensus
3819 3255 3880 3307 ψε-

2453 3352 2626 3415 ritur;
2658 3351 2784 3405 licet
2815 3349 3126 3420 Scripturas
3176 3351 3395 3406 divinas
3439 3348 3514 3402 sic
3549 3347 3752 3414 oporteat
3781 3341 3879 3422 omnii

2454 3440 2819 3509 interpretari.
2882 3440 3144 3503 Primum,
3183 3439 3343 3509 juxta
3394 3438 3635 3496 litteram,
3681 3429 3733 3482 sb
3764 3439 3805 3477 eo
3839 3431 3880 3484 qm

2453 3539 2645 3584 cuncta
2668 3530 2896 3594 creavit,
2921 3529 3044 3599 jure
3071 3545 3334 3600 rogamus
3357 3537 3416 3582 ut
3443 3527 3668 3581 diurnum
3706 3515 3811 3570 nobis
3839 3522 3881 3559 ne-

2453 3618 2724 3671 cessitatis
2751 3618 2950 3670 victum
2981 3618 3197 3671 tribuat.
3255 3618 3372 3673 Sed
3425 3615 3560 3670 forte
3601 3605 3754 3676 aliquis
3790 3609 3883 3652 morr

2451 3707 2531 3762 bit
2569 3723 2666 3761 cur
2692 3722 2791 3776 pro
2831 3707 2916 3761 his
2953 3722 3172 3762 oremus
3210 3705 3572 3777 adipiscendis
3605 3711 3705 3768 quae
3745 3697 3883 3743 access.

2452 3797 2534 3851 ria
2560 3805 2686 3851 sunt
2711 3795 2869 3864 hujus
2900 3796 3044 3861 vitm,
3073 3798 3380 3866 praesertim
3406 3808 3524 3849 eum
3556 3786 3770 3844 Dominus
3785 3777 3883 3866 dicslr

2455 3886 2634 3940 Nolite
2667 3887 2875 3940 solliciti
2905 3901 3015 3941 esse
3049 3864 3174 3956 quid
3207 3885 3531 3940 manducetis
3557 3888 3636 3934 aut
3668 3870 3764 3964 σικδᾷ
3785 3864 3886 3964 ὑφ’]
3915 3869 3919 3914 ⁴

2451 3975 2579 4029 mini
2605 3989 2623 4027 :
2646 3977 2862 4045 φαεν-ἕω
2884 3977 3133 4045 primum,
3148 3975 3351 4045 inquit,
3369 3985 3573 4042 regnum
3589 3967 3671 4020 Dei
3688 3973 3726 4016 et
3737 3961 3886 4049 ista"?

2451 4067 2585 4136 ejus,
2608 4040 2793 4120 et-lta’c
2812 4040 2988 4120 omnia
3007 4040 3336 4136 adﬁcientur
3373 4040 3514 4120 vobis
3545 4055 3730 4130 (Matth.
3763 4063 3812 4106 rt.

2451 4133 2564 4230 35).
2595 4160 2798 4226 Quibus
2815 4133 3263 4229 profecto'verbis
3291 4169 3348 4216 et
3373 4148 3710 4229 hujuscemodi
3737 4133 3887 4202 ειαιιιιίίέ

2452 4251 3038 4306 aestimantdocendum
3064 4267 3172 4307 non
3224 4253 3346 4307 haec
3383 4265 3503 4306 cum
3554 4235 3888 4313 supplicatione!

2453 4349 2680 4404 Domino
2731 4349 3072 4418 postulanda,
3123 4350 3216 4404 sed
3264 4344 3625 4403 tantummodo
3673 4338 3743 4392 illa
3773 4334 3889 4423 set“th

2453 4455 2696 4510 quaerere
2719 4456 2837 4510 qua:
2852 4441 3118 4510 spiritalia
3145 4449 3270 4495 sunt
3299 4449 3354 4496 et
3381 4449 3596 4494 aeterna.
3646 4427 3766 4497 Quod
3802 4420 3829 4473 si
3859 4420 3891 4465 in

2453 4542 2534 4588 est
2561 4531 2917 4596 sentiendum,
2945 4540 3062 4585 erat
3101 4530 3370 4601 generalis
3415 4524 3738 4583 Ecclesiarum
3767 4517 3890 4601 ωηείιιξ

2455 4621 2602 4686 tudo,
2629 4637 2747 4690 quae
2772 4621 2886 4676 suis
2907 4595 2968 4674 in
2997 4595 3249 4690 precibus
3291 4635 3457 4690 quam
3487 4627 3619 4682 saepe
3641 4623 3695 4664 ea
3717 4615 3803 4672 que
3830 4595 3892 4645 sm"

2454 4713 2755 4768 necessaria
2815 4713 3099 4782 prmsentis
3171 4713 3295 4766 vita:
3335 4707 3679 4766 intentissime
3711 4695 3890 4786 rogali“

2453 4805 2648 4874 quibus
2677 4813 2731 4858 et
2762 4805 2817 4858 in
2872 4814 3346 4858 sacramentorum.
3385 4813 3574 4871 preces
3617 4783 3894 4874 quamplllﬁm’

2417 4925 2423 4934 ν
2455 4872 2768 4950 recitantur.
2803 4895 2879 4948 Ex
2907 4909 3014 4962 quo
3036 4893 3238 4964 liquido
3261 4901 3412 4964 patet
3439 4887 3598 4960 quod,
3621 4884 3737 4938 sicut
3774 4872 3895 4964 libo”

2456 4998 2516 5039 re
2537 4984 2796 5038 debemus
2816 4963 3214 5046 manibus,nec
3239 4993 3419 5038 tamen
3450 4974 3654 5034 solliciti
3671 4963 3798 5041 ω
3823 4969 3896 5050 es;

2454 5075 2527 5129 ita
2552 5089 2710 5130 orare
2738 5073 3062 5143 peculiarius
3083 5081 3346 5143 oporteat,
3380 5072 3450 5126 ab
3481 5083 3546 5124 eo
3566 5064 3649 5136 qui
3688 5063 3828 5153 cuncta

2453 5165 2590 5227 buit,
2613 5165 2711 5218 ista
2739 5163 3116 5233 percipiamus.
3147 5163 3398 5232 Alioquin
3429 5143 3899 5248 nunquid

2457 5256 2742 5316 debemus,
2789 5263 2884 5307 aut
2938 5253 3178 5324 nunquid
3235 5268 3298 5308 ea
3347 5252 3467 5307 sine
3501 5250 3612 5318 ipso
3659 5237 3896 5328 pemipintiii

2456 5343 2600 5414 Quod
2639 5343 2684 5398 si
2711 5343 2778 5397 ab
2828 5357 2930 5408 eo,
2991 5343 3114 5398 licet
3163 5357 3285 5398 cum
3337 5339 3531 5402 malis,
3574 5332 3684 5390 istis

2456 5405 2579 5490 mur
2627 5435 2801 5498 bonis,
2841 5405 2960 5499 nos,
3011 5450 3240 5504 quorum
3281 5432 3416 5487 lldes
3462 5438 3545 5484 est
3583 5419 3783 5491 adoptio,
3814 5405 3896 5502 del”

2457 5541 2578 5582 mus
2626 5526 2900 5582 humiliter
2934 5537 3118 5596 petere
3151 5525 3292 5595 quod
3322 5523 3615 5578 clementer
3644 5509 3832 5566 volumus
3853 5504 3899 5598 ηιξ·

2456 5625 2691 5686 petrare.
2723 5617 2972 5671 Attamen
2996 5633 3117 5671 cum
3141 5617 3371 5673 dicimus
3417 5623 3601 5680 panem
3625 5608 3824 5656 nostrum.
3841 5600 3900 5652 μιν
