4000 6362
160 287 258 340 295

929 279 1291 337 ΕΧΡΟΒΙΤΙΟ
1329 279 1394 335 ΙΝ
1433 279 1870 336 MATTIIA'ZUM.
1910 313 1972 319 ——
2016 281 2142 336 LIB.
2181 283 2266 346 IV,
2309 281 2461 337 CAP.
2507 282 2590 336 Vl.

3293 288 3400 344 294

152 398 240 452 sim
263 407 608 466 segregantur
630 392 698 444 ab
735 392 816 445 eis
851 406 1078 460 quorum
1102 407 1202 446 nec
1233 391 1367 448 ﬁdes
1391 399 1475 447 est
1501 407 1602 446 nec
1630 390 1726 444 ad-
1752 395 1799 452 Α
1828 406 1932 461 gne
1960 407 2248 461 pascamur
2288 393 2431 456 cibo,
2473 393 2589 447 sine
2617 408 2725 463 quo
2767 393 2900 449 salvi
2947 408 3068 450 esse
3099 397 3405 466 nequimus.

151 488 301 557 optio.
344 485 512 552 Quia,
554 484 656 538 etsi
701 484 802 538 iste
829 483 1067 537 omnium
1097 483 1402 538 communis
1428 491 1512 539 est
1539 483 1712 552 panis,

155 576 382 631 videmur
407 575 575 628 alium
599 575 751 643 quasi
801 573 1088 644 specialius
1122 573 1424 643 deprecari,
1465 574 1559 643 qui
1611 589 1717 628 non

152 667 242 722 nisi
265 675 469 720 tantum
495 673 682 720 noster
718 680 839 718 esse
872 663 1168 733 probatur;
1211 665 1466 735 quoniam
1525 679 1718 733 corpo-

153 753 218 807 ris
259 762 347 806 aut
378 752 658 824 sanguinis
688 751 887 806 Christi
917 753 1069 807 cibus
1106 753 1280 807 solum
1329 761 1414 808 est
1461 752 1721 807 Christia-

154 860 344 906 norum,
373 859 481 898 nec
524 859 630 897 non
677 854 731 896 et
779 843 958 913 operis
1012 844 1387 898 mandatorum
1425 853 1589 914 atque
1626 847 1720 900 do-

151 935 426 990 ctrinarum
491 932 744 988 alimenta
793 933 1164 988 tantummodo
1220 934 1451 990 ﬁliorum
1497 950 1723 990 censen-

151 1036 245 1082 tur.
281 1024 547 1080 (Steterunt
602 1024 704 1079 iste
745 1025 1081 1090 communis,
1120 1026 1370 1096 inquiunt
1415 1027 1591 1091 cibus,
1622 1042 1722 1081 nec

153 1129 279 1174 recte
321 1118 614 1172 admodum
673 1127 857 1172 noster
905 1115 1012 1172 dici
1066 1127 1273 1188 potest,
1326 1119 1452 1188 quia
1497 1128 1551 1173 et
1591 1120 1724 1173 alio-

153 1228 255 1265 rum
283 1219 382 1264 εει.
417 1211 499 1264 Ad
537 1209 682 1278 quod
727 1207 956 1263 fatemur
981 1209 1142 1278 quia,
1192 1209 1331 1263 sicut
1372 1224 1470 1278 pro
1509 1206 1595 1264 his
1630 1210 1722 1279 qui

151 1301 500 1370 pnedestinati
545 1300 616 1352 ad
653 1299 814 1352 vitam
849 1307 1006 1364 sunt,
1058 1299 1148 1353 hic
1192 1299 1422 1354 mundus
1463 1299 1635 1354 factus
1669 1309 1724 1353 et

151 1404 380 1444 constare
419 1389 666 1443 creditur
700 1404 715 1442 :
761 1389 831 1442 ita
875 1397 928 1442 et
977 1403 1075 1457 pro
1110 1388 1191 1444 eis
1233 1389 1323 1443 isti
1363 1391 1532 1459 gratis
1583 1391 1724 1445 acci-

152 1483 293 1551 piunt
320 1498 435 1551 qua:
469 1481 596 1544 illis,
620 1481 746 1549 quia
784 1481 1010 1551 diligunt
1041 1483 1231 1546 Deum,
1263 1481 1554 1547 debentur;
1584 1482 1728 1538 unde

154 1582 206 1625 ct
237 1583 412 1625 noster
438 1571 554 1639 jure
581 1570 800 1634 dicitur,
848 1572 973 1640 quia
1024 1586 1122 1641 pro
1174 1571 1347 1635 nobis,
1404 1581 1463 1625 ut
1513 1571 1726 1626 bonitas

159 1662 271 1730 ejus
293 1663 354 1716 ad
391 1677 573 1716 omnes
615 1663 924 1724 derivetur,
972 1662 1077 1716 illis
1123 1663 1436 1733 porrigitur.
1480 1662 1585 1717 Sed
1635 1680 1727 1718 eo-

1825 480 1945 535 Nisi
1975 482 2444 556 manducaveritis].
2478 483 2672 553 inquit,
2704 501 2913 540 carnem
2944 485 3073 542 Filii
3091 489 3338 555 hominis,
3359 503 3408 546 et

1819 572 2050 626 biberitis
2080 573 2194 643 ejus
2213 577 2544 644 sanguinem,
2573 593 2676 630 non
2701 576 2953 632 habebitis
2987 581 3144 634 vitam
3173 582 3227 636 in
3246 583 3405 638 vobis.

1820 662 2159 733 Quapropter
2187 663 2265 718 sic
2301 665 2586 720 vivendum
2613 676 2696 721 est
2735 678 2793 721 ut
2835 667 2984 739 digni
3009 669 3099 724 illo
3157 671 3407 727 invenia-

1821 767 1960 815 mur,
1993 762 2047 808 et
2075 753 2154 807 sic
2175 755 2438 808 orandum
2461 765 2518 808 ut
2540 756 2778 824 quotidie
2808 755 2907 811 ista
2963 759 3145 813 omnia
3190 775 3408 830 compe-

1822 850 1999 897 tenter
2029 852 2083 897 et
2111 844 2289 898 sobrie
2317 845 2386 897 ah
2411 860 2478 898 eo
2512 846 2903 915 percipiamus;
2933 857 2992 902 ut
3017 863 3081 903 ex
3112 865 3221 902 uno
3249 852 3407 920 quid-

1821 936 1949 1005 quid
1986 937 2038 991 in
2063 938 2472 1006 priesentiarum
2507 940 2685 995 'nobis
2735 941 3099 995 necessarimn
3145 953 3248 1007 est,
3307 945 3411 999 im-

1822 1037 2125 1098 petremus;
2160 1045 2222 1084 ex
2255 1030 2425 1085 altero
2451 1046 2578 1086 vero
2605 1043 2664 1086 ut
2686 1032 2914 1087 interius
2954 1033 3058 1087 illis
3096 1036 3413 1104 angelorum

1823 1118 2052 1185 deliciis,
2079 1119 2130 1174 in
2161 1120 2405 1174 doctrina
2433 1129 2594 1190 atque
2629 1122 2904 1192 mysterio,
2939 1123 3213 1192 quotidie,
3243 1140 3415 1191 quan-

1822 1205 1916 1260 ditt
1964 1207 2016 1260 in
2067 1216 2311 1278 tempore
2354 1210 2609 1274 vivimus,
2646 1210 2959 1280 spiritaliter
3004 1213 3410 1283 participemus.

1824 1296 1935 1352 Nec
1963 1299 2271 1354 dubitemus
2301 1299 2354 1353 in
2385 1299 2564 1368 aliquo
2591 1302 2716 1369 quia
2752 1300 2893 1356 Deus
2920 1301 3080 1357 Pater
3104 1318 3224 1356 cum
3253 1303 3413 1357 Chri-—

1825 1397 1910 1444 sto
1947 1389 2107 1444 simul
2137 1391 2292 1444 nobis
2313 1391 2492 1445 omnia
2517 1391 2756 1455 donavit,
2786 1401 2878 1446 aut
2903 1395 3188 1462 prmseutia
3228 1395 3310 1448 vel
3335 1395 3415 1448 fu-

1826 1487 1965 1532 tura.
2023 1477 2172 1534 Unde
2223 1481 2402 1543 illum,
2449 1481 2576 1550 quia
2617 1498 2749 1551 puer
2799 1492 2957 1538 natus
3003 1495 3087 1538 est
3134 1485 3316 1548 nobis,
3359 1492 3417 1539 et

1829 1564 1973 1621 ﬁlius
1996 1567 2156 1622 datus
2175 1579 2256 1623 est
2285 1570 2460 1634 nobis,
2489 1587 2707 1626 oremus
2754 1573 2907 1641 quasi
2959 1573 3271 1628 thesaurum
3321 1589 3416 1630 uo-

1828 1664 2022 1722 strum,
2055 1675 2274 1715 oremus
2295 1669 2351 1714 ut
2376 1663 2556 1716 cibum
2599 1673 2875 1731 nostrum;
2909 1675 3091 1719 noster
3111 1666 3256 1719 enim
3311 1674 3414 1731 est,

156 1771 267 1811 rum
333 1770 429 1810 nec
476 1755 824 1824 quotidianus
867 1764 952 1809 est
993 1756 1164 1818 cibus,
1222 1756 1345 1824 quia
1395 1756 1724 1826 perpetuita-
1753 1740 1881 1802 Bet
1909 1749 2029 1804 ideo
2063 1766 2185 1805 cum
2216 1766 2283 1805 eo
2329 1753 2486 1807 simul
2543 1755 2724 1809 omnia
2771 1765 2953 1810 nostra
3008 1755 3160 1810 ﬁunt.
3211 1755 3416 1812 Idcirco

154 1855 248 1899 tem
280 1847 518 1909 artioris,
573 1847 700 1901 licet
765 1862 871 1902 non
929 1848 1037 1902 sint
1086 1848 1184 1916 ipsi
1235 1849 1481 1918 perpetui
1537 1848 1623 1903 hic
1671 1849 1723 1902 in

152 1941 312 2000 terris,
332 1939 517 1992 radice
542 1939 724 1993 cordis
770 1939 1098 2008 plautarunt.
1157 1939 1326 1994 Porro
1381 1941 1452 1994 illi
1494 1957 1724 2010 quorum

154 2031 353 2098 adoptio
382 2038 491 2090 est,
523 2029 650 2097 quia
675 2028 742 2083 de
773 2031 1012 2084 crastino
1038 2031 1253 2086 solliciti
1303 2046 1423 2086 esse
1473 2047 1578 2085 non
1626 2033 1722 2087 de-

160 2120 292 2182 bent,
319 2118 700 2186 quotidianam
729 2119 1098 2173 tantummodo
1117 2135 1388 2173 annonam
1430 2119 1724 2190 postulant,

155 2212 442 2280 largitatem
473 2207 572 2262 Dei
614 2223 825 2279 semper
863 2210 963 2264 sibi
1012 2209 1078 2264 ad
1133 2211 1368 2264 futuram
1423 2223 1718 2282 sperantes.

150 2303 285 2368 Quod
307 2303 453 2355 bene
515 2299 734 2368 populo,
780 2300 872 2370 qui
912 2317 976 2355 ex
1029 2301 1264 2372 Egypto
1320 2305 1721 2373 egrediebatur,

149 2391 402 2462 gradienti
436 2405 539 2460 per
573 2391 880 2454 desertum,
923 2391 1232 2460 praecipitur
1274 2401 1334 2445 ut
1374 2392 1570 2463 singuli
1616 2410 1723 2448 non

149 2485 361 2552 amplius
385 2483 454 2536 ad
493 2483 693 2536 victum
721 2482 1109 2552 quotidianum,
1135 2498 1295 2552 quam
1320 2499 1512 2554 gomor
1557 2501 1723 2540 unum

147 2577 484 2646 colligerent;
523 2582 579 2628 et
613 2573 659 2628 si
697 2572 973 2643 quidpiam
994 2573 1188 2643 aliquis
1243 2575 1350 2628 alio
1393 2575 1511 2644 plus
1563 2576 1728 2630 colle-

147 2667 316 2735 gisset,
341 2679 450 2720 seu
480 2664 535 2719 in
565 2663 861 2717 crastinum
888 2677 954 2717 ex
989 2677 1058 2716 eo
1086 2673 1436 2729 reservasset,
1467 2665 1728 2719 scaturie-

148 2759 260 2811 bant
281 2769 508 2812 vermes
536 2755 681 2809 illico
711 2771 778 2808 ex
810 2754 923 2818 illo,
952 2753 1025 2807 ita
1055 2762 1114 2806 ut
1144 2769 1244 2808 nec
1269 2754 1407 2808 ultra
1453 2755 1608 2810 cibus
1638 2755 1726 2809 ille

147 2845 448 2914 proﬁceret.
499 2844 579 2898 Ex
635 2858 744 2914 quo
783 2857 1018 2913 praesens
1063 2842 1494 2898 Christianorum
1542 2845 1723 2915 regula

146 2937 474 3006 signabatur,
503 2934 649 3005 quod
690 2933 911 3003 perfecti
935 2949 1150 3004 quoque
1185 2951 1290 2990 non
1345 2936 1575 2990 debeant
1623 2938 1728 2992 sol-

145 3025 261 3081 liciti
287 3042 420 3081 esse
449 3027 518 3079 de
544 3025 802 3079 crastino.
837 3023 1034 3094 Su/ﬁcit
1058 3025 1202 3079 enim
1229 3025 1331 3078 diei
1361 3027 1564 3080 malitia
1589 3044 1723 3092 sua;

148 3134 256 3172 nam
283 3118 558 3170 crastinus
580 3116 692 3169 dies
712 3113 969 3169 sollicitus
999 3117 1098 3170 erit
1133 3115 1233 3169 sibi
1255 3115 1472 3187 (Matt/1.
1498 3133 1572 3182 vr,
1603 3118 1716 3187 54).
1749 3118 1796 3181 C

147 3207 288 3272 Quod
313 3208 362 3261 si
399 3207 558 3275 plane
591 3204 920 3259 laboriosum
942 3213 1164 3276 putatur
1201 3214 1256 3260 et
1301 3208 1550 3272 arduum,
1601 3208 1732 3262 ﬁlio-

146 3313 255 3352 rdm
287 3309 478 3352 tamen
510 3297 672 3351 debet
707 3310 829 3351 esse
866 3296 968 3350 ista
1014 3296 1273 3366 perfectio
1317 3305 1376 3350 ut
1423 3297 1502 3351 sic
1549 3299 1732 3353 vivant

143 3388 382 3455 quotidie
412 3387 569 3456 quasi
601 3399 725 3440 mox
757 3386 1025 3448 morituri,
1055 3393 1110 3440 et
1133 3386 1206 3440 ibi
1242 3401 1337 3456 spe
1362 3401 1576 3458 semper
1599 3404 1732 3457 peu-

143 3479 322 3540 deant,
346 3493 462 3546 quo
479 3476 780 3531 secredunt
799 3476 1119 3545 quantocius
1143 3484 1521 3546 perventuros.
1556 3479 1728 3545 Unde,

143 3575 392 3641 quotidie
418 3581 652 3637 orantes,
671 3572 882 3641 triplice
919 3572 1080 3626 istum
1107 3573 1229 3625 vita:
1256 3571 1436 3627 cibum
1467 3574 1729 3642 quotidie,

145 3663 311 3717 veluti
340 3662 526 3717 ﬁdeles
553 3663 666 3727 ﬁlii,
698 3663 766 3717 de
798 3677 958 3715 manu
1005 3661 1180 3716 Patris
1229 3661 1625 3731 percipiamus;
1665 3678 1732 3718 ne

145 3752 280 3806 forte
314 3759 543 3822 accepta
581 3751 908 3813 substantia,
957 3751 1115 3806 sicuti
1163 3751 1251 3806 ille
1300 3751 1577 3822 prodigus,
1621 3753 1733 3806 lon-

144 3844 256 3912 gius
285 3845 354 3900 ab
393 3859 458 3899 eo
485 3844 801 3899 recedentes
833 3844 1167 3899 oberremus.
1191 3843 1298 3900 Sed
1330 3843 1451 3899 talis
1490 3843 1733 3914 profecto

149 3935 327 4004 regula
350 3950 385 3988 a
411 3935 598 4003 paucis
621 3934 755 3988 viris
782 3943 837 3988 et
866 3934 1142 3989 rarissime
1191 3933 1354 4005 335
1403 3933 1728 3998 custoditur,

147 4026 371 4096 talisque
399 4025 578 4081 Patris
599 4041 755 4080 amor
779 4033 835 4080 et
849 4024 1081 4080 ﬁliorum
1103 4024 1320 4079 devotio
1347 4023 1436 4078 vix
1459 4034 1729 4078 servatur.

143 4116 310 4180 Unde,
363 4124 657 4186 sperantes
712 4114 764 4168 in
810 4113 950 4170 illius
991 4114 1214 4184 pietate,
1255 4112 1563 4182 rejiciamus
1614 4124 1734 4182 qme

143 4207 318 4261 mundi
351 4216 510 4271 sunt,
533 4215 590 4260 et
618 4205 693 4260 ita
721 4205 987 4268 vivamus,
1011 4213 1071 4258 ut
1107 4204 1272 4260 etiam
1306 4204 1429 4259 cibo
1460 4204 1565 4260 isto
1612 4219 1732 4258 cor-

141 4313 295 4366 porco
322 4299 422 4354 hic
456 4299 512 4353 in
551 4298 638 4352 via
668 4312 792 4351 cum
836 4297 1132 4368 gratiarum
1185 4296 1422 4361 actione,
1471 4296 1589 4350 sine
1626 4310 1734 4364 quo

140 4406 236 4445 non
267 4406 590 4462 possumus,
623 4389 866 4460 quotidie
892 4404 1198 4459 pascamur.
1230 4388 1430 4444 Deinde
1451 4389 1734 4444 moraliter

1825 1850 2072 1907 petamus
2109 1855 2233 1895 eum
2261 1843 2418 1912 quasi
2461 1854 2726 1909 nostrum,
2752 1854 2811 1899 ut
2831 1846 3100 1916 quomodo
3125 1847 3175 1899 in
3209 1847 3309 1901 lide
3355 1846 3416 1900 il-

1826 1932 1937 1986 lum
1958 1931 2072 2001 jam
2115 1941 2380 1998 tenemus,
2407 1933 2478 1987 ita
2507 1935 2560 1988 in
2585 1949 2642 1988 re
2675 1934 2933 1997 fruamur,
2985 1943 3042 1991 et
3063 1950 3159 2005 per
3203 1951 3328 1990 cum
3381 1952 3411 1991 a

1826 2025 1986 2081 Patre
2015 2035 2210 2080 cuncta
2258 2027 2629 2098 impetremus.
2662 2026 2854 2082 Noster
2901 2029 3100 2098 quippe
3135 2037 3238 2092 est,
3289 2030 3420 2098 quia

1826 2118 1980 2173 nobis
2004 2116 2119 2187 jam
2140 2118 2263 2188 jure
2304 2119 2550 2173 debetur.
2579 2118 2703 2173 ldeo
2747 2134 2969 2174 oramus
3031 2127 3090 2172 ut
3129 2119 3270 2190 quod
3323 2134 3419 2172 no-

1826 2217 2006 2264 strum
2027 2216 2111 2264 est
2133 2223 2229 2280 per
2265 2208 2486 2273 donum,
2538 2209 2783 2280 quotidie
2833 2210 3104 2263 tribuatur
3138 2223 3234 2279 per
3289 2208 3416 2263 επε-

1825 2301 1994 2353 cttiln.
2027 2296 2112 2351 Sit
2160 2307 2366 2351 tantum
2420 2296 2507 2352 ille
2553 2297 2707 2353 cibus
2752 2299 2907 2354 nobis
2957 2299 3323 2369 quotidianus,
3363 2309 3420 2351 et

1825 2387 2006 2442 omnia
2040 2388 2093 2443 in
2128 2403 2194 2443 eo
2220 2387 2380 2443 simul
2417 2398 2602 2444 nostra
2640 2399 2822 2444 erunt.
2877 2389 2990 2445 Hoc
3051 2400 3137 2443 est
3191 2391 3370 2445 dicere
3402 2406 3415 2443 :

1828 2476 2067 2532 Primum
2090 2479 2307 2549 quierite
2339 2495 2554 2548 regnum
2583 2479 2710 2542 Dei,
2739 2490 2786 2533 et
2811 2481 2985 2533 omnia
3006 2481 3116 2532 lucc
3164 2480 3419 2548 adjicien-

1827 2579 1914 2622 tur
1944 2569 2106 2622 vobis.
2145 2568 2276 2634 Qua:
2304 2567 2556 2621 nimirum
2583 2569 2767 2622 omnia
2798 2569 2969 2623 aliena
2987 2578 3132 2633 sunt,
3163 2570 3284 2638 quia
3310 2585 3416 2624 non

1828 2676 2018 2717 sumus
2043 2661 2110 2715 de
2137 2662 2238 2716 hoc
2275 2661 2496 2725 mundo,
2531 2671 2588 2714 et
2617 2661 2739 2715 ideo
2786 2661 2940 2731 prius
2981 2661 3122 2728 quod
3172 2668 3418 2714 nostrum

1828 2762 1912 2807 est
1935 2768 2172 2815 oremus,
2210 2761 2268 2806 ut
2319 2754 2372 2807 in
2429 2768 2496 2806 eo
2535 2761 2728 2807 cuncta
2777 2751 3100 2821 impetrasse
3152 2752 3417 2805 laetemur.

1829 2843 1964 2899 Nam
1994 2846 2137 2914 quod
2179 2845 2354 2900 aliena
2397 2847 2507 2900 sint
2556 2844 2758 2913 reliqua
2799 2843 2964 2914 333
3005 2843 3210 2907 omnia,
3262 2843 3422 2898 docet

1827 2936 2169 3007 evangelicus
2194 2952 2393 3001 sermo,
2422 2937 2512 2990 ubi
2540 2936 2646 2990 ait:
2667 2935 2734 2988 Et
2757 2937 2800 2988 si
2830 2937 2884 2988 in
2908 2935 3084 2989 alieno
3109 2952 3210 2990 non
3236 2935 3414 3003 fuistis

1829 3025 2033 3094 ﬁdeles,
2059 3025 2200 3096 quod
2233 3037 2458 3081 vestrum
2477 3036 2574 3089 est,
2604 3027 2720 3096 quis
2741 3025 2883 3078 dabit
2915 3025 3095 3078 vobis?
3119 3023 3270 3082 (Luc.
3302 3040 3416 3088 va,

1835 3114 1940 3181 12.)
1973 3115 2264 3185 Propterea
2288 3115 2428 3185 quod
2456 3123 2696 3170 nostrum
2726 3124 2838 3179 est,
2871 3125 2997 3168 ante
3032 3117 3211 3168 omnia
3241 3124 3296 3168 et
3327 3131 3418 3168 su-

1837 3223 1934 3279 per
1955 3210 2137 3264 omnia
2161 3209 2528 3279 requiramus,
2551 3217 2818 3278 quatenus
2844 3207 2929 3261 ille
2953 3209 3024 3261 sit
3051 3207 3206 3260 nobis
3246 3207 3422 3276 panis,

1834 3299 1924 3353 ille
1948 3299 2126 3364 cibus,
2183 3299 2272 3355 ille
2313 3301 2446 3365 vita,
2494 3315 2591 3368 pro
2639 3300 2790 3369 cujus
2835 3314 3021 3352 amore
3071 3313 3190 3366 qua:
3238 3299 3423 3350 mundi

1832 3397 1957 3443 sunt
1981 3388 2160 3444 omnia
2193 3398 2579 3459 postponcntes
2612 3389 2765 3456 quasi
2819 3388 2995 3441 aliena
3054 3387 3374 3456 deputemus
3405 3399 3420 3438 :

1831 3487 1886 3534 et
1914 3479 2034 3535 ideo
2064 3479 2277 3534 nonnisi
2306 3480 2576 3543 diurnam,
2624 3479 2751 3532 licet
2791 3493 2821 3531 a
2873 3477 3053 3539 Patre,
3110 3477 3422 3530 alimonium

1837 3572 1994 3626 istam
2027 3581 2119 3625 aut
2148 3571 2291 3625 illam
2321 3587 2592 3639 rogemus,
2621 3579 2679 3623 ut
2708 3571 2758 3623 in
2789 3569 2896 3631 illo,
2942 3569 3008 3622 de
3063 3569 3168 3631 illo,
3219 3568 3286 3622 ab
3332 3569 3424 3624 illo

1833 3677 2045 3732 semper
2083 3663 2312 3716 alamur.
2335 3661 2599 3728 Quoniam
2648 3676 2745 3715 nec
2788 3659 3104 3728 locupletius
3141 3659 3421 3714 cellarium

1834 3752 2126 3816 invenitur,
2186 3767 2286 3805 nec
2340 3751 2682 3820 prarstantius
2745 3750 3146 3820 paratissimum
3201 3751 3422 3820 quidem

1833 3849 1917 3896 est
1945 3851 1999 3897 et
2019 3842 2368 3907 contimmm;
2403 3841 2604 3896 ideirco
2621 3858 2728 3897 non
2757 3842 2902 3896 aliud
2928 3857 3236 3911 quieramus
3255 3859 3418 3912 quam

1834 3934 1979 4002 quod
2008 3934 2286 4004 praprium
2306 3945 2362 3989 et
2385 3943 2690 4004 paternum.
2731 3933 2993 4004 Sequitur
3034 3951 3047 3987 :
3267 3947 3272 3950 ·

1905 4026 2122 4080 Dimitte
2147 4027 2292 4082 nobis
2314 4027 2485 4080 debita
2509 4037 2708 4091 nostra,
2751 4027 2885 4080 sicut
2942 4036 2990 4079 et
3045 4041 3137 4078 nos
3199 4025 3422 4078 dimitti-

1834 4134 1950 4172 mus
2004 4117 2326 4171 debitoribus
2367 4118 2578 4170 nostris.
2642 4117 2740 4171 llic
2799 4116 3166 4186 tutusquisquc
3225 4125 3427 4169 semct-

1837 4210 2010 4280 ipsqu
2060 4209 2324 4270 attendat,
2393 4217 2448 4262 et
2501 4208 2805 4263 cautionem
2856 4223 3038 4262 coram
3087 4205 3268 4277 judice
3326 4224 3421 4261 vo-

1835 4315 1898 4353 ce
1963 4298 2178 4368 propria
2254 4298 2596 4368 proposuisse
2657 4297 2936 4366 intelligat.
3003 4296 3194 4350 Docuit
3275 4296 3421 4350 enim

1838 4388 1942 4444 hoc
1976 4386 2230 4456 Magister
2259 4388 2496 4458 pietatis,
2531 4403 2634 4442 non
2665 4389 2836 4442 solum
2863 4394 2922 4440 ut
2949 4401 3046 4440 nos
3094 4385 3323 4440 invicem
3355 4387 3422 4440 ad

141 4483 186 4534 in
213 4483 330 4552 lege
379 4482 769 4536 mandatorum
819 4481 906 4535 die
951 4494 1015 4534 ac
1053 4487 1212 4534 nocte
1261 4494 1561 4544 versemur,
1601 4480 1727 4548 quia
1759 4464 1810 4524 Ι)
1841 4477 2274 4534 misericordiam
2344 4477 2662 4541 inﬁecteret,
2721 4491 2910 4531 verum
2968 4484 3028 4529 ut
3071 4476 3424 4544 peccantibus

141 4589 234 4627 non
266 4575 319 4628 in
350 4573 479 4628 solo
521 4588 657 4641 pane
683 4572 815 4626 vivit
837 4573 1016 4634 homo,
1045 4571 1138 4625 sed
1159 4571 1208 4624 in
1233 4571 1380 4624 omni
1398 4570 1560 4625 verbo
1586 4570 1729 4640 quod

138 4667 374 4732 procedit
413 4664 480 4716 de
505 4677 602 4715 ore
635 4662 723 4715 Dei
778 4661 992 4733 (Matth.
1040 4677 1116 4724 tv,
1161 4661 1238 4730 4).
1294 4660 1520 4715 Constat
1573 4661 1736 4732 igitur

139 4757 288 4821 quod,
323 4758 480 4810 sicut
512 4755 616 4807 isto
642 4768 779 4822 pane
801 4753 1042 4823 pascitur
1077 4753 1318 4808 exterior
1344 4752 1505 4808 homo
1528 4762 1730 4817 noster,

138 4845 205 4898 ita
230 4847 325 4901 illo
355 4846 437 4901 de
479 4845 566 4898 die
592 4844 644 4898 in
696 4843 837 4898 diem
879 4844 1103 4898 interior
1161 4842 1506 4898 reformatur.
1556 4843 1734 4913 Atque

138 4949 229 5001 per
267 4937 376 4992 hoc
399 4975 418 4998 ,
451 4943 561 4987 tam
603 4935 707 4988 isto
749 4949 911 5002 quam
956 4933 1048 4989 illo
1088 4933 1303 4989 interim
1340 4943 1735 5000 sustentamur;

136 5026 237 5080 isto
260 5041 474 5096 corpus
502 5025 556 5078 in
595 5025 680 5078 via
711 5023 894 5089 alitur,
931 5023 1020 5078 illo
1053 5023 1233 5078 anima
1271 5031 1325 5078 et
1353 5039 1549 5094 corpus
1578 5025 1736 5079 simul

139 5114 199 5167 ad
219 5125 438 5170 interna
480 5115 737 5168 nutritur.
783 5114 1069 5169 Vescimur
1113 5121 1296 5168 autem
1332 5123 1390 5168 et
1434 5115 1734 5185 spiritalem

137 5219 314 5260 escam
334 5204 608 5276 quotidie,
636 5205 762 5258 dum
792 5212 886 5259 aut
911 5205 966 5259 in
996 5212 1340 5260 sacramento
1369 5219 1590 5260 carnem
1617 5205 1734 5275 ejus

138 5295 216 5349 vel
237 5296 576 5366 sanguinem
599 5297 953 5360 assumimus;
977 5305 1072 5350 aut
1090 5295 1426 5353 solummodo
1449 5297 1501 5352 in
1532 5307 1732 5364 mente,

138 5384 310 5453 ipsum
364 5385 628 5449 amando,
677 5387 970 5452 credendo,
1015 5387 1308 5456 sperando,
1356 5387 1589 5442 interius
1645 5405 1735 5441 ru-

139 5474 437 5532 minamus.
469 5473 578 5528 Isto
632 5474 900 5543 siquidem
956 5475 1078 5530 cibo
1130 5475 1197 5529 ad
1254 5487 1511 5530 mternam
1567 5477 1732 5531 vitam

139 5558 358 5618 Christo
391 5563 825 5630 incorporamur,
857 5576 910 5618 et
941 5580 1064 5618 cum
1089 5580 1155 5618 eo
1186 5580 1349 5618 unum
1377 5581 1574 5634 corpus
1624 5567 1734 5621 elli-

139 5650 316 5706 cimur
345 5671 362 5719 ;
403 5655 526 5709 ideo
552 5655 683 5710 nihil
713 5657 890 5711 minus
933 5657 1194 5711 orandqu
1222 5667 1278 5710 ut
1307 5657 1375 5711 ab
1398 5673 1462 5712 eo
1511 5659 1602 5713 illo
1649 5660 1734 5713 di-

1845 4569 1897 4625 in
1921 4583 1983 4624 se
2008 4569 2136 4634 reis,
2165 4569 2280 4638 ipse
2319 4567 2705 4639 indulgentiam
2729 4567 3037 4637 largiretur.
3071 4566 3127 4620 lu
3180 4581 3288 4620 uno
3345 4566 3422 4620 si-

1839 4662 2058 4732 quidem
2091 4661 2248 4716 nobis
2269 4661 2615 4724 subvenieus,
2645 4661 2698 4714 in
2713 4658 2886 4713 altero
2916 4673 3044 4712 vero
3066 4658 3420 4725 peccantibus

1839 4752 2097 4808 fratribus
2119 4768 2213 4821 per
2233 4767 2420 4808 eorum
2443 4751 2621 4807 debita
2653 4750 2932 4815 relaxans;
2973 4749 3027 4803 in
3057 4757 3286 4818 utroque
3342 4758 3422 4802 ta-

1839 4860 1963 4900 men
1983 4846 2225 4915 utrisque
2261 4845 2472 4900 veniam
2504 4844 2801 4899 clementer
2845 4845 3108 4916 providit,
3154 4853 3207 4900 et
3247 4843 3312 4897 ad
3359 4843 3422 4897 li-

1841 4934 2104 4988 bertatem
2129 4933 2436 5002 adoptionis
2462 4933 2700 5005 singulos
2724 4935 2964 5004 quolibet
2987 4934 3270 4991 charitatis
3297 4941 3421 4986 voto

1839 5027 2024 5080 venire
2055 5025 2242 5080 voluit.
2278 5024 2431 5081 Unde
2454 5025 2766 5095 diligentius
2788 5027 3164 5097 unusquisque
3203 5023 3420 5094 petitio—

1837 5129 1960 5170 nem
1989 5113 2259 5169 cautionis
2277 5113 2584 5181 dignoscat;
2613 5115 2899 5184 quia'sicut
2929 5121 3210 5186 promptus
3247 5111 3314 5166 ad
3339 5111 3421 5164 in-

1836 5205 2168 5276 dulge-ntiam
2194 5205 2340 5260 circa
2365 5220 2493 5260 suos
2517 5205 2790 5262 debitores
2815 5205 3103 5265 exstiterit,
3138 5204 3216 5257 sic
3250 5202 3418 5255 Deum

1837 5300 1890 5352 in
1917 5299 2030 5352 suis
2057 5298 2349 5368 propitium
2381 5298 2617 5353 habebit.
2663 5298 2774 5352 Hoc
2800 5297 2943 5352 enim
2992 5307 3214 5364 sperare
3259 5291 3420 5345 doce-

1837 5405 1956 5443 mur
1979 5405 2007 5442 a
2032 5389 2283 5454 Domino,
2315 5399 2368 5444 et
2398 5390 2451 5442 in
2476 5398 2662 5443 nostra
2697 5389 2914 5456 ponitur
2942 5392 3226 5454 potestate,
3275 5381 3421 5452 quod

1837 5480 2112 5534 cernimur
2140 5480 2412 5534 dimisisse
2457 5494 2740 5534 conservo.
2772 5477 2963 5533 Nostra
3004 5475 3222 5545 quidem
3254 5487 3418 5542 spon-

1837 5570 1988 5623 sione
2009 5569 2390 5639 astringimur:
2446 5569 2647 5623 idcirco
2670 5568 2808 5621 sicut
2837 5566 3113 5623 debitores
3167 5579 3289 5619 esse
3325 5577 3418 5616 no-

1839 5660 2037 5724 lumus,
2069 5661 2139 5714 ita
2162 5674 2261 5716 nec
2288 5662 2488 5716 habere
2511 5660 2790 5728 eupianms
2814 5699 2826 5723 ,
2853 5658 2978 5726 quia
3005 5658 3056 5712 in
3083 5669 3269 5711 eorum
3301 5667 3399 5723 per
