4000 6362
556 276 660 330 2235

1340 270 1399 324 s.
1440 268 1789 324 rsscnasu
1830 267 2172 322 narotcnrt
2210 268 2499 323 seems
2534 236 2980 324 CORBElENSlS

3708 233 3808 316 2‘95

557 381 703 436 sonis
730 390 822 436 aut
851 380 1099 450 ligamur,
1130 386 1219 434 aut
1260 379 1611 434 absolvimur.
1643 380 1793 446 Quod
1822 381 1864 433 si
1909 389 2128 450 putatur
2160 384 2202 439 Λ
2233 394 2417 435 coram
2444 379 2553 435 Deo
2568 381 2680 451 jam
2712 381 2905 437 fiducia
2951 380 3239 452 respondet
3292 378 3614 450 impetrandi
3644 395 3660 432 :
3689 380 3805 433 exi-

560 472 648 526 bic
677 468 964 535 iaeertum,
991 469 1057 523 de
1093 469 1290 539 quibus
1318 470 1536 535 debitis,
1568 472 1650 524 vel
1681 471 1744 526 de
1770 473 1963 540 quibus
1988 470 2133 524 debi-

562 562 773 617 toribus
793 560 1024 624 dicatur,
1051 556 1350 629 abiicienda
1371 570 1453 615 est
1471 562 1726 615 materies
1744 561 2127 622 excusationis,

558 661 612 707 et
632 650 1034 722 intelligendum
1057 650 1269 720 planius
1282 666 1348 705 ex
1372 652 1516 705 omni
1535 652 1835 706 debitotam
1851 651 2127 721 culparum

558 757 719 812 quam
768 751 824 796 et
863 741 1186 811 pecuniarize
1232 742 1542 813 gravitatis,
1598 751 1656 796 ttt
1713 742 1766 796 in
1815 756 2132 811 quocunque

558 833 653 887 tibi
686 833 854 886 frater
884 840 1006 885 tuus
1035 844 1161 886 reus
1185 830 1370 897 fuerit,
1400 832 1501 886 hoc
1528 832 1757 887 relaxes.
1791 832 1923 886 Nam
1956 842 2009 888 et
2033 848 2131 888 nos

554 923 803 991 plurimis
844 922 1082 977 ostendit
1111 921 1337 976 nexibus
1382 922 1648 976 involutos
1682 931 1789 977 tam
1814 923 2131 978 delictormn

555 1014 747 1068 crebra
808 1012 1190 1084 prmsumptio,
1251 1028 1413 1082 quam
1479 1013 1790 1082 pecuniaria
1854 1014 2129 1069 inhonesta

557 1112 900 1175 qttazstusque
931 1103 1066 1158 lucri
1115 1104 1488 1158 contrectatio.
1524 1104 1668 1170 Ideo,
1705 1116 1864 1175 prout
1904 1104 2132 1160 facultas

556 1196 753 1251 virium
806 1195 1057 1251 omnibus
1083 1195 1349 1265 suppetit,
1403 1196 1599 1249 debent
1643 1197 1837 1265 singuli
1883 1198 1994 1251 suis
2047 1212 2133 1251 re-

557 1287 742 1341 laxare
789 1287 1125 1341 debitoribus
1178 1288 1412 1357 pondera
1476 1287 1744 1341 facultatis
1794 1288 1989 1357 quibus
2038 1303 2134 1357 op-

559 1377 732 1446 pressi
815 1384 1067 1432 tenentur
1147 1376 1362 1430 debitis.
1426 1376 1559 1442 Quia
1637 1377 1880 1445 quisquis
1952 1379 2132 1448 egenti

556 1467 715 1520 fuerit
748 1466 1089 1529 inhumanus,
1116 1465 1226 1519 Deo
1278 1480 1398 1534 qua:
1445 1481 1537 1519 stta
1584 1476 1708 1519 sunt
1746 1470 1995 1535 abnegat,
2039 1482 2135 1521 cu-

558 1555 650 1624 jus
689 1556 897 1609 it:finita
964 1555 1140 1625 pietas
1183 1556 1261 1609 sic
1316 1557 1592 1625 angustias
1650 1557 1871 1626 suscipit
1911 1558 2135 1611 misero-

559 1664 698 1707 rum.
724 1657 784 1700 ttt
813 1647 1070 1717 quidquid
1099 1648 1314 1716 pauperi
1345 1648 1744 1716 dispensatione
1765 1648 1991 1718 benigna
2018 1649 2135 1703 fne—

558 1737 634 1791 ris
671 1737 918 1807 largitus,
958 1738 1058 1790 sibi
1103 1738 1395 1808 praestitum
1434 1726 1804 1792 connumeret.
1856 1738 2135 1793 Debitores

563 1836 741 1880 autem
766 1825 928 1897 337
958 1827 1126 1882 tribus
1151 1828 1367 1881 obnoxii
1394 1828 1568 1882 modis
1587 1837 1831 1883 tenemur
1855 1846 1868 1882 :
1895 1845 2017 1884 eum
2041 1836 2136 1883 aut

562 1931 684 1985 qua!
756 1916 1018 1971 Divinitas
1086 1918 1361 1987 prohibuit
1425 1919 1796 1985 admittimus,
1863 1928 1957 1974 aut
2015 1936 2134 1990 quae

554 2004 716 2073 jussit
742 2021 846 2058 non
897 2006 1211 2074 implemus;
1244 2021 1338 2062 seu
1377 2024 1499 2062 eum
1528 2009 1594 2062 de
1624 2010 1854 2078 propriis
1883 2009 2135 2081 astringi-

568 2111 692 2151 mur
720 2098 890 2162 votis;
937 2098 1061 2167 quia
1091 2108 1147 2152 et
1172 2109 1283 2152 tum
1317 2098 1595 2164 debemus,
1643 2099 1840 2156 Christi
1874 2100 2133 2156 beneficia

568 2184 738 2253 gratis
782 2188 1081 2250 consecuti,
1128 2189 1309 2240 omnia
1368 2203 1487 2257 qua:
1534 2189 1915 2256 promisimus,
1964 2190 2136 2245 donec

563 2275 705 2329 fideli
734 2285 911 2330 mente
938 2276 1144 2347 singula
1165 2278 1469 2334 reddamus.
1497 2277 1587 2333 Sic
1615 2281 1795 2350 itaque
1817 2291 1872 2336 et
1898 2282 1952 2336 in
1979 2282 2135 2339 nobis

559 2366 847 2436 tripliciter
873 2368 1196 2432 admittitur,
1222 2371 1363 2438 quod
1411 2372 1689 2427 remittere
1728 2372 2003 2440 jubemur,
2029 2389 2133 2428 no-

558 2458 692 2512 stris
718 2465 793 2510 'lll.
832 2458 1174 2514 absolvantur
1226 2461 1480 2518 reatibus.
1522 2464 1656 2519 Dum
1705 2465 1903 2535 injuste
1940 2475 2031 2521 ant
2078 2466 2134 2522 in

558 2545 740 2599 animo
763 2545 1023 2610 lmdimur,
1049 2557 1139 2602 attt
1164 2550 1216 2603 in
1237 2566 1465 2622 corpore
1493 2554 1828 2623 passionibus
1850 2551 2130 2624 aﬂicimnr,

562 2645 653 2689 aut
680 2635 733 2690 in
772 2637 855 2690 his
882 2640 1138 2704 exterius,
1173 2657 1293 2710 qum
1324 2646 1477 2698 nobis
1498 2643 1618 2713 jure
1645 2656 1977 2716 competunt,
2004 2664 2138 2719 quo-

558 2724 691 2780 libet
744 2726 1062 2795 injuriarum
1121 2730 1315 2786 affectu
1377 2749 1817 2805 prtegravamnr;
1878 2752 2130 2806 quorum,

557 2814 858 2883 quibusque
899 2818 1254 2884 debitoribus,
1285 2836 1379 2875 seu
1407 2825 1611 2891 peccati
1655 2826 1727 2878 sit
1752 2826 2006 2894 pretium,
2037 2843 2130 2882 seu

558 2917 760 2968 rerum,
790 2906 932 2973 quod
969 2922 1350 2978 nonnunquam
1402 2912 1519 2967 sine
1547 2913 1744 2968 dilecto
1783 2923 2014 2982 tenetur,
2041 2918 2134 2972 de-

558 2994 750 3066 bemus
793 2996 1014 3052 omnino
1060 2996 1320 3053 fratribus
1368 3001 1629 3067 relaxare,
1664 3014 1931 3074 quatenus
1978 3009 2135 3064 nobis

2236 470 2485 539 gentibus
2517 486 2665 535 vero,
2693 486 2851 540 paena
2884 472 2936 526 in
2971 470 3300 526 conscientia
3350 468 3621 525 remardet
3655 469 3808 523 datu-

2233 558 2416 614 nandi.
2450 561 2591 614 Deus
2626 568 2804 616 tamen
2854 561 3055 615 mavult
3097 551 3342 615 invenire
3394 561 3481 615 cui
3535 559 3810 629 indulgeat

2233 663 2389 717 quam
2420 664 2580 718 quem
2609 649 2817 719 puniat.
2863 649 2988 704 Ideo
3015 649 3179 720 338
3204 648 3259 702 in
3291 658 3475 702 nostra
3508 648 3693 718 posuit
3715 663 3809 718 po—

2234 746 2447 801 testate,
2495 754 2600 808 qua
2630 740 2857 809 quisque
2885 739 3213 793 conscientia
3253 738 3345 793 Dei
3371 738 3636 808 judicium
3681 753 3809 808 erga

2233 844 2292 883 se
2319 838 2599 898 provocet,
2625 840 2680 884 et
2710 830 2980 900 quomodo
3015 830 3337 884 sententiam
3369 829 3502 883 tanti
3530 828 3810 884 discrimi—

2232 918 2318 973 nis
2339 920 2517 973 valeat
2565 928 2883 989 temperare.
2921 918 3091 974 Nemo
3137 919 3302 988 igitur
3339 933 3397 973 se
3439 918 3737 973 immunem
3778 934 3810 971 a

2233 1018 2575 1079 peccatorum
2613 1010 2809 1065 debitis
2849 1010 3144 1076 existimet,
3168 1009 3294 1079 quia
3326 1024 3486 1063 nemo
3506 1009 3624 1063 sine
3650 1007 3809 1077 culpa

2233 1102 2415 1155 vivere
2438 1109 2632 1170 potest.
2665 1100 2741 1155 De
2764 1115 2873 1171 quo
2899 1099 3135 1156 Joannes
3162 1099 3434 1170 apostolus
3466 1116 3480 1152 :
3522 1097 3582 1151 Si
3611 1099 3815 1152 dia-eri-

2233 1206 2372 1253 mus,
2415 1190 2607 1260 inquit,
2636 1192 2760 1260 quia
2808 1201 3075 1260 peccatum
3104 1207 3208 1244 non
3254 1189 3527 1252 habemus,
3568 1189 3671 1257 ipsi
3718 1204 3813 1240 nos

2234 1281 2548 1343 seducimus,
2577 1289 2626 1334 et
2674 1281 2866 1334 ueritas
2906 1281 2962 1333 in
2993 1280 3137 1333 nobis
3160 1296 3264 1333 non
3291 1289 3366 1332 est
3393 1278 3441 1348 (1
3471 1277 3633 1332 Joan.
3663 1294 3704 1339 ι,
3733 1278 3811 1348 8).

2236 1368 2420 1438 Neque
2448 1368 2812 1437 perfunctorie
2834 1371 2936 1424 hoc
2960 1369 3209 1440 Magister
3242 1369 3488 1422 veritatis
3516 1369 3813 1440 discipulos

2239 1459 2616 1513 doeuitorare.
2650 1459 2833 1530 Neque
2877 1460 3196 1515 universalis
3247 1460 3484 1515 Ecclesia
3523 1461 3660 1516 false
3700 1460 3812 1515 ista

2235 1551 2496 1621 probatur
2524 1551 2722 1606 dicere.
2774 1551 2975 1607 Omnes
3027 1551 3242 1621 quid:m
3273 1552 3555 1616 debemus,
3604 1562 3659 1606 et
3689 1552 3814 1607 ideo

2237 1640 2485 1694 omnibus
2506 1640 2809 1695 necessaria
2836 1650 2919 1695 cst
2943 1639 3144 1695 Christi
3173 1638 3519 1710 indulgentia.
3553 1640 3815 1710 Propter-

2167 1723 2208 1781 Β
2239 1743 2302 1782 ea
2351 1727 2529 1782 devoti
2573 1744 2642 1782 ex
2686 1729 2868 1783 animo
2904 1728 3155 1783 omnibus
3187 1728 3511 1792 relaxetnus,
3543 1739 3683 1783 utet
3721 1745 3815 1799 po-

2238 1818 2373 1873 tiora
2406 1832 2502 1872 seu
2530 1817 2847 1889 quamplura
2880 1819 3034 1873 nobis
3075 1833 3107 1871 a
3151 1818 3240 1888 pio
3264 1817 3443 1887 judice
3473 1816 3813 1873 relaxentur.

2235 1908 2609 1964 Pecuniariam
2638 1908 2835 1978 quippe
2862 1909 3141 1980 proposuit
3170 1911 3359 1965 orandi
3408 1910 3660 1980 figuram,
3714 1911 3814 1964 lla—

2236 1999 2382 2071 gitiis
2406 2010 2796 2070 comparatam,
2845 2000 3098 2069 quoniam
3140 2000 3295 2054 radix
3341 2001 3583 2054 omnium
3642 2000 3818 2055 malo-

2238 2107 2356 2146 rum
2398 2109 2506 2148 non
2534 2093 2708 2148 solum
2735 2092 3019 2163 cupiditas,
3049 2091 3148 2147 sed
3172 2100 3228 2145 et
3269 2091 3497 2145 avaritia
3524 2091 3817 2162 probatur,

2238 2184 2355 2239 sine
2383 2184 2536 2253 cujus
2553 2171 2768 2239 “semine
2817 2183 3012 2239 vitioso
3043 2182 3189 2236 nulla
3229 2182 3615 2253 propemodum
3650 2196 3819 2253 gene-

2239 2285 2430 2331 rantur
2457 2276 2681 2331 scclera.
2722 2275 2927 2331 Idcirco
2979 2276 3031 2329 in
3063 2275 3306 2345 utrisque
3334 2273 3658 2329 servandum
3707 2283 3814 2339 est,

2237 2376 2297 2422 ut
2320 2368 2371 2421 in
2387 2368 2795 2437 quibuscunque
2808 2381 3095 2437 possumus
3114 2365 3388 2419 conservis
3408 2364 3814 2419 subveniamus.

2236 2457 2486 2527 Alioquin
2532 2457 2625 2526 qui
2677 2458 2838 2512 corda
2882 2456 3100 2527 inspicit
3145 2454 3515 2525 singulorum,
3570 2454 3687 2525 ipse
3723 2462 3819 2508 aut

2235 2560 2424 2618 preces
2463 2546 2741 2616 approbat,
2773 2546 3039 2601 cbaritate
3068 2545 3122 2600 in
3169 2544 3351 2599 anitno
3398 2542 3683 2614 ﬂagrante,
3722 2553 3819 2599 aut

2236 2637 2489 2706 reprobat
2514 2636 2603 2690 illa
2633 2635 3038 2706 refrigescente.
3057 2634 3191 2701 Quia
3213 2633 3455 2705 profecto
3476 2636 3629 2706 prius
3648 2637 3815 2690 corda

2238 2727 2488 2795 viresque
2513 2725 2846 2796 singulorum
2880 2727 3114 2797 inspicit,
3156 2735 3213 2781 et
3256 2736 3382 2781 tunc
3410 2740 3477 2780 ex
3520 2742 3587 2783 eo
3612 2741 3815 2781 munus

2236 2818 2368 2883 voti,
2398 2832 2493 2872 seu
2536 2817 2833 2888 supplicum
2882 2831 3072 2887 preces
3110 2825 3319 2888 pensat.
3364 2815 3501 2872 Hinc
3542 2829 3628 2871 cat
3668 2817 3817 2887 quod

2235 2908 2468 2978 primum
2497 2908 2563 2963 ad
2591 2908 2748 2974 Abel,
2778 2907 2971 2977 deinde
3001 2908 3068 2962 ad
3100 2909 3216 2979 ejus
3242 2923 3467 2977 munera
3509 2908 3819 2978 respexisse

2239 3001 2468 3069 legitur;
2501 3003 2641 3057 unde
2687 3002 2931 3072 placatus
2958 3017 3022 3057 ea
3052 3003 3306 3073 suscepit,
3347 3003 3473 3073 quia
3501 3016 3626 3057 eum
3651 3017 3816 3073 quem

556 3092 740 3137 nostra
778 3099 809 3137 a
856 3085 1146 3154 piojulice
1186 3088 1496 3145 relaxentur
1536 3067 1736 3147 debita.
1780 3094 2018 3150 Maxime
2051 3105 2130 3151 ta-
2160 3067 2203 3129 C
2238 3067 2388 3161 prius
2416 3067 2974 3161 aspexeratcoramse
2998 3067 3449 3148 rectum-invenit.
3472 3067 3820 3162 Quapropter

560 3186 684 3227 men
709 3174 916 3243 pondus
947 3177 1174 3245 peccati,
1207 3178 1252 3231 si
1299 3180 1365 3232 ad
1414 3194 1511 3234 nos
1542 3181 1812 3250 pertinere
1848 3184 2128 3253 probatur,

558 3263 789 3320 ultronei
837 3268 1205 3330 remittamus;
1256 3270 1510 3339 quoniam
1551 3273 1653 3326 etsi
1695 3272 1933 3329 debitum
1975 3292 2137 3346 pecu-

2238 3196 2397 3236 nemo
2411 3196 2470 3236 se
2487 3181 2660 3248 fallat,
2677 3196 2833 3236 nemo
2854 3197 2913 3238 se
2932 3183 3319 3239 circumveniat
3340 3199 3356 3248 ;
3373 3184 3680 3254 quicunque
3706 3199 3818 3239 non

2236 3271 2504 3328 dimiserit
2556 3275 2902 3343 peccantibus
2952 3275 3052 3330 sibi
3098 3291 3166 3331 ex
3205 3276 3401 3338 corde,
3441 3277 3643 3331 frustra
3688 3285 3821 3332 ante

559 3354 662 3409 nire
708 3356 975 3411 interdum
1002 3358 1148 3428 juste
1192 3361 1502 3429 repetimus,
1544 3362 1784 3418 debitum
1816 3365 2133 3422 delictorum
2231 3364 2490 3436 judicent,
2523 3364 2678 3434 cujus
2708 3365 2821 3420 lucc
2843 3374 2969 3418 sunt
2990 3366 3261 3429 mandata,
3283 3379 3473 3435 preces
3490 3365 3668 3421 offert.

559 3462 833 3516 nunquam
866 3450 1172 3517 petentibus
1198 3451 1298 3506 sibi
1347 3452 1612 3523 indulgeri
1658 3455 1864 3527 absque
1915 3458 2137 3514 damna-

559 3535 706 3591 tione
736 3546 919 3591 nostra
949 3553 1226 3610 negamus.
1281 3539 1432 3597 Unde
1474 3555 1799 3615 praeceptum
1826 3557 1908 3602 est
1951 3549 2005 3603 in
2032 3551 2136 3605 hoc

556 3624 676 3693 ipso
720 3628 1009 3699 Evangelio
1039 3644 1054 3682 :
1084 3629 1219 3685 Cum
1264 3635 1525 3690 steteritis
1573 3639 1639 3690 ad
1685 3639 2007 3706 orationem,
2051 3657 2137 3696 re-

557 3715 755 3771 mittite
786 3719 830 3771 si
886 3719 1015 3788 quid
1065 3720 1274 3795 habetis
1301 3724 1563 3780 adversus
1592 3727 1849 3798 aliquem,
1895 3739 1952 3785 et
1977 3730 2137 3787 Pater

561 3813 761 3870 vester,
807 3808 898 3876 qui
938 3808 991 3863 in
1017 3810 1171 3866 ctelis
1198 3821 1300 3876 est,
1333 3815 1571 3870 remittet
1619 3827 1841 3885 peccata
1870 3820 2049 3887 vobis;
2089 3823 2134 3877 si

567 3902 748 3947 autem
778 3911 875 3949 vos
896 3913 1001 3952 non
1033 3901 1371 3965 remiseritis,
1414 3904 1611 3973 inquit,
1659 3922 1835 3977 neque
1862 3908 2023 3964 Pater
2044 3926 2137 3966 ve-

564 3987 698 4043 ster,
737 3982 826 4050 qui
860 3984 912 4036 in
942 3984 1094 4039 caelis
1121 3994 1225 4052 est,
1263 3989 1501 4045 remittet
1528 3994 1680 4050 vobis
1704 4004 1928 4065 peccata
1957 4011 2135 4054 vestra

561 4067 777 4141 (Matth.
811 4087 964 4138 xvttt,
1014 4073 1126 4146 55).
1181 4076 1472 4135 Excusatio
1509 4096 1744 4152 namque
1788 4086 1947 4142 nobis
1994 4089 2135 4145 nulla

569 4157 909 4228 relinquitur,
960 4162 1086 4231 quia
1136 4167 1504 4237 unusquisque
1550 4179 1794 4233 nostrum
1839 4177 2134 4232 secundum

558 4248 705 4304 hanc
729 4252 1055 4307 sententiam
1083 4254 1138 4309 in
1171 4255 1258 4309 die
1278 4257 1464 4327 judicii
1485 4257 1836 4327 judicabitur.
1863 4264 1971 4321 Sed
1990 4271 2133 4325 cauti

558 4355 682 4395 esse
711 4341 967 4399 debemus
1000 4360 1067 4400 ne
1092 4355 1186 4401 aut
1213 4363 1276 4402 ea
1304 4364 1426 4418 quae
1456 4356 1510 4407 in
1542 4352 1711 4409 Deum
1753 4357 2132 4428 admittuntur,

564 4433 721 4501 quasi
763 4444 948 4489 nostra
983 4440 1335 4505 peccantibus
1380 4443 1706 4513 relaxemus,
1759 4460 1854 4506 aut
1902 4466 1966 4508 ea
2016 4469 2138 4524 qua:

562 4530 748 4577 nostra
778 4533 924 4590 sunt,
952 4526 1115 4583 veluti
1136 4544 1203 4584 ex
1233 4531 1350 4588 zelo
1375 4532 1494 4601 Dei,
1522 4550 1685 4594 causa
1705 4539 1957 4598 vindicta:
1982 4544 2133 4599 retri-

564 4614 812 4671 buamus.
843 4616 1091 4675 Solemus
1131 4637 1282 4694 ergo,
1331 4627 1473 4696 quod
1498 4638 1583 4684 est
1614 4631 1848 4701 gravius,
1875 4650 2002 4706 erga
2047 4636 2139 4691 illa

571 4721 695 4774 quae
747 4707 815 4762 ad
867 4707 959 4763 Dei
1009 4713 1395 4782 omnipotentis
1449 4718 1705 4788 injuriam
1758 4735 2138 4794 prorumpunt,

565 4795 721 4863 quasi
776 4796 1068 4855 clementes
1119 4802 1385 4872 existere;
1444 4807 1712 4878 erga'illa
1761 4825 1892 4867 vero
1928 4828 2047 4881 quae
2084 4815 2139 4869 in

567 4883 727 4939 nobis
748 4884 900 4951 fiunt,
925 4885 1050 4942 licet
1077 4892 1421 4960 parvissima,
1444 4896 1679 4954 immites
1702 4908 1758 4954 et
1785 4901 2141 4959 inexorabiles

565 4987 689 5029 esse
718 4988 733 5027 :
768 4990 869 5044 pro
900 4977 1096 5046 quibus
1119 4996 1227 5035 non
1267 4982 1650 5054 indulgentiam
1685 4990 1932 5062 utrisque
1958 4992 2140 5061 factis,

568 5063 660 5116 sed
715 5066 1274 5126 condemnationema
1323 5072 1550 5131 Domino
1592 5093 1985 5147 promeremur,
2013 5085 2143 5153 quia

568 5168 633 5207 ex
668 5155 783 5225 ipsa
810 5167 992 5212 nostra
1020 5160 1278 5230 petitione
1307 5164 1493 5221 durius
1533 5168 1974 5225 condemnamur.
2004 5173 2144 5240 Quid

569 5261 700 5316 ergo
746 5258 828 5319 est
862 5248 1045 5307 dcere
1087 5271 1098 5306 :
1131 5253 1349 5310 Dimitte
1386 5256 1528 5313 sicut
1575 5258 1757 5316 dimisi
1810 5262 2143 5322 debitoribus

571 5338 725 5401 meis,
757 5355 878 5395 cum
910 5358 1014 5396 non
1041 5344 1331 5412 dimiseris,
1371 5346 1473 5401 nisi
1518 5348 1663 5418 pium
1688 5349 1923 5421 judicem
1949 5368 2017 5408 ex
2050 5363 2140 5411 tua

570 5429 889 5484 rrudeitate
933 5433 997 5486 ad
1050 5437 1396 5503 severitatem
1450 5438 1698 5494 vindictae
1742 5442 1925 5497 acrius
1951 5459 2145 5514 provo-

572 5519 732 5571 care?
770 5519 972 5578 Idcirco
1011 5525 1237 5581 formam
1276 5529 1432 5584 nobis
1474 5531 1747 5601 imposuit,
1794 5536 2144 5603 quemadmo-

572 5606 696 5661 dum
735 5611 976 5668 tolumus
1020 5615 1271 5685 judieari.
1310 5621 1459 5679 Unde.
1491 5624 1889 5695 indulgentibus
1929 5645 2140 5687 summa

2250 3510 2254 3514 Α
2306 3453 2375 3507 Et
2405 3458 2469 3508 ne
2492 3470 2585 3508 nos
2609 3454 2828 3509 inducas
2850 3456 2904 3507 in
2928 3457 3282 3511 tentationem.
3314 3456 3431 3511 Non
3460 3458 3602 3528 quod
3637 3458 3821 3514 Domi-

2237 3556 2337 3597 nus
2363 3542 2470 3597 dnx
2503 3551 2558 3596 et
2585 3544 2845 3614 magister
2883 3544 3149 3609 veritatis,
3195 3546 3286 3615 qui
3316 3546 3402 3600 via
3434 3555 3520 3601 est
3544 3547 3820 3602 credenti-

2236 3632 2357 3697 bus,
2379 3634 2683 3703 quempiam
2730 3633 2783 3687 in
2813 3633 3066 3705 laqueum
3094 3638 3406 3693 tentationis
3435 3638 3692 3705 inducat;
3718 3640 3819 3695 sed

2237 3725 2536 3779 abhorrens
2562 3725 2654 3794 qui
2682 3726 2795 3780 suis
2823 3726 3096 3798 negligant
3120 3743 3311 3798 parere
3344 3729 3666 3800 disciplinis,
3691 3747 3818 3786 cum

2237 3832 2331 3873 eos
2373 3817 2576 3872 deserit
2620 3828 2676 3873 et
2720 3820 2986 3888 permittit
3042 3820 3121 3875 ire
3171 3836 3493 3893 quocunque
3541 3824 3821 3879 ducuntur

2237 3908 2422 3974 illecti,
2455 3918 2566 3963 tum
2589 3910 2775 3980 utique
2803 3911 3056 3967 inducere
3089 3927 3184 3969 eos
3206 3915 3537 3984 perhibetur.
3570 3914 3659 3970 Fit
3680 3932 3819 3987 ergo

2238 3998 2341 4053 iste
2359 3999 2609 4069 loquendi
2630 4001 2821 4056 modus
2849 4001 2902 4055 in
2928 4001 3223 4074 Scripturis
3254 4004 3454 4059 divinis
3487 4004 3821 4075 frequentis-

2237 4089 2392 4156 sime,
2437 4108 2533 4162 per
2577 4093 2629 4148 id
2667 4095 2809 4163 quod
2852 4095 2981 4152 sinit
3022 4106 3117 4150 aut
3157 4107 3376 4166 praestat
3421 4100 3563 4164 fieri,
3599 4110 3659 4155 ut
3704 4102 3823 4172 ipse

2236 4177 2413 4234 facere
2440 4181 2667 4235 dicatur.
2700 4181 2877 4237 Habes
2904 4199 3120 4254 quoque
3142 4186 3196 4240 in
3227 4187 3368 4242 bono
3392 4189 3534 4258 quod
3580 4188 3825 4259 Spiritus

2237 4277 2456 4325 sanctus
2490 4271 2723 4339 postulet
2747 4287 2845 4341 pro
2874 4274 3028 4328 nobis
3053 4276 3325 4344 gemitibus
3374 4277 3825 4335 inenarrabilibus

2244 4363 2422 4434 (Rom.
2454 4379 2576 4427 vnt,
2606 4364 2718 4436 26),
2747 4366 2873 4420 dum
2912 4382 3013 4422 nos
3039 4367 3314 4437 postulare
3344 4369 3501 4435 facit;
3548 4371 3719 4431 babes
3768 4384 3829 4430 et.

2241 4456 2294 4510 in
2324 4454 2488 4519 malo,
2518 4456 2646 4510 dum
2693 4457 2827 4512 dicit
2857 4471 2872 4511 :
2907 4456 2973 4511 Et
2999 4474 3093 4528 ego
3116 4459 3375 4513 indurabo
3402 4477 3493 4514 cor
3516 4459 3824 4517 Pharaonis

2240 4543 2438 4615 (Ea-od.
2487 4561 2561 4609 tv,
2584 4545 2700 4616 21),
2733 4562 2853 4601 cum
2899 4562 3023 4602 cum
3067 4548 3308 4603 indurari
3333 4551 3598 4619 permisit.
3639 4552 3828 4624 Atque

2240 4640 2500 4704 propheta
2531 4654 2544 4688 :
2574 4634 2866 4698 Indurasti,
2894 4637 3133 4702 Domine,
3161 4654 3254 4692 cor
3273 4649 3530 4706 nostrum,
3554 4642 3828 4700 indurasts'

2243 4743 2305 4780 ne
2352 4728 2547 4780 iremus
2597 4737 2711 4794 post
2750 4738 2799 4782 te
2843 4727 2979 4790 (lsa.
3008 4744 3164 4794 ut",
3195 4729 3307 4800 l7).
3362 4731 3476 4785 Non
3520 4734 3662 4801 quod
3701 4735 3826 4804 pius

2214 4817 2504 4872 .Dontinns
2546 4817 2779 4887 aliquem
2810 4829 2903 4874 aut
2938 4820 3160 4876 inducat
3187 4821 3241 4876 in
3281 4822 3528 4892 laqueum
3572 4828 3832 4881 tentatio-

2240 4907 2345 4972 nis,
2376 4916 2470 4961 aut
2506 4907 2739 4973 indurat,
2768 4926 2837 4965 ne
2857 4910 3082 4965 verbum
3112 4912 3411 4984 disciplina:
3446 4925 3611 4985 queat
3655 4914 3833 4988 339

2243 5000 2518 5069 suscipere
2548 5017 2562 5054 :
2599 5001 2693 5055 sed
2722 5002 2867 5071 quia,
2899 5004 3026 5057 dum
3065 5002 3274 5072 judicio
3313 5020 3412 5061 suo
3438 5006 3570 5062 vero
3603 5014 3659 5061 et
3674 5007 3835 5073 justo

2245 5105 2344 5145 nos
2368 5089 2590 5154 deserit,
2632 5091 2784 5160 quasi
2814 5092 3068 5148 inducere
3100 5094 3153 5147 in
3174 5095 3368 5149 "sacris
3397 5094 3593 5150 litteris
3618 5094 3835 5164 ﬁgura-

2248 5188 2367 5246 tur,
2405 5190 2463 5235 et
2494 5182 2621 5236 dum
2670 5196 2770 5236 nos
2810 5183 2939 5237 sinit
2992 5184 3311 5241 infidelitate
3360 5186 3541 5241 cordis
3593 5186 3838 5243 interius

2249 5271 2643 5343 congelescere,
2675 5273 2828 5342 quasi
2881 5274 3133 5329 indurare
3180 5274 3400 5341 dicitur,
3429 5276 3555 5346 quia
3602 5292 3712 5331 non
3746 5294 3839 5333 re.

2249 5360 2409 5416 solvit
2433 5363 2502 5417 ad
2538 5362 2773 5418 calorem
2800 5365 3022 5428 amoris,
3052 5379 3203 5437 quos.
3229 5365 3381 5419 novit
3421 5364 3721 5437 frigescere
3763 5369 3837 5423 ab

2249 5450 2361 5515 illo,
2388 5452 2480 5520 qui
2524 5453 2704 5506 sedem
2746 5469 2898 5507 suam
2947 5453 3015 5508 ad
3062 5452 3381 5525 Aquilonem
3425 5458 3629 5525 posuit.
3674 5455 3839 5515 Unde

2249 5554 2444 5609 sponsa
2486 5541 2541 5596 in
2568 5540 2844 5597 Canticis:
2875 5543 3064 5614 Surge,
3093 5545 3301 5614 Aquilo,
3341 5556 3391 5600 et
3430 5548 3565 5614 veni,
3600 5549 3832 5614 Auster,

2249 5634 2414 5703 per/1a
2434 5633 2666 5698 hortum,
2692 5643 2746 5688 ut
2774 5635 2944 5703 ﬂuant
2967 5646 3210 5691 aromata
3239 5637 3384 5691 illius
3405 5639 3581 5711 (Cant.
3609 5656 3682 5703 tv,
3716 5639 3813 5710 16)
