4000 6362
155 302 240 358 297
911 294 1274 355 EXPUSITIO
1316 299 1379 354 IN
1422 300 1598 354 ΜΛἸἼ
1618 300 1701 354 HA

1801 301 1858 354 ll.
1899 331 1968 342 -—-
2007 304 2132 359 LIB.
2175 304 2261 371 lV,
2302 305 2453 362 CAP.
2495 307 2582 362 Vl.

3273 311 3378 368 298

152 415 398 483 Alioquin,
443 411 546 464 nisi
585 425 798 464 animus
828 409 1010 464 divino
1046 410 1208 465 fuerit
1247 411 1460 479 adjutus
1504 411 1694 466 suilra-
1722 410 2280 484 Aincorruptiouem,
2333 425 2390 471 et
2437 418 2663 474 mortale
2707 418 3195 480 immortalitatem.
3248 430 3378 479 tunc

153 508 244 579 gio,
272 505 371 558 cito
395 500 558 554 ﬂante
589 513 750 556 vento
775 502 1086 559 tentationis
1133 504 1199 557 ad
1223 504 1434 558 ruinam
1465 503 1695 574 impelli-

153 606 241 652 tur.
271 593 402 648 Hinc
433 601 518 648 est
565 593 708 662 quod
747 593 979 663 petimus
1025 611 1038 648 :
1082 593 1151 648 Et
1179 612 1242 650 ne
1272 612 1366 650 nos
1397 597 1615 650 inducas
1644 598 1698 651 in

152 685 474 748 tentationem.
501 683 555 737 id
587 691 692 748 est,
731 682 800 737 ab
825 699 890 738 eo
929 684 1020 754 qui
1052 684 1194 740 male
1221 692 1395 741 tentat
1441 701 1510 741 ne
1553 686 1700 742 sinas

151 791 235 832 nos
280 773 474 829 induci.
537 773 681 829 Deus
733 773 878 830 enim
929 776 1226 832 intentator
1269 787 1351 832 est
1410 777 1695 834 malorum.

152 870 265 926 Hinc
291 868 551 939 scriptum
585 876 669 922 est
695 869 835 938 quod
859 869 1000 924 Deus
1032 870 1302 925 neminem
1345 880 1540 927 tentat.
1580 871 1697 927 Non

153 963 269 1034 quod
290 977 390 1016 non
419 961 714 1015 tentaverit
751 959 1026 1016 Abraham
1051 970 1105 1018 et
1144 961 1329 1028 Jacob,
1361 978 1456 1018 seu
1500 963 1702 1020 electo-

154 1068 250 1106 nim
278 1050 701 1121 quamplurimas
729 1050 796 1104 ad
827 1050 1075 1114 salutem,
1125 1053 1218 1107 sed
1247 1054 1372 1124 quia
1405 1054 1471 1108 ad
1496 1054 1700 1109 malum

152 1143 384 1198 neminem
411 1150 606 1207 tentat,
639 1151 693 1197 et
708 1142 826 1197 ideo
858 1142 1155 1199 intentator
1188 1145 1452 1200 malorum
1477 1145 1694 1200 dicitur.

150 1233 424 1287 lnducimur
459 1240 642 1287 autem
673 1232 725 1286 in
769 1234 1142 1298 tentationem,
1175 1249 1296 1289 cum
1328 1237 1555 1290 tentatio
1600 1251 1699 1292 nos

149 1325 222 1380 vel
245 1340 418 1394 parum
445 1324 702 1394 fregerit;
730 1339 903 1394 neque
932 1325 1074 1379 enim
1102 1340 1321 1380 oramus
1349 1334 1406 1380 ut
1445 1341 1550 1381 non
1585 1333 1696 1380 ten-

151 1427 326 1482 temur,
349 1415 439 1471 sed
462 1431 530 1471 ne
559 1415 879 1470 inducamur
910 1415 964 1469 in
993 1417 1367 1482 tentationem,
1397 1416 1450 1470 id
1495 1424 1598 1480 est,
1630 1430 1698 1469 ne

151 1524 239 1563 nos
265 1509 478 1563 tentatio
504 1505 590 1561 vel
619 1507 684 1561 ad
717 1505 986 1561 modicum
1016 1507 1227 1574 vincat;
1261 1508 1364 1562 hoc
1391 1508 1588 1579 quippe
1615 1516 1698 1561 est

155 1600 336 1664 dicere,
371 1614 436 1653 ne
474 1613 564 1653 nos
595 1596 796 1653 inferas
820 1597 874 1652 in
909 1599 1284 1664 tentationem,
1329 1599 1470 1668 quod
1499 1596 1698 1652 Paulus

155 1690 402 1761 praemittit
425 1689 626 1754 dicens,
653 1688 797 1758 quod
828 1687 991 1744 faciet
1020 1704 1141 1744 cum
1177 1689 1490 1753 tentatione,
1531 1690 1696 1744 etiam

1800 503 1985 573 utique
2014 506 2082 560 ab
2110 507 2255 560 omni
2284 506 2425 564 malo
2455 506 2691 564 funditus
2729 508 2883 565 liberi
2922 513 3144 577 erimus,
3177 528 3282 584 qua
3310 514 3382 570 li-

1796 592 2007 650 bertate
2030 593 2280 652 Christus
2322 613 2422 654 nos
2465 597 2734 654 liberabit.
2783 601 3002 658 Interim
3048 613 3228 660 tamen
3257 615 3314 661 et
3346 623 3379 662 a

1797 682 1941 740 malo
1985 686 2167 741 saeculi
2197 686 2359 757 hujus
2405 688 2620 744 liberari
2653 691 2944 760 poscimus,
2981 707 3048 748 ne
3091 710 3378 764 gravemur

1797 777 2091 848 angoribus
2114 787 2170 834 et
2201 795 2456 850 pressura
2499 784 2874 853 corruptionis.
2905 784 2962 840 In
2990 801 3094 856 qua
3121 788 3376 844 nimirum

1796 869 2076 939 petitione,
2125 883 2314 927 oculus
2364 881 2471 928 tam
2516 874 2584 928 ad
2616 875 2968 944 praeteritum,
3014 893 3175 948 quam
3220 891 3274 936 et
3311 883 3379 937 ad

1797 975 2056 1030 praesens,
2093 976 2194 1018 nec
2224 980 2328 1020 non
2359 973 2414 1020 et
2442 965 2509 1019 ad
2540 963 2780 1020 futurum
2806 966 3113 1023 extenditur
3137 979 3381 1043 tempus;

1799 1063 1896 1104 seu
1931 1051 2000 1105 ab
2031 1051 2120 1108 illo
2153 1053 2297 1124 quod
2337 1055 2673 1120 admisimus,
2711 1072 2806 1111 seu
2841 1058 2909 1111 ab
2958 1074 3024 1113 eo
3074 1077 3179 1130 quo
3227 1071 3377 1117 tene-

1800 1155 1924 1194 mur
1962 1141 2136 1198 adhuc
2183 1144 2344 1210 malo,
2395 1145 2623 1202 interius
2655 1148 2979 1211 exteriusve,
3031 1166 3124 1204 seu
3175 1151 3243 1204 ab
3290 1152 3379 1206 illo

1799 1231 1944 1300 quod
1973 1231 2218 1288 imminet
2254 1234 2306 1288 in
2341 1233 2543 1301 futuro,
2591 1237 2765 1292 modis
2789 1238 3040 1293 omnibus
3066 1238 3375 1295 liberemur.

1800 1322 2044 1396 Namque
2081 1326 2258 1381 omnis
2291 1329 2564 1399 corruptio
2609 1329 2748 1383 mala
2792 1339 2876 1384 est
2925 1331 3131 1400 utique,
3176 1332 3300 1402 quia
3348 1349 3377 1386 a

1800 1415 1964 1482 malo,
1992 1415 2045 1470 id
2068 1426 2170 1482 est,
2193 1433 2224 1470 a
2245 1417 2458 1474 diabolo
2485 1420 2722 1487 exstitit;
2757 1431 2810 1476 et
2839 1422 2958 1477 ideo
2986 1422 3112 1476 dum
3141 1439 3381 1489 oramus,

1800 1505 1968 1563 libera
1996 1524 2094 1564 nos
2124 1525 2155 1563 a
2185 1510 2325 1566 malo
2349 1551 2363 1576 ,
2409 1512 2772 1583 integritatem
2819 1514 3014 1568 futura:
3041 1515 3163 1569 vita;
3191 1531 3382 1586 preca-

1801 1613 1922 1652 mur
1949 1599 2292 1670 participare,
2341 1610 2400 1656 ut
2448 1603 2660 1658 tandem
2707 1604 2773 1659 ad
2803 1621 2924 1659 eam
2955 1605 3163 1660 felicius
3192 1622 3384 1677 per-ve-

1804 1691 1922 1744 nire
1948 1691 2232 1760 possimus.
2265 1693 2400 1760 Quid
2430 1694 2593 1766 igitur
2621 1695 2772 1750 deest
2798 1699 2940 1766 quod
2967 1697 3087 1753 istis
3115 1714 3218 1753 non
3249 1715 3380 1754 con-

147 1780 416 1850 providebit
449 1790 507 1833 ut
532 1779 802 1848 possimus
821 1778 1088 1834 sustinere
1115 1777 1164 1846 (I
1189 1775 1310 1832 Cor.
1345 1793 1398 1842 ι,
1427 1777 1535 1848 l3).
1564 1776 1698 1832 Nam
1730 1765 1780 1828 Β
1810 1780 2045 1838 tineatur
2076 1793 2280 1854 septem
2307 1765 2580 1855 precibus,
2629 1802 2721 1841 seu
2753 1765 2825 1842 ad
2845 1801 3163 1858 prmsentem
3194 1791 3380 1855 vitam,

145 1887 235 1925 non
263 1869 371 1925 ideo
399 1870 749 1925 beatiﬁcatur
780 1870 1063 1939 quispiam,
1099 1869 1242 1940 quod
1283 1883 1392 1922 non
1436 1877 1695 1935 tentatur,

147 1964 222 2017 sed
241 1964 349 2033 quia
369 1972 501 2032 post
529 1961 880 2021 tentationem
903 1963 1077 2016 victor
1097 1960 1356 2016 divinitus
1381 1971 1695 2016 coronatur.

149 2050 257 2106 lliuc
277 2053 473 2122 quippe
500 2051 760 2122 scriptum
785 2060 866 2107 est
898 2067 912 2105 τ
941 2049 1138 2105 Beatus
1164 2051 1241 2104 vir
1261 2051 1350 2122 qui
1372 2051 1555 2121 su/j'ert
1581 2061 1698 2105 ten-

93 2183 112 2202 .
148 2145 372 2205 tationem,
405 2142 670 2212 quoniam
716 2157 834 2194 cum
863 2139 1110 2212 probatus
1155 2141 1332 2210 fuerit,
1365 2144 1584 2214 accipiet
1612 2158 1703 2195 co-

147 2250 293 2286 ranam
314 2235 428 2288 vita
456 2230 607 2305 (Jac.
637 2247 680 2298 ι,
702 2233 816 2304 l2).
841 2232 1068 2289 Constat
1093 2233 1257 2306 igitur
1276 2234 1419 2304 quod
1453 2234 1703 2290 omnibus

149 2328 331 2379 tentatio
360 2325 679 2381 necessaria
706 2333 808 2391 est,
839 2334 895 2381 et
920 2341 1110 2382 omnes
1133 2336 1420 2382 tentamur.
1447 2326 1553 2383 Sed
1574 2329 1700 2398 quia

145 2421 260 2472 vires
301 2433 511 2476 nosrra:
541 2419 610 2474 ad
647 2433 712 2474 ea
747 2435 852 2475 non
903 2418 1172 2476 suiliciunt
1212 2423 1538 2493 superanda,
1586 2437 1702 2477 ora-

145 2525 239 2562 mus
272 2510 589 2565 medullitus
623 2509 826 2575 cordis,
857 2507 941 2565 Ne
971 2527 1064 2565 nos
1107 2511 1326 2565 inducas
1366 2512 1421 2565 in
1459 2513 1702 2567 tentatio-

145 2617 252 2664 item,
291 2601 388 2656 hoc
433 2610 548 2667 est,
578 2616 645 2656 ne
695 2601 842 2656 sinas
876 2617 977 2657 nos
1006 2602 1084 2657 ire
1113 2611 1171 2656 ut
1218 2603 1532 2670 vincamur;
1568 2617 1630 2658 ac
1653 2603 1699 2658 si

146 2689 357 2745 dicatur:
389 2690 552 2747 lnfer
581 2692 953 2757 tentationem,
985 2700 1044 2746 ut
1069 2693 1384 2763 probemur,
1423 2703 1479 2749 et
1504 2701 1700 2764 praesta

144 2783 424 2856 suifragium
472 2801 548 2841 ne
586 2785 888 2852 vincamur,
915 2794 1182 2856 quatenus
1209 2794 1330 2857 post
1371 2785 1701 2858 triumphum

143 2878 342 2935 victores
385 2894 747 2936 coronemur.
780 2879 1012 2936 Veniunt
1058 2879 1258 2951 quippe
1298 2879 1468 2947 venti,
1512 2878 1702 2952 impel-

143 2971 238 3027 luut
276 2973 530 3039 ﬂumina,
581 2971 787 3028 feriunt
817 2973 991 3038 undae,
1026 2980 1417 3028 coacervantur
1454 2971 1701 3027 immensi

143 3065 364 3136 gurgites,
416 3065 666 3136 petimus
710 3079 779 3120 ne
809 3079 906 3119 nos
947 3064 1191 3130 inducas,
1237 3062 1342 3119 hoc
1379 3071 1485 3129 est,
1514 3077 1581 3118 ne
1607 3070 1700 3117 tuo

143 3123 521 3212 nos'destituas
567 3155 793 3222 auxilio,
825 3165 886 3210 ut
930 3156 1158 3212 tentatio
1183 3155 1401 3222 vincat;
1456 3166 1510 3211 tu
1553 3156 1696 3211 enim
1727 3123 1773 3188 ο

142 3247 194 3302 de
217 3249 342 3303 caelo
362 3249 595 3312 clamas,
627 3249 806 3304 adhuc
829 3247 1167 3302 certantibus
1204 3247 1259 3302 in
1304 3262 1476 3318 agone
1517 3246 1701 3302 militi-

141 3339 224 3395 bus
256 3359 269 3395 :
297 3323 585 3411 Conﬁdite,
612 3356 706 3410 ego
730 3339 828 3393 vici
853 3338 1106 3393 mundum
1134 3335 1316 3409 (Joan.
1341 3352 1453 3403 va,
1474 3335 1586 3410 55).
1623 3337 1702 3392 Ac

138 3432 180 3486 si
199 3433 399 3488 dicatur
425 3451 440 3488 :
469 3431 532 3488 Si
559 3431 862 3487 formidatis
901 3431 1043 3486 inter
1072 3431 1381 3486 innumeros
1421 3430 1626 3497 hostes,
1655 3431 1701 3486 si

143 3526 342 3580 timeris
359 3535 584 3596 propter
607 3525 928 3579 immensam
959 3523 1142 3578 mundi
1171 3521 1452 3586 saevitiam,
1484 3521 1528 3576 si
1557 3521 1702 3576 vires

135 3626 318 3672 contra
369 3617 627 3672 violentos
679 3631 871 3671 eorum
931 3613 1192 3686 impulsus
1244 3628 1344 3684 pro
1402 3611 1701 3667 difﬁdentia

137 3707 470 3780 franguntur,
500 3709 544 3763 si
572 3707 747 3779 laquei
778 3706 904 3762 hinc
932 3705 1056 3762 inde
1091 3704 1266 3775 parati
1296 3705 1609 3767 tenduntur,
1654 3701 1702 3758 si

145 3803 302 3874 caligo
346 3803 719 3867 tenebrarum,
760 3809 820 3855 ut
871 3799 1181 3870 impingatis
1215 3797 1457 3854 caecitate
1505 3797 1695 3866 pressi,

140 3894 440 3964 aspergitur,
501 3890 669 3965 35,0
725 3891 772 3945 si
818 3891 886 3946 ab
930 3889 1226 3945 innumeris
1273 3885 1701 3958 coangustamini

141 3982 361 4050 casibus,
389 3994 441 4039 et
474 3982 802 4038 circumdati
832 3979 970 4035 vallo
1005 3979 1117 4049 jam
1149 3979 1364 4034 tandem
1396 3977 1500 4032 fide
1544 3977 1700 4031 inlir-

133 4075 358 4140 utamini,
396 4072 677 4142 conﬁdite,
707 4088 798 4143 ego
835 4071 934 4125 vici
978 4069 1252 4124 mundum.
1303 4068 1362 4122 ln
1390 4082 1505 4122 mea
1533 4065 1703 4137 siqui-

134 4166 235 4221 dem
259 4168 488 4224 victoria
523 4165 830 4235 triumphus
868 4171 1046 4219 vester
1073 4162 1194 4218 erit.
1227 4160 1373 4216 lnter
1398 4175 1517 4230 qua:
1543 4160 1701 4215 nimi-

131 4272 231 4313 rum
255 4259 413 4324 mala,
449 4256 635 4328 culpis
671 4255 1032 4326 exigentibus,
1075 4269 1144 4309 ne
1174 4267 1274 4309 nos
1313 4252 1527 4308 deserat
1556 4259 1703 4306 recte

130 4365 345 4418 oramus,
375 4367 447 4408 ne
507 4348 710 4405 inferat
753 4363 855 4403 nos
887 4348 941 4402 in
985 4345 1354 4402 tentationem.
1386 4345 1467 4399 Ac
1509 4343 1701 4400 deinde

127 4443 487 4517 subjungimus
504 4460 522 4496 :

183 4531 275 4589 Sed
317 4534 494 4591 libera
535 4549 630 4588 nos
677 4551 712 4587 a
742 4531 900 4586 malo.
933 4529 1140 4598 Quibus
1185 4528 1396 4584 duabus
1445 4527 1698 4598 precibus

126 4639 267 4694 regno
318 4624 537 4682 diaboli
599 4624 887 4687 exuimur,
942 4619 1150 4676 scilicet
1201 4627 1466 4691 quantum
1520 4619 1588 4674 ab
1632 4634 1697 4673 eo

127 4716 280 4773 educti
313 4733 540 4783 sumus,
593 4732 662 4772 ne
693 4730 883 4770 rursus
925 4712 1015 4769 illo
1058 4711 1399 4778 inficiamur;
1433 4719 1486 4766 et
1520 4727 1696 4783 quan-

125 4816 219 4862 tum
263 4812 446 4867 adhuc
490 4817 720 4880 propter
764 4806 1133 4866 inﬁrmitatem
1176 4805 1356 4861 carnis
1385 4807 1438 4859 in
1489 4820 1554 4860 eo
1603 4820 1694 4859 su-

125 4917 249 4968 mus,
283 4903 626 4976 quantocius
671 4882 800 4958 inde
844 4901 1156 4956 liberemur.
1196 4897 1332 4952 Nam
1378 4900 1431 4954 in
1459 4913 1524 4953 eo
1551 4897 1692 4967 quod

123 4993 351 5064 dicimus,
379 4997 563 5052 libera
588 5009 681 5049 nos
722 5009 755 5046 a
790 4991 954 5058 malo,
985 5007 1093 5047 non
1120 4991 1298 5045 minus
1325 4989 1390 5046 de
1420 4988 1698 5052 invisibili,

125 5101 262 5156 quam
304 5089 373 5144 de
420 5085 632 5143 visibili
678 5083 897 5140 liberari
949 5082 1091 5137 malo
1131 5082 1386 5152 petimus.
1424 5078 1701 5149 Praecipue

124 5188 281 5238 tamen
307 5183 381 5238 ab
409 5181 514 5236 illo
561 5192 660 5233 nos
688 5176 815 5232 exui
847 5174 987 5231 malo
1029 5188 1304 5246 rogamus,
1345 5187 1376 5227 a
1412 5187 1520 5244 quo
1566 5173 1701 5228 reti-

124 5286 314 5339 iiemur,
366 5274 426 5328 id
461 5279 582 5337 est,
637 5286 666 5324 a
722 5266 934 5324 diabolo
983 5275 1039 5322 et
1086 5282 1116 5321 a
1147 5273 1390 5336 peccato,
1442 5264 1586 5336 quod
1635 5280 1704 5321 ex

124 5363 314 5420 diabolo
358 5361 615 5435 quotidie
651 5369 998 5432 propagatur.
1027 5357 1414 5415 Verumtamen
1459 5366 1515 5413 et
1538 5359 1608 5415 ad
1634 5357 1705 5416 ﬁ-

127 5468 230 5507 nem
268 5455 454 5510 oratio
489 5453 762 5524 dirigitur,
802 5453 926 5522 quia
969 5452 1039 5506 ab
1069 5450 1218 5506 omni
1254 5449 1396 5505 malo
1441 5457 1568 5505 tunc
1609 5465 1704 5522 pe-

126 5545 254 5601 nitus
294 5546 678 5602 liberabimur.
725 5543 861 5599 Nam
909 5543 1150 5615 quandiu
1198 5543 1287 5600 hic
1333 5557 1538 5607 sumus,
1587 5542 1705 5598 sine

125 5629 205 5687 illo
256 5636 404 5692 nialo
450 5651 563 5706 quo
610 5650 739 5691 caro
787 5636 1041 5690 atteritur
1079 5644 1135 5690 et
1171 5635 1383 5689 animus
1439 5634 1702 5700 frenatur,

126 5735 232 5784 esse
255 5729 588 5801 nequimus;
607 5745 795 5784 verum
817 5745 940 5785 cum
971 5729 1317 5801 corruptibile
1340 5731 1443 5786 hoc
1471 5729 1706 5788 induerit

350 5823 636 5888 PATBOL.
685 5821 885 5886 CXX.

1801 1889 1918 1940 seu,
1949 1877 2092 1946 quod
2129 1877 2303 1946 majus
2331 1887 2434 1943 est,
2464 1880 2531 1933 ad
2573 1878 2846 1934 futuram?
2892 1879 2970 1935 Ex
3001 1897 3107 1951 quo
3137 1881 3380 1950 profecto

1799 1969 1970 2040 liquet
2018 1972 2160 2040 quod
2203 1972 2255 2026 in
2288 1973 2491 2028 eisdem
2540 1989 2626 2028 res
2656 1973 2834 2042 potius
2882 1974 3064 2029 docuit
3110 1975 3379 2040 Christus,

1767 2117 1782 2132 ,
1801 2079 1966 2135 quam
1997 2065 2176 2120 verba.
2208 2064 2356 2121 Unde
2378 2083 2483 2122 nou
2507 2065 2647 2122 aliud
2667 2067 2929 2122 orandum
2943 2065 3068 2136 jure
3089 2071 3380 2136 credimus,

1803 2154 2016 2224 quando
2059 2153 2318 2224 quidquid
2344 2155 2410 2209 ad
2441 2146 2667 2210 salutem
2697 2155 2778 2222 lit,
2805 2157 2948 2226 quod
2973 2165 3058 2213 est
3079 2158 3134 2214 in
3163 2160 3384 2216 nomine

1801 2243 1927 2300 Jesu
1959 2255 2163 2316 petere,
2195 2256 2364 2302 totum
2399 2247 2528 2302 inibi
2559 2247 2940 2318 deprecamur;
2993 2248 3086 2305 ubi
3138 2249 3184 2306 si
3234 2259 3385 2309 recte

1800 2349 2092 2405 pensamus
2163 2337 2428 2392 mirabilis
2502 2339 2636 2394 ordo
2712 2341 3048 2398 ascensionis
3115 2351 3384 2400 monstra-

1803 2433 1912 2480 tur.
1961 2425 2138 2494 Nam,
2181 2429 2320 2484 sicut
2364 2439 2570 2501 septem
2621 2431 2760 2488 dona
2819 2431 3055 2504 Spiritus
3115 2437 3288 2492 sancti
3349 2452 3381 2492 a

1803 2516 2030 2572 summis
2100 2519 2392 2590 incipiunt,
2459 2530 2515 2577 et
2581 2522 2651 2577 ad
2717 2522 2880 2580 finem
2910 2565 2926 2591 ,
2981 2524 3036 2582 id
3087 2536 3173 2583 est
3212 2543 3385 2600 usque

1801 2605 1963 2680 34,1
2015 2608 2083 2662 ad
2125 2609 2338 2664 initium
2385 2611 2684 2682 sapientiae,
2723 2614 2990 2685 gradatim
3038 2617 3383 2674 decurrunt:

1804 2696 1880 2752 ita
1929 2710 1986 2753 ct
2043 2700 2177 2754 ordo
2221 2715 2442 2770 precum
2482 2717 2514 2756 a
2567 2703 2794 2760 summis
2848 2721 3020 2776 usque
3066 2707 3137 2764 ad
3189 2707 3382 2777 ﬁnem,

1804 2797 1865 2843 ut
1907 2804 1937 2843 a
1968 2790 2154 2844 mundi
2197 2791 2355 2848 malis
2391 2792 2684 2849 liberemur
2707 2836 2724 2863 ,
2759 2797 3092 2855 extenditur.
3137 2799 3292 2858 Unde
3327 2803 3382 2858 in

1803 2879 2049 2950 utrisque
2096 2879 2140 2934 si
2179 2895 2209 2934 a
2248 2881 2357 2938 line
2405 2883 2730 2954 incipimus,
2773 2886 2842 2942 ad
2887 2888 3276 2958 perfectionem
3325 2891 3388 2948 ﬁt

1803 2967 2037 3039 gradalis
2095 2971 2230 3025 ordo
2275 2971 2535 3027 virtutum
2587 2984 2822 3047 septem:
2857 2985 2912 3033 et
2964 2979 3008 3034 si
3052 2995 3083 3034 a
3133 2979 3380 3050 summis,

1803 3063 1929 3132 quia
1979 3062 2082 3117 ista
2113 3065 2179 3118 de
2224 3066 2474 3135 supernis
2522 3082 2676 3138 neque
2730 3070 3047 3141 accipimus,
3094 3072 3154 3128 fit
3192 3077 3384 3132 rursus

1806 3153 2093 3209 identidem
2137 3156 2272 3210 ordo
2313 3155 2700 3215 descensionis.
2746 3159 2853 3216 Sed
2881 3161 3010 3232 quia
3053 3177 3153 3233 per
3193 3179 3387 3236 opera-

1804 3244 2006 3300 tionem
2033 3246 2248 3312 harum,
2276 3262 2374 3303 nos
2395 3248 2462 3302 ab
2495 3247 2619 3304 imis
2647 3249 2716 3305 ad
2739 3265 2950 3306 summa
2977 3255 3381 3327 consurgimus,

1802 3343 2007 3406 septem
2041 3335 2424 3404 beatitudines,
2454 3345 2512 3393 ut
2541 3340 2900 3411 pnetulimus,
2927 3357 3050 3414 quae
3093 3354 3280 3401 nostro
3305 3347 3384 3402 la-

1801 3427 1932 3484 bore
1953 3442 2050 3498 per
2077 3428 2269 3484 eadem
2316 3429 2457 3485 dona
2491 3440 2828 3500 quaeruntur,
2873 3445 2934 3488 ut
2964 3449 3064 3490 nos
3084 3436 3154 3491 ad
3192 3437 3387 3494 altiora

1803 3519 2032 3574 doceant
2077 3519 2301 3584 elevari,
2347 3520 2414 3574 de
2449 3519 2574 3576 imis
2613 3519 2679 3576 ad
2726 3536 2937 3577 summa
2973 3525 3240 3594 gradatim
3287 3542 3384 3583 ve-

1802 3610 1976 3664 niunt.
2006 3609 2279 3665 Habemus
2312 3625 2441 3681 ergo
2476 3611 2530 3665 in
2575 3611 2852 3683 princibus
2881 3613 3071 3670 eadem
3112 3624 3173 3672 ut
3213 3618 3384 3689 impe-

1805 3712 2010 3758 tremus
2045 3703 2204 3768 dona,
2237 3703 2292 3758 in
2321 3703 2481 3759 donis
2509 3719 2665 3772 vero,
2707 3712 2768 3761 ut
2812 3721 3102 3779 operemur
3146 3708 3383 3781 Spiritus

1803 3796 1976 3851 sancti
2021 3795 2314 3850 mandata:
2347 3795 2541 3852 deinde
2590 3796 2645 3852 in
2676 3799 2992 3870 operatione
3019 3801 3385 3859 beatitudines

1803 3887 2000 3959 quibus
2027 3902 2373 3956 coronemur,
2406 3888 2550 3945 illico
2583 3900 3010 3962 consequuntur.
3045 3892 3126 3950 Ac
3149 3910 3250 3966 per
3277 3895 3386 3952 hoc

1802 3995 2019 4037 oremus
2073 3990 2132 4036 ut
2166 3982 2552 4053 percipiamus,
2591 3985 2863 4056 perceptis
2903 4000 3034 4041 vero
3065 3985 3222 4044 donis
3255 4002 3384 4060 ope-

1803 4088 1990 4130 remur
2013 4089 2132 4144 quae
2155 4070 2307 4143 jussa
2355 4083 2517 4140 sunt;
2559 4083 2848 4145 operantes
2877 4085 3056 4132 autem
3098 4077 3385 4149 praemedi-

1805 4173 1982 4220 temur
2009 4173 2278 4234 quatenus
2329 4167 2398 4221 ad
2425 4165 2668 4238 singulas
2711 4165 3076 4225 beatitudines
3123 4167 3383 4229 divinitus

1805 4253 1973 4324 adjuti
2021 4256 2346 4327 quandoque
2375 4255 2772 4326 perveniamus.
2818 4257 2954 4312 Nam
2995 4259 3139 4314 sicut
3179 4276 3210 4315 a
3239 4261 3383 4318 malo

1803 4361 1900 4418 per
1933 4345 2182 4417 spiritum
2222 4347 2435 4403 timoris
2479 4347 2791 4416 liberamur,
2825 4349 2901 4404 ita
2937 4349 3154 4407 liberati
3185 4351 3254 4408 ab
3291 4367 3382 4421 eo,

1808 4455 1916 4495 non
1951 4441 2128 4495 minus
2168 4439 2362 4510 spiritu
2409 4455 2674 4512 pauperes
2700 4455 2864 4513 quam
2919 4444 3081 4501 rebus
3119 4461 3239 4502 esse
3286 4463 3382 4504 cu-

1805 4534 2005 4603 pimus,
2031 4531 2222 4588 deinde
2249 4546 2372 4588 cum
2403 4533 2631 4590 dicimus
2657 4550 2670 4587 :
2716 4531 2798 4589 Ne
2820 4550 2914 4589 nos
2938 4536 3157 4593 inducas
3189 4541 3244 4594 in
3268 4548 3383 4597 ten-

1803 4622 2075 4687 tationem,
2113 4621 2362 4692 spiritum
2399 4621 2616 4692 pietatis
2643 4638 2916 4696 rogamus,
2945 4635 3007 4683 ut
3035 4642 3381 4688 mansuescat

1802 4713 2026 4768 interior
2054 4714 2214 4770 homo
2253 4721 2451 4776 noster,
2497 4722 2551 4768 et
2585 4715 2746 4772 mites
2781 4717 2983 4784 simus,
3015 4733 3104 4786 ne,
3147 4721 3254 4778 ullo
3283 4737 3380 4780 nos

1803 4816 2056 4861 monente
2082 4847 2096 4870 ,
2141 4812 2594 4861 tentanientorum
2637 4808 2939 4865 incidamus
2985 4809 3235 4882 laqueos;
3273 4815 3381 4870 imo
3468 4865 3473 4870 .

1803 4915 2026 4972 agamur
2055 4899 2245 4969 spiritu
2288 4899 2518 4969 pietatis,
2553 4917 2622 4956 ne
2655 4901 2776 4956 ullis
2802 4917 3192 4975 exasperemur
3228 4906 3384 4962 malis
3480 4916 3484 4924 ‘

1803 4999 1859 5046 et
1900 4991 2138 5062 perviam
2167 4988 2390 5058 justitiae
2435 4992 2744 5061 gradientes
2791 4995 2907 5049 sine
2952 4996 3058 5050 ulla
3107 4997 3384 5066 impietate

1806 5083 2002 5138 mentis
2046 5096 2111 5137 ac
2151 5081 2397 5152 corporis
2433 5083 2744 5140 evadamus.
2772 5084 2907 5139 Nam
2934 5086 2988 5139 in
3028 5100 3092 5140 eo
3122 5085 3264 5155 quod
3295 5102 3384 5155 pe-

1805 5175 1969 5229 timus
2007 5172 2202 5229 dimitti
2248 5171 2402 5228 nobis
2441 5174 2618 5228 debita
2665 5184 2873 5240 nostra,
2905 5190 3011 5231 non
3047 5175 3151 5230 nisi
3185 5177 3376 5247 spiritu

1807 5268 2047 5325 scientia:
2070 5283 2344 5340 rogamus,
2379 5267 2504 5340 quia
2541 5268 2734 5326 delicta
2778 5279 2963 5326 nostra
3010 5269 3151 5326 scire
3178 5271 3260 5326 vel
3303 5273 3386 5326 in-

1809 5360 2068 5434 telligere,
2094 5359 2184 5416 illo
2207 5373 2274 5415 ex
2303 5359 2445 5416 dono
2472 5374 2782 5430 possumus.
2811 5359 2948 5416 Hinc
2973 5376 3185 5432 quoque
3214 5361 3384 5420 David

1807 5454 1920 5509 ait:
1957 5451 2164 5509 Delicta
2203 5455 2318 5526 quis
2346 5453 2584 5526 intelligit
2608 5455 2635 5509 2
2675 5453 2754 5509 Ac
2807 5454 2851 5508 si
2886 5460 3134 5524 patenter
3175 5455 3320 5512 dicat
3365 5475 3382 5514 :

1807 5544 1977 5601 Nemo
2009 5545 2113 5601 nisi
2143 5547 2236 5616 qui
2266 5546 2515 5618 spiritum
2548 5545 2787 5601 scientia:
2817 5544 2913 5600 Dei
2957 5559 3025 5601 ex
3077 5544 3218 5604 dono
3255 5563 3384 5619 pos-

1809 5640 2028 5696 sederit.
2071 5639 2377 5710 lntelligere
2429 5640 2571 5693 enim
2612 5653 2710 5710 pro
2748 5638 2888 5693 scire
2933 5637 3090 5704 dixit,
3127 5639 3254 5710 quia
3306 5643 3387 5696 tli-

1807 5733 1934 5790 vina
1966 5741 2023 5791 et
2049 5731 2316 5805 spiritalia
2351 5731 2722 5804 intelliguntur
2767 5740 2985 5789 terrena
3014 5741 3244 5798 vero,et
3265 5747 3386 5804 qua

2867 5824 2949 5900 ιο
3027 5856 3032 5861 ·
