  <div class='ocr_page' id='page_1' title='image "/cluster/home/n/w/nwhite01/storage/ocr_20150623/120/hvd.32044015466923/155.png"; bbox 0 0 4000 6362; ppageno 0'>
   <div class='ocr_carea' id='block_1_1' title="bbox 563 258 670 315">
    <p class='ocr_par' dir='ltr' id='par_1_1' title="bbox 563 258 670 315">
     <span class='ocr_line' id='line_1_1' title="bbox 563 258 670 315; baseline 0 0"><span class='ocrx_word' id='word_1_1' title='bbox 563 258 670 315; x_wconf 74' lang='lat'><strong>299</strong></span> 
     </span>
    </p>
   </div>
   <div class='ocr_carea' id='block_1_2' title="bbox 1355 250 3016 312">
    <p class='ocr_par' dir='ltr' id='par_1_2' title="bbox 1355 250 3016 312">
     <span class='ocr_line' id='line_1_2' title="bbox 1355 250 3016 312; baseline 0 -1"><span class='ocrx_word' id='word_1_2' title='bbox 1355 254 1413 311; x_wconf 91' lang='lat' dir='ltr'><strong>S.</strong></span> <span class='ocrx_word' id='word_1_3' title='bbox 1453 254 1810 312; x_wconf 80' lang='lat' dir='ltr'><strong>PASCHASII</strong></span> <span class='ocrx_word' id='word_1_4' title='bbox 1848 251 2192 308; x_wconf 72' lang='lat' dir='ltr'><strong>RADliEltTl</strong></span> <span class='ocrx_word' id='word_1_5' title='bbox 2230 250 2523 308; x_wconf 81' lang='lat' dir='ltr'><strong>ABBATIS</strong></span> <span class='ocrx_word' id='word_1_6' title='bbox 2562 250 3016 311; x_wconf 80' lang='lat' dir='ltr'><strong>CORBEIENSIS</strong></span> 
     </span>
    </p>
   </div>
   <div class='ocr_carea' id='block_1_3' title="bbox 3725 262 3834 321">
    <p class='ocr_par' dir='ltr' id='par_1_3' title="bbox 3725 262 3834 321">
     <span class='ocr_line' id='line_1_3' title="bbox 3725 262 3834 321; baseline 0 -2"><span class='ocrx_word' id='word_1_7' title='bbox 3725 262 3834 321; x_wconf 74' lang='lat'><strong>300</strong></span> 
     </span>
    </p>
   </div>
   <div class='ocr_carea' id='block_1_4' title="bbox 563 358 3836 447">
    <p class='ocr_par' dir='ltr' id='par_1_4' title="bbox 563 358 3836 447">
     <span class='ocr_line' id='line_1_4' title="bbox 563 358 3836 447; baseline 0.001 -23"><span class='ocrx_word' id='word_1_8' title='bbox 563 367 744 424; x_wconf 88' lang='lat' dir='ltr'><strong>carnis</strong></span> <span class='ocrx_word' id='word_1_9' title='bbox 765 375 913 434; x_wconf 89' lang='lat' dir='ltr'><strong>sunt,</strong></span> <span class='ocrx_word' id='word_1_10' title='bbox 944 365 1165 439; x_wconf 77' lang='lat' dir='ltr'><strong>proprie</strong></span> <span class='ocrx_word' id='word_1_11' title='bbox 1200 365 1461 420; x_wconf 86' lang='lat' dir='ltr'><strong>sciuntur.</strong></span> <span class='ocrx_word' id='word_1_12' title='bbox 1509 364 1663 421; x_wconf 87' lang='lat' dir='ltr'><strong>Unde</strong></span> <span class='ocrx_word' id='word_1_13' title='bbox 1697 364 1913 434; x_wconf 88' lang='lat' dir='ltr'><strong>quidam</strong></span> <span class='ocrx_word' id='word_1_14' title='bbox 1951 363 2139 416; x_wconf 92' lang='lat' dir='ltr'><strong>docto-</strong></span> <span class='ocrx_word' id='word_1_15' title='bbox 2168 366 2215 424; x_wconf 79' lang='grc' dir='ltr'>Α</span> <span class='ocrx_word' id='word_1_16' title='bbox 2246 359 2390 416; x_wconf 91' lang='lat' dir='ltr'><strong>tibus</strong></span> <span class='ocrx_word' id='word_1_17' title='bbox 2418 360 2745 430; x_wconf 77' lang='lat' dir='ltr'><strong>declaratur,</strong></span> <span class='ocrx_word' id='word_1_18' title='bbox 2784 372 2840 419; x_wconf 90' lang='lat' dir='ltr'><strong>et</strong></span> <span class='ocrx_word' id='word_1_19' title='bbox 2881 365 3059 420; x_wconf 88' lang='lat' dir='ltr'><strong>cordis</strong></span> <span class='ocrx_word' id='word_1_20' title='bbox 3088 368 3352 424; x_wconf 74' lang='lat' dir='ltr'><strong>munditia</strong></span> <span class='ocrx_word' id='word_1_21' title='bbox 3404 369 3697 441; x_wconf 72' lang='lat' dir='ltr'><strong>tribuitur;</strong></span> <span class='ocrx_word' id='word_1_22' title='bbox 3727 358 3836 447; x_wconf 83' lang='lat' dir='ltr'><strong>quo</strong></span> 
     </span>
    </p>
   </div>
   <div class='ocr_carea' id='block_1_5' title="bbox 564 458 2143 533">
    <p class='ocr_par' dir='ltr' id='par_1_5' title="bbox 564 458 2143 533">
     <span class='ocr_line' id='line_1_5' title="bbox 564 458 2143 533; baseline -0.005 -15"><span class='ocrx_word' id='word_1_23' title='bbox 564 480 685 519; x_wconf 93' lang='lat' dir='ltr'><strong>rum</strong></span> <span class='ocrx_word' id='word_1_24' title='bbox 721 464 864 519; x_wconf 90' lang='lat' dir='ltr'><strong>inter</strong></span> <span class='ocrx_word' id='word_1_25' title='bbox 893 461 1211 533; x_wconf 86' lang='lat' dir='ltr'><strong>sapientiam</strong></span> <span class='ocrx_word' id='word_1_26' title='bbox 1239 469 1295 516; x_wconf 92' lang='lat' dir='ltr'><strong>et</strong></span> <span class='ocrx_word' id='word_1_27' title='bbox 1323 460 1604 516; x_wconf 82' lang='lat' dir='ltr'><strong>scientiam</strong></span> <span class='ocrx_word' id='word_1_28' title='bbox 1634 458 1737 514; x_wconf 90' lang='lat' dir='ltr'><strong>hoc</strong></span> <span class='ocrx_word' id='word_1_29' title='bbox 1785 472 1906 512; x_wconf 89' lang='lat' dir='ltr'><strong>esse</strong></span> <span class='ocrx_word' id='word_1_30' title='bbox 1950 471 2143 512; x_wconf 82' lang='lat' dir='ltr'><strong>sanxe-</strong></span> 
     </span>
    </p>
   </div>
   <div class='ocr_carea' id='block_1_6' title="bbox 563 547 2142 623">
    <p class='ocr_par' dir='ltr' id='par_1_6' title="bbox 563 547 2142 623">
     <span class='ocr_line' id='line_1_6' title="bbox 563 547 2142 623; baseline -0.004 -14"><span class='ocrx_word' id='word_1_31' title='bbox 563 550 712 620; x_wconf 85' lang='lat' dir='ltr'><strong>runt,</strong></span> <span class='ocrx_word' id='word_1_32' title='bbox 761 555 1003 609; x_wconf 83' lang='lat' dir='ltr'><strong>dicentes</strong></span> <span class='ocrx_word' id='word_1_33' title='bbox 1050 552 1367 623; x_wconf 84' lang='lat' dir='ltr'><strong>sapientiam</strong></span> <span class='ocrx_word' id='word_1_34' title='bbox 1418 550 1484 607; x_wconf 89' lang='lat' dir='ltr'><strong>ad</strong></span> <span class='ocrx_word' id='word_1_35' title='bbox 1522 549 2029 620; x_wconf 89' lang='lat' dir='ltr'><strong>contemplationem</strong></span> <span class='ocrx_word' id='word_1_36' title='bbox 2060 547 2142 603; x_wconf 83' lang='lat' dir='ltr'><strong>fu—</strong></span> 
     </span>
    </p>
   </div>
   <div class='ocr_carea' id='block_1_7' title="bbox 567 626 2138 717">
    <p class='ocr_par' dir='ltr' id='par_1_7' title="bbox 567 626 2138 717">
     <span class='ocr_line' id='line_1_7' title="bbox 567 626 2138 717; baseline -0.005 -15"><span class='ocrx_word' id='word_1_37' title='bbox 567 658 703 703; x_wconf 71' lang='lat' dir='ltr'><strong>turae</strong></span> <span class='ocrx_word' id='word_1_38' title='bbox 731 647 852 701; x_wconf 66' lang='lat' dir='ltr'><strong>vitro</strong></span> <span class='ocrx_word' id='word_1_39' title='bbox 902 626 1196 717; x_wconf 80' lang='lat' dir='ltr'><strong>pertinere,</strong></span> <span class='ocrx_word' id='word_1_40' title='bbox 1246 643 1527 699; x_wconf 87' lang='lat' dir='ltr'><strong>scientiam</strong></span> <span class='ocrx_word' id='word_1_41' title='bbox 1554 656 1683 697; x_wconf 85' lang='lat' dir='ltr'><strong>vero</strong></span> <span class='ocrx_word' id='word_1_42' title='bbox 1709 642 1774 696; x_wconf 92' lang='lat' dir='ltr'><strong>ad</strong></span> <span class='ocrx_word' id='word_1_43' title='bbox 1814 657 1969 696; x_wconf 91' lang='lat' dir='ltr'><strong>usum</strong></span> <span class='ocrx_word' id='word_1_44' title='bbox 2000 648 2138 695; x_wconf 89' lang='lat' dir='ltr'><strong>tem-</strong></span> 
     </span>
    </p>
   </div>
   <div class='ocr_carea' id='block_1_8' title="bbox 563 732 2141 810">
    <p class='ocr_par' dir='ltr' id='par_1_8' title="bbox 563 732 2141 810">
     <span class='ocr_line' id='line_1_8' title="bbox 563 732 2141 810; baseline -0.004 -16"><span class='ocrx_word' id='word_1_45' title='bbox 563 739 828 810; x_wconf 90' lang='lat' dir='ltr'><strong>poralium</strong></span> <span class='ocrx_word' id='word_1_46' title='bbox 858 746 917 793; x_wconf 94' lang='lat' dir='ltr'><strong>ut</strong></span> <span class='ocrx_word' id='word_1_47' title='bbox 952 737 1038 792; x_wconf 87' lang='lat' dir='ltr'><strong>his</strong></span> <span class='ocrx_word' id='word_1_48' title='bbox 1063 735 1200 791; x_wconf 88' lang='lat' dir='ltr'><strong>bene</strong></span> <span class='ocrx_word' id='word_1_49' title='bbox 1223 744 1456 791; x_wconf 90' lang='lat' dir='ltr'><strong>utamur.</strong></span> <span class='ocrx_word' id='word_1_50' title='bbox 1488 734 1617 802; x_wconf 62' lang='lat' dir='ltr'><strong>Quae</strong></span> <span class='ocrx_word' id='word_1_51' title='bbox 1642 732 1883 805; x_wconf 89' lang='lat' dir='ltr'><strong>profecto</strong></span> <span class='ocrx_word' id='word_1_52' title='bbox 1902 733 2141 789; x_wconf 61' lang='lat' dir='ltr'><strong>scientiae</strong></span> 
     </span>
    </p>
   </div>
   <div class='ocr_carea' id='block_1_9' title="bbox 564 822 2142 897">
    <p class='ocr_par' dir='ltr' id='par_1_9' title="bbox 564 822 2142 897">
     <span class='ocr_line' id='line_1_9' title="bbox 564 822 2142 897; baseline -0.004 -14"><span class='ocrx_word' id='word_1_53' title='bbox 564 830 738 886; x_wconf 84' lang='lat' dir='ltr'><strong>virtus</strong></span> <span class='ocrx_word' id='word_1_54' title='bbox 765 829 818 883; x_wconf 87' lang='lat' dir='ltr'><strong>in</strong></span> <span class='ocrx_word' id='word_1_55' title='bbox 849 826 1115 882; x_wconf 88' lang='lat' dir='ltr'><strong>evitandis</strong></span> <span class='ocrx_word' id='word_1_56' title='bbox 1144 825 1323 890; x_wconf 89' lang='lat' dir='ltr'><strong>malis,</strong></span> <span class='ocrx_word' id='word_1_57' title='bbox 1356 826 1470 881; x_wconf 89' lang='lat' dir='ltr'><strong>sive</strong></span> <span class='ocrx_word' id='word_1_58' title='bbox 1515 823 1895 897; x_wconf 87' lang='lat' dir='ltr'><strong>intelligendis,</strong></span> <span class='ocrx_word' id='word_1_59' title='bbox 1922 822 2006 879; x_wconf 85' lang='lat' dir='ltr'><strong>vei</strong></span> <span class='ocrx_word' id='word_1_60' title='bbox 2048 839 2142 893; x_wconf 90' lang='lat' dir='ltr'><strong>ap-</strong></span> 
     </span>
    </p>
   </div>
   <div class='ocr_carea' id='block_1_10' title="bbox 562 912 2141 989">
    <p class='ocr_par' dir='ltr' id='par_1_10' title="bbox 562 912 2141 989">
     <span class='ocr_line' id='line_1_10' title="bbox 562 912 2141 989; baseline -0.004 -16"><span class='ocrx_word' id='word_1_61' title='bbox 562 918 809 989; x_wconf 82' lang='lat' dir='ltr'><strong>petendis</strong></span> <span class='ocrx_word' id='word_1_62' title='bbox 844 917 1000 972; x_wconf 85' lang='lat' dir='ltr'><strong>bonis</strong></span> <span class='ocrx_word' id='word_1_63' title='bbox 1047 924 1317 979; x_wconf 80' lang='lat' dir='ltr'><strong>versatur,</strong></span> <span class='ocrx_word' id='word_1_64' title='bbox 1359 912 1484 984; x_wconf 88' lang='lat' dir='ltr'><strong>quia</strong></span> <span class='ocrx_word' id='word_1_65' title='bbox 1521 928 1620 985; x_wconf 91' lang='lat' dir='ltr'><strong>per</strong></span> <span class='ocrx_word' id='word_1_66' title='bbox 1647 928 1764 967; x_wconf 90' lang='lat' dir='ltr'><strong>eam</strong></span> <span class='ocrx_word' id='word_1_67' title='bbox 1808 913 1957 984; x_wconf 89' lang='lat' dir='ltr'><strong>prius</strong></span> <span class='ocrx_word' id='word_1_68' title='bbox 2002 912 2141 969; x_wconf 89' lang='lat' dir='ltr'><strong>veri-</strong></span> 
     </span>
    </p>
   </div>
   <div class='ocr_carea' id='block_1_11' title="bbox 565 1003 2142 1080">
    <p class='ocr_par' dir='ltr' id='par_1_11' title="bbox 565 1003 2142 1080">
     <span class='ocr_line' id='line_1_11' title="bbox 565 1003 2142 1080; baseline -0.004 -15"><span class='ocrx_word' id='word_1_69' title='bbox 565 1010 692 1065; x_wconf 84' lang='lat' dir='ltr'><strong>tatis</strong></span> <span class='ocrx_word' id='word_1_70' title='bbox 746 1009 948 1080; x_wconf 82' lang='lat' dir='ltr'><strong>agnitio</strong></span> <span class='ocrx_word' id='word_1_71' title='bbox 998 1006 1229 1076; x_wconf 87' lang='lat' dir='ltr'><strong>repulsis</strong></span> <span class='ocrx_word' id='word_1_72' title='bbox 1280 1004 1436 1059; x_wconf 89' lang='lat' dir='ltr'><strong>malis</strong></span> <span class='ocrx_word' id='word_1_73' title='bbox 1484 1004 1859 1076; x_wconf 88' lang='lat' dir='ltr'><strong>participatur.</strong></span> <span class='ocrx_word' id='word_1_74' title='bbox 1912 1003 2142 1076; x_wconf 87' lang='lat' dir='ltr'><strong>Propter</strong></span> 
     </span>
    </p>
   </div>
   <div class='ocr_carea' id='block_1_12' title="bbox 559 1095 2143 1175">
    <p class='ocr_par' dir='ltr' id='par_1_12' title="bbox 559 1095 2143 1175">
     <span class='ocr_line' id='line_1_12' title="bbox 559 1095 2143 1175; baseline -0.004 -18"><span class='ocrx_word' id='word_1_75' title='bbox 559 1103 703 1175; x_wconf 88' lang='lat' dir='ltr'><strong>quod</strong></span> <span class='ocrx_word' id='word_1_76' title='bbox 744 1109 929 1158; x_wconf 89' lang='lat' dir='ltr'><strong>nostra</strong></span> <span class='ocrx_word' id='word_1_77' title='bbox 965 1108 1018 1155; x_wconf 89' lang='lat' dir='ltr'><strong>et</strong></span> <span class='ocrx_word' id='word_1_78' title='bbox 1058 1098 1285 1155; x_wconf 89' lang='lat' dir='ltr'><strong>aliorum</strong></span> <span class='ocrx_word' id='word_1_79' title='bbox 1326 1096 1449 1151; x_wconf 81' lang='lat' dir='ltr'><strong>vitae</strong></span> <span class='ocrx_word' id='word_1_80' title='bbox 1477 1095 1724 1167; x_wconf 78' lang='lat' dir='ltr'><strong>contagia</strong></span> <span class='ocrx_word' id='word_1_81' title='bbox 1765 1095 1947 1166; x_wconf 88' lang='lat' dir='ltr'><strong>lugere</strong></span> <span class='ocrx_word' id='word_1_82' title='bbox 1993 1096 2143 1151; x_wconf 82' lang='lat' dir='ltr'><strong>inde-</strong></span> 
     </span>
    </p>
   </div>
   <div class='ocr_carea' id='block_1_13' title="bbox 562 1186 2141 1265">
    <p class='ocr_par' dir='ltr' id='par_1_13' title="bbox 562 1186 2141 1265">
     <span class='ocr_line' id='line_1_13' title="bbox 562 1186 2141 1265; baseline -0.005 -16"><span class='ocrx_word' id='word_1_83' title='bbox 562 1197 719 1251; x_wconf 79' lang='lat' dir='ltr'><strong>fessis</strong></span> <span class='ocrx_word' id='word_1_84' title='bbox 758 1193 1011 1265; x_wconf 84' lang='lat' dir='ltr'><strong>precibus</strong></span> <span class='ocrx_word' id='word_1_85' title='bbox 1052 1191 1354 1254; x_wconf 87' lang='lat' dir='ltr'><strong>hortamur,</strong></span> <span class='ocrx_word' id='word_1_86' title='bbox 1398 1198 1451 1243; x_wconf 90' lang='lat' dir='ltr'><strong>et</strong></span> <span class='ocrx_word' id='word_1_87' title='bbox 1504 1187 1570 1241; x_wconf 90' lang='lat' dir='ltr'><strong>ad</strong></span> <span class='ocrx_word' id='word_1_88' title='bbox 1618 1203 1847 1258; x_wconf 70' lang='lat' dir='ltr'><strong>supi-rna</strong></span> <span class='ocrx_word' id='word_1_89' title='bbox 1901 1186 2141 1242; x_wconf 76' lang='lat' dir='ltr'><strong>ccelestis</strong></span> 
     </span>
    </p>
   </div>
   <div class='ocr_carea' id='block_1_14' title="bbox 560 1276 2143 1357">
    <p class='ocr_par' dir='ltr' id='par_1_14' title="bbox 560 1276 2143 1357">
     <span class='ocr_line' id='line_1_14' title="bbox 560 1276 2143 1357; baseline -0.007 -15"><span class='ocrx_word' id='word_1_90' title='bbox 560 1287 749 1357; x_wconf 64' lang='lat' dir='ltr'><strong>patriai</strong></span> <span class='ocrx_word' id='word_1_91' title='bbox 788 1283 1054 1341; x_wconf 91' lang='lat' dir='ltr'><strong>desideria</strong></span> <span class='ocrx_word' id='word_1_92' title='bbox 1081 1281 1354 1353; x_wconf 85' lang='lat' dir='ltr'><strong>copiosius</strong></span> <span class='ocrx_word' id='word_1_93' title='bbox 1391 1280 1802 1335; x_wconf 90' lang='lat' dir='ltr'><strong>inardescimus.</strong></span> <span class='ocrx_word' id='word_1_94' title='bbox 1828 1279 1989 1351; x_wconf 62' lang='lat'><strong>342</strong></span> <span class='ocrx_word' id='word_1_95' title='bbox 2016 1276 2143 1345; x_wconf 87' lang='lat' dir='ltr'><strong>Qui-</strong></span> 
     </span>
    </p>
   </div>
   <div class='ocr_carea' id='block_1_15' title="bbox 561 1369 2140 1441">
    <p class='ocr_par' dir='ltr' id='par_1_15' title="bbox 561 1369 2140 1441">
     <span class='ocr_line' id='line_1_15' title="bbox 561 1369 2140 1441; baseline -0.006 -8"><span class='ocrx_word' id='word_1_96' title='bbox 561 1380 663 1433; x_wconf 87' lang='lat' dir='ltr'><strong>bus</strong></span> <span class='ocrx_word' id='word_1_97' title='bbox 707 1377 935 1441; x_wconf 89' lang='lat' dir='ltr'><strong>duobus,</strong></span> <span class='ocrx_word' id='word_1_98' title='bbox 978 1373 1234 1428; x_wconf 86' lang='lat' dir='ltr'><strong>vitiorum</strong></span> <span class='ocrx_word' id='word_1_99' title='bbox 1286 1371 1492 1427; x_wconf 86' lang='lat' dir='ltr'><strong>scilicet</strong></span> <span class='ocrx_word' id='word_1_100' title='bbox 1544 1369 1881 1441; x_wconf 64' lang='lat' dir='ltr'><strong>praimiique,</strong></span> <span class='ocrx_word' id='word_1_101' title='bbox 1943 1369 2140 1424; x_wconf 80' lang='lat' dir='ltr'><strong>finibus</strong></span> 
     </span>
    </p>
   </div>
   <div class='ocr_carea' id='block_1_16' title="bbox 558 1460 2137 1534">
    <p class='ocr_par' dir='ltr' id='par_1_16' title="bbox 558 1460 2137 1534">
     <span class='ocr_line' id='line_1_16' title="bbox 558 1460 2137 1534; baseline -0.004 -11"><span class='ocrx_word' id='word_1_102' title='bbox 558 1469 698 1523; x_wconf 88' lang='lat' dir='ltr'><strong>bene</strong></span> <span class='ocrx_word' id='word_1_103' title='bbox 722 1467 947 1532; x_wconf 87' lang='lat' dir='ltr'><strong>utimur,</strong></span> <span class='ocrx_word' id='word_1_104' title='bbox 975 1480 1098 1520; x_wconf 90' lang='lat' dir='ltr'><strong>cum</strong></span> <span class='ocrx_word' id='word_1_105' title='bbox 1130 1470 1185 1518; x_wconf 86' lang='lat' dir='ltr'><strong>et</strong></span> <span class='ocrx_word' id='word_1_106' title='bbox 1215 1462 1303 1517; x_wconf 90' lang='lat' dir='ltr'><strong>illa</strong></span> <span class='ocrx_word' id='word_1_107' title='bbox 1332 1460 1577 1534; x_wconf 80' lang='lat' dir='ltr'><strong>lugentes</strong></span> <span class='ocrx_word' id='word_1_108' title='bbox 1620 1462 1833 1533; x_wconf 83' lang='lat' dir='ltr'><strong>penitus</strong></span> <span class='ocrx_word' id='word_1_109' title='bbox 1879 1461 2137 1527; x_wconf 81' lang='lat' dir='ltr'><strong>vitamus.</strong></span> 
     </span>
    </p>
   </div>
   <div class='ocr_carea' id='block_1_17' title="bbox 558 1554 2138 1627">
    <p class='ocr_par' dir='ltr' id='par_1_17' title="bbox 558 1554 2138 1627">
     <span class='ocr_line' id='line_1_17' title="bbox 558 1554 2138 1627; baseline -0.004 -9"><span class='ocrx_word' id='word_1_110' title='bbox 558 1570 615 1618; x_wconf 88' lang='lat' dir='ltr'><strong>et</strong></span> <span class='ocrx_word' id='word_1_111' title='bbox 640 1562 742 1617; x_wconf 91' lang='lat' dir='ltr'><strong>ista</strong></span> <span class='ocrx_word' id='word_1_112' title='bbox 773 1559 1146 1616; x_wconf 83' lang='lat' dir='ltr'><strong>desiderantes</strong></span> <span class='ocrx_word' id='word_1_113' title='bbox 1181 1556 1411 1627; x_wconf 88' lang='lat' dir='ltr'><strong>amplius</strong></span> <span class='ocrx_word' id='word_1_114' title='bbox 1434 1557 1581 1611; x_wconf 92' lang='lat' dir='ltr'><strong>omni</strong></span> <span class='ocrx_word' id='word_1_115' title='bbox 1625 1556 1820 1610; x_wconf 90' lang='lat' dir='ltr'><strong>ardore</strong></span> <span class='ocrx_word' id='word_1_116' title='bbox 1855 1554 2138 1611; x_wconf 87' lang='lat' dir='ltr'><strong>charitatis</strong></span> 
     </span>
    </p>
   </div>
   <div class='ocr_carea' id='block_1_18' title="bbox 560 1645 2138 1723">
    <p class='ocr_par' dir='ltr' id='par_1_18' title="bbox 560 1645 2138 1723">
     <span class='ocr_line' id='line_1_18' title="bbox 560 1645 2138 1723; baseline -0.004 -15"><span class='ocrx_word' id='word_1_117' title='bbox 560 1651 1013 1723; x_wconf 88' lang='lat' dir='ltr'><strong>concupiscimus.</strong></span> <span class='ocrx_word' id='word_1_118' title='bbox 1054 1649 1279 1720; x_wconf 86' lang='lat' dir='ltr'><strong>Magnus</strong></span> <span class='ocrx_word' id='word_1_119' title='bbox 1311 1647 1491 1717; x_wconf 88' lang='lat' dir='ltr'><strong>itaque</strong></span> <span class='ocrx_word' id='word_1_120' title='bbox 1530 1645 1774 1717; x_wconf 90' lang='lat' dir='ltr'><strong>quisquis</strong></span> <span class='ocrx_word' id='word_1_121' title='bbox 1803 1645 1975 1701; x_wconf 92' lang='lat' dir='ltr'><strong>tribus</strong></span> <span class='ocrx_word' id='word_1_122' title='bbox 2014 1646 2138 1701; x_wconf 89' lang='lat' dir='ltr'><strong>istis</strong></span> 
     </span>
    </p>
   </div>
   <div class='ocr_carea' id='block_1_19' title="bbox 2245 453 3836 524">
    <p class='ocr_par' dir='ltr' id='par_1_19' title="bbox 2245 453 3836 524">
     <span class='ocr_line' id='line_1_19' title="bbox 2245 453 3836 524; baseline 0.011 -17"><span class='ocrx_word' id='word_1_123' title='bbox 2245 453 2502 507; x_wconf 88' lang='lat' dir='ltr'><strong>nimirum</strong></span> <span class='ocrx_word' id='word_1_124' title='bbox 2528 454 2684 509; x_wconf 89' lang='lat' dir='ltr'><strong>oculo</strong></span> <span class='ocrx_word' id='word_1_125' title='bbox 2715 465 2959 513; x_wconf 88' lang='lat' dir='ltr'><strong>reserato</strong></span> <span class='ocrx_word' id='word_1_126' title='bbox 3005 457 3176 513; x_wconf 92' lang='lat' dir='ltr'><strong>Deum</strong></span> <span class='ocrx_word' id='word_1_127' title='bbox 3204 460 3406 516; x_wconf 91' lang='lat' dir='ltr'><strong>ibidem</strong></span> <span class='ocrx_word' id='word_1_128' title='bbox 3436 464 3597 519; x_wconf 91' lang='lat' dir='ltr'><strong>sicuti</strong></span> <span class='ocrx_word' id='word_1_129' title='bbox 3639 477 3724 523; x_wconf 90' lang='lat' dir='ltr'><strong>est</strong></span> <span class='ocrx_word' id='word_1_130' title='bbox 3749 484 3836 524; x_wconf 81' lang='lat' dir='ltr'><strong>re-</strong></span> 
     </span>
    </p>
   </div>
   <div class='ocr_carea' id='block_1_20' title="bbox 2244 548 3839 627">
    <p class='ocr_par' dir='ltr' id='par_1_20' title="bbox 2244 548 3839 627">
     <span class='ocr_line' id='line_1_20' title="bbox 2244 548 3839 627; baseline 0.01 -26"><span class='ocrx_word' id='word_1_131' title='bbox 2244 556 2500 619; x_wconf 87' lang='lat' dir='ltr'><strong>gnantem</strong></span> <span class='ocrx_word' id='word_1_132' title='bbox 2531 548 2699 604; x_wconf 89' lang='lat' dir='ltr'><strong>visuri</strong></span> <span class='ocrx_word' id='word_1_133' title='bbox 2727 565 2936 618; x_wconf 88' lang='lat' dir='ltr'><strong>sumus,</strong></span> <span class='ocrx_word' id='word_1_134' title='bbox 2981 551 3075 607; x_wconf 87' lang='lat' dir='ltr'><strong>ubi</strong></span> <span class='ocrx_word' id='word_1_135' title='bbox 3119 553 3342 624; x_wconf 88' lang='lat' dir='ltr'><strong>spiritus</strong></span> <span class='ocrx_word' id='word_1_136' title='bbox 3381 556 3662 627; x_wconf 78' lang='lat' dir='ltr'><strong>sapientia:</strong></span> <span class='ocrx_word' id='word_1_137' title='bbox 3686 576 3839 617; x_wconf 85' lang='lat' dir='ltr'><strong>com-</strong></span> 
     </span>
    </p>
   </div>
   <div class='ocr_carea' id='block_1_21' title="bbox 2241 640 3836 724">
    <p class='ocr_par' dir='ltr' id='par_1_21' title="bbox 2241 640 3836 724">
     <span class='ocr_line' id='line_1_21' title="bbox 2241 640 3836 724; baseline 0.009 -29"><span class='ocrx_word' id='word_1_138' title='bbox 2241 640 2479 713; x_wconf 89' lang='lat' dir='ltr'><strong>plebitur</strong></span> <span class='ocrx_word' id='word_1_139' title='bbox 2530 642 2617 698; x_wconf 89' lang='lat' dir='ltr'><strong>illa</strong></span> <span class='ocrx_word' id='word_1_140' title='bbox 2682 644 2910 714; x_wconf 89' lang='lat' dir='ltr'><strong>septima</strong></span> <span class='ocrx_word' id='word_1_141' title='bbox 2970 646 3331 704; x_wconf 84' lang='lat' dir='ltr'><strong>sanctiﬁcatio</strong></span> <span class='ocrx_word' id='word_1_142' title='bbox 3382 651 3617 707; x_wconf 90' lang='lat' dir='ltr'><strong>nominis</strong></span> <span class='ocrx_word' id='word_1_143' title='bbox 3679 654 3836 724; x_wconf 87' lang='lat' dir='ltr'><strong>ejus;</strong></span> 
     </span>
    </p>
   </div>
   <div class='ocr_carea' id='block_1_22' title="bbox 2243 735 3838 811">
    <p class='ocr_par' dir='ltr' id='par_1_22' title="bbox 2243 735 3838 811">
     <span class='ocr_line' id='line_1_22' title="bbox 2243 735 3838 811; baseline 0.009 -26"><span class='ocrx_word' id='word_1_144' title='bbox 2243 749 2405 805; x_wconf 90' lang='lat' dir='ltr'><strong>quam</strong></span> <span class='ocrx_word' id='word_1_145' title='bbox 2439 735 2688 804; x_wconf 90' lang='lat' dir='ltr'><strong>denique,</strong></span> <span class='ocrx_word' id='word_1_146' title='bbox 2718 751 2825 790; x_wconf 91' lang='lat' dir='ltr'><strong>non</strong></span> <span class='ocrx_word' id='word_1_147' title='bbox 2852 735 2905 790; x_wconf 91' lang='lat' dir='ltr'><strong>in</strong></span> <span class='ocrx_word' id='word_1_148' title='bbox 2928 738 3165 803; x_wconf 87' lang='lat' dir='ltr'><strong>senario,</strong></span> <span class='ocrx_word' id='word_1_149' title='bbox 3204 740 3295 810; x_wconf 91' lang='lat' dir='ltr'><strong>qui</strong></span> <span class='ocrx_word' id='word_1_150' title='bbox 3322 740 3595 811; x_wconf 89' lang='lat' dir='ltr'><strong>perfectus</strong></span> <span class='ocrx_word' id='word_1_151' title='bbox 3622 743 3693 799; x_wconf 89' lang='lat' dir='ltr'><strong>ab</strong></span> <span class='ocrx_word' id='word_1_152' title='bbox 3718 761 3838 799; x_wconf 83' lang='lat' dir='ltr'><strong>om-</strong></span> 
     </span>
    </p>
   </div>
   <div class='ocr_carea' id='block_1_23' title="bbox 2242 825 3836 899">
    <p class='ocr_par' dir='ltr' id='par_1_23' title="bbox 2242 825 3836 899">
     <span class='ocr_line' id='line_1_23' title="bbox 2242 825 3836 899; baseline 0.008 -19"><span class='ocrx_word' id='word_1_153' title='bbox 2242 825 2402 880; x_wconf 83' lang='lat' dir='ltr'><strong>nibus</strong></span> <span class='ocrx_word' id='word_1_154' title='bbox 2430 827 2771 896; x_wconf 63' lang='lat' dir='ltr'><strong>priedicatur,</strong></span> <span class='ocrx_word' id='word_1_155' title='bbox 2806 843 2982 899; x_wconf 91' lang='lat' dir='ltr'><strong>neque</strong></span> <span class='ocrx_word' id='word_1_156' title='bbox 3028 830 3083 885; x_wconf 93' lang='lat' dir='ltr'><strong>in</strong></span> <span class='ocrx_word' id='word_1_157' title='bbox 3137 830 3243 887; x_wconf 90' lang='lat' dir='ltr'><strong>alio</strong></span> <span class='ocrx_word' id='word_1_158' title='bbox 3290 843 3439 889; x_wconf 89' lang='lat' dir='ltr'><strong>retro</strong></span> <span class='ocrx_word' id='word_1_159' title='bbox 3477 851 3710 891; x_wconf 88' lang='lat' dir='ltr'><strong>numero</strong></span> <span class='ocrx_word' id='word_1_160' title='bbox 3745 838 3836 892; x_wconf 86' lang='lat' dir='ltr'><strong>de-</strong></span> 
     </span>
    </p>
   </div>
   <div class='ocr_carea' id='block_1_24' title="bbox 2242 916 3837 1001">
    <p class='ocr_par' dir='ltr' id='par_1_24' title="bbox 2242 916 3837 1001">
     <span class='ocr_line' id='line_1_24' title="bbox 2242 916 3837 1001; baseline 0.008 -28"><span class='ocrx_word' id='word_1_161' title='bbox 2242 916 2355 973; x_wconf 90' lang='lat' dir='ltr'><strong>cuit</strong></span> <span class='ocrx_word' id='word_1_162' title='bbox 2379 918 2655 989; x_wconf 89' lang='lat' dir='ltr'><strong>postulari,</strong></span> <span class='ocrx_word' id='word_1_163' title='bbox 2688 921 2780 976; x_wconf 91' lang='lat' dir='ltr'><strong>sed</strong></span> <span class='ocrx_word' id='word_1_164' title='bbox 2810 922 2862 977; x_wconf 92' lang='lat' dir='ltr'><strong>in</strong></span> <span class='ocrx_word' id='word_1_165' title='bbox 2889 925 3196 993; x_wconf 85' lang='lat' dir='ltr'><strong>septenario</strong></span> <span class='ocrx_word' id='word_1_166' title='bbox 3226 925 3278 980; x_wconf 92' lang='lat' dir='ltr'><strong>in</strong></span> <span class='ocrx_word' id='word_1_167' title='bbox 3305 943 3415 998; x_wconf 92' lang='lat' dir='ltr'><strong>quo</strong></span> <span class='ocrx_word' id='word_1_168' title='bbox 3456 928 3545 983; x_wconf 87' lang='lat' dir='ltr'><strong>illa</strong></span> <span class='ocrx_word' id='word_1_169' title='bbox 3586 930 3837 1001; x_wconf 75' lang='lat' dir='ltr'><strong>signatur</strong></span> 
     </span>
    </p>
   </div>
   <div class='ocr_carea' id='block_1_25' title="bbox 2242 1009 3836 1089">
    <p class='ocr_par' dir='ltr' id='par_1_25' title="bbox 2242 1009 3836 1089">
     <span class='ocr_line' id='line_1_25' title="bbox 2242 1009 3836 1089; baseline 0.008 -25"><span class='ocrx_word' id='word_1_170' title='bbox 2242 1009 2604 1065; x_wconf 83' lang='lat' dir='ltr'><strong>sanctificatio</strong></span> <span class='ocrx_word' id='word_1_171' title='bbox 2667 1011 2772 1066; x_wconf 90' lang='lat' dir='ltr'><strong>diei</strong></span> <span class='ocrx_word' id='word_1_172' title='bbox 2824 1012 3085 1081; x_wconf 87' lang='lat' dir='ltr'><strong>septimi,</strong></span> <span class='ocrx_word' id='word_1_173' title='bbox 3135 1015 3225 1071; x_wconf 90' lang='lat' dir='ltr'><strong>ubi</strong></span> <span class='ocrx_word' id='word_1_174' title='bbox 3292 1016 3435 1072; x_wconf 89' lang='lat' dir='ltr'><strong>Deus</strong></span> <span class='ocrx_word' id='word_1_175' title='bbox 3484 1019 3836 1089; x_wconf 81' lang='lat' dir='ltr'><strong>requiescens</strong></span> 
     </span>
    </p>
   </div>
   <div class='ocr_carea' id='block_1_26' title="bbox 2244 1097 3834 1182">
    <p class='ocr_par' dir='ltr' id='par_1_26' title="bbox 2244 1097 3834 1182">
     <span class='ocr_line' id='line_1_26' title="bbox 2244 1097 3834 1182; baseline 0.009 -30"><span class='ocrx_word' id='word_1_176' title='bbox 2244 1097 2311 1153; x_wconf 91' lang='lat' dir='ltr'><strong>ab</strong></span> <span class='ocrx_word' id='word_1_177' title='bbox 2358 1100 2505 1154; x_wconf 91' lang='lat' dir='ltr'><strong>omni</strong></span> <span class='ocrx_word' id='word_1_178' title='bbox 2558 1114 2724 1171; x_wconf 91' lang='lat' dir='ltr'><strong>opere</strong></span> <span class='ocrx_word' id='word_1_179' title='bbox 2775 1117 2872 1157; x_wconf 90' lang='lat' dir='ltr'><strong>suo</strong></span> <span class='ocrx_word' id='word_1_180' title='bbox 2929 1117 3085 1159; x_wconf 87' lang='lat' dir='ltr'><strong>suam</strong></span> <span class='ocrx_word' id='word_1_181' title='bbox 3134 1106 3506 1164; x_wconf 86' lang='lat' dir='ltr'><strong>sanctificasse</strong></span> <span class='ocrx_word' id='word_1_182' title='bbox 3586 1111 3834 1182; x_wconf 88' lang='lat' dir='ltr'><strong>requiem</strong></span> 
     </span>
    </p>
   </div>
   <div class='ocr_carea' id='block_1_27' title="bbox 2243 1190 3836 1269">
    <p class='ocr_par' dir='ltr' id='par_1_27' title="bbox 2243 1190 3836 1269">
     <span class='ocr_line' id='line_1_27' title="bbox 2243 1190 3836 1269; baseline 0.009 -26"><span class='ocrx_word' id='word_1_183' title='bbox 2243 1198 2554 1244; x_wconf 87' lang='lat' dir='ltr'><strong>enarratur.</strong></span> <span class='ocrx_word' id='word_1_184' title='bbox 2590 1190 2704 1246; x_wconf 83' lang='lat' dir='ltr'><strong>Non</strong></span> <span class='ocrx_word' id='word_1_185' title='bbox 2733 1193 2876 1262; x_wconf 93' lang='lat' dir='ltr'><strong>quod</strong></span> <span class='ocrx_word' id='word_1_186' title='bbox 2914 1202 3035 1264; x_wconf 91' lang='lat' dir='ltr'><strong>post</strong></span> <span class='ocrx_word' id='word_1_187' title='bbox 3074 1193 3317 1252; x_wconf 90' lang='lat' dir='ltr'><strong>laborem</strong></span> <span class='ocrx_word' id='word_1_188' title='bbox 3347 1198 3698 1269; x_wconf 86' lang='lat' dir='ltr'><strong>requieverit,</strong></span> <span class='ocrx_word' id='word_1_189' title='bbox 3740 1203 3836 1258; x_wconf 88' lang='lat' dir='ltr'><strong>sed</strong></span> 
     </span>
    </p>
   </div>
   <div class='ocr_carea' id='block_1_28' title="bbox 2243 1281 3834 1358">
    <p class='ocr_par' dir='ltr' id='par_1_28' title="bbox 2243 1281 3834 1358">
     <span class='ocr_line' id='line_1_28' title="bbox 2243 1281 3834 1358; baseline 0.01 -25"><span class='ocrx_word' id='word_1_190' title='bbox 2243 1281 2369 1350; x_wconf 87' lang='lat' dir='ltr'><strong>quia</strong></span> <span class='ocrx_word' id='word_1_191' title='bbox 2395 1297 2514 1352; x_wconf 67' lang='lat' dir='ltr'><strong>qua:</strong></span> <span class='ocrx_word' id='word_1_192' title='bbox 2540 1283 2779 1353; x_wconf 89' lang='lat' dir='ltr'><strong>perfecta</strong></span> <span class='ocrx_word' id='word_1_193' title='bbox 2814 1284 2962 1350; x_wconf 89' lang='lat' dir='ltr'><strong>fecit,</strong></span> <span class='ocrx_word' id='word_1_194' title='bbox 2985 1287 3037 1341; x_wconf 92' lang='lat' dir='ltr'><strong>in</strong></span> <span class='ocrx_word' id='word_1_195' title='bbox 3070 1301 3129 1342; x_wconf 89' lang='lat' dir='ltr'><strong>se</strong></span> <span class='ocrx_word' id='word_1_196' title='bbox 3168 1290 3514 1358; x_wconf 89' lang='lat' dir='ltr'><strong>requiescere</strong></span> <span class='ocrx_word' id='word_1_197' title='bbox 3537 1294 3834 1349; x_wconf 85' lang='lat' dir='ltr'><strong>concessit.</strong></span> 
     </span>
    </p>
   </div>
   <div class='ocr_carea' id='block_1_29' title="bbox 2245 1371 3839 1452">
    <p class='ocr_par' dir='ltr' id='par_1_29' title="bbox 2245 1371 3839 1452">
     <span class='ocr_line' id='line_1_29' title="bbox 2245 1371 3839 1452; baseline 0.009 -26"><span class='ocrx_word' id='word_1_198' title='bbox 2245 1371 2381 1428; x_wconf 83' lang='lat' dir='ltr'><strong>Nam</strong></span> <span class='ocrx_word' id='word_1_199' title='bbox 2404 1390 2565 1431; x_wconf 91' lang='lat' dir='ltr'><strong>omne</strong></span> <span class='ocrx_word' id='word_1_200' title='bbox 2592 1375 2733 1446; x_wconf 90' lang='lat' dir='ltr'><strong>quod</strong></span> <span class='ocrx_word' id='word_1_201' title='bbox 2781 1385 2885 1442; x_wconf 90' lang='lat' dir='ltr'><strong>est,</strong></span> <span class='ocrx_word' id='word_1_202' title='bbox 2915 1377 2988 1432; x_wconf 89' lang='lat' dir='ltr'><strong>ita</strong></span> <span class='ocrx_word' id='word_1_203' title='bbox 3025 1377 3093 1433; x_wconf 90' lang='lat' dir='ltr'><strong>ab</strong></span> <span class='ocrx_word' id='word_1_204' title='bbox 3122 1377 3213 1432; x_wconf 91' lang='lat' dir='ltr'><strong>illo</strong></span> <span class='ocrx_word' id='word_1_205' title='bbox 3254 1388 3309 1434; x_wconf 90' lang='lat' dir='ltr'><strong>et</strong></span> <span class='ocrx_word' id='word_1_206' title='bbox 3339 1396 3439 1452; x_wconf 91' lang='lat' dir='ltr'><strong>per</strong></span> <span class='ocrx_word' id='word_1_207' title='bbox 3466 1381 3615 1437; x_wconf 87' lang='lat' dir='ltr'><strong>illum</strong></span> <span class='ocrx_word' id='word_1_208' title='bbox 3645 1395 3755 1451; x_wconf 90' lang='lat' dir='ltr'><strong>est,</strong></span> <span class='ocrx_word' id='word_1_209' title='bbox 3780 1394 3839 1440; x_wconf 88' lang='lat' dir='ltr'><strong>ut</strong></span> 
     </span>
    </p>
   </div>
   <div class='ocr_carea' id='block_1_30' title="bbox 2247 1464 3837 1541">
    <p class='ocr_par' dir='ltr' id='par_1_30' title="bbox 2247 1464 3837 1541">
     <span class='ocr_line' id='line_1_30' title="bbox 2247 1464 3837 1541; baseline 0.009 -23"><span class='ocrx_word' id='word_1_210' title='bbox 2247 1471 2415 1518; x_wconf 91' lang='lat' dir='ltr'><strong>totum</strong></span> <span class='ocrx_word' id='word_1_211' title='bbox 2444 1465 2492 1518; x_wconf 89' lang='lat' dir='ltr'><strong>ei</strong></span> <span class='ocrx_word' id='word_1_212' title='bbox 2528 1464 2720 1520; x_wconf 90' lang='lat' dir='ltr'><strong>debeat</strong></span> <span class='ocrx_word' id='word_1_213' title='bbox 2769 1465 2912 1537; x_wconf 86' lang='lat' dir='ltr'><strong>quod</strong></span> <span class='ocrx_word' id='word_1_214' title='bbox 2957 1476 3059 1523; x_wconf 90' lang='lat' dir='ltr'><strong>est.</strong></span> <span class='ocrx_word' id='word_1_215' title='bbox 3111 1468 3321 1525; x_wconf 79' lang='lat' dir='ltr'><strong>Idcirco</strong></span> <span class='ocrx_word' id='word_1_216' title='bbox 3359 1469 3698 1541; x_wconf 77' lang='lat' dir='ltr'><strong>perfectione</strong></span> <span class='ocrx_word' id='word_1_217' title='bbox 3750 1492 3837 1531; x_wconf 91' lang='lat' dir='ltr'><strong>se-</strong></span> 
     </span>
    </p>
   </div>
   <div class='ocr_carea' id='block_1_31' title="bbox 2242 1555 3839 1630">
    <p class='ocr_par' dir='ltr' id='par_1_31' title="bbox 2242 1555 3839 1630">
     <span class='ocr_line' id='line_1_31' title="bbox 2242 1555 3839 1630; baseline 0.006 -20"><span class='ocrx_word' id='word_1_218' title='bbox 2242 1555 2381 1610; x_wconf 87' lang='lat' dir='ltr'><strong>narii</strong></span> <span class='ocrx_word' id='word_1_219' title='bbox 2412 1556 2561 1625; x_wconf 82' lang='lat' dir='ltr'><strong>regni</strong></span> <span class='ocrx_word' id='word_1_220' title='bbox 2587 1557 2847 1613; x_wconf 88' lang='lat' dir='ltr'><strong>adventus</strong></span> <span class='ocrx_word' id='word_1_221' title='bbox 2875 1557 3135 1627; x_wconf 88' lang='lat' dir='ltr'><strong>poscitur,</strong></span> <span class='ocrx_word' id='word_1_222' title='bbox 3174 1567 3443 1630; x_wconf 87' lang='lat' dir='ltr'><strong>quatenus</strong></span> <span class='ocrx_word' id='word_1_223' title='bbox 3476 1577 3839 1621; x_wconf 87' lang='lat' dir='ltr'><strong>occurramus</strong></span> 
     </span>
    </p>
   </div>
   <div class='ocr_carea' id='block_1_32' title="bbox 2241 1646 3841 1723">
    <p class='ocr_par' dir='ltr' id='par_1_32' title="bbox 2241 1646 3841 1723">
     <span class='ocr_line' id='line_1_32' title="bbox 2241 1646 3841 1723; baseline 0.006 -23"><span class='ocrx_word' id='word_1_224' title='bbox 2241 1660 2431 1701; x_wconf 91' lang='lat' dir='ltr'><strong>omnes</strong></span> <span class='ocrx_word' id='word_1_225' title='bbox 2460 1646 2513 1701; x_wconf 90' lang='lat' dir='ltr'><strong>in</strong></span> <span class='ocrx_word' id='word_1_226' title='bbox 2547 1647 2722 1701; x_wconf 90' lang='lat' dir='ltr'><strong>virum</strong></span> <span class='ocrx_word' id='word_1_227' title='bbox 2753 1646 3060 1718; x_wconf 88' lang='lat' dir='ltr'><strong>perfectum</strong></span> <span class='ocrx_word' id='word_1_228' title='bbox 3101 1657 3157 1705; x_wconf 90' lang='lat' dir='ltr'><strong>et</strong></span> <span class='ocrx_word' id='word_1_229' title='bbox 3204 1666 3513 1706; x_wconf 89' lang='lat' dir='ltr'><strong>mensuram</strong></span> <span class='ocrx_word' id='word_1_230' title='bbox 3543 1652 3841 1723; x_wconf 88' lang='lat' dir='ltr'><strong>plenitudi-</strong></span> 
     </span>
    </p>
   </div>
   <div class='ocr_carea' id='block_1_33' title="bbox 557 1724 3839 1818">
    <p class='ocr_par' dir='ltr' id='par_1_33' title="bbox 557 1724 3839 1818">
     <span class='ocr_line' id='line_1_33' title="bbox 557 1724 3839 1818; baseline 0 -18"><span class='ocrx_word' id='word_1_231' title='bbox 557 1745 818 1818; x_wconf 88' lang='lat' dir='ltr'><strong>gradibus</strong></span> <span class='ocrx_word' id='word_1_232' title='bbox 865 1742 1189 1814; x_wconf 77' lang='lat' dir='ltr'><strong>subrigitur;</strong></span> <span class='ocrx_word' id='word_1_233' title='bbox 1240 1755 1364 1794; x_wconf 87' lang='lat' dir='ltr'><strong>nam</strong></span> <span class='ocrx_word' id='word_1_234' title='bbox 1411 1739 1537 1793; x_wconf 92' lang='lat' dir='ltr'><strong>dum</strong></span> <span class='ocrx_word' id='word_1_235' title='bbox 1593 1738 1854 1793; x_wconf 81' lang='lat' dir='ltr'><strong>liberatur</strong></span> <span class='ocrx_word' id='word_1_236' title='bbox 1896 1752 1926 1792; x_wconf 91' lang='lat' dir='ltr'><strong>a</strong></span> <span class='ocrx_word' id='word_1_237' title='bbox 1972 1737 2136 1804; x_wconf 90' lang='lat' dir='ltr'><strong>malo,</strong></span> <span class='ocrx_word' id='word_1_238' title='bbox 2170 1724 2215 1785; x_wconf 86' lang='grc' dir='ltr'><strong>Β</strong></span> <span class='ocrx_word' id='word_1_239' title='bbox 2244 1737 2330 1792; x_wconf 92' lang='lat' dir='ltr'><strong>nis</strong></span> <span class='ocrx_word' id='word_1_240' title='bbox 2378 1735 2611 1804; x_wconf 85' lang='lat' dir='ltr'><strong>Christi;</strong></span> <span class='ocrx_word' id='word_1_241' title='bbox 2670 1739 2860 1794; x_wconf 88' lang='lat' dir='ltr'><strong>deinde</strong></span> <span class='ocrx_word' id='word_1_242' title='bbox 2902 1739 3055 1793; x_wconf 91' lang='lat' dir='ltr'><strong>nobis</strong></span> <span class='ocrx_word' id='word_1_243' title='bbox 3104 1738 3158 1793; x_wconf 90' lang='lat' dir='ltr'><strong>in</strong></span> <span class='ocrx_word' id='word_1_244' title='bbox 3208 1738 3299 1795; x_wconf 89' lang='lat' dir='ltr'><strong>illo</strong></span> <span class='ocrx_word' id='word_1_245' title='bbox 3342 1741 3839 1813; x_wconf 87' lang='lat' dir='ltr'><strong>requiescentibus,</strong></span> 
     </span>
    </p>
   </div>
   <div class='ocr_carea' id='block_1_34' title="bbox 557 1830 2143 1905">
    <p class='ocr_par' dir='ltr' id='par_1_34' title="bbox 557 1830 2143 1905">
     <span class='ocr_line' id='line_1_34' title="bbox 557 1830 2143 1905; baseline -0.006 -11"><span class='ocrx_word' id='word_1_246' title='bbox 557 1835 862 1905; x_wconf 73' lang='lat' dir='ltr'><strong>hzeretjam</strong></span> <span class='ocrx_word' id='word_1_247' title='bbox 899 1834 973 1890; x_wconf 92' lang='lat' dir='ltr'><strong>illi</strong></span> <span class='ocrx_word' id='word_1_248' title='bbox 1024 1850 1235 1891; x_wconf 91' lang='lat' dir='ltr'><strong>summo</strong></span> <span class='ocrx_word' id='word_1_249' title='bbox 1266 1834 1435 1897; x_wconf 90' lang='lat' dir='ltr'><strong>bono;</strong></span> <span class='ocrx_word' id='word_1_250' title='bbox 1461 1840 1517 1888; x_wconf 92' lang='lat' dir='ltr'><strong>et</strong></span> <span class='ocrx_word' id='word_1_251' title='bbox 1544 1832 1669 1888; x_wconf 88' lang='lat' dir='ltr'><strong>dum</strong></span> <span class='ocrx_word' id='word_1_252' title='bbox 1722 1830 1975 1902; x_wconf 88' lang='lat' dir='ltr'><strong>postulat,</strong></span> <span class='ocrx_word' id='word_1_253' title='bbox 2012 1846 2143 1886; x_wconf 92' lang='lat' dir='ltr'><strong>con-</strong></span> 
     </span>
    </p>
   </div>
   <div class='ocr_carea' id='block_1_35' title="bbox 556 1923 2141 1992">
    <p class='ocr_par' dir='ltr' id='par_1_35' title="bbox 556 1923 2141 1992">
     <span class='ocr_line' id='line_1_35' title="bbox 556 1923 2141 1992; baseline -0.005 -7"><span class='ocrx_word' id='word_1_254' title='bbox 556 1930 741 1986; x_wconf 83' lang='lat' dir='ltr'><strong>ﬁtetur</strong></span> <span class='ocrx_word' id='word_1_255' title='bbox 768 1944 888 1985; x_wconf 90' lang='lat' dir='ltr'><strong>esse</strong></span> <span class='ocrx_word' id='word_1_256' title='bbox 920 1927 1255 1984; x_wconf 88' lang='lat' dir='ltr'><strong>sectandum.</strong></span> <span class='ocrx_word' id='word_1_257' title='bbox 1289 1924 1392 1991; x_wconf 84' lang='lat' dir='ltr'><strong>Qui</strong></span> <span class='ocrx_word' id='word_1_258' title='bbox 1429 1940 1553 1980; x_wconf 91' lang='lat' dir='ltr'><strong>cum</strong></span> <span class='ocrx_word' id='word_1_259' title='bbox 1581 1923 1869 1978; x_wconf 88' lang='lat' dir='ltr'><strong>liberatum</strong></span> <span class='ocrx_word' id='word_1_260' title='bbox 1898 1937 1956 1977; x_wconf 90' lang='lat' dir='ltr'><strong>se</strong></span> <span class='ocrx_word' id='word_1_261' title='bbox 1984 1937 2141 1992; x_wconf 89' lang='lat' dir='ltr'><strong>aspe-</strong></span> 
     </span>
    </p>
   </div>
   <div class='ocr_carea' id='block_1_36' title="bbox 554 2015 2137 2093">
    <p class='ocr_par' dir='ltr' id='par_1_36' title="bbox 554 2015 2137 2093">
     <span class='ocr_line' id='line_1_36' title="bbox 554 2015 2137 2093; baseline -0.005 -15"><span class='ocrx_word' id='word_1_262' title='bbox 554 2022 722 2088; x_wconf 77' lang='lat' dir='ltr'><strong>xerit,</strong></span> <span class='ocrx_word' id='word_1_263' title='bbox 764 2021 949 2093; x_wconf 91' lang='lat' dir='ltr'><strong>petita</strong></span> <span class='ocrx_word' id='word_1_264' title='bbox 988 2035 1096 2091; x_wconf 89' lang='lat' dir='ltr'><strong>quo</strong></span> <span class='ocrx_word' id='word_1_265' title='bbox 1126 2018 1385 2073; x_wconf 87' lang='lat' dir='ltr'><strong>liberatur</strong></span> <span class='ocrx_word' id='word_1_266' title='bbox 1414 2058 1429 2085; x_wconf 93' lang='lat'><strong>,</strong></span> <span class='ocrx_word' id='word_1_267' title='bbox 1471 2032 1544 2072; x_wconf 89' lang='lat' dir='ltr'><strong>ne</strong></span> <span class='ocrx_word' id='word_1_268' title='bbox 1572 2031 1630 2072; x_wconf 89' lang='lat' dir='ltr'><strong>se</strong></span> <span class='ocrx_word' id='word_1_269' title='bbox 1670 2015 1890 2072; x_wconf 89' lang='lat' dir='ltr'><strong>inducat</strong></span> <span class='ocrx_word' id='word_1_270' title='bbox 1936 2015 1990 2070; x_wconf 92' lang='lat' dir='ltr'><strong>in</strong></span> <span class='ocrx_word' id='word_1_271' title='bbox 2018 2025 2137 2071; x_wconf 90' lang='lat' dir='ltr'><strong>ten-</strong></span> 
     </span>
    </p>
   </div>
   <div class='ocr_carea' id='block_1_37' title="bbox 558 2106 2140 2179">
    <p class='ocr_par' dir='ltr' id='par_1_37' title="bbox 558 2106 2140 2179">
     <span class='ocr_line' id='line_1_37' title="bbox 558 2106 2140 2179; baseline -0.003 -12"><span class='ocrx_word' id='word_1_272' title='bbox 558 2112 841 2177; x_wconf 86' lang='lat' dir='ltr'><strong>tationem,</strong></span> <span class='ocrx_word' id='word_1_273' title='bbox 887 2125 954 2164; x_wconf 92' lang='lat' dir='ltr'><strong>ne</strong></span> <span class='ocrx_word' id='word_1_274' title='bbox 984 2124 1173 2164; x_wconf 90' lang='lat' dir='ltr'><strong>rursus</strong></span> <span class='ocrx_word' id='word_1_275' title='bbox 1214 2108 1268 2163; x_wconf 90' lang='lat' dir='ltr'><strong>in</strong></span> <span class='ocrx_word' id='word_1_276' title='bbox 1309 2107 1510 2163; x_wconf 91' lang='lat' dir='ltr'><strong>malum</strong></span> <span class='ocrx_word' id='word_1_277' title='bbox 1541 2117 1680 2163; x_wconf 86' lang='lat' dir='ltr'><strong>ruat.</strong></span> <span class='ocrx_word' id='word_1_278' title='bbox 1714 2107 1815 2164; x_wconf 87' lang='lat' dir='ltr'><strong>Ubi</strong></span> <span class='ocrx_word' id='word_1_279' title='bbox 1863 2116 2048 2179; x_wconf 90' lang='lat' dir='ltr'><strong>aperte</strong></span> <span class='ocrx_word' id='word_1_280' title='bbox 2077 2106 2140 2162; x_wconf 93' lang='lat' dir='ltr'><strong>il-</strong></span> 
     </span>
    </p>
   </div>
   <div class='ocr_carea' id='block_1_38' title="bbox 554 2198 2138 2274">
    <p class='ocr_par' dir='ltr' id='par_1_38' title="bbox 554 2198 2138 2274">
     <span class='ocr_line' id='line_1_38' title="bbox 554 2198 2138 2274; baseline -0.006 -14"><span class='ocrx_word' id='word_1_281' title='bbox 554 2204 660 2261; x_wconf 92' lang='lat' dir='ltr'><strong>lius</strong></span> <span class='ocrx_word' id='word_1_282' title='bbox 691 2201 931 2274; x_wconf 86' lang='lat' dir='ltr'><strong>potentia</strong></span> <span class='ocrx_word' id='word_1_283' title='bbox 957 2200 1306 2273; x_wconf 67' lang='lat' dir='ltr'><strong>praedicatur,</strong></span> <span class='ocrx_word' id='word_1_284' title='bbox 1334 2200 1452 2255; x_wconf 90' lang='lat' dir='ltr'><strong>sine</strong></span> <span class='ocrx_word' id='word_1_285' title='bbox 1480 2198 1635 2268; x_wconf 88' lang='lat' dir='ltr'><strong>cujus</strong></span> <span class='ocrx_word' id='word_1_286' title='bbox 1652 2199 1922 2269; x_wconf 91' lang='lat' dir='ltr'><strong>permissu</strong></span> <span class='ocrx_word' id='word_1_287' title='bbox 1947 2199 2138 2253; x_wconf 64' lang='lat' dir='ltr'><strong>advet-</strong></span> 
     </span>
    </p>
   </div>
   <div class='ocr_carea' id='block_1_39' title="bbox 560 2288 2140 2363">
    <p class='ocr_par' dir='ltr' id='par_1_39' title="bbox 560 2288 2140 2363">
     <span class='ocr_line' id='line_1_39' title="bbox 560 2288 2140 2363; baseline -0.006 -12"><span class='ocrx_word' id='word_1_288' title='bbox 560 2296 741 2351; x_wconf 89' lang='lat' dir='ltr'><strong>sarius</strong></span> <span class='ocrx_word' id='word_1_289' title='bbox 795 2293 929 2349; x_wconf 86' lang='lat' dir='ltr'><strong>nihil</strong></span> <span class='ocrx_word' id='word_1_290' title='bbox 975 2293 1149 2359; x_wconf 90' lang='lat' dir='ltr'><strong>valet;</strong></span> <span class='ocrx_word' id='word_1_291' title='bbox 1202 2300 1257 2348; x_wconf 88' lang='lat' dir='ltr'><strong>et</strong></span> <span class='ocrx_word' id='word_1_292' title='bbox 1300 2293 1423 2348; x_wconf 90' lang='lat' dir='ltr'><strong>dum</strong></span> <span class='ocrx_word' id='word_1_293' title='bbox 1451 2291 1786 2363; x_wconf 90' lang='lat' dir='ltr'><strong>permittitur</strong></span> <span class='ocrx_word' id='word_1_294' title='bbox 1812 2289 1985 2360; x_wconf 91' lang='lat' dir='ltr'><strong>culpis</strong></span> <span class='ocrx_word' id='word_1_295' title='bbox 2026 2288 2140 2343; x_wconf 81' lang='lat' dir='ltr'><strong>exi-</strong></span> 
     </span>
    </p>
   </div>
   <div class='ocr_carea' id='block_1_40' title="bbox 562 2380 2138 2460">
    <p class='ocr_par' dir='ltr' id='par_1_40' title="bbox 562 2380 2138 2460">
     <span class='ocr_line' id='line_1_40' title="bbox 562 2380 2138 2460; baseline -0.004 -18"><span class='ocrx_word' id='word_1_296' title='bbox 562 2386 833 2460; x_wconf 77' lang='lat' dir='ltr'><strong>gentibus,</strong></span> <span class='ocrx_word' id='word_1_297' title='bbox 869 2385 1022 2457; x_wconf 88' lang='lat' dir='ltr'><strong>quasi</strong></span> <span class='ocrx_word' id='word_1_298' title='bbox 1055 2398 1154 2440; x_wconf 88' lang='lat' dir='ltr'><strong>nos</strong></span> <span class='ocrx_word' id='word_1_299' title='bbox 1200 2384 1455 2439; x_wconf 86' lang='lat' dir='ltr'><strong>inducere</strong></span> <span class='ocrx_word' id='word_1_300' title='bbox 1487 2383 1717 2437; x_wconf 90' lang='lat' dir='ltr'><strong>videtur.</strong></span> <span class='ocrx_word' id='word_1_301' title='bbox 1774 2380 1927 2438; x_wconf 88' lang='lat' dir='ltr'><strong>Unde</strong></span> <span class='ocrx_word' id='word_1_302' title='bbox 1962 2380 2138 2436; x_wconf 88' lang='lat' dir='ltr'><strong>omnis</strong></span> 
     </span>
    </p>
   </div>
   <div class='ocr_carea' id='block_1_41' title="bbox 558 2472 2135 2548">
    <p class='ocr_par' dir='ltr' id='par_1_41' title="bbox 558 2472 2135 2548">
     <span class='ocr_line' id='line_1_41' title="bbox 558 2472 2135 2548; baseline -0.006 -14"><span class='ocrx_word' id='word_1_303' title='bbox 558 2478 722 2534; x_wconf 88' lang='lat' dir='ltr'><strong>timor</strong></span> <span class='ocrx_word' id='word_1_304' title='bbox 751 2474 954 2544; x_wconf 86' lang='lat' dir='ltr'><strong>noster,</strong></span> <span class='ocrx_word' id='word_1_305' title='bbox 993 2490 1117 2548; x_wconf 78' lang='lat' dir='ltr'><strong>Spes</strong></span> <span class='ocrx_word' id='word_1_306' title='bbox 1161 2483 1217 2530; x_wconf 91' lang='lat' dir='ltr'><strong>et</strong></span> <span class='ocrx_word' id='word_1_307' title='bbox 1255 2475 1489 2538; x_wconf 85' lang='lat' dir='ltr'><strong>devotio,</strong></span> <span class='ocrx_word' id='word_1_308' title='bbox 1524 2473 1667 2529; x_wconf 93' lang='lat' dir='ltr'><strong>cultu</strong></span> <span class='ocrx_word' id='word_1_309' title='bbox 1705 2472 1982 2545; x_wconf 76' lang='lat' dir='ltr'><strong>religionis</strong></span> <span class='ocrx_word' id='word_1_310' title='bbox 2002 2486 2135 2526; x_wconf 90' lang='lat' dir='ltr'><strong>con-</strong></span> 
     </span>
    </p>
   </div>
   <div class='ocr_carea' id='block_1_42' title="bbox 553 2564 2136 2638">
    <p class='ocr_par' dir='ltr' id='par_1_42' title="bbox 553 2564 2136 2638">
     <span class='ocr_line' id='line_1_42' title="bbox 553 2564 2136 2638; baseline -0.004 -14"><span class='ocrx_word' id='word_1_311' title='bbox 553 2578 803 2626; x_wconf 80' lang='lat' dir='ltr'><strong>vertatur</strong></span> <span class='ocrx_word' id='word_1_312' title='bbox 829 2569 897 2623; x_wconf 88' lang='lat' dir='ltr'><strong>ad</strong></span> <span class='ocrx_word' id='word_1_313' title='bbox 939 2585 1085 2635; x_wconf 90' lang='lat' dir='ltr'><strong>eum,</strong></span> <span class='ocrx_word' id='word_1_314' title='bbox 1138 2566 1265 2623; x_wconf 90' lang='lat' dir='ltr'><strong>dum</strong></span> <span class='ocrx_word' id='word_1_315' title='bbox 1300 2574 1512 2622; x_wconf 87' lang='lat' dir='ltr'><strong>constat</strong></span> <span class='ocrx_word' id='word_1_316' title='bbox 1553 2566 1697 2638; x_wconf 90' lang='lat' dir='ltr'><strong>quod</strong></span> <span class='ocrx_word' id='word_1_317' title='bbox 1733 2565 1787 2620; x_wconf 90' lang='lat' dir='ltr'><strong>in</strong></span> <span class='ocrx_word' id='word_1_318' title='bbox 1839 2564 2136 2619; x_wconf 91' lang='lat' dir='ltr'><strong>tentatione</strong></span> 
     </span>
    </p>
   </div>
   <div class='ocr_carea' id='block_1_43' title="bbox 552 2655 2138 2730">
    <p class='ocr_par' dir='ltr' id='par_1_43' title="bbox 552 2655 2138 2730">
     <span class='ocr_line' id='line_1_43' title="bbox 552 2655 2138 2730; baseline -0.005 -13"><span class='ocrx_word' id='word_1_319' title='bbox 552 2660 689 2718; x_wconf 87' lang='lat' dir='ltr'><strong>nihil</strong></span> <span class='ocrx_word' id='word_1_320' title='bbox 718 2660 934 2716; x_wconf 90' lang='lat' dir='ltr'><strong>inimico</strong></span> <span class='ocrx_word' id='word_1_321' title='bbox 961 2659 1139 2724; x_wconf 89' lang='lat' dir='ltr'><strong>liceat,</strong></span> <span class='ocrx_word' id='word_1_322' title='bbox 1182 2659 1285 2714; x_wconf 92' lang='lat' dir='ltr'><strong>nisi</strong></span> <span class='ocrx_word' id='word_1_323' title='bbox 1327 2665 1567 2730; x_wconf 86' lang='lat' dir='ltr'><strong>potestas</strong></span> <span class='ocrx_word' id='word_1_324' title='bbox 1603 2656 1831 2711; x_wconf 78' lang='lat' dir='ltr'><strong>nocendi</strong></span> <span class='ocrx_word' id='word_1_325' title='bbox 1857 2655 1926 2710; x_wconf 90' lang='lat' dir='ltr'><strong>ab</strong></span> <span class='ocrx_word' id='word_1_326' title='bbox 1948 2671 2015 2711; x_wconf 86' lang='lat' dir='ltr'><strong>eo</strong></span> <span class='ocrx_word' id='word_1_327' title='bbox 2040 2655 2138 2710; x_wconf 82' lang='lat' dir='ltr'><strong>tri-</strong></span> 
     </span>
    </p>
   </div>
   <div class='ocr_carea' id='block_1_44' title="bbox 552 2731 2135 2823">
    <p class='ocr_par' dir='ltr' id='par_1_44' title="bbox 552 2731 2135 2823">
     <span class='ocr_line' id='line_1_44' title="bbox 552 2731 2135 2823; baseline -0.004 -14"><span class='ocrx_word' id='word_1_328' title='bbox 552 2731 773 2819; x_wconf 73' lang='lat' dir='ltr'><strong>buatiir,</strong></span> <span class='ocrx_word' id='word_1_329' title='bbox 804 2736 963 2823; x_wconf 56' lang='lat' dir='ltr'><strong>quiam</strong></span> <span class='ocrx_word' id='word_1_330' title='bbox 995 2751 1248 2823; x_wconf 87' lang='lat' dir='ltr'><strong>petimus,</strong></span> <span class='ocrx_word' id='word_1_331' title='bbox 1278 2767 1344 2807; x_wconf 92' lang='lat' dir='ltr'><strong>ne</strong></span> <span class='ocrx_word' id='word_1_332' title='bbox 1370 2766 1471 2806; x_wconf 87' lang='lat' dir='ltr'><strong>nos</strong></span> <span class='ocrx_word' id='word_1_333' title='bbox 1504 2750 1743 2805; x_wconf 87' lang='lat' dir='ltr'><strong>inducat.</strong></span> <span class='ocrx_word' id='word_1_334' title='bbox 1774 2748 1977 2804; x_wconf 90' lang='lat' dir='ltr'><strong>Deinde</strong></span> <span class='ocrx_word' id='word_1_335' title='bbox 2006 2747 2135 2818; x_wconf 88' lang='lat' dir='ltr'><strong>quia</strong></span> 
     </span>
    </p>
   </div>
   <div class='ocr_carea' id='block_1_45' title="bbox 554 2841 2133 2914">
    <p class='ocr_par' dir='ltr' id='par_1_45' title="bbox 554 2841 2133 2914">
     <span class='ocr_line' id='line_1_45' title="bbox 554 2841 2133 2914; baseline -0.003 -16"><span class='ocrx_word' id='word_1_336' title='bbox 554 2843 612 2899; x_wconf 89' lang='lat' dir='ltr'><strong>in</strong></span> <span class='ocrx_word' id='word_1_337' title='bbox 638 2844 739 2898; x_wconf 88' lang='lat' dir='ltr'><strong>hac</strong></span> <span class='ocrx_word' id='word_1_338' title='bbox 762 2842 870 2897; x_wconf 89' lang='lat' dir='ltr'><strong>vita</strong></span> <span class='ocrx_word' id='word_1_339' title='bbox 907 2842 1023 2897; x_wconf 88' lang='lat' dir='ltr'><strong>sine</strong></span> <span class='ocrx_word' id='word_1_340' title='bbox 1068 2846 1293 2914; x_wconf 88' lang='lat' dir='ltr'><strong>peccato</strong></span> <span class='ocrx_word' id='word_1_341' title='bbox 1340 2841 1545 2898; x_wconf 86' lang='lat' dir='ltr'><strong>renatis</strong></span> <span class='ocrx_word' id='word_1_342' title='bbox 1573 2842 1757 2897; x_wconf 90' lang='lat' dir='ltr'><strong>vivere</strong></span> <span class='ocrx_word' id='word_1_343' title='bbox 1804 2857 1909 2896; x_wconf 90' lang='lat' dir='ltr'><strong>non</strong></span> <span class='ocrx_word' id='word_1_344' title='bbox 1955 2847 2133 2906; x_wconf 89' lang='lat' dir='ltr'><strong>vacat,</strong></span> 
     </span>
    </p>
   </div>
   <div class='ocr_carea' id='block_1_46' title="bbox 555 2934 2136 3007">
    <p class='ocr_par' dir='ltr' id='par_1_46' title="bbox 555 2934 2136 3007">
     <span class='ocr_line' id='line_1_46' title="bbox 555 2934 2136 3007; baseline -0.003 -16"><span class='ocrx_word' id='word_1_345' title='bbox 555 2937 697 2992; x_wconf 90' lang='lat' dir='ltr'><strong>bene</strong></span> <span class='ocrx_word' id='word_1_346' title='bbox 726 2935 827 2991; x_wconf 84' lang='lat' dir='ltr'><strong>hac</strong></span> <span class='ocrx_word' id='word_1_347' title='bbox 848 2951 1007 3007; x_wconf 82' lang='lat' dir='ltr'><strong>prece</strong></span> <span class='ocrx_word' id='word_1_348' title='bbox 1032 2937 1255 3002; x_wconf 88' lang='lat' dir='ltr'><strong>utimur,</strong></span> <span class='ocrx_word' id='word_1_349' title='bbox 1284 2934 1351 2989; x_wconf 90' lang='lat' dir='ltr'><strong>ab</strong></span> <span class='ocrx_word' id='word_1_350' title='bbox 1381 2936 1466 2991; x_wconf 87' lang='lat' dir='ltr'><strong>bis</strong></span> <span class='ocrx_word' id='word_1_351' title='bbox 1490 2934 1730 3001; x_wconf 88' lang='lat' dir='ltr'><strong>liberari,</strong></span> <span class='ocrx_word' id='word_1_352' title='bbox 1758 2943 1817 2989; x_wconf 92' lang='lat' dir='ltr'><strong>ut</strong></span> <span class='ocrx_word' id='word_1_353' title='bbox 1843 2934 2136 2989; x_wconf 88' lang='lat' dir='ltr'><strong>doceamur</strong></span> 
     </span>
    </p>
   </div>
   <div class='ocr_carea' id='block_1_47' title="bbox 558 3023 2136 3096">
    <p class='ocr_par' dir='ltr' id='par_1_47' title="bbox 558 3023 2136 3096">
     <span class='ocr_line' id='line_1_47' title="bbox 558 3023 2136 3096; baseline -0.001 -19"><span class='ocrx_word' id='word_1_354' title='bbox 558 3040 624 3077; x_wconf 79' lang='lat' dir='ltr'><strong>ex</strong></span> <span class='ocrx_word' id='word_1_355' title='bbox 649 3039 732 3086; x_wconf 89' lang='lat' dir='ltr'><strong>ea,</strong></span> <span class='ocrx_word' id='word_1_356' title='bbox 766 3024 1050 3078; x_wconf 90' lang='lat' dir='ltr'><strong>charitatis</strong></span> <span class='ocrx_word' id='word_1_357' title='bbox 1097 3024 1290 3090; x_wconf 83' lang='lat' dir='ltr'><strong>ofﬁcio,</strong></span> <span class='ocrx_word' id='word_1_358' title='bbox 1333 3025 1459 3095; x_wconf 90' lang='lat' dir='ltr'><strong>quid</strong></span> <span class='ocrx_word' id='word_1_359' title='bbox 1505 3034 1561 3082; x_wconf 91' lang='lat' dir='ltr'><strong>et</strong></span> <span class='ocrx_word' id='word_1_360' title='bbox 1595 3025 1695 3096; x_wconf 92' lang='lat' dir='ltr'><strong>ipsi</strong></span> <span class='ocrx_word' id='word_1_361' title='bbox 1739 3038 1901 3096; x_wconf 88' lang='lat' dir='ltr'><strong>agere</strong></span> <span class='ocrx_word' id='word_1_362' title='bbox 1931 3023 1985 3077; x_wconf 91' lang='lat' dir='ltr'><strong>in</strong></span> <span class='ocrx_word' id='word_1_363' title='bbox 2028 3026 2136 3076; x_wconf 88' lang='lat' dir='ltr'><strong>tra-</strong></span> 
     </span>
    </p>
   </div>
   <div class='ocr_carea' id='block_1_48' title="bbox 2242 1829 3843 1898">
    <p class='ocr_par' dir='ltr' id='par_1_48' title="bbox 2242 1829 3843 1898">
     <span class='ocr_line' id='line_1_48' title="bbox 2242 1829 3843 1898; baseline 0.007 -16"><span class='ocrx_word' id='word_1_364' title='bbox 2242 1829 2613 1884; x_wconf 85' lang='lat' dir='ltr'><strong>sanctiticetur</strong></span> <span class='ocrx_word' id='word_1_365' title='bbox 2642 1830 2753 1898; x_wconf 89' lang='lat' dir='ltr'><strong>ipse</strong></span> <span class='ocrx_word' id='word_1_366' title='bbox 2795 1830 2847 1884; x_wconf 91' lang='lat' dir='ltr'><strong>in</strong></span> <span class='ocrx_word' id='word_1_367' title='bbox 2876 1831 3052 1896; x_wconf 90' lang='lat' dir='ltr'><strong>nobis,</strong></span> <span class='ocrx_word' id='word_1_368' title='bbox 3091 1831 3216 1887; x_wconf 92' lang='lat' dir='ltr'><strong>dum</strong></span> <span class='ocrx_word' id='word_1_369' title='bbox 3267 1847 3365 1889; x_wconf 93' lang='lat' dir='ltr'><strong>nos</strong></span> <span class='ocrx_word' id='word_1_370' title='bbox 3412 1833 3465 1888; x_wconf 92' lang='lat' dir='ltr'><strong>in</strong></span> <span class='ocrx_word' id='word_1_371' title='bbox 3515 1834 3608 1889; x_wconf 90' lang='lat' dir='ltr'><strong>illo</strong></span> <span class='ocrx_word' id='word_1_372' title='bbox 3636 1838 3843 1893; x_wconf 88' lang='lat' dir='ltr'><strong>sancti-</strong></span> 
     </span>
    </p>
   </div>
   <div class='ocr_carea' id='block_1_49' title="bbox 2243 1919 3844 1999">
    <p class='ocr_par' dir='ltr' id='par_1_49' title="bbox 2243 1919 3844 1999">
     <span class='ocr_line' id='line_1_49' title="bbox 2243 1919 3844 1999; baseline 0.007 -26"><span class='ocrx_word' id='word_1_373' title='bbox 2243 1919 2490 1974; x_wconf 85' lang='lat' dir='ltr'><strong>ficamur.</strong></span> <span class='ocrx_word' id='word_1_374' title='bbox 2554 1919 2723 1987; x_wconf 85' lang='lat' dir='ltr'><strong>Quam</strong></span> <span class='ocrx_word' id='word_1_375' title='bbox 2776 1920 3023 1991; x_wconf 88' lang='lat' dir='ltr'><strong>profecto</strong></span> <span class='ocrx_word' id='word_1_376' title='bbox 3080 1923 3564 1981; x_wconf 85' lang='lat' dir='ltr'><strong>sanctificationem</strong></span> <span class='ocrx_word' id='word_1_377' title='bbox 3617 1943 3650 1982; x_wconf 90' lang='lat' dir='ltr'><strong>a</strong></span> <span class='ocrx_word' id='word_1_378' title='bbox 3695 1929 3844 1999; x_wconf 83' lang='lat' dir='ltr'><strong>prin-</strong></span> 
     </span>
    </p>
   </div>
   <div class='ocr_carea' id='block_1_50' title="bbox 2242 2012 3843 2084">
    <p class='ocr_par' dir='ltr' id='par_1_50' title="bbox 2242 2012 3843 2084">
     <span class='ocr_line' id='line_1_50' title="bbox 2242 2012 3843 2084; baseline 0.004 -17"><span class='ocrx_word' id='word_1_379' title='bbox 2242 2012 2386 2082; x_wconf 87' lang='lat' dir='ltr'><strong>cipio</strong></span> <span class='ocrx_word' id='word_1_380' title='bbox 2427 2012 2482 2066; x_wconf 89' lang='lat' dir='ltr'><strong>in</strong></span> <span class='ocrx_word' id='word_1_381' title='bbox 2515 2027 2574 2068; x_wconf 88' lang='lat' dir='ltr'><strong>se</strong></span> <span class='ocrx_word' id='word_1_382' title='bbox 2602 2013 2948 2069; x_wconf 87' lang='lat' dir='ltr'><strong>credentibus</strong></span> <span class='ocrx_word' id='word_1_383' title='bbox 2989 2015 3318 2084; x_wconf 86' lang='lat' dir='ltr'><strong>repromisit,</strong></span> <span class='ocrx_word' id='word_1_384' title='bbox 3352 2016 3478 2071; x_wconf 91' lang='lat' dir='ltr'><strong>dum</strong></span> <span class='ocrx_word' id='word_1_385' title='bbox 3515 2017 3666 2073; x_wconf 88' lang='lat' dir='ltr'><strong>illam</strong></span> <span class='ocrx_word' id='word_1_386' title='bbox 3713 2034 3843 2074; x_wconf 86' lang='lat' dir='ltr'><strong>sau-</strong></span> 
     </span>
    </p>
   </div>
   <div class='ocr_carea' id='block_1_51' title="bbox 2242 2101 3843 2177">
    <p class='ocr_par' dir='ltr' id='par_1_51' title="bbox 2242 2101 3843 2177">
     <span class='ocr_line' id='line_1_51' title="bbox 2242 2101 3843 2177; baseline 0.005 -19"><span class='ocrx_word' id='word_1_387' title='bbox 2242 2101 2512 2159; x_wconf 85' lang='lat' dir='ltr'><strong>ctiticasse</strong></span> <span class='ocrx_word' id='word_1_388' title='bbox 2561 2102 2757 2173; x_wconf 80' lang='lat' dir='ltr'><strong>legitur</strong></span> <span class='ocrx_word' id='word_1_389' title='bbox 2804 2104 2967 2170; x_wconf 89' lang='lat' dir='ltr'><strong>diem,</strong></span> <span class='ocrx_word' id='word_1_390' title='bbox 3000 2120 3120 2175; x_wconf 64' lang='lat' dir='ltr'><strong>quae</strong></span> <span class='ocrx_word' id='word_1_391' title='bbox 3164 2105 3557 2177; x_wconf 80' lang='lat' dir='ltr'><strong>perfectionem</strong></span> <span class='ocrx_word' id='word_1_392' title='bbox 3586 2110 3843 2168; x_wconf 88' lang='lat' dir='ltr'><strong>omnium</strong></span> 
     </span>
    </p>
   </div>
   <div class='ocr_carea' id='block_1_52' title="bbox 2246 2196 3842 2277">
    <p class='ocr_par' dir='ltr' id='par_1_52' title="bbox 2246 2196 3842 2277">
     <span class='ocr_line' id='line_1_52' title="bbox 2246 2196 3842 2277; baseline 0.004 -26"><span class='ocrx_word' id='word_1_393' title='bbox 2246 2196 2576 2267; x_wconf 86' lang='lat' dir='ltr'><strong>sequebatur</strong></span> <span class='ocrx_word' id='word_1_394' title='bbox 2596 2211 2799 2251; x_wconf 88' lang='lat' dir='ltr'><strong>rerum.</strong></span> <span class='ocrx_word' id='word_1_395' title='bbox 2836 2196 2895 2252; x_wconf 90' lang='lat' dir='ltr'><strong>ln</strong></span> <span class='ocrx_word' id='word_1_396' title='bbox 2927 2212 3034 2267; x_wconf 90' lang='lat' dir='ltr'><strong>qua</strong></span> <span class='ocrx_word' id='word_1_397' title='bbox 3066 2196 3206 2253; x_wconf 90' lang='lat' dir='ltr'><strong>Deus</strong></span> <span class='ocrx_word' id='word_1_398' title='bbox 3231 2197 3283 2253; x_wconf 89' lang='lat' dir='ltr'><strong>in</strong></span> <span class='ocrx_word' id='word_1_399' title='bbox 3307 2214 3429 2277; x_wconf 85' lang='lat' dir='ltr'><strong>sese</strong></span> <span class='ocrx_word' id='word_1_400' title='bbox 3460 2200 3842 2272; x_wconf 86' lang='lat' dir='ltr'><strong>requiescens,</strong></span> 
     </span>
    </p>
   </div>
   <div class='ocr_carea' id='block_1_53' title="bbox 2241 2287 3846 2358">
    <p class='ocr_par' dir='ltr' id='par_1_53' title="bbox 2241 2287 3846 2358">
     <span class='ocr_line' id='line_1_53' title="bbox 2241 2287 3846 2358; baseline 0.003 -15"><span class='ocrx_word' id='word_1_401' title='bbox 2241 2303 2351 2343; x_wconf 88' lang='lat' dir='ltr'><strong>non</strong></span> <span class='ocrx_word' id='word_1_402' title='bbox 2391 2287 2556 2343; x_wconf 92' lang='lat' dir='ltr'><strong>etiam</strong></span> <span class='ocrx_word' id='word_1_403' title='bbox 2599 2303 2707 2342; x_wconf 90' lang='lat' dir='ltr'><strong>non</strong></span> <span class='ocrx_word' id='word_1_404' title='bbox 2758 2287 2883 2343; x_wconf 87' lang='lat' dir='ltr'><strong>alibi</strong></span> <span class='ocrx_word' id='word_1_405' title='bbox 2926 2304 3089 2358; x_wconf 91' lang='lat' dir='ltr'><strong>quam</strong></span> <span class='ocrx_word' id='word_1_406' title='bbox 3131 2289 3185 2343; x_wconf 90' lang='lat' dir='ltr'><strong>in</strong></span> <span class='ocrx_word' id='word_1_407' title='bbox 3216 2304 3275 2343; x_wconf 89' lang='lat' dir='ltr'><strong>se</strong></span> <span class='ocrx_word' id='word_1_408' title='bbox 3320 2289 3665 2358; x_wconf 86' lang='lat' dir='ltr'><strong>requiescere</strong></span> <span class='ocrx_word' id='word_1_409' title='bbox 3706 2309 3846 2348; x_wconf 91' lang='lat' dir='ltr'><strong>con-</strong></span> 
     </span>
    </p>
   </div>
   <div class='ocr_carea' id='block_1_54' title="bbox 2242 2374 3845 2449">
    <p class='ocr_par' dir='ltr' id='par_1_54' title="bbox 2242 2374 3845 2449">
     <span class='ocr_line' id='line_1_54' title="bbox 2242 2374 3845 2449; baseline 0.003 -15"><span class='ocrx_word' id='word_1_410' title='bbox 2242 2379 2423 2434; x_wconf 89' lang='lat' dir='ltr'><strong>cessit.</strong></span> <span class='ocrx_word' id='word_1_411' title='bbox 2465 2377 2638 2446; x_wconf 85' lang='lat' dir='ltr'><strong>Quam</strong></span> <span class='ocrx_word' id='word_1_412' title='bbox 2671 2394 2800 2433; x_wconf 90' lang='lat' dir='ltr'><strong>sane</strong></span> <span class='ocrx_word' id='word_1_413' title='bbox 2832 2379 3073 2449; x_wconf 90' lang='lat' dir='ltr'><strong>requiem</strong></span> <span class='ocrx_word' id='word_1_414' title='bbox 3093 2374 3217 2448; x_wconf 89' lang='lat' dir='ltr'><strong>jure</strong></span> <span class='ocrx_word' id='word_1_415' title='bbox 3259 2380 3533 2449; x_wconf 90' lang='lat' dir='ltr'><strong>poscimus</strong></span> <span class='ocrx_word' id='word_1_416' title='bbox 3576 2380 3633 2437; x_wconf 89' lang='lat' dir='ltr'><strong>in</strong></span> <span class='ocrx_word' id='word_1_417' title='bbox 3679 2383 3845 2439; x_wconf 88' lang='lat' dir='ltr'><strong>nobis</strong></span> 
     </span>
    </p>
   </div>
   <div class='ocr_carea' id='block_1_55' title="bbox 2240 2467 3845 2542">
    <p class='ocr_par' dir='ltr' id='par_1_55' title="bbox 2240 2467 3845 2542">
     <span class='ocr_line' id='line_1_55' title="bbox 2240 2467 3845 2542; baseline 0.003 -15"><span class='ocrx_word' id='word_1_418' title='bbox 2240 2467 2593 2537; x_wconf 80' lang='lat' dir='ltr'><strong>sanctificari,</strong></span> <span class='ocrx_word' id='word_1_419' title='bbox 2636 2478 2696 2525; x_wconf 90' lang='lat' dir='ltr'><strong>ut</strong></span> <span class='ocrx_word' id='word_1_420' title='bbox 2738 2471 3051 2542; x_wconf 87' lang='lat' dir='ltr'><strong>perenniter</strong></span> <span class='ocrx_word' id='word_1_421' title='bbox 3099 2472 3152 2526; x_wconf 91' lang='lat' dir='ltr'><strong>in</strong></span> <span class='ocrx_word' id='word_1_422' title='bbox 3203 2478 3327 2527; x_wconf 87' lang='lat' dir='ltr'><strong>eum</strong></span> <span class='ocrx_word' id='word_1_423' title='bbox 3377 2470 3704 2530; x_wconf 86' lang='lat' dir='ltr'><strong>sanctificati</strong></span> <span class='ocrx_word' id='word_1_424' title='bbox 3757 2492 3845 2532; x_wconf 78' lang='lat' dir='ltr'><strong>re-</strong></span> 
     </span>
    </p>
   </div>
   <div class='ocr_carea' id='block_1_56' title="bbox 2240 2563 3848 2645">
    <p class='ocr_par' dir='ltr' id='par_1_56' title="bbox 2240 2563 3848 2645">
     <span class='ocr_line' id='line_1_56' title="bbox 2240 2563 3848 2645; baseline 0.006 -29"><span class='ocrx_word' id='word_1_425' title='bbox 2240 2564 2600 2635; x_wconf 77' lang='lat' dir='ltr'><strong>quiescamus.</strong></span> <span class='ocrx_word' id='word_1_426' title='bbox 2633 2563 2738 2619; x_wconf 92' lang='lat' dir='ltr'><strong>lste</strong></span> <span class='ocrx_word' id='word_1_427' title='bbox 2762 2574 2841 2619; x_wconf 91' lang='lat' dir='ltr'><strong>est</strong></span> <span class='ocrx_word' id='word_1_428' title='bbox 2890 2564 3052 2635; x_wconf 84' lang='lat' dir='ltr'><strong>igitur</strong></span> <span class='ocrx_word' id='word_1_429' title='bbox 3077 2564 3289 2645; x_wconf 79' lang='lat' dir='ltr'><strong>digitus</strong></span> <span class='ocrx_word' id='word_1_430' title='bbox 3320 2567 3517 2621; x_wconf 91' lang='lat' dir='ltr'><strong>summi</strong></span> <span class='ocrx_word' id='word_1_431' title='bbox 3560 2567 3848 2638; x_wconf 85' lang='lat' dir='ltr'><strong>pontificis</strong></span> 
     </span>
    </p>
   </div>
   <div class='ocr_carea' id='block_1_57' title="bbox 2240 2648 3848 2731">
    <p class='ocr_par' dir='ltr' id='par_1_57' title="bbox 2240 2648 3848 2731">
     <span class='ocr_line' id='line_1_57' title="bbox 2240 2648 3848 2731; baseline 0.004 -20"><span class='ocrx_word' id='word_1_432' title='bbox 2240 2654 2467 2729; x_wconf 81' lang='lat' dir='ltr'><strong>Christi,</strong></span> <span class='ocrx_word' id='word_1_433' title='bbox 2513 2672 2620 2727; x_wconf 91' lang='lat' dir='ltr'><strong>quo</strong></span> <span class='ocrx_word' id='word_1_434' title='bbox 2663 2657 2863 2728; x_wconf 88' lang='lat' dir='ltr'><strong>septies</strong></span> <span class='ocrx_word' id='word_1_435' title='bbox 2907 2654 3025 2727; x_wconf 85' lang='lat' dir='ltr'><strong>ejus</strong></span> <span class='ocrx_word' id='word_1_436' title='bbox 3056 2648 3388 2731; x_wconf 80' lang='lat' dir='ltr'><strong>respergitur</strong></span> <span class='ocrx_word' id='word_1_437' title='bbox 3415 2658 3658 2731; x_wconf 84' lang='lat' dir='ltr'><strong>sanguis,</strong></span> <span class='ocrx_word' id='word_1_438' title='bbox 3694 2671 3759 2716; x_wconf 91' lang='lat' dir='ltr'><strong>ut</strong></span> <span class='ocrx_word' id='word_1_439' title='bbox 3789 2662 3848 2717; x_wconf 91' lang='lat' dir='ltr'><strong>in</strong></span> 
     </span>
    </p>
   </div>
   <div class='ocr_carea' id='block_1_58' title="bbox 2240 2742 3847 2823">
    <p class='ocr_par' dir='ltr' id='par_1_58' title="bbox 2240 2742 3847 2823">
     <span class='ocr_line' id='line_1_58' title="bbox 2240 2742 3847 2823; baseline 0.004 -19"><span class='ocrx_word' id='word_1_440' title='bbox 2240 2764 2307 2804; x_wconf 91' lang='lat' dir='ltr'><strong>eo</strong></span> <span class='ocrx_word' id='word_1_441' title='bbox 2331 2764 2360 2802; x_wconf 93' lang='lat' dir='ltr'><strong>a</strong></span> <span class='ocrx_word' id='word_1_442' title='bbox 2390 2748 2539 2820; x_wconf 88' lang='lat' dir='ltr'><strong>lepra</strong></span> <span class='ocrx_word' id='word_1_443' title='bbox 2588 2746 2947 2804; x_wconf 73' lang='lat' dir='ltr'><strong>iinmunditia:</strong></span> <span class='ocrx_word' id='word_1_444' title='bbox 2990 2742 3413 2804; x_wconf 82' lang='lat' dir='ltr'><strong>sanctificemur.</strong></span> <span class='ocrx_word' id='word_1_445' title='bbox 3441 2748 3575 2806; x_wconf 82' lang='lat' dir='ltr'><strong>Nam</strong></span> <span class='ocrx_word' id='word_1_446' title='bbox 3606 2768 3713 2823; x_wconf 90' lang='lat' dir='ltr'><strong>per</strong></span> <span class='ocrx_word' id='word_1_447' title='bbox 3755 2755 3847 2810; x_wconf 90' lang='lat' dir='ltr'><strong>di-</strong></span> 
     </span>
    </p>
   </div>
   <div class='ocr_carea' id='block_1_59' title="bbox 2239 2837 3849 2915">
    <p class='ocr_par' dir='ltr' id='par_1_59' title="bbox 2239 2837 3849 2915">
     <span class='ocr_line' id='line_1_59' title="bbox 2239 2837 3849 2915; baseline 0.007 -24"><span class='ocrx_word' id='word_1_448' title='bbox 2239 2838 2410 2909; x_wconf 90' lang='lat' dir='ltr'><strong>gitum</strong></span> <span class='ocrx_word' id='word_1_449' title='bbox 2439 2837 2676 2908; x_wconf 87' lang='lat' dir='ltr'><strong>Spiritus</strong></span> <span class='ocrx_word' id='word_1_450' title='bbox 2725 2838 2900 2893; x_wconf 84' lang='lat' dir='ltr'><strong>sancti</strong></span> <span class='ocrx_word' id='word_1_451' title='bbox 2928 2841 3101 2911; x_wconf 78' lang='lat' dir='ltr'><strong>gratia</strong></span> <span class='ocrx_word' id='word_1_452' title='bbox 3133 2839 3465 2913; x_wconf 79' lang='lat' dir='ltr'><strong>designatur,</strong></span> <span class='ocrx_word' id='word_1_453' title='bbox 3490 2859 3599 2914; x_wconf 87' lang='lat' dir='ltr'><strong>quo</strong></span> <span class='ocrx_word' id='word_1_454' title='bbox 3645 2859 3849 2915; x_wconf 83' lang='lat' dir='ltr'><strong>preces</strong></span> 
     </span>
    </p>
   </div>
   <div class='ocr_carea' id='block_1_60' title="bbox 2239 2931 3846 3005">
    <p class='ocr_par' dir='ltr' id='par_1_60' title="bbox 2239 2931 3846 3005">
     <span class='ocr_line' id='line_1_60' title="bbox 2239 2931 3846 3005; baseline 0.003 -19"><span class='ocrx_word' id='word_1_455' title='bbox 2239 2940 2441 2986; x_wconf 58' lang='lat' dir='ltr'><strong>nostra!</strong></span> <span class='ocrx_word' id='word_1_456' title='bbox 2484 2938 2540 2987; x_wconf 90' lang='lat' dir='ltr'><strong>et</strong></span> <span class='ocrx_word' id='word_1_457' title='bbox 2586 2931 2861 2987; x_wconf 88' lang='lat' dir='ltr'><strong>beatitudo</strong></span> <span class='ocrx_word' id='word_1_458' title='bbox 2904 2932 3171 2988; x_wconf 88' lang='lat' dir='ltr'><strong>donorum</strong></span> <span class='ocrx_word' id='word_1_459' title='bbox 3220 2932 3470 3005; x_wconf 77' lang='lat' dir='ltr'><strong>expletur</strong></span> <span class='ocrx_word' id='word_1_460' title='bbox 3496 2975 3511 2998; x_wconf 94' lang='lat'><strong>,</strong></span> <span class='ocrx_word' id='word_1_461' title='bbox 3557 2945 3613 2989; x_wconf 88' lang='lat' dir='ltr'><strong>et</strong></span> <span class='ocrx_word' id='word_1_462' title='bbox 3648 2938 3846 2991; x_wconf 88' lang='lat' dir='ltr'><strong>omnia</strong></span> 
     </span>
    </p>
   </div>
   <div class='ocr_carea' id='block_1_61' title="bbox 2239 3023 3845 3097">
    <p class='ocr_par' dir='ltr' id='par_1_61' title="bbox 2239 3023 3845 3097">
     <span class='ocr_line' id='line_1_61' title="bbox 2239 3023 3845 3097; baseline 0.004 -20"><span class='ocrx_word' id='word_1_463' title='bbox 2239 3023 2523 3095; x_wconf 72' lang='lat' dir='ltr'><strong>praesentis</strong></span> <span class='ocrx_word' id='word_1_464' title='bbox 2565 3024 2687 3077; x_wconf 67' lang='lat' dir='ltr'><strong>vitm</strong></span> <span class='ocrx_word' id='word_1_465' title='bbox 2714 3024 2963 3095; x_wconf 88' lang='lat' dir='ltr'><strong>contagia</strong></span> <span class='ocrx_word' id='word_1_466' title='bbox 2992 3023 3297 3095; x_wconf 83' lang='lat' dir='ltr'><strong>expiantur.</strong></span> <span class='ocrx_word' id='word_1_467' title='bbox 3334 3024 3390 3079; x_wconf 86' lang='lat' dir='ltr'><strong>in</strong></span> <span class='ocrx_word' id='word_1_468' title='bbox 3430 3030 3535 3097; x_wconf 70' lang='lat' dir='ltr'><strong>Qua</strong></span> <span class='ocrx_word' id='word_1_469' title='bbox 3568 3027 3845 3083; x_wconf 87' lang='lat' dir='ltr'><strong>nimirum</strong></span> 
     </span>
    </p>
   </div>
   <div class='ocr_carea' id='block_1_62' title="bbox 555 3086 3848 3197">
    <p class='ocr_par' dir='ltr' id='par_1_62' title="bbox 555 3086 3848 3197">
     <span class='ocr_line' id='line_1_62' title="bbox 555 3086 3848 3197; baseline 0 -26"><span class='ocrx_word' id='word_1_470' title='bbox 555 3116 728 3171; x_wconf 81' lang='lat' dir='ltr'><strong>tribus</strong></span> <span class='ocrx_word' id='word_1_471' title='bbox 775 3115 1082 3170; x_wconf 90' lang='lat' dir='ltr'><strong>debeamus.</strong></span> <span class='ocrx_word' id='word_1_472' title='bbox 1126 3114 1233 3170; x_wconf 89' lang='lat' dir='ltr'><strong>Sed</strong></span> <span class='ocrx_word' id='word_1_473' title='bbox 1267 3116 1393 3197; x_wconf 88' lang='lat' dir='ltr'><strong>quia</strong></span> <span class='ocrx_word' id='word_1_474' title='bbox 1443 3086 1670 3171; x_wconf 77' lang='lat' dir='ltr'><strong>necduin</strong></span> <span class='ocrx_word' id='word_1_475' title='bbox 1711 3086 1919 3169; x_wconf 77' lang='lat' dir='ltr'><strong>visione</strong></span> <span class='ocrx_word' id='word_1_476' title='bbox 1958 3115 2052 3170; x_wconf 91' lang='lat' dir='ltr'><strong>Dei</strong></span> <span class='ocrx_word' id='word_1_477' title='bbox 2084 3123 2138 3169; x_wconf 90' lang='lat' dir='ltr'><strong>et</strong></span> <span class='ocrx_word' id='word_1_478' title='bbox 2164 3086 2210 3148; x_wconf 60' lang='grc' dir='ltr'><strong>(ἶ</strong></span> <span class='ocrx_word' id='word_1_479' title='bbox 2240 3086 2470 3185; x_wconf 75' lang='lat' dir='ltr'><strong>septima</strong></span> <span class='ocrx_word' id='word_1_480' title='bbox 2517 3086 2945 3171; x_wconf 64' lang='lat' dir='ltr'><strong>sanctiﬁcatione</strong></span> <span class='ocrx_word' id='word_1_481' title='bbox 2991 3086 3098 3187; x_wconf 68' lang='lat' dir='ltr'><strong>pait</strong></span> <span class='ocrx_word' id='word_1_482' title='bbox 3132 3130 3272 3171; x_wconf 72' lang='lat' dir='ltr'><strong>verae</strong></span> <span class='ocrx_word' id='word_1_483' title='bbox 3318 3086 3679 3172; x_wconf 83' lang='lat' dir='ltr'><strong>beatitudinis</strong></span> <span class='ocrx_word' id='word_1_484' title='bbox 3746 3118 3848 3172; x_wconf 84' lang='lat' dir='ltr'><strong>fir-</strong></span> 
     </span>
    </p>
   </div>
   <div class='ocr_carea' id='block_1_63' title="bbox 554 3196 2136 3278">
    <p class='ocr_par' dir='ltr' id='par_1_63' title="bbox 554 3196 2136 3278">
     <span class='ocr_line' id='line_1_63' title="bbox 554 3196 2136 3278; baseline 0.001 -19"><span class='ocrx_word' id='word_1_485' title='bbox 554 3204 817 3259; x_wconf 86' lang='lat' dir='ltr'><strong>virtutum</strong></span> <span class='ocrx_word' id='word_1_486' title='bbox 840 3205 1172 3277; x_wconf 75' lang='lat' dir='ltr'><strong>plenitudine</strong></span> <span class='ocrx_word' id='word_1_487' title='bbox 1206 3196 1411 3278; x_wconf 78' lang='lat' dir='ltr'><strong>integre</strong></span> <span class='ocrx_word' id='word_1_488' title='bbox 1439 3205 1691 3272; x_wconf 70' lang='lat' dir='ltr'><strong>fruimur,</strong></span> <span class='ocrx_word' id='word_1_489' title='bbox 1721 3206 1874 3261; x_wconf 88' lang='lat' dir='ltr'><strong>cibus</strong></span> <span class='ocrx_word' id='word_1_490' title='bbox 1903 3202 2060 3260; x_wconf 78' lang='lat' dir='ltr'><strong>nobis</strong></span> <span class='ocrx_word' id='word_1_491' title='bbox 2085 3206 2136 3260; x_wconf 91' lang='lat' dir='ltr'><strong>in</strong></span> 
     </span>
    </p>
   </div>
   <div class='ocr_carea' id='block_1_64' title="bbox 557 3294 2133 3367">
    <p class='ocr_par' dir='ltr' id='par_1_64' title="bbox 557 3294 2133 3367">
     <span class='ocr_line' id='line_1_64' title="bbox 557 3294 2133 3367; baseline 0.003 -21"><span class='ocrx_word' id='word_1_492' title='bbox 557 3296 645 3350; x_wconf 83' lang='lat' dir='ltr'><strong>via</strong></span> <span class='ocrx_word' id='word_1_493' title='bbox 675 3297 1013 3351; x_wconf 80' lang='lat' dir='ltr'><strong>necessarius</strong></span> <span class='ocrx_word' id='word_1_494' title='bbox 1056 3298 1139 3351; x_wconf 87' lang='lat' dir='ltr'><strong>cst</strong></span> <span class='ocrx_word' id='word_1_495' title='bbox 1184 3297 1546 3367; x_wconf 81' lang='lat' dir='ltr'><strong>quotidianus,</strong></span> <span class='ocrx_word' id='word_1_496' title='bbox 1597 3303 1657 3351; x_wconf 93' lang='lat' dir='ltr'><strong>ut</strong></span> <span class='ocrx_word' id='word_1_497' title='bbox 1702 3312 1767 3350; x_wconf 74' lang='lat' dir='ltr'><strong>ex</strong></span> <span class='ocrx_word' id='word_1_498' title='bbox 1805 3310 1870 3351; x_wconf 92' lang='lat' dir='ltr'><strong>eo</strong></span> <span class='ocrx_word' id='word_1_499' title='bbox 1925 3294 2133 3359; x_wconf 56' lang='lat' dir='ltr'><strong>refecti,</strong></span> 
     </span>
    </p>
   </div>
   <div class='ocr_carea' id='block_1_65' title="bbox 557 3385 2137 3465">
    <p class='ocr_par' dir='ltr' id='par_1_65' title="bbox 557 3385 2137 3465">
     <span class='ocr_line' id='line_1_65' title="bbox 557 3385 2137 3465; baseline 0.003 -26"><span class='ocrx_word' id='word_1_500' title='bbox 557 3388 878 3459; x_wconf 81' lang='lat' dir='ltr'><strong>quandoque</strong></span> <span class='ocrx_word' id='word_1_501' title='bbox 908 3386 973 3441; x_wconf 90' lang='lat' dir='ltr'><strong>ad</strong></span> <span class='ocrx_word' id='word_1_502' title='bbox 995 3388 1225 3465; x_wconf 82' lang='lat' dir='ltr'><strong>patriam</strong></span> <span class='ocrx_word' id='word_1_503' title='bbox 1250 3386 1553 3444; x_wconf 85' lang='lat' dir='ltr'><strong>redeamus.</strong></span> <span class='ocrx_word' id='word_1_504' title='bbox 1580 3385 1734 3444; x_wconf 84' lang='lat' dir='ltr'><strong>Unde</strong></span> <span class='ocrx_word' id='word_1_505' title='bbox 1757 3388 1918 3452; x_wconf 87' lang='lat' dir='ltr'><strong>illico,</strong></span> <span class='ocrx_word' id='word_1_506' title='bbox 1942 3405 2137 3461; x_wconf 85' lang='lat' dir='ltr'><strong>panem</strong></span> 
     </span>
    </p>
   </div>
   <div class='ocr_carea' id='block_1_66' title="bbox 560 3481 2141 3555">
    <p class='ocr_par' dir='ltr' id='par_1_66' title="bbox 560 3481 2141 3555">
     <span class='ocr_line' id='line_1_66' title="bbox 560 3481 2141 3555; baseline 0.001 -19"><span class='ocrx_word' id='word_1_507' title='bbox 560 3494 802 3537; x_wconf 80' lang='lat' dir='ltr'><strong>nos:rum</strong></span> <span class='ocrx_word' id='word_1_508' title='bbox 828 3481 1201 3554; x_wconf 87' lang='lat' dir='ltr'><strong>quotidianum</strong></span> <span class='ocrx_word' id='word_1_509' title='bbox 1225 3484 1478 3555; x_wconf 85' lang='lat' dir='ltr'><strong>petimus,</strong></span> <span class='ocrx_word' id='word_1_510' title='bbox 1507 3486 1576 3537; x_wconf 89' lang='lat' dir='ltr'><strong>ad</strong></span> <span class='ocrx_word' id='word_1_511' title='bbox 1618 3497 1778 3553; x_wconf 89' lang='lat' dir='ltr'><strong>quem</strong></span> <span class='ocrx_word' id='word_1_512' title='bbox 1824 3498 1983 3537; x_wconf 90' lang='lat' dir='ltr'><strong>nemo</strong></span> <span class='ocrx_word' id='word_1_513' title='bbox 2023 3482 2141 3537; x_wconf 89' lang='lat' dir='ltr'><strong>sine</strong></span> 
     </span>
    </p>
   </div>
   <div class='ocr_carea' id='block_1_67' title="bbox 560 3556 2135 3655">
    <p class='ocr_par' dir='ltr' id='par_1_67' title="bbox 560 3556 2135 3655">
     <span class='ocr_line' id='line_1_67' title="bbox 560 3556 2135 3655; baseline -0.003 -23"><span class='ocrx_word' id='word_1_514' title='bbox 560 3575 753 3646; x_wconf 84' lang='lat' dir='ltr'><strong>spiritu</strong></span> <span class='ocrx_word' id='word_1_515' title='bbox 781 3573 1115 3631; x_wconf 85' lang='lat' dir='ltr'><strong>fortitudinis</strong></span> <span class='ocrx_word' id='word_1_516' title='bbox 1135 3575 1398 3655; x_wconf 83' lang='lat' dir='ltr'><strong>pervenit.</strong></span> <span class='ocrx_word' id='word_1_517' title='bbox 1420 3568 1562 3653; x_wconf 72' lang='lat' dir='ltr'><strong>Hinc</strong></span> <span class='ocrx_word' id='word_1_518' title='bbox 1585 3590 1715 3628; x_wconf 87' lang='lat' dir='ltr'><strong>sane</strong></span> <span class='ocrx_word' id='word_1_519' title='bbox 1739 3556 1998 3645; x_wconf 81' lang='lat' dir='ltr'><strong>scriptum</strong></span> <span class='ocrx_word' id='word_1_520' title='bbox 2022 3581 2135 3627; x_wconf 82' lang='lat' dir='ltr'><strong>est:</strong></span> 
     </span>
    </p>
   </div>
   <div class='ocr_carea' id='block_1_68' title="bbox 556 3662 2136 3743">
    <p class='ocr_par' dir='ltr' id='par_1_68' title="bbox 556 3662 2136 3743">
     <span class='ocr_line' id='line_1_68' title="bbox 556 3662 2136 3743; baseline -0.003 -22"><span class='ocrx_word' id='word_1_521' title='bbox 556 3667 622 3722; x_wconf 84' lang='lat' dir='ltr'><strong>In</strong></span> <span class='ocrx_word' id='word_1_522' title='bbox 644 3667 833 3723; x_wconf 84' lang='lat' dir='ltr'><strong>sudore</strong></span> <span class='ocrx_word' id='word_1_523' title='bbox 862 3666 1032 3722; x_wconf 81' lang='lat' dir='ltr'><strong>vultus</strong></span> <span class='ocrx_word' id='word_1_524' title='bbox 1082 3668 1158 3720; x_wconf 85' lang='lat' dir='ltr'><strong>tui</strong></span> <span class='ocrx_word' id='word_1_525' title='bbox 1196 3665 1413 3722; x_wconf 79' lang='lat' dir='ltr'><strong>vesceris</strong></span> <span class='ocrx_word' id='word_1_526' title='bbox 1434 3680 1630 3743; x_wconf 78' lang='lat' dir='ltr'><strong>panem</strong></span> <span class='ocrx_word' id='word_1_527' title='bbox 1675 3674 1824 3720; x_wconf 86' lang='lat' dir='ltr'><strong>tuum</strong></span> <span class='ocrx_word' id='word_1_528' title='bbox 1854 3662 2024 3737; x_wconf 76' lang='lat' dir='ltr'><strong>(Gen.</strong></span> <span class='ocrx_word' id='word_1_529' title='bbox 2052 3680 2136 3732; x_wconf 85' lang='lat' dir='ltr'><strong>tu,</strong></span> 
     </span>
    </p>
   </div>
   <div class='ocr_carea' id='block_1_69' title="bbox 564 3756 2141 3831">
    <p class='ocr_par' dir='ltr' id='par_1_69' title="bbox 564 3756 2141 3831">
     <span class='ocr_line' id='line_1_69' title="bbox 564 3756 2141 3831; baseline -0.002 -18"><span class='ocrx_word' id='word_1_530' title='bbox 564 3758 671 3829; x_wconf 78' lang='grc'><strong>19).</strong></span> <span class='ocrx_word' id='word_1_531' title='bbox 705 3756 806 3814; x_wconf 90' lang='lat' dir='ltr'><strong>Ubi</strong></span> <span class='ocrx_word' id='word_1_532' title='bbox 845 3775 975 3831; x_wconf 91' lang='lat' dir='ltr'><strong>ergo</strong></span> <span class='ocrx_word' id='word_1_533' title='bbox 1033 3759 1196 3814; x_wconf 89' lang='lat' dir='ltr'><strong>sudor</strong></span> <span class='ocrx_word' id='word_1_534' title='bbox 1240 3758 1519 3831; x_wconf 57' lang='lat' dir='ltr'><strong>quwritur,</strong></span> <span class='ocrx_word' id='word_1_535' title='bbox 1579 3757 1731 3814; x_wconf 88' lang='lat' dir='ltr'><strong>labor</strong></span> <span class='ocrx_word' id='word_1_536' title='bbox 1780 3758 1967 3829; x_wconf 88' lang='lat' dir='ltr'><strong>utique</strong></span> <span class='ocrx_word' id='word_1_537' title='bbox 1999 3756 2141 3812; x_wconf 78' lang='lat' dir='ltr'><strong>desi-</strong></span> 
     </span>
    </p>
   </div>
   <div class='ocr_carea' id='block_1_70' title="bbox 561 3853 2141 3928">
    <p class='ocr_par' dir='ltr' id='par_1_70' title="bbox 561 3853 2141 3928">
     <span class='ocr_line' id='line_1_70' title="bbox 561 3853 2141 3928; baseline -0.002 -18"><span class='ocrx_word' id='word_1_538' title='bbox 561 3865 785 3928; x_wconf 80' lang='lat' dir='ltr'><strong>gnatur,</strong></span> <span class='ocrx_word' id='word_1_539' title='bbox 817 3864 873 3909; x_wconf 91' lang='lat' dir='ltr'><strong>et</strong></span> <span class='ocrx_word' id='word_1_540' title='bbox 898 3855 988 3910; x_wconf 89' lang='lat' dir='ltr'><strong>ubi</strong></span> <span class='ocrx_word' id='word_1_541' title='bbox 1028 3855 1200 3922; x_wconf 89' lang='lat' dir='ltr'><strong>labor,</strong></span> <span class='ocrx_word' id='word_1_542' title='bbox 1231 3854 1303 3910; x_wconf 85' lang='lat' dir='ltr'><strong>ibi</strong></span> <span class='ocrx_word' id='word_1_543' title='bbox 1335 3855 1556 3927; x_wconf 88' lang='lat' dir='ltr'><strong>spiritus</strong></span> <span class='ocrx_word' id='word_1_544' title='bbox 1583 3853 1913 3911; x_wconf 80' lang='lat' dir='ltr'><strong>fortitudinis</strong></span> <span class='ocrx_word' id='word_1_545' title='bbox 1952 3867 2141 3907; x_wconf 89' lang='lat' dir='ltr'><strong>neces-</strong></span> 
     </span>
    </p>
   </div>
   <div class='ocr_carea' id='block_1_71' title="bbox 562 3941 2142 4020">
    <p class='ocr_par' dir='ltr' id='par_1_71' title="bbox 562 3941 2142 4020">
     <span class='ocr_line' id='line_1_71' title="bbox 562 3941 2142 4020; baseline -0.007 -13"><span class='ocrx_word' id='word_1_546' title='bbox 562 3951 739 4007; x_wconf 89' lang='lat' dir='ltr'><strong>sarius</strong></span> <span class='ocrx_word' id='word_1_547' title='bbox 774 3948 1054 4020; x_wconf 88' lang='lat' dir='ltr'><strong>probatur.</strong></span> <span class='ocrx_word' id='word_1_548' title='bbox 1088 3946 1188 4003; x_wconf 83' lang='lat' dir='ltr'><strong>Ubi</strong></span> <span class='ocrx_word' id='word_1_549' title='bbox 1238 3963 1365 4002; x_wconf 82' lang='lat' dir='ltr'><strong>vero</strong></span> <span class='ocrx_word' id='word_1_550' title='bbox 1401 3947 1621 4017; x_wconf 88' lang='lat' dir='ltr'><strong>spiritus</strong></span> <span class='ocrx_word' id='word_1_551' title='bbox 1678 3944 2010 4000; x_wconf 89' lang='lat' dir='ltr'><strong>fortitudinis</strong></span> <span class='ocrx_word' id='word_1_552' title='bbox 2054 3941 2142 3997; x_wconf 88' lang='lat' dir='ltr'><strong>ad-</strong></span> 
     </span>
    </p>
   </div>
   <div class='ocr_carea' id='block_1_72' title="bbox 562 4038 2144 4119">
    <p class='ocr_par' dir='ltr' id='par_1_72' title="bbox 562 4038 2144 4119">
     <span class='ocr_line' id='line_1_72' title="bbox 562 4038 2144 4119; baseline -0.004 -21"><span class='ocrx_word' id='word_1_553' title='bbox 562 4042 749 4119; x_wconf 69' lang='lat' dir='ltr'><strong>fuerit,</strong></span> <span class='ocrx_word' id='word_1_554' title='bbox 800 4040 995 4095; x_wconf 86' lang='lat' dir='ltr'><strong>ibidem</strong></span> <span class='ocrx_word' id='word_1_555' title='bbox 1032 4039 1256 4112; x_wconf 75' lang='lat' dir='ltr'><strong>justitia:</strong></span> <span class='ocrx_word' id='word_1_556' title='bbox 1302 4039 1511 4119; x_wconf 80' lang='lat' dir='ltr'><strong>esuries</strong></span> <span class='ocrx_word' id='word_1_557' title='bbox 1555 4038 1819 4093; x_wconf 85' lang='lat' dir='ltr'><strong>indefessa</strong></span> <span class='ocrx_word' id='word_1_558' title='bbox 1860 4038 2144 4108; x_wconf 61' lang='lat' dir='ltr'><strong>praemedi-</strong></span> 
     </span>
    </p>
   </div>
   <div class='ocr_carea' id='block_1_73' title="bbox 562 4115 2139 4204">
    <p class='ocr_par' dir='ltr' id='par_1_73' title="bbox 562 4115 2139 4204">
     <span class='ocr_line' id='line_1_73' title="bbox 562 4115 2139 4204; baseline -0.003 -15"><span class='ocrx_word' id='word_1_559' title='bbox 562 4115 729 4201; x_wconf 75' lang='lat' dir='ltr'><strong>tatur,</strong></span> <span class='ocrx_word' id='word_1_560' title='bbox 785 4133 909 4204; x_wconf 91' lang='lat' dir='ltr'><strong>quia</strong></span> <span class='ocrx_word' id='word_1_561' title='bbox 950 4130 1173 4204; x_wconf 76' lang='lat' dir='ltr'><strong>justitize</strong></span> <span class='ocrx_word' id='word_1_562' title='bbox 1221 4115 1497 4202; x_wconf 86' lang='lat' dir='ltr'><strong>plenitudo</strong></span> <span class='ocrx_word' id='word_1_563' title='bbox 1550 4139 1785 4185; x_wconf 63' lang='lat' dir='ltr'><strong>aeternus</strong></span> <span class='ocrx_word' id='word_1_564' title='bbox 1834 4138 1915 4185; x_wconf 89' lang='lat' dir='ltr'><strong>est</strong></span> <span class='ocrx_word' id='word_1_565' title='bbox 1970 4130 2139 4185; x_wconf 85' lang='lat' dir='ltr'><strong>cibus.</strong></span> 
     </span>
    </p>
   </div>
   <div class='ocr_carea' id='block_1_74' title="bbox 562 4216 2143 4294">
    <p class='ocr_par' dir='ltr' id='par_1_74' title="bbox 562 4216 2143 4294">
     <span class='ocr_line' id='line_1_74' title="bbox 562 4216 2143 4294; baseline -0.001 -13"><span class='ocrx_word' id='word_1_566' title='bbox 562 4216 795 4282; x_wconf 83' lang='lat' dir='ltr'><strong>Diurnus</strong></span> <span class='ocrx_word' id='word_1_567' title='bbox 826 4235 1024 4291; x_wconf 89' lang='lat' dir='ltr'><strong>autem,</strong></span> <span class='ocrx_word' id='word_1_568' title='bbox 1060 4232 1119 4278; x_wconf 93' lang='lat' dir='ltr'><strong>ut</strong></span> <span class='ocrx_word' id='word_1_569' title='bbox 1157 4223 1396 4293; x_wconf 89' lang='lat' dir='ltr'><strong>quotidie</strong></span> <span class='ocrx_word' id='word_1_570' title='bbox 1433 4222 1577 4276; x_wconf 91' lang='lat' dir='ltr'><strong>illam</strong></span> <span class='ocrx_word' id='word_1_571' title='bbox 1623 4224 1942 4290; x_wconf 86' lang='lat' dir='ltr'><strong>esurientes,</strong></span> <span class='ocrx_word' id='word_1_572' title='bbox 1981 4239 2143 4294; x_wconf 85' lang='lat' dir='ltr'><strong>quam</strong></span> 
     </span>
    </p>
   </div>
   <div class='ocr_carea' id='block_1_75' title="bbox 560 4306 2143 4391">
    <p class='ocr_par' dir='ltr' id='par_1_75' title="bbox 560 4306 2143 4391">
     <span class='ocr_line' id='line_1_75' title="bbox 560 4306 2143 4391; baseline 0 -15"><span class='ocrx_word' id='word_1_573' title='bbox 560 4306 809 4377; x_wconf 82' lang='lat' dir='ltr'><strong>Christus</strong></span> <span class='ocrx_word' id='word_1_574' title='bbox 835 4319 1019 4375; x_wconf 90' lang='lat' dir='ltr'><strong>docuit</strong></span> <span class='ocrx_word' id='word_1_575' title='bbox 1039 4317 1303 4387; x_wconf 86' lang='lat' dir='ltr'><strong>justitiam</strong></span> <span class='ocrx_word' id='word_1_576' title='bbox 1335 4318 1669 4389; x_wconf 89' lang='lat' dir='ltr'><strong>impleamus,</strong></span> <span class='ocrx_word' id='word_1_577' title='bbox 1696 4328 1754 4373; x_wconf 92' lang='lat' dir='ltr'><strong>ut</strong></span> <span class='ocrx_word' id='word_1_578' title='bbox 1781 4320 1851 4375; x_wconf 89' lang='lat' dir='ltr'><strong>sit</strong></span> <span class='ocrx_word' id='word_1_579' title='bbox 1877 4320 2032 4391; x_wconf 90' lang='lat' dir='ltr'><strong>panis</strong></span> <span class='ocrx_word' id='word_1_580' title='bbox 2057 4319 2143 4376; x_wconf 86' lang='lat' dir='ltr'><strong>ille</strong></span> 
     </span>
    </p>
   </div>
   <div class='ocr_carea' id='block_1_76' title="bbox 562 4396 2143 4489">
    <p class='ocr_par' dir='ltr' id='par_1_76' title="bbox 562 4396 2143 4489">
     <span class='ocr_line' id='line_1_76' title="bbox 562 4396 2143 4489; baseline -0.001 -22"><span class='ocrx_word' id='word_1_581' title='bbox 562 4414 652 4489; x_wconf 88' lang='lat' dir='ltr'><strong>qui</strong></span> <span class='ocrx_word' id='word_1_582' title='bbox 697 4414 765 4468; x_wconf 92' lang='lat' dir='ltr'><strong>de</strong></span> <span class='ocrx_word' id='word_1_583' title='bbox 814 4412 953 4469; x_wconf 81' lang='lat' dir='ltr'><strong>caelo</strong></span> <span class='ocrx_word' id='word_1_584' title='bbox 979 4400 1258 4469; x_wconf 73' lang='lat' dir='ltr'><strong>descendit</strong></span> <span class='ocrx_word' id='word_1_585' title='bbox 1303 4412 1358 4465; x_wconf 91' lang='lat' dir='ltr'><strong>in</strong></span> <span class='ocrx_word' id='word_1_586' title='bbox 1390 4396 1570 4482; x_wconf 83' lang='lat' dir='ltr'><strong>prece,</strong></span> <span class='ocrx_word' id='word_1_587' title='bbox 1596 4411 1803 4484; x_wconf 86' lang='lat' dir='ltr'><strong>justitia</strong></span> <span class='ocrx_word' id='word_1_588' title='bbox 1849 4412 1901 4467; x_wconf 90' lang='lat' dir='ltr'><strong>in</strong></span> <span class='ocrx_word' id='word_1_589' title='bbox 1932 4412 2143 4468; x_wconf 80' lang='lat' dir='ltr'><strong>exhibi-</strong></span> 
     </span>
    </p>
   </div>
   <div class='ocr_carea' id='block_1_77' title="bbox 562 4502 2145 4582">
    <p class='ocr_par' dir='ltr' id='par_1_77' title="bbox 562 4502 2145 4582">
     <span class='ocr_line' id='line_1_77' title="bbox 562 4502 2145 4582; baseline 0 -21"><span class='ocrx_word' id='word_1_590' title='bbox 562 4508 729 4582; x_wconf 77' lang='lat' dir='ltr'><strong>tione,</strong></span> <span class='ocrx_word' id='word_1_591' title='bbox 758 4506 981 4577; x_wconf 87' lang='lat' dir='ltr'><strong>spiritus</strong></span> <span class='ocrx_word' id='word_1_592' title='bbox 1009 4502 1338 4563; x_wconf 83' lang='lat' dir='ltr'><strong>fortitudinis</strong></span> <span class='ocrx_word' id='word_1_593' title='bbox 1360 4505 1413 4560; x_wconf 92' lang='lat' dir='ltr'><strong>in</strong></span> <span class='ocrx_word' id='word_1_594' title='bbox 1439 4504 1764 4573; x_wconf 84' lang='lat' dir='ltr'><strong>refectione;</strong></span> <span class='ocrx_word' id='word_1_595' title='bbox 1795 4507 1991 4577; x_wconf 89' lang='lat' dir='ltr'><strong>quibus</strong></span> <span class='ocrx_word' id='word_1_596' title='bbox 2011 4509 2145 4563; x_wconf 88' lang='lat' dir='ltr'><strong>dun-</strong></span> 
     </span>
    </p>
   </div>
   <div class='ocr_carea' id='block_1_78' title="bbox 561 4594 2143 4667">
    <p class='ocr_par' dir='ltr' id='par_1_78' title="bbox 561 4594 2143 4667">
     <span class='ocr_line' id='line_1_78' title="bbox 561 4594 2143 4667; baseline -0.001 -15"><span class='ocrx_word' id='word_1_597' title='bbox 561 4604 712 4653; x_wconf 84' lang='lat' dir='ltr'><strong>taxat</strong></span> <span class='ocrx_word' id='word_1_598' title='bbox 738 4604 969 4666; x_wconf 89' lang='lat' dir='ltr'><strong>quatuor</strong></span> <span class='ocrx_word' id='word_1_599' title='bbox 994 4594 1250 4649; x_wconf 90' lang='lat' dir='ltr'><strong>virtutum</strong></span> <span class='ocrx_word' id='word_1_600' title='bbox 1277 4594 1431 4649; x_wconf 92' lang='lat' dir='ltr'><strong>donis</strong></span> <span class='ocrx_word' id='word_1_601' title='bbox 1458 4594 1660 4665; x_wconf 83' lang='lat' dir='ltr'><strong>reliqua</strong></span> <span class='ocrx_word' id='word_1_602' title='bbox 1684 4595 1786 4650; x_wconf 88' lang='lat' dir='ltr'><strong>tria</strong></span> <span class='ocrx_word' id='word_1_603' title='bbox 1815 4596 1867 4651; x_wconf 90' lang='lat' dir='ltr'><strong>in</strong></span> <span class='ocrx_word' id='word_1_604' title='bbox 1893 4599 1997 4652; x_wconf 88' lang='lat' dir='ltr'><strong>tiue</strong></span> <span class='ocrx_word' id='word_1_605' title='bbox 2025 4596 2143 4667; x_wconf 87' lang='lat' dir='ltr'><strong>ple-</strong></span> 
     </span>
    </p>
   </div>
   <div class='ocr_carea' id='block_1_79' title="bbox 562 4687 2143 4763">
    <p class='ocr_par' dir='ltr' id='par_1_79' title="bbox 562 4687 2143 4763">
     <span class='ocr_line' id='line_1_79' title="bbox 562 4687 2143 4763; baseline 0 -18"><span class='ocrx_word' id='word_1_606' title='bbox 562 4689 685 4745; x_wconf 88' lang='lat' dir='ltr'><strong>nius</strong></span> <span class='ocrx_word' id='word_1_607' title='bbox 722 4695 1187 4751; x_wconf 89' lang='lat' dir='ltr'><strong>consummantur,</strong></span> <span class='ocrx_word' id='word_1_608' title='bbox 1212 4687 1647 4763; x_wconf 83' lang='lat' dir='ltr'><strong>quandoquidem</strong></span> <span class='ocrx_word' id='word_1_609' title='bbox 1688 4688 1932 4743; x_wconf 88' lang='lat' dir='ltr'><strong>voluntas</strong></span> <span class='ocrx_word' id='word_1_610' title='bbox 1963 4689 2056 4744; x_wconf 87' lang='lat' dir='ltr'><strong>Dei</strong></span> <span class='ocrx_word' id='word_1_611' title='bbox 2084 4690 2143 4745; x_wconf 91' lang='lat' dir='ltr'><strong>in</strong></span> 
     </span>
    </p>
   </div>
   <div class='ocr_carea' id='block_1_80' title="bbox 562 4776 2135 4848">
    <p class='ocr_par' dir='ltr' id='par_1_80' title="bbox 562 4776 2135 4848">
     <span class='ocr_line' id='line_1_80' title="bbox 562 4776 2135 4848; baseline 0.001 -15"><span class='ocrx_word' id='word_1_612' title='bbox 562 4778 744 4843; x_wconf 90' lang='lat' dir='ltr'><strong>terris,</strong></span> <span class='ocrx_word' id='word_1_613' title='bbox 766 4776 923 4833; x_wconf 85' lang='lat' dir='ltr'><strong>sicuti</strong></span> <span class='ocrx_word' id='word_1_614' title='bbox 952 4785 1005 4832; x_wconf 89' lang='lat' dir='ltr'><strong>et</strong></span> <span class='ocrx_word' id='word_1_615' title='bbox 1035 4777 1089 4831; x_wconf 90' lang='lat' dir='ltr'><strong>in</strong></span> <span class='ocrx_word' id='word_1_616' title='bbox 1117 4776 1276 4843; x_wconf 65' lang='lat' dir='ltr'><strong>caelo,</strong></span> <span class='ocrx_word' id='word_1_617' title='bbox 1312 4777 1504 4848; x_wconf 88' lang='lat' dir='ltr'><strong>spiritu</strong></span> <span class='ocrx_word' id='word_1_618' title='bbox 1535 4779 1746 4833; x_wconf 87' lang='lat' dir='ltr'><strong>consilii</strong></span> <span class='ocrx_word' id='word_1_619' title='bbox 1778 4779 2095 4834; x_wconf 88' lang='lat' dir='ltr'><strong>moderatur</strong></span> <span class='ocrx_word' id='word_1_620' title='bbox 2121 4797 2135 4834; x_wconf 89' lang='lat'><strong>:</strong></span> 
     </span>
    </p>
   </div>
   <div class='ocr_carea' id='block_1_81' title="bbox 561 4869 2141 4942">
    <p class='ocr_par' dir='ltr' id='par_1_81' title="bbox 561 4869 2141 4942">
     <span class='ocr_line' id='line_1_81' title="bbox 561 4869 2141 4942; baseline 0.001 -16"><span class='ocrx_word' id='word_1_621' title='bbox 561 4873 685 4942; x_wconf 90' lang='lat' dir='ltr'><strong>quia</strong></span> <span class='ocrx_word' id='word_1_622' title='bbox 711 4870 846 4926; x_wconf 90' lang='lat' dir='ltr'><strong>nihil</strong></span> <span class='ocrx_word' id='word_1_623' title='bbox 875 4869 1017 4924; x_wconf 90' lang='lat' dir='ltr'><strong>aliud</strong></span> <span class='ocrx_word' id='word_1_624' title='bbox 1047 4869 1157 4924; x_wconf 92' lang='lat' dir='ltr'><strong>vult</strong></span> <span class='ocrx_word' id='word_1_625' title='bbox 1183 4870 1325 4925; x_wconf 90' lang='lat' dir='ltr'><strong>Deus</strong></span> <span class='ocrx_word' id='word_1_626' title='bbox 1354 4886 1513 4942; x_wconf 91' lang='lat' dir='ltr'><strong>quam</strong></span> <span class='ocrx_word' id='word_1_627' title='bbox 1546 4872 1688 4942; x_wconf 87' lang='lat' dir='ltr'><strong>quod</strong></span> <span class='ocrx_word' id='word_1_628' title='bbox 1715 4871 1925 4928; x_wconf 87' lang='lat' dir='ltr'><strong>consilii</strong></span> <span class='ocrx_word' id='word_1_629' title='bbox 1956 4880 2057 4937; x_wconf 88' lang='lat' dir='ltr'><strong>est,</strong></span> <span class='ocrx_word' id='word_1_630' title='bbox 2086 4879 2141 4928; x_wconf 89' lang='lat' dir='ltr'><strong>et</strong></span> 
     </span>
    </p>
   </div>
   <div class='ocr_carea' id='block_1_82' title="bbox 559 4961 2144 5035">
    <p class='ocr_par' dir='ltr' id='par_1_82' title="bbox 559 4961 2144 5035">
     <span class='ocr_line' id='line_1_82' title="bbox 559 4961 2144 5035; baseline 0.001 -15"><span class='ocrx_word' id='word_1_631' title='bbox 559 4980 656 5035; x_wconf 85' lang='lat' dir='ltr'><strong>per</strong></span> <span class='ocrx_word' id='word_1_632' title='bbox 682 4979 805 5020; x_wconf 88' lang='lat' dir='ltr'><strong>eum</strong></span> <span class='ocrx_word' id='word_1_633' title='bbox 834 4962 1013 5018; x_wconf 91' lang='lat' dir='ltr'><strong>omnia</strong></span> <span class='ocrx_word' id='word_1_634' title='bbox 1038 4961 1359 5033; x_wconf 90' lang='lat' dir='ltr'><strong>diriguntur.</strong></span> <span class='ocrx_word' id='word_1_635' title='bbox 1394 4962 1538 5019; x_wconf 88' lang='lat' dir='ltr'><strong>Sane</strong></span> <span class='ocrx_word' id='word_1_636' title='bbox 1568 4979 1732 5018; x_wconf 89' lang='lat' dir='ltr'><strong>unum</strong></span> <span class='ocrx_word' id='word_1_637' title='bbox 1769 4974 1854 5018; x_wconf 92' lang='lat' dir='ltr'><strong>est</strong></span> <span class='ocrx_word' id='word_1_638' title='bbox 1896 4964 1969 5019; x_wconf 93' lang='lat' dir='ltr'><strong>illi</strong></span> <span class='ocrx_word' id='word_1_639' title='bbox 2008 4963 2144 5021; x_wconf 83' lang='lat' dir='ltr'><strong>velle</strong></span> 
     </span>
    </p>
   </div>
   <div class='ocr_carea' id='block_1_83' title="bbox 560 5054 2143 5128">
    <p class='ocr_par' dir='ltr' id='par_1_83' title="bbox 560 5054 2143 5128">
     <span class='ocr_line' id='line_1_83' title="bbox 560 5054 2143 5128; baseline -0.001 -16"><span class='ocrx_word' id='word_1_640' title='bbox 560 5068 723 5128; x_wconf 88' lang='lat' dir='ltr'><strong>atque</strong></span> <span class='ocrx_word' id='word_1_641' title='bbox 751 5055 1051 5112; x_wconf 90' lang='lat' dir='ltr'><strong>consulere.</strong></span> <span class='ocrx_word' id='word_1_642' title='bbox 1098 5054 1283 5125; x_wconf 86' lang='lat' dir='ltr'><strong>Neque</strong></span> <span class='ocrx_word' id='word_1_643' title='bbox 1328 5055 1490 5125; x_wconf 84' lang='lat' dir='ltr'><strong>igitur</strong></span> <span class='ocrx_word' id='word_1_644' title='bbox 1519 5055 1573 5109; x_wconf 92' lang='lat' dir='ltr'><strong>in</strong></span> <span class='ocrx_word' id='word_1_645' title='bbox 1615 5064 1770 5126; x_wconf 88' lang='lat' dir='ltr'><strong>parte</strong></span> <span class='ocrx_word' id='word_1_646' title='bbox 1798 5056 2143 5122; x_wconf 89' lang='lat' dir='ltr'><strong>distenditur,</strong></span> 
     </span>
    </p>
   </div>
   <div class='ocr_carea' id='block_1_84' title="bbox 560 5146 2144 5217">
    <p class='ocr_par' dir='ltr' id='par_1_84' title="bbox 560 5146 2144 5217">
     <span class='ocr_line' id='line_1_84' title="bbox 560 5146 2144 5217; baseline 0 -12"><span class='ocrx_word' id='word_1_647' title='bbox 560 5158 621 5205; x_wconf 90' lang='lat' dir='ltr'><strong>ut</strong></span> <span class='ocrx_word' id='word_1_648' title='bbox 642 5148 786 5204; x_wconf 86' lang='lat' dir='ltr'><strong>aliud</strong></span> <span class='ocrx_word' id='word_1_649' title='bbox 806 5147 1019 5217; x_wconf 70' lang='lat' dir='ltr'><strong>habeat</strong></span> <span class='ocrx_word' id='word_1_650' title='bbox 1053 5146 1304 5213; x_wconf 89' lang='lat' dir='ltr'><strong>volendo,</strong></span> <span class='ocrx_word' id='word_1_651' title='bbox 1334 5147 1475 5201; x_wconf 81' lang='lat' dir='ltr'><strong>aliud</strong></span> <span class='ocrx_word' id='word_1_652' title='bbox 1503 5146 1851 5202; x_wconf 90' lang='lat' dir='ltr'><strong>consulendo.</strong></span> <span class='ocrx_word' id='word_1_653' title='bbox 1884 5147 2016 5202; x_wconf 87' lang='lat' dir='ltr'><strong>Nam</strong></span> <span class='ocrx_word' id='word_1_654' title='bbox 2043 5163 2144 5205; x_wconf 85' lang='lat' dir='ltr'><strong>nos</strong></span> 
     </span>
    </p>
   </div>
   <div class='ocr_carea' id='block_1_85' title="bbox 559 5222 2144 5313">
    <p class='ocr_par' dir='ltr' id='par_1_85' title="bbox 559 5222 2144 5313">
     <span class='ocr_line' id='line_1_85' title="bbox 559 5222 2144 5313; baseline 0.001 -20"><span class='ocrx_word' id='word_1_655' title='bbox 559 5255 722 5313; x_wconf 87' lang='lat' dir='ltr'><strong>quam</strong></span> <span class='ocrx_word' id='word_1_656' title='bbox 769 5226 912 5310; x_wconf 63' lang='lat' dir='ltr'><strong>saepe</strong></span> <span class='ocrx_word' id='word_1_657' title='bbox 968 5237 1111 5291; x_wconf 92' lang='lat' dir='ltr'><strong>aliud</strong></span> <span class='ocrx_word' id='word_1_658' title='bbox 1152 5222 1419 5301; x_wconf 83' lang='lat' dir='ltr'><strong>nolumus,</strong></span> <span class='ocrx_word' id='word_1_659' title='bbox 1468 5245 1524 5290; x_wconf 92' lang='lat' dir='ltr'><strong>et</strong></span> <span class='ocrx_word' id='word_1_660' title='bbox 1570 5236 1712 5292; x_wconf 84' lang='lat' dir='ltr'><strong>aliud</strong></span> <span class='ocrx_word' id='word_1_661' title='bbox 1768 5238 1977 5292; x_wconf 88' lang='lat' dir='ltr'><strong>consilii</strong></span> <span class='ocrx_word' id='word_1_662' title='bbox 2020 5253 2144 5295; x_wconf 86' lang='lat' dir='ltr'><strong>esse</strong></span> 
     </span>
    </p>
   </div>
   <div class='ocr_carea' id='block_1_86' title="bbox 560 5318 2139 5401">
    <p class='ocr_par' dir='ltr' id='par_1_86' title="bbox 560 5318 2139 5401">
     <span class='ocr_line' id='line_1_86' title="bbox 560 5318 2139 5401; baseline -0.004 -13"><span class='ocrx_word' id='word_1_663' title='bbox 560 5329 855 5388; x_wconf 89' lang='lat' dir='ltr'><strong>cernimus.</strong></span> <span class='ocrx_word' id='word_1_664' title='bbox 879 5322 1084 5383; x_wconf 86' lang='lat' dir='ltr'><strong>Idcirco</strong></span> <span class='ocrx_word' id='word_1_665' title='bbox 1102 5322 1373 5382; x_wconf 81' lang='lat' dir='ltr'><strong>interdum</strong></span> <span class='ocrx_word' id='word_1_666' title='bbox 1397 5318 1647 5396; x_wconf 82' lang='lat' dir='ltr'><strong>perverse</strong></span> <span class='ocrx_word' id='word_1_667' title='bbox 1664 5326 1960 5396; x_wconf 84' lang='lat' dir='ltr'><strong>gradimur,</strong></span> <span class='ocrx_word' id='word_1_668' title='bbox 1977 5327 2139 5401; x_wconf 58' lang='lat'><strong>3&amp;3</strong></span> 
     </span>
    </p>
   </div>
   <div class='ocr_carea' id='block_1_87' title="bbox 560 5406 2144 5494">
    <p class='ocr_par' dir='ltr' id='par_1_87' title="bbox 560 5406 2144 5494">
     <span class='ocr_line' id='line_1_87' title="bbox 560 5406 2144 5494; baseline -0.002 -16"><span class='ocrx_word' id='word_1_669' title='bbox 560 5408 782 5494; x_wconf 84' lang='lat' dir='ltr'><strong>propter</strong></span> <span class='ocrx_word' id='word_1_670' title='bbox 807 5406 948 5494; x_wconf 78' lang='lat' dir='ltr'><strong>quod</strong></span> <span class='ocrx_word' id='word_1_671' title='bbox 978 5408 1204 5489; x_wconf 81' lang='lat' dir='ltr'><strong>spiritus</strong></span> <span class='ocrx_word' id='word_1_672' title='bbox 1237 5416 1448 5475; x_wconf 87' lang='lat' dir='ltr'><strong>consilii</strong></span> <span class='ocrx_word' id='word_1_673' title='bbox 1485 5426 1571 5473; x_wconf 91' lang='lat' dir='ltr'><strong>est</strong></span> <span class='ocrx_word' id='word_1_674' title='bbox 1597 5419 1959 5494; x_wconf 86' lang='lat' dir='ltr'><strong>necessarius,</strong></span> <span class='ocrx_word' id='word_1_675' title='bbox 1989 5430 2046 5474; x_wconf 93' lang='lat' dir='ltr'><strong>ut</strong></span> <span class='ocrx_word' id='word_1_676' title='bbox 2076 5435 2144 5475; x_wconf 78' lang='lat' dir='ltr'><strong>ex</strong></span> 
     </span>
    </p>
   </div>
   <div class='ocr_carea' id='block_1_88' title="bbox 562 5492 2145 5589">
    <p class='ocr_par' dir='ltr' id='par_1_88' title="bbox 562 5492 2145 5589">
     <span class='ocr_line' id='line_1_88' title="bbox 562 5492 2145 5589; baseline -0.001 -21"><span class='ocrx_word' id='word_1_677' title='bbox 562 5492 944 5568; x_wconf 14' lang='lat' dir='ltr'><strong>illoivoluntas</strong></span> <span class='ocrx_word' id='word_1_678' title='bbox 969 5507 1065 5589; x_wconf 84' lang='lat' dir='ltr'><strong>Dei</strong></span> <span class='ocrx_word' id='word_1_679' title='bbox 1108 5506 1163 5562; x_wconf 91' lang='lat' dir='ltr'><strong>in</strong></span> <span class='ocrx_word' id='word_1_680' title='bbox 1192 5502 1347 5561; x_wconf 86' lang='lat' dir='ltr'><strong>nobis</strong></span> <span class='ocrx_word' id='word_1_681' title='bbox 1379 5492 1666 5580; x_wconf 66' lang='lat' dir='ltr'><strong>dirigatur,</strong></span> <span class='ocrx_word' id='word_1_682' title='bbox 1710 5518 1978 5579; x_wconf 89' lang='lat' dir='ltr'><strong>quatenus</strong></span> <span class='ocrx_word' id='word_1_683' title='bbox 2022 5510 2145 5582; x_wconf 85' lang='lat' dir='ltr'><strong>jure</strong></span> 
     </span>
    </p>
   </div>
   <div class='ocr_carea' id='block_1_89' title="bbox 564 5596 2143 5673">
    <p class='ocr_par' dir='ltr' id='par_1_89' title="bbox 564 5596 2143 5673">
     <span class='ocr_line' id='line_1_89' title="bbox 564 5596 2143 5673; baseline -0.001 -14"><span class='ocrx_word' id='word_1_684' title='bbox 564 5596 942 5659; x_wconf 86' lang='lat' dir='ltr'><strong>misericordes</strong></span> <span class='ocrx_word' id='word_1_685' title='bbox 962 5615 1081 5655; x_wconf 90' lang='lat' dir='ltr'><strong>esse</strong></span> <span class='ocrx_word' id='word_1_686' title='bbox 1102 5598 1388 5669; x_wconf 90' lang='lat' dir='ltr'><strong>possimus.</strong></span> <span class='ocrx_word' id='word_1_687' title='bbox 1419 5597 1608 5656; x_wconf 83' lang='lat' dir='ltr'><strong>Restat</strong></span> <span class='ocrx_word' id='word_1_688' title='bbox 1629 5601 1787 5671; x_wconf 89' lang='lat' dir='ltr'><strong>plane</strong></span> <span class='ocrx_word' id='word_1_689' title='bbox 1808 5602 2031 5673; x_wconf 91' lang='lat' dir='ltr'><strong>spiritus</strong></span> <span class='ocrx_word' id='word_1_690' title='bbox 2060 5605 2143 5659; x_wconf 84' lang='lat' dir='ltr'><strong>iu-</strong></span> 
     </span>
    </p>
   </div>
   <div class='ocr_carea' id='block_1_90' title="bbox 564 5686 2143 5766">
    <p class='ocr_par' dir='ltr' id='par_1_90' title="bbox 564 5686 2143 5766">
     <span class='ocr_line' id='line_1_90' title="bbox 564 5686 2143 5766; baseline 0.003 -19"><span class='ocrx_word' id='word_1_691' title='bbox 564 5692 893 5764; x_wconf 69' lang='lat' dir='ltr'><strong>telligentiae,</strong></span> <span class='ocrx_word' id='word_1_692' title='bbox 924 5707 989 5747; x_wconf 77' lang='lat' dir='ltr'><strong>ex</strong></span> <span class='ocrx_word' id='word_1_693' title='bbox 1011 5704 1119 5761; x_wconf 92' lang='lat' dir='ltr'><strong>quo</strong></span> <span class='ocrx_word' id='word_1_694' title='bbox 1144 5686 1270 5743; x_wconf 91' lang='lat' dir='ltr'><strong>illud</strong></span> <span class='ocrx_word' id='word_1_695' title='bbox 1311 5705 1534 5763; x_wconf 90' lang='lat' dir='ltr'><strong>regnum</strong></span> <span class='ocrx_word' id='word_1_696' title='bbox 1574 5690 1810 5748; x_wconf 90' lang='lat' dir='ltr'><strong>futurum</strong></span> <span class='ocrx_word' id='word_1_697' title='bbox 1833 5693 2143 5766; x_wconf 89' lang='lat' dir='ltr'><strong>ingredien-</strong></span> 
     </span>
    </p>
   </div>
   <div class='ocr_carea' id='block_1_91' title="bbox 2242 3208 3847 3281">
    <p class='ocr_par' dir='ltr' id='par_1_91' title="bbox 2242 3208 3847 3281">
     <span class='ocr_line' id='line_1_91' title="bbox 2242 3208 3847 3281; baseline 0.002 -17"><span class='ocrx_word' id='word_1_698' title='bbox 2242 3217 2439 3272; x_wconf 86' lang='lat' dir='ltr'><strong>matur,</strong></span> <span class='ocrx_word' id='word_1_699' title='bbox 2469 3217 2759 3280; x_wconf 66' lang='lat' dir='ltr'><strong>prazstatur</strong></span> <span class='ocrx_word' id='word_1_700' title='bbox 2791 3208 3029 3280; x_wconf 84' lang='lat' dir='ltr'><strong>adOptio,</strong></span> <span class='ocrx_word' id='word_1_701' title='bbox 3064 3209 3326 3281; x_wconf 77' lang='lat' dir='ltr'><strong>sapientia</strong></span> <span class='ocrx_word' id='word_1_702' title='bbox 3362 3210 3675 3280; x_wconf 89' lang='lat' dir='ltr'><strong>plenissime</strong></span> <span class='ocrx_word' id='word_1_703' title='bbox 3699 3226 3847 3267; x_wconf 80' lang='lat' dir='ltr'><strong>con-</strong></span> 
     </span>
    </p>
   </div>
   <div class='ocr_carea' id='block_1_92' title="bbox 2242 3305 3851 3378">
    <p class='ocr_par' dir='ltr' id='par_1_92' title="bbox 2242 3305 3851 3378">
     <span class='ocr_line' id='line_1_92' title="bbox 2242 3305 3851 3378; baseline -0.001 -14"><span class='ocrx_word' id='word_1_704' title='bbox 2242 3309 2494 3364; x_wconf 89' lang='lat' dir='ltr'><strong>donatur.</strong></span> <span class='ocrx_word' id='word_1_705' title='bbox 2529 3307 2667 3363; x_wconf 70' lang='lat' dir='ltr'><strong>illnc</strong></span> <span class='ocrx_word' id='word_1_706' title='bbox 2702 3323 2915 3378; x_wconf 88' lang='lat' dir='ltr'><strong>quoque</strong></span> <span class='ocrx_word' id='word_1_707' title='bbox 2952 3305 3151 3361; x_wconf 87' lang='lat' dir='ltr'><strong>Paulus</strong></span> <span class='ocrx_word' id='word_1_708' title='bbox 3186 3308 3297 3362; x_wconf 89' lang='lat' dir='ltr'><strong>ait:</strong></span> <span class='ocrx_word' id='word_1_709' title='bbox 3329 3306 3520 3361; x_wconf 71' lang='lat' dir='ltr'><strong>Pacem</strong></span> <span class='ocrx_word' id='word_1_710' title='bbox 3550 3308 3851 3376; x_wconf 80' lang='lat' dir='ltr'><strong>sequimini</strong></span> 
     </span>
    </p>
   </div>
   <div class='ocr_carea' id='block_1_93' title="bbox 2241 3398 3849 3471">
    <p class='ocr_par' dir='ltr' id='par_1_93' title="bbox 2241 3398 3849 3471">
     <span class='ocr_line' id='line_1_93' title="bbox 2241 3398 3849 3471; baseline 0.001 -15"><span class='ocrx_word' id='word_1_711' title='bbox 2241 3410 2289 3456; x_wconf 83' lang='lat' dir='ltr'><strong>et</strong></span> <span class='ocrx_word' id='word_1_712' title='bbox 2314 3401 2738 3465; x_wconf 84' lang='lat' dir='ltr'><strong>sanctimoniam,</strong></span> <span class='ocrx_word' id='word_1_713' title='bbox 2770 3400 2880 3453; x_wconf 84' lang='lat' dir='ltr'><strong>sine</strong></span> <span class='ocrx_word' id='word_1_714' title='bbox 2901 3417 3003 3471; x_wconf 86' lang='lat' dir='ltr'><strong>qua</strong></span> <span class='ocrx_word' id='word_1_715' title='bbox 3027 3416 3175 3454; x_wconf 82' lang='lat' dir='ltr'><strong>nemo</strong></span> <span class='ocrx_word' id='word_1_716' title='bbox 3200 3398 3386 3455; x_wconf 77' lang='lat' dir='ltr'><strong>videbit</strong></span> <span class='ocrx_word' id='word_1_717' title='bbox 3411 3398 3597 3453; x_wconf 85' lang='lat' dir='ltr'><strong>Deum.</strong></span> <span class='ocrx_word' id='word_1_718' title='bbox 3628 3400 3849 3457; x_wconf 82' lang='lat' dir='ltr'><strong>Verum</strong></span> 
     </span>
    </p>
   </div>
   <div class='ocr_carea' id='block_1_94' title="bbox 2243 3488 3853 3563">
    <p class='ocr_par' dir='ltr' id='par_1_94' title="bbox 2243 3488 3853 3563">
     <span class='ocr_line' id='line_1_94' title="bbox 2243 3488 3853 3563; baseline 0.001 -17"><span class='ocrx_word' id='word_1_719' title='bbox 2243 3490 2421 3546; x_wconf 90' lang='lat' dir='ltr'><strong>omnis</strong></span> <span class='ocrx_word' id='word_1_720' title='bbox 2467 3488 2725 3544; x_wconf 89' lang='lat' dir='ltr'><strong>virtutum</strong></span> <span class='ocrx_word' id='word_1_721' title='bbox 2766 3488 3035 3545; x_wconf 86' lang='lat' dir='ltr'><strong>dedicatio</strong></span> <span class='ocrx_word' id='word_1_722' title='bbox 3085 3490 3152 3545; x_wconf 89' lang='lat' dir='ltr'><strong>ad</strong></span> <span class='ocrx_word' id='word_1_723' title='bbox 3183 3491 3324 3546; x_wconf 88' lang='lat' dir='ltr'><strong>hanc</strong></span> <span class='ocrx_word' id='word_1_724' title='bbox 3365 3488 3613 3546; x_wconf 88' lang='lat' dir='ltr'><strong>ultimam</strong></span> <span class='ocrx_word' id='word_1_725' title='bbox 3658 3494 3853 3563; x_wconf 79' lang='lat' dir='ltr'><strong>porri-</strong></span> 
     </span>
    </p>
   </div>
   <div class='ocr_carea' id='block_1_95' title="bbox 2244 3579 3851 3653">
    <p class='ocr_par' dir='ltr' id='par_1_95' title="bbox 2244 3579 3851 3653">
     <span class='ocr_line' id='line_1_95' title="bbox 2244 3579 3851 3653; baseline 0.004 -18"><span class='ocrx_word' id='word_1_726' title='bbox 2244 3581 2389 3652; x_wconf 89' lang='lat' dir='ltr'><strong>gitur</strong></span> <span class='ocrx_word' id='word_1_727' title='bbox 2434 3579 2938 3647; x_wconf 83' lang='lat' dir='ltr'><strong>sanctificationem,</strong></span> <span class='ocrx_word' id='word_1_728' title='bbox 2978 3580 3104 3652; x_wconf 91' lang='lat' dir='ltr'><strong>quia</strong></span> <span class='ocrx_word' id='word_1_729' title='bbox 3143 3590 3266 3653; x_wconf 86' lang='lat' dir='ltr'><strong>post</strong></span> <span class='ocrx_word' id='word_1_730' title='bbox 3307 3582 3705 3653; x_wconf 88' lang='lat' dir='ltr'><strong>perfectionem</strong></span> <span class='ocrx_word' id='word_1_731' title='bbox 3757 3602 3851 3642; x_wconf 84' lang='lat' dir='ltr'><strong>se-</strong></span> 
     </span>
    </p>
   </div>
   <div class='ocr_carea' id='block_1_96' title="bbox 2244 3673 3851 3748">
    <p class='ocr_par' dir='ltr' id='par_1_96' title="bbox 2244 3673 3851 3748">
     <span class='ocr_line' id='line_1_96' title="bbox 2244 3673 3851 3748; baseline 0.002 -18"><span class='ocrx_word' id='word_1_732' title='bbox 2244 3674 2416 3740; x_wconf 89' lang='lat' dir='ltr'><strong>narii,</strong></span> <span class='ocrx_word' id='word_1_733' title='bbox 2448 3674 2514 3729; x_wconf 90' lang='lat' dir='ltr'><strong>de</strong></span> <span class='ocrx_word' id='word_1_734' title='bbox 2554 3675 2695 3729; x_wconf 91' lang='lat' dir='ltr'><strong>dono</strong></span> <span class='ocrx_word' id='word_1_735' title='bbox 2738 3673 3161 3730; x_wconf 89' lang='lat' dir='ltr'><strong>immortalitatis</strong></span> <span class='ocrx_word' id='word_1_736' title='bbox 3197 3675 3401 3741; x_wconf 90' lang='lat' dir='ltr'><strong>vestiti,</strong></span> <span class='ocrx_word' id='word_1_737' title='bbox 3441 3674 3612 3746; x_wconf 92' lang='lat' dir='ltr'><strong>ipsius</strong></span> <span class='ocrx_word' id='word_1_738' title='bbox 3644 3693 3851 3748; x_wconf 76' lang='lat' dir='ltr'><strong>asper-</strong></span> 
     </span>
    </p>
   </div>
   <div class='ocr_carea' id='block_1_97' title="bbox 2244 3769 3854 3841">
    <p class='ocr_par' dir='ltr' id='par_1_97' title="bbox 2244 3769 3854 3841">
     <span class='ocr_line' id='line_1_97' title="bbox 2244 3769 3854 3841; baseline 0.002 -15"><span class='ocrx_word' id='word_1_739' title='bbox 2244 3772 2395 3826; x_wconf 87' lang='lat' dir='ltr'><strong>sione</strong></span> <span class='ocrx_word' id='word_1_740' title='bbox 2427 3769 2851 3837; x_wconf 80' lang='lat' dir='ltr'><strong>sanctificamur,</strong></span> <span class='ocrx_word' id='word_1_741' title='bbox 2895 3780 2955 3825; x_wconf 92' lang='lat' dir='ltr'><strong>ut</strong></span> <span class='ocrx_word' id='word_1_742' title='bbox 2999 3770 3252 3841; x_wconf 89' lang='lat' dir='ltr'><strong>deinceps</strong></span> <span class='ocrx_word' id='word_1_743' title='bbox 3276 3771 3330 3825; x_wconf 91' lang='lat' dir='ltr'><strong>in</strong></span> <span class='ocrx_word' id='word_1_744' title='bbox 3356 3770 3446 3825; x_wconf 89' lang='lat' dir='ltr'><strong>illo</strong></span> <span class='ocrx_word' id='word_1_745' title='bbox 3482 3770 3854 3841; x_wconf 85' lang='lat' dir='ltr'><strong>requiescen-</strong></span> 
     </span>
    </p>
   </div>
   <div class='ocr_carea' id='block_1_98' title="bbox 2248 3860 3845 3932">
    <p class='ocr_par' dir='ltr' id='par_1_98' title="bbox 2248 3860 3845 3932">
     <span class='ocr_line' id='line_1_98' title="bbox 2248 3860 3845 3932; baseline 0.002 -15"><span class='ocrx_word' id='word_1_746' title='bbox 2248 3871 2326 3917; x_wconf 90' lang='lat' dir='ltr'><strong>tes</strong></span> <span class='ocrx_word' id='word_1_747' title='bbox 2353 3860 2821 3916; x_wconf 88' lang='lat' dir='ltr'><strong>iucommutabiles</strong></span> <span class='ocrx_word' id='word_1_748' title='bbox 2865 3876 2964 3932; x_wconf 88' lang='lat' dir='ltr'><strong>per</strong></span> <span class='ocrx_word' id='word_1_749' title='bbox 2991 3875 3114 3916; x_wconf 91' lang='lat' dir='ltr'><strong>eum</strong></span> <span class='ocrx_word' id='word_1_750' title='bbox 3163 3869 3219 3915; x_wconf 90' lang='lat' dir='ltr'><strong>et</strong></span> <span class='ocrx_word' id='word_1_751' title='bbox 3261 3861 3434 3916; x_wconf 90' lang='lat' dir='ltr'><strong>sancti</strong></span> <span class='ocrx_word' id='word_1_752' title='bbox 3481 3877 3845 3920; x_wconf 88' lang='lat' dir='ltr'><strong>maneamus.</strong></span> 
     </span>
    </p>
   </div>
   <div class='ocr_carea' id='block_1_99' title="bbox 2246 3935 3853 4028">
    <p class='ocr_par' dir='ltr' id='par_1_99' title="bbox 2246 3935 3853 4028">
     <span class='ocr_line' id='line_1_99' title="bbox 2246 3935 3853 4028; baseline 0.002 -23"><span class='ocrx_word' id='word_1_753' title='bbox 2246 3952 2436 4007; x_wconf 83' lang='lat' dir='ltr'><strong>Moneo</strong></span> <span class='ocrx_word' id='word_1_754' title='bbox 2462 3953 2623 4023; x_wconf 86' lang='lat' dir='ltr'><strong>igitur</strong></span> <span class='ocrx_word' id='word_1_755' title='bbox 2652 3950 2909 4005; x_wconf 87' lang='lat' dir='ltr'><strong>lectorem</strong></span> <span class='ocrx_word' id='word_1_756' title='bbox 2944 3950 3043 4006; x_wconf 91' lang='lat' dir='ltr'><strong>bos</strong></span> <span class='ocrx_word' id='word_1_757' title='bbox 3080 3935 3283 4021; x_wconf 78' lang='lat' dir='ltr'><strong>septem</strong></span> <span class='ocrx_word' id='word_1_758' title='bbox 3312 3952 3511 4023; x_wconf 88' lang='lat' dir='ltr'><strong>gradus</strong></span> <span class='ocrx_word' id='word_1_759' title='bbox 3535 3951 3710 4028; x_wconf 60' lang='lat'><strong>3“</strong></span> <span class='ocrx_word' id='word_1_760' title='bbox 3745 3957 3853 4014; x_wconf 81' lang='lat' dir='ltr'><strong>do.</strong></span> 
     </span>
    </p>
   </div>
   <div class='ocr_carea' id='block_1_100' title="bbox 2245 4041 3848 4115">
    <p class='ocr_par' dir='ltr' id='par_1_100' title="bbox 2245 4041 3848 4115">
     <span class='ocr_line' id='line_1_100' title="bbox 2245 4041 3848 4115; baseline 0.005 -18"><span class='ocrx_word' id='word_1_761' title='bbox 2245 4058 2437 4097; x_wconf 90' lang='lat' dir='ltr'><strong>norum</strong></span> <span class='ocrx_word' id='word_1_762' title='bbox 2470 4052 2525 4096; x_wconf 92' lang='lat' dir='ltr'><strong>et</strong></span> <span class='ocrx_word' id='word_1_763' title='bbox 2550 4055 2770 4112; x_wconf 89' lang='lat' dir='ltr'><strong>precum</strong></span> <span class='ocrx_word' id='word_1_764' title='bbox 2806 4041 3111 4113; x_wconf 85' lang='lat' dir='ltr'><strong>diligentius</strong></span> <span class='ocrx_word' id='word_1_765' title='bbox 3141 4043 3519 4113; x_wconf 88' lang='lat' dir='ltr'><strong>contemplari,</strong></span> <span class='ocrx_word' id='word_1_766' title='bbox 3559 4048 3693 4115; x_wconf 82' lang='lat' dir='ltr'><strong>quia</strong></span> <span class='ocrx_word' id='word_1_767' title='bbox 3726 4066 3848 4105; x_wconf 86' lang='lat' dir='ltr'><strong>non</strong></span> 
     </span>
    </p>
   </div>
   <div class='ocr_carea' id='block_1_101' title="bbox 2246 4135 3850 4206">
    <p class='ocr_par' dir='ltr' id='par_1_101' title="bbox 2246 4135 3850 4206">
     <span class='ocr_line' id='line_1_101' title="bbox 2246 4135 3850 4206; baseline 0.003 -12"><span class='ocrx_word' id='word_1_768' title='bbox 2246 4139 2361 4194; x_wconf 89' lang='lat' dir='ltr'><strong>sine</strong></span> <span class='ocrx_word' id='word_1_769' title='bbox 2384 4152 2549 4193; x_wconf 89' lang='lat' dir='ltr'><strong>causa</strong></span> <span class='ocrx_word' id='word_1_770' title='bbox 2573 4135 2821 4206; x_wconf 90' lang='lat' dir='ltr'><strong>plurimis</strong></span> <span class='ocrx_word' id='word_1_771' title='bbox 2852 4136 2903 4191; x_wconf 91' lang='lat' dir='ltr'><strong>in</strong></span> <span class='ocrx_word' id='word_1_772' title='bbox 2938 4136 3090 4205; x_wconf 89' lang='lat' dir='ltr'><strong>locis,</strong></span> <span class='ocrx_word' id='word_1_773' title='bbox 3126 4137 3229 4192; x_wconf 92' lang='lat' dir='ltr'><strong>isto</strong></span> <span class='ocrx_word' id='word_1_774' title='bbox 3255 4136 3353 4192; x_wconf 89' lang='lat' dir='ltr'><strong>sub</strong></span> <span class='ocrx_word' id='word_1_775' title='bbox 3389 4150 3619 4193; x_wconf 89' lang='lat' dir='ltr'><strong>numero</strong></span> <span class='ocrx_word' id='word_1_776' title='bbox 3646 4143 3850 4200; x_wconf 90' lang='lat' dir='ltr'><strong>omnis</strong></span> 
     </span>
    </p>
   </div>
   <div class='ocr_carea' id='block_1_102' title="bbox 2244 4216 3857 4303">
    <p class='ocr_par' dir='ltr' id='par_1_102' title="bbox 2244 4216 3857 4303">
     <span class='ocr_line' id='line_1_102' title="bbox 2244 4216 3857 4303; baseline 0.003 -18"><span class='ocrx_word' id='word_1_777' title='bbox 2244 4228 2506 4303; x_wconf 85' lang='lat' dir='ltr'><strong>perfectio</strong></span> <span class='ocrx_word' id='word_1_778' title='bbox 2535 4237 2589 4283; x_wconf 91' lang='lat' dir='ltr'><strong>et</strong></span> <span class='ocrx_word' id='word_1_779' title='bbox 2617 4243 2742 4283; x_wconf 89' lang='lat' dir='ltr'><strong>vera</strong></span> <span class='ocrx_word' id='word_1_780' title='bbox 2771 4216 2987 4303; x_wconf 80' lang='lat' dir='ltr'><strong>requies</strong></span> <span class='ocrx_word' id='word_1_781' title='bbox 3018 4228 3361 4299; x_wconf 71' lang='lat' dir='ltr'><strong>przedicatur.</strong></span> <span class='ocrx_word' id='word_1_782' title='bbox 3402 4226 3538 4283; x_wconf 78' lang='lat' dir='ltr'><strong>Nam</strong></span> <span class='ocrx_word' id='word_1_783' title='bbox 3575 4227 3857 4291; x_wconf 87' lang='lat' dir='ltr'><strong>Christus</strong></span> 
     </span>
    </p>
   </div>
   <div class='ocr_carea' id='block_1_103' title="bbox 2243 4316 3859 4381">
    <p class='ocr_par' dir='ltr' id='par_1_103' title="bbox 2243 4316 3859 4381">
     <span class='ocr_line' id='line_1_103' title="bbox 2243 4316 3859 4381; baseline 0.002 -6"><span class='ocrx_word' id='word_1_784' title='bbox 2243 4319 2400 4375; x_wconf 75' lang='lat' dir='ltr'><strong>Jesus</strong></span> <span class='ocrx_word' id='word_1_785' title='bbox 2434 4318 2688 4374; x_wconf 89' lang='lat' dir='ltr'><strong>omnibus</strong></span> <span class='ocrx_word' id='word_1_786' title='bbox 2715 4316 2881 4371; x_wconf 86' lang='lat' dir='ltr'><strong>venit.</strong></span> <span class='ocrx_word' id='word_1_787' title='bbox 2913 4317 3071 4373; x_wconf 79' lang='lat' dir='ltr'><strong>Venit</strong></span> <span class='ocrx_word' id='word_1_788' title='bbox 3114 4316 3258 4372; x_wconf 88' lang='lat' dir='ltr'><strong>enim</strong></span> <span class='ocrx_word' id='word_1_789' title='bbox 3299 4318 3585 4374; x_wconf 90' lang='lat' dir='ltr'><strong>admodum</strong></span> <span class='ocrx_word' id='word_1_790' title='bbox 3631 4321 3859 4381; x_wconf 85' lang='lat' dir='ltr'><strong>docere</strong></span> 
     </span>
    </p>
   </div>
   <div class='ocr_carea' id='block_1_104' title="bbox 2246 4409 3863 4481">
    <p class='ocr_par' dir='ltr' id='par_1_104' title="bbox 2246 4409 3863 4481">
     <span class='ocr_line' id='line_1_104' title="bbox 2246 4409 3863 4481; baseline -0.001 -14"><span class='ocrx_word' id='word_1_791' title='bbox 2246 4411 2518 4481; x_wconf 90' lang='lat' dir='ltr'><strong>sapientes</strong></span> <span class='ocrx_word' id='word_1_792' title='bbox 2571 4418 2626 4464; x_wconf 90' lang='lat' dir='ltr'><strong>et</strong></span> <span class='ocrx_word' id='word_1_793' title='bbox 2676 4409 2994 4479; x_wconf 87' lang='lat' dir='ltr'><strong>insipientes</strong></span> <span class='ocrx_word' id='word_1_794' title='bbox 3034 4410 3215 4473; x_wconf 89' lang='lat' dir='ltr'><strong>corde,</strong></span> <span class='ocrx_word' id='word_1_795' title='bbox 3268 4410 3522 4480; x_wconf 88' lang='lat' dir='ltr'><strong>omnique</strong></span> <span class='ocrx_word' id='word_1_796' title='bbox 3563 4413 3728 4466; x_wconf 81' lang='lat' dir='ltr'><strong>sexui</strong></span> <span class='ocrx_word' id='word_1_797' title='bbox 3795 4422 3863 4472; x_wconf 84' lang='lat' dir='ltr'><strong>et</strong></span> 
     </span>
    </p>
   </div>
   <div class='ocr_carea' id='block_1_105' title="bbox 2247 4499 3861 4574">
    <p class='ocr_par' dir='ltr' id='par_1_105' title="bbox 2247 4499 3861 4574">
     <span class='ocr_line' id='line_1_105' title="bbox 2247 4499 3861 4574; baseline -0.001 -16"><span class='ocrx_word' id='word_1_798' title='bbox 2247 4502 2392 4558; x_wconf 66' lang='lat' dir='ltr'><strong>attati</strong></span> <span class='ocrx_word' id='word_1_799' title='bbox 2434 4509 2701 4574; x_wconf 71' lang='lat' dir='ltr'><strong>prmcepta</strong></span> <span class='ocrx_word' id='word_1_800' title='bbox 2754 4500 2944 4556; x_wconf 87' lang='lat' dir='ltr'><strong>salutis</strong></span> <span class='ocrx_word' id='word_1_801' title='bbox 2979 4499 3129 4555; x_wconf 89' lang='lat' dir='ltr'><strong>dare.</strong></span> <span class='ocrx_word' id='word_1_802' title='bbox 3181 4500 3388 4556; x_wconf 89' lang='lat' dir='ltr'><strong>Idcirco</strong></span> <span class='ocrx_word' id='word_1_803' title='bbox 3440 4504 3861 4571; x_wconf 78' lang='lat' dir='ltr'><strong>compendiose</strong></span> 
     </span>
    </p>
   </div>
   <div class='ocr_carea' id='block_1_106' title="bbox 2247 4576 3859 4669">
    <p class='ocr_par' dir='ltr' id='par_1_106' title="bbox 2247 4576 3859 4669">
     <span class='ocr_line' id='line_1_106' title="bbox 2247 4576 3859 4669; baseline 0.001 -21"><span class='ocrx_word' id='word_1_804' title='bbox 2247 4593 2401 4658; x_wconf 85' lang='lat' dir='ltr'><strong>satis,</strong></span> <span class='ocrx_word' id='word_1_805' title='bbox 2435 4608 2541 4646; x_wconf 92' lang='lat' dir='ltr'><strong>non</strong></span> <span class='ocrx_word' id='word_1_806' title='bbox 2580 4591 2738 4646; x_wconf 86' lang='lat' dir='ltr'><strong>modo</strong></span> <span class='ocrx_word' id='word_1_807' title='bbox 2772 4592 3147 4647; x_wconf 88' lang='lat' dir='ltr'><strong>mandatorum</strong></span> <span class='ocrx_word' id='word_1_808' title='bbox 3195 4576 3415 4648; x_wconf 74' lang='lat' dir='ltr'><strong>tradidii</strong></span> <span class='ocrx_word' id='word_1_809' title='bbox 3454 4594 3859 4669; x_wconf 79' lang='lat' dir='ltr'><strong>disciplinam,</strong></span> 
     </span>
    </p>
   </div>
   <div class='ocr_carea' id='block_1_107' title="bbox 2246 4681 3862 4757">
    <p class='ocr_par' dir='ltr' id='par_1_107' title="bbox 2246 4681 3862 4757">
     <span class='ocr_line' id='line_1_107' title="bbox 2246 4681 3862 4757; baseline -0.001 -21"><span class='ocrx_word' id='word_1_810' title='bbox 2246 4698 2430 4737; x_wconf 90' lang='lat' dir='ltr'><strong>verum</strong></span> <span class='ocrx_word' id='word_1_811' title='bbox 2471 4681 2634 4737; x_wconf 90' lang='lat' dir='ltr'><strong>etiam</strong></span> <span class='ocrx_word' id='word_1_812' title='bbox 2678 4682 2938 4737; x_wconf 86' lang='lat' dir='ltr'><strong>donorum</strong></span> <span class='ocrx_word' id='word_1_813' title='bbox 2982 4698 3045 4737; x_wconf 89' lang='lat' dir='ltr'><strong>ac</strong></span> <span class='ocrx_word' id='word_1_814' title='bbox 3071 4697 3326 4753; x_wconf 89' lang='lat' dir='ltr'><strong>precum,</strong></span> <span class='ocrx_word' id='word_1_815' title='bbox 3365 4692 3424 4739; x_wconf 89' lang='lat' dir='ltr'><strong>ut</strong></span> <span class='ocrx_word' id='word_1_816' title='bbox 3458 4685 3640 4741; x_wconf 91' lang='lat' dir='ltr'><strong>verbis</strong></span> <span class='ocrx_word' id='word_1_817' title='bbox 3684 4703 3862 4757; x_wconf 79' lang='lat' dir='ltr'><strong>pan-</strong></span> 
     </span>
    </p>
   </div>
   <div class='ocr_carea' id='block_1_108' title="bbox 2245 4774 3864 4855">
    <p class='ocr_par' dir='ltr' id='par_1_108' title="bbox 2245 4774 3864 4855">
     <span class='ocr_line' id='line_1_108' title="bbox 2245 4774 3864 4855; baseline 0.006 -27"><span class='ocrx_word' id='word_1_818' title='bbox 2245 4774 2482 4828; x_wconf 90' lang='lat' dir='ltr'><strong>cioribus</strong></span> <span class='ocrx_word' id='word_1_819' title='bbox 2511 4774 2788 4829; x_wconf 64' lang='lat' dir='ltr'><strong>memoriae</strong></span> <span class='ocrx_word' id='word_1_820' title='bbox 2827 4790 2915 4829; x_wconf 89' lang='lat' dir='ltr'><strong>res</strong></span> <span class='ocrx_word' id='word_1_821' title='bbox 2945 4774 3268 4845; x_wconf 89' lang='lat' dir='ltr'><strong>multiplices</strong></span> <span class='ocrx_word' id='word_1_822' title='bbox 3306 4784 3359 4831; x_wconf 93' lang='lat' dir='ltr'><strong>et</strong></span> <span class='ocrx_word' id='word_1_823' title='bbox 3389 4783 3864 4855; x_wconf 82' lang='lat' dir='ltr'><strong>pernecessarias</strong></span> 
     </span>
    </p>
   </div>
   <div class='ocr_carea' id='block_1_109' title="bbox 2245 4858 3867 4941">
    <p class='ocr_par' dir='ltr' id='par_1_109' title="bbox 2245 4858 3867 4941">
     <span class='ocr_line' id='line_1_109' title="bbox 2245 4858 3867 4941; baseline 0.001 -17"><span class='ocrx_word' id='word_1_824' title='bbox 2245 4867 2668 4924; x_wconf 79' lang='lat' dir='ltr'><strong>commendaret.</strong></span> <span class='ocrx_word' id='word_1_825' title='bbox 2712 4866 2770 4923; x_wconf 90' lang='lat' dir='ltr'><strong>Si</strong></span> <span class='ocrx_word' id='word_1_826' title='bbox 2811 4868 3078 4938; x_wconf 91' lang='lat' dir='ltr'><strong>quomodo</strong></span> <span class='ocrx_word' id='word_1_827' title='bbox 3130 4858 3455 4941; x_wconf 69' lang='lat' dir='ltr'><strong>simplicitas</strong></span> <span class='ocrx_word' id='word_1_828' title='bbox 3491 4864 3647 4941; x_wconf 36' lang='lat' dir='ltr'><strong>.fidei,</strong></span> <span class='ocrx_word' id='word_1_829' title='bbox 3678 4876 3867 4931; x_wconf 83' lang='lat' dir='ltr'><strong>velo.</strong></span> 
     </span>
    </p>
   </div>
   <div class='ocr_carea' id='block_1_110' title="bbox 2249 4948 3871 5040">
    <p class='ocr_par' dir='ltr' id='par_1_110' title="bbox 2249 4948 3871 5040">
     <span class='ocr_line' id='line_1_110' title="bbox 2249 4948 3871 5040; baseline 0.004 -23"><span class='ocrx_word' id='word_1_830' title='bbox 2249 4962 2385 5017; x_wconf 91' lang='lat' dir='ltr'><strong>citer</strong></span> <span class='ocrx_word' id='word_1_831' title='bbox 2412 4960 2736 5027; x_wconf 89' lang='lat' dir='ltr'><strong>addisceret,</strong></span> <span class='ocrx_word' id='word_1_832' title='bbox 2789 4959 2980 5015; x_wconf 88' lang='lat' dir='ltr'><strong>salutis</strong></span> <span class='ocrx_word' id='word_1_833' title='bbox 3026 4977 3138 5017; x_wconf 77' lang='lat' dir='ltr'><strong>sua:</strong></span> <span class='ocrx_word' id='word_1_834' title='bbox 3173 4948 3568 5033; x_wconf 42' lang='lat' dir='ltr'><strong>sutl&#39;icieiitiai‘u,</strong></span> <span class='ocrx_word' id='word_1_835' title='bbox 3599 4974 3657 5019; x_wconf 92' lang='lat' dir='ltr'><strong>et</strong></span> <span class='ocrx_word' id='word_1_836' title='bbox 3709 4984 3871 5040; x_wconf 77' lang='lat' dir='ltr'><strong>pru-</strong></span> 
     </span>
    </p>
   </div>
   <div class='ocr_carea' id='block_1_111' title="bbox 2249 5052 3870 5138">
    <p class='ocr_par' dir='ltr' id='par_1_111' title="bbox 2249 5052 3870 5138">
     <span class='ocr_line' id='line_1_111' title="bbox 2249 5052 3870 5138; baseline 0.002 -30"><span class='ocrx_word' id='word_1_837' title='bbox 2249 5053 2431 5109; x_wconf 87' lang='lat' dir='ltr'><strong>dentia</strong></span> <span class='ocrx_word' id='word_1_838' title='bbox 2479 5053 2880 5125; x_wconf 84' lang='lat' dir='ltr'><strong>ingeniosorum</strong></span> <span class='ocrx_word' id='word_1_839' title='bbox 2936 5054 3166 5124; x_wconf 85' lang='lat' dir='ltr'><strong>amplius</strong></span> <span class='ocrx_word' id='word_1_840' title='bbox 3225 5052 3650 5126; x_wconf 82' lang='lat' dir='ltr'><strong>profunditatem</strong></span> <span class='ocrx_word' id='word_1_841' title='bbox 3710 5079 3870 5138; x_wconf 80' lang='lat' dir='ltr'><strong>my-</strong></span> 
     </span>
    </p>
   </div>
   <div class='ocr_carea' id='block_1_112' title="bbox 2250 5142 3867 5225">
    <p class='ocr_par' dir='ltr' id='par_1_112' title="bbox 2250 5142 3867 5225">
     <span class='ocr_line' id='line_1_112' title="bbox 2250 5142 3867 5225; baseline 0.007 -26"><span class='ocrx_word' id='word_1_842' title='bbox 2250 5144 2399 5199; x_wconf 90' lang='lat' dir='ltr'><strong>sterii</strong></span> <span class='ocrx_word' id='word_1_843' title='bbox 2432 5142 2856 5225; x_wconf 83' lang='lat' dir='ltr'><strong>obstupesceret.</strong></span> <span class='ocrx_word' id='word_1_844' title='bbox 2891 5142 3029 5200; x_wconf 81' lang='lat' dir='ltr'><strong>Hinc</strong></span> <span class='ocrx_word' id='word_1_845' title='bbox 3053 5143 3221 5200; x_wconf 88' lang='lat' dir='ltr'><strong>Isaias</strong></span> <span class='ocrx_word' id='word_1_846' title='bbox 3243 5146 3567 5203; x_wconf 88' lang='lat' dir='ltr'><strong>vaticinatur</strong></span> <span class='ocrx_word' id='word_1_847' title='bbox 3595 5149 3819 5212; x_wconf 85' lang='lat' dir='ltr'><strong>dicens</strong></span> <span class='ocrx_word' id='word_1_848' title='bbox 3848 5175 3867 5213; x_wconf 91' lang='lat'><strong>:</strong></span> 
     </span>
    </p>
   </div>
   <div class='ocr_carea' id='block_1_113' title="bbox 2250 5232 3871 5307">
    <p class='ocr_par' dir='ltr' id='par_1_113' title="bbox 2250 5232 3871 5307">
     <span class='ocr_line' id='line_1_113' title="bbox 2250 5232 3871 5307; baseline 0.004 -18"><span class='ocrx_word' id='word_1_849' title='bbox 2250 5233 2553 5293; x_wconf 84' lang='lat' dir='ltr'><strong>Sermonem</strong></span> <span class='ocrx_word' id='word_1_850' title='bbox 2582 5232 2936 5288; x_wconf 82' lang='lat' dir='ltr'><strong>abbreviatum</strong></span> <span class='ocrx_word' id='word_1_851' title='bbox 2963 5233 3118 5303; x_wconf 74' lang='lat' dir='ltr'><strong>faciet</strong></span> <span class='ocrx_word' id='word_1_852' title='bbox 3148 5233 3404 5291; x_wconf 86' lang='lat' dir='ltr'><strong>Dominus</strong></span> <span class='ocrx_word' id='word_1_853' title='bbox 3427 5254 3580 5307; x_wconf 78' lang='lat' dir='ltr'><strong>super</strong></span> <span class='ocrx_word' id='word_1_854' title='bbox 3607 5249 3871 5303; x_wconf 76' lang='lat' dir='ltr'><strong>terram.</strong></span> 
     </span>
    </p>
   </div>
   <div class='ocr_carea' id='block_1_114' title="bbox 2249 5314 3871 5403">
    <p class='ocr_par' dir='ltr' id='par_1_114' title="bbox 2249 5314 3871 5403">
     <span class='ocr_line' id='line_1_114' title="bbox 2249 5314 3871 5403; baseline 0.006 -22"><span class='ocrx_word' id='word_1_855' title='bbox 2249 5322 2419 5403; x_wconf 79' lang='lat' dir='ltr'><strong>Quem</strong></span> <span class='ocrx_word' id='word_1_856' title='bbox 2470 5322 2714 5397; x_wconf 83' lang='lat' dir='ltr'><strong>profecto</strong></span> <span class='ocrx_word' id='word_1_857' title='bbox 2760 5339 3068 5382; x_wconf 80' lang='lat' dir='ltr'><strong>sermonem</strong></span> <span class='ocrx_word' id='word_1_858' title='bbox 3105 5328 3178 5383; x_wconf 89' lang='lat' dir='ltr'><strong>ita</strong></span> <span class='ocrx_word' id='word_1_859' title='bbox 3208 5314 3565 5399; x_wconf 80' lang='lat' dir='ltr'><strong>abbreviavit,</strong></span> <span class='ocrx_word' id='word_1_860' title='bbox 3616 5341 3680 5387; x_wconf 86' lang='lat' dir='ltr'><strong>ut</strong></span> <span class='ocrx_word' id='word_1_861' title='bbox 3718 5353 3871 5396; x_wconf 70' lang='lat' dir='ltr'><strong>me.</strong></span> 
     </span>
    </p>
   </div>
   <div class='ocr_carea' id='block_1_115' title="bbox 2252 5414 3878 5492">
    <p class='ocr_par' dir='ltr' id='par_1_115' title="bbox 2252 5414 3878 5492">
     <span class='ocr_line' id='line_1_115' title="bbox 2252 5414 3878 5492; baseline 0.001 -18"><span class='ocrx_word' id='word_1_862' title='bbox 2252 5419 2481 5474; x_wconf 89' lang='lat' dir='ltr'><strong>moriter</strong></span> <span class='ocrx_word' id='word_1_863' title='bbox 2509 5434 2632 5475; x_wconf 90' lang='lat' dir='ltr'><strong>eum</strong></span> <span class='ocrx_word' id='word_1_864' title='bbox 2662 5419 2840 5475; x_wconf 89' lang='lat' dir='ltr'><strong>subito</strong></span> <span class='ocrx_word' id='word_1_865' title='bbox 2891 5436 3086 5492; x_wconf 88' lang='lat' dir='ltr'><strong>capere</strong></span> <span class='ocrx_word' id='word_1_866' title='bbox 3113 5423 3352 5492; x_wconf 88' lang='lat' dir='ltr'><strong>possint;</strong></span> <span class='ocrx_word' id='word_1_867' title='bbox 3400 5414 3473 5479; x_wconf 83' lang='lat' dir='ltr'><strong>ita</strong></span> <span class='ocrx_word' id='word_1_868' title='bbox 3516 5425 3685 5481; x_wconf 87' lang='lat' dir='ltr'><strong>rebus</strong></span> <span class='ocrx_word' id='word_1_869' title='bbox 3741 5430 3878 5487; x_wconf 83' lang='lat' dir='ltr'><strong>im-</strong></span> 
     </span>
    </p>
   </div>
   <div class='ocr_carea' id='block_1_116' title="bbox 2247 5512 3881 5589">
    <p class='ocr_par' dir='ltr' id='par_1_116' title="bbox 2247 5512 3881 5589">
     <span class='ocr_line' id='line_1_116' title="bbox 2247 5512 3881 5589; baseline 0.01 -23"><span class='ocrx_word' id='word_1_870' title='bbox 2247 5512 2451 5583; x_wconf 89' lang='lat' dir='ltr'><strong>plevit,</strong></span> <span class='ocrx_word' id='word_1_871' title='bbox 2509 5514 2569 5567; x_wconf 79' lang='lat' dir='ltr'><strong>ut</strong></span> <span class='ocrx_word' id='word_1_872' title='bbox 2642 5513 3110 5584; x_wconf 62' lang='lat' dir='ltr'><strong>inpraesentiarum</strong></span> <span class='ocrx_word' id='word_1_873' title='bbox 3179 5531 3339 5573; x_wconf 88' lang='lat' dir='ltr'><strong>nemo</strong></span> <span class='ocrx_word' id='word_1_874' title='bbox 3410 5517 3527 5574; x_wconf 89' lang='lat' dir='ltr'><strong>sine</strong></span> <span class='ocrx_word' id='word_1_875' title='bbox 3592 5518 3881 5589; x_wconf 66' lang='lat' dir='ltr'><strong>Spiritus</strong></span> 
     </span>
    </p>
   </div>
   <div class='ocr_carea' id='block_1_117' title="bbox 2250 5604 3880 5681">
    <p class='ocr_par' dir='ltr' id='par_1_117' title="bbox 2250 5604 3880 5681">
     <span class='ocr_line' id='line_1_117' title="bbox 2250 5604 3880 5681; baseline 0.01 -21"><span class='ocrx_word' id='word_1_876' title='bbox 2250 5604 2423 5660; x_wconf 90' lang='lat' dir='ltr'><strong>sancti</strong></span> <span class='ocrx_word' id='word_1_877' title='bbox 2454 5605 2649 5676; x_wconf 88' lang='lat' dir='ltr'><strong>gratia,</strong></span> <span class='ocrx_word' id='word_1_878' title='bbox 2688 5614 2744 5660; x_wconf 91' lang='lat' dir='ltr'><strong>et</strong></span> <span class='ocrx_word' id='word_1_879' title='bbox 2770 5622 2893 5661; x_wconf 90' lang='lat' dir='ltr'><strong>cum</strong></span> <span class='ocrx_word' id='word_1_880' title='bbox 2919 5622 2982 5660; x_wconf 90' lang='lat' dir='ltr'><strong>ea</strong></span> <span class='ocrx_word' id='word_1_881' title='bbox 3015 5623 3173 5663; x_wconf 87' lang='lat' dir='ltr'><strong>rarus</strong></span> <span class='ocrx_word' id='word_1_882' title='bbox 3206 5609 3494 5665; x_wconf 89' lang='lat' dir='ltr'><strong>admodum</strong></span> <span class='ocrx_word' id='word_1_883' title='bbox 3521 5610 3615 5681; x_wconf 88' lang='lat' dir='ltr'><strong>qui</strong></span> <span class='ocrx_word' id='word_1_884' title='bbox 3647 5616 3880 5677; x_wconf 57' lang='lat' dir='ltr'><strong>omnia</strong></span> 
     </span>
    </p>
   </div>
   <div class='ocr_carea' id='block_1_118' title="bbox 2248 5696 3885 5771">
    <p class='ocr_par' dir='ltr' id='par_1_118' title="bbox 2248 5696 3885 5771">
     <span class='ocr_line' id='line_1_118' title="bbox 2248 5696 3885 5771; baseline 0.007 -19"><span class='ocrx_word' id='word_1_885' title='bbox 2248 5706 2341 5753; x_wconf 90' lang='lat' dir='ltr'><strong>aut</strong></span> <span class='ocrx_word' id='word_1_886' title='bbox 2369 5696 2669 5767; x_wconf 79' lang='lat' dir='ltr'><strong>intelligere</strong></span> <span class='ocrx_word' id='word_1_887' title='bbox 2718 5704 2812 5752; x_wconf 90' lang='lat' dir='ltr'><strong>aut</strong></span> <span class='ocrx_word' id='word_1_888' title='bbox 2854 5698 3135 5768; x_wconf 89' lang='lat' dir='ltr'><strong>percipere</strong></span> <span class='ocrx_word' id='word_1_889' title='bbox 3162 5701 3357 5769; x_wconf 87' lang='lat' dir='ltr'><strong>possit.</strong></span> <span class='ocrx_word' id='word_1_890' title='bbox 3395 5698 3547 5755; x_wconf 90' lang='lat' dir='ltr'><strong>Unde</strong></span> <span class='ocrx_word' id='word_1_891' title='bbox 3572 5706 3885 5771; x_wconf 63' lang='lat' dir='ltr'><strong>precibus</strong></span> 
     </span>
    </p>
   </div>
  </div>
