4000 6362
169 259 285 314 501-
953 239 1317 301 EXPOSITIO
1349 236 1419 294 IN
1457 228 1744 299 MATTIIA

1854 225 1896 279 ἔ.
1929 256 1999 266 -
2027 225 2154 281 LIB.
2188 228 2279 295 lV,
2317 226 2470 285 CAP.
2511 227 2600 287 VI.

3307 230 3441 297 302.

168 328 531 439 mundum
550 379 614 428 ut
632 372 774 427 dona
799 367 1162 443 percipiamus
1186 380 1257 422 ex
1292 361 1501 437 gratia;
1560 356 1720 431 donis
1750 355 1803 417 Α
1827 346 2059 419 subripit
2083 346 2275 412 elatos,
2306 346 2387 402 sic
2422 345 2716 443 utique‘de-
2730 346 2902 443 nimio
2929 344 3194 443 squalore
3209 354 3266 406 et
3294 316 3413 441 nia:

169 484 284 526 vero
309 464 594 538 agendum,
632 471 692 517 ut
733 459 1016 531 pervenire
1058 458 1332 529 possimus
1359 455 1427 509 ad
1472 452 1753 523 meritum

170 561 358 636 gratiae,
399 554 593 612 deinde
618 568 720 625 pro
763 551 973 615 meritis
1014 548 1404 605 beatitudinem
1448 557 1733 636 speremus

1818 442 1917 527 cie
1946 442 2193 513 corporis
2222 457 2357 495 vana
2393 440 2561 512 gloria
2602 439 2802 509 decipit
2844 438 3106 495 incautos.
3147 436 3416 498 Extermi-

1833 544 1982 599 nant,
2011 534 2206 605 inquit,
2234 534 2371 588 enim
2400 532 2561 604 facies
2591 550 2739 599 suas,
2766 533 2909 605 quod
2938 544 3023 590 est
3046 545 3234 606 aperte
3268 537 3419 594 dice-
3498 540 3501 543 ’

171 624 515 725 quaerentibus
581 624 915 701 concessam.
966 640 1216 711 Alioquin
1270 652 1373 695 nec
1432 637 1551 692 sine
1604 633 1751 709 ﬁdei:
1838 637 1914 685 re.
1946 625 2112 681 Extra
2161 628 2419 681 terminos
2462 626 2719 725 humanae
2754 624 3163 725 consuetudinis
3198 644 3292 683 eas
3326 629 3421 685 ob-

172 741 401 816 precibus
425 737 494 792 ad
526 737 769 801 domum,
805 749 910 790 nec
936 733 1054 788 sine
1081 731 1295 787 meritis
1325 728 1639 802 pervenitur
1662 726 1734 785 ad

173 831 500 891 beatitudinis
533 828 760 902 gradum
799 841 814 881 :
850 825 994 896 quod
1027 839 1263 895 sequens
1293 820 1571 877 conclusio
1601 817 1734 874 satis

176 926 411 982 declarat.

232 1018 288 1074 Si
330 1018 467 1070 enim
494 1056 510 1083 ,
563 1012 770 1084 inquit,
820 1009 1124 1065 dimiseritis
1171 1005 1469 1061 hominibus
1518 1009 1736 1075 peccata

174 1123 348 1171 eorum,
378 1105 608 1158 d'mittet
654 1111 703 1156 et
730 1101 867 1156 vobis
902 1097 1065 1154 Pater
1090 1107 1258 1167 vester
1281 1094 1499 1150 calcatis
1541 1091 1735 1147 delicta

176 1213 340 1257 uestra.
370 1198 430 1252 Si
480 1206 657 1248 autem
687 1209 790 1248 non
831 1189 1134 1245 dimiseritis
1176 1185 1472 1240 hominibus
1521 1190 1736 1252 peccata

173 1308 350 1353 eorum,
392 1306 486 1344 nec
518 1285 684 1341 Pater
703 1294 868 1340 vester
884 1282 1106 1336 dimittet
1137 1279 1279 1333 vobis
1299 1286 1511 1345 peccata
1539 1283 1732 1330 vestra.

176 1386 311 1443 Unde
332 1391 479 1454 patet
505 1381 647 1450 quod
687 1376 1061 1449 unusquisque
1104 1389 1201 1429 sua
1228 1371 1621 1427 condemnatur
1649 1368 1733 1421 in-

176 1476 429 1531 ﬁdelitate.
468 1472 537 1526 At
584 1470 673 1524 ille
714 1470 767 1523 in
814 1474 1044 1537 utroque
1085 1463 1249 1517 Pater
1277 1458 1736 1516 incommutabilis

180 1578 369 1632 manet,
389 1567 510 1636 quia
536 1580 640 1620 non
664 1569 840 1634 potest
860 1559 1068 1615 viscera
1090 1554 1436 1629 paternitatis
1451 1554 1733 1619 amittere;

186 1662 285 1715 imo
328 1660 445 1732 quia
472 1654 609 1712 lilius
656 1669 780 1712 esse
816 1669 921 1709 non
967 1654 1073 1717 vis,
1121 1660 1213 1707 tua
1242 1649 1563 1721 crudelitate
1610 1645 1741 1717 jure

1849 720 2061 786 ducunt,
2088 726 2143 774 et
2173 717 2432 773 inusitato
2459 732 2654 788 genere
2692 712 2954 773 foeditatis
2982 730 3153 775 semet
3184 718 3421 776 allicien-

1837 815 1941 875 tes,
1964 806 2223 878 pallorem
2254 815 2536 877 quzerunt,
2576 815 2844 878 quatenus
2874 807 3167 865 dissimiles
3200 810 3270 866 ab
3300 794 3435 866 aliis"

1833 901 2141 965 videantur,
2173 909 2230 955 ut
2285 916 2350 955 ex
2396 900 2511 970 ipsa
2552 898 2758 956 vilitate
2797 899 2977 955 carnis
3003 898 3143 956 ultra
3176 890 3435 959 homines

1833 997 2212 1069 praedicentur.
2252 994 2441 1050 Melius
2471 1002 2673 1059 tamen,
2698 1003 2841 1050 sicut
2884 994 2939 1049 in
2975 995 3295 1064 quibusdam
3334 1011 3427 1054 co-

1836 1089 2045 1145 dicibus
2083 1087 2332 1153 habetur,
2362 1086 2717 1142 demoliuntur
2748 1076 2909 1157 facies
2948 1104 3094 1153 suas,
3127 1104 3291 1160 quam
3329 1106 3424 1145 ea:-

1836 1181 2143 1245 terminant,
2173 1178 2423 1234 dicimus.
2467 1177 2601 1246 Quia
2639 1178 3030 1245 exterminare,
3070 1182 3224 1251 quasi
3270 1168 3435 1240 extra.

1838 1275 2011 1331 solum
2044 1286 2125 1331 est
2160 1276 2388 1341 dueere;
2428 1274 2672 1330 demoliri
2707 1284 2910 1342 autem,
2938 1260 3092 1347 quasi
3125 1276 3290 1351 35.6
3316 1279 3429 1335 dis-

1840 1370 2042 1439 sipare,
2091 1378 2147 1424 et
2192 1368 2429 1424 obductu
2482 1367 2718 1423 tristitiae
2758 1384 2822 1424 ac
2865 1369 3134 1440 squaloris
3171 1371 3325 1440 quasi
3359 1371 3431 1429 ad

1840 1462 2068 1516 nihilum
2118 1477 2336 1519 omnem
2382 1470 2718 1517 venustatem
2771 1462 2954 1519 vultus
3001 1463 3267 1533 redigere.
3321 1462 3430 1523 Sed

1840 1553 2117 1625 quodlibet
2165 1554 2358 1609 horum
2404 1554 2713 1624 acceperis,
2760 1554 3167 1626 hypocritarmn
3219 1566 3334 1622 est,
3370 1564 3431 1615 ut

1842 1660 2061 1702 scenam
2104 1644 2378 1700 larvarum
2426 1654 2720 1717 gestantes,
2754 1646 2900 1702 aliud
2930 1646 2984 1701 in
3018 1647 3182 1703 corde
3217 1656 3433 1721 gerant,

178 1750 451 1805 damnaris.
489 1748 625 1805 Hinc
672 1762 741 1801 ex
788 1744 1042 1802 omnibus
1096 1742 1200 1798 hoc
1241 1756 1404 1795 unum
1436 1748 1558 1811 post
1604 1753 1735 1811 pre-
1769 1738 1816 1799 Β
1843 1744 1899 1790 et
1926 1735 2071 1790 aliud
2105 1735 2158 1790 in
2188 1734 2474 1806 superﬁcie
2500 1734 2851 1790 cernentibus
2878 1751 2938 1792 se
2968 1736 3283 1793 exhibeant.
3312 1735 3432 1799 Non

178 1858 279 1898 cem
322 1843 373 1895 in
416 1841 528 1897 line
557 1838 846 1901 conclusit,
891 1845 953 1891 ut
978 1836 1267 1890 reduceret
1310 1834 1376 1888 ad
1418 1830 1739 1907 memoriam

175 1932 282 2004 quid
311 1942 360 1987 tu
398 1933 457 1987 in
510 1931 757 1986 oratione
804 1926 1191 1999 spoponderas,
1219 1933 1491 1994 quatenus
1539 1923 1593 1978 iu
1646 1930 1741 1977 tua

174 2038 507 2095 cognosceres
547 2029 813 2095 potestate
861 2021 1154 2091 impetrare
1198 2018 1408 2072 vincam
1447 2031 1613 2087 quam
1644 2030 1742 2085 po-

175 2096 331 2169 stulas.
362 2112 560 2184 Neque
583 2110 727 2167 aliud
757 2111 991 2182 primum
1017 2109 1184 2182 exigit
1203 2106 1369 2176 jndex
1408 2107 1549 2179 apud
1573 2120 1738 2176 quem

172 2220 322 2276 rogas,
351 2205 462 2260 nisi
506 2213 565 2258 ut
606 2202 739 2281 talis
768 2203 911 2259 circa
954 2200 1180 2256 fratrem
1232 2198 1449 2277 qualem
1494 2214 1617 2253 eum
1646 2213 1742 2253 ex-

172 2298 317 2370 poscis
331 2298 486 2352 circa
519 2308 571 2352 te
600 2296 765 2350 lilium
789 2310 929 2351 esse.
950 2293 1104 2361 Quod
1131 2293 1176 2349 si
1206 2292 1362 2348 fratri
1388 2307 1494 2347 non
1518 2305 1741 2362 parcas,

171 2378 289 2444 Patri
313 2404 541 2461 quoque
579 2388 777 2463 infligis
806 2387 1079 2458 injuriam,
1123 2400 1283 2457 quem
1316 2400 1497 2457 rogas,
1524 2393 1579 2440 et
1619 2384 1741 2439 ideo

166 2480 265 2557 jure
315 2482 709 2539 condemnaris
753 2479 1042 2550 dupliciter
1090 2494 1235 2535 reus.
1280 2477 1521 2534 Primum
1548 2516 1566 2541 ,
1613 2478 1741 2547 quia

168 2577 378 2649 peccatis
435 2584 501 2630 et
536 2574 725 2639 debes,
775 2572 970 2645 deinde
1015 2570 1143 2643 quia
1196 2570 1434 2625 monitus
1464 2585 1495 2624 a
1520 2566 1741 2637 judice,

169 2667 342 2739 petenti
372 2663 551 2737 345
578 2663 732 2717 fratri
763 2676 949 2717 amore
978 2661 1183 2732 patris,
1215 2667 1275 2715 ut
1298 2672 1351 2714 tu
1385 2660 1498 2731 ipse
1527 2659 1741 2714 veniam

170 2757 449 2828 acciperes,
486 2753 728 2810 crudelis
761 2754 813 2809 in
844 2763 1098 2825 utroque,
1124 2751 1338 2807 veniam
1364 2766 1472 2806 non
1523 2748 1738 2805 dedisti.

171 2842 374 2918 Propter
397 2846 557 2916 quod
585 2860 746 2900 nemo
781 2859 840 2898 se
870 2842 1283 2907 circumveniat,
1328 2842 1455 2913 quia
1496 2842 1589 2912 qui
1620 2856 1745 2911 pre-

171 2956 270 2998 cem
318 2938 659 3011 composuit,
718 2939 833 3009 ipse
891 2936 1072 2991 cordis
1118 2950 1321 2990 arcana
1365 2942 1645 3005 penetrat,
1689 2944 1745 2991 et

173 3030 385 3086 taleth
433 3030 606 3085 habet
650 3029 706 3082 in
760 3042 955 3100 prece,
1011 3026 1188 3098 qualis
1237 3025 1515 3082 exstiteris
1560 3026 1739 3081 corde.

1841 1835 1900 1883 ut
1941 1826 2089 1882 cultu
2131 1842 2273 1883 vera:
2329 1827 2608 1899 religionis
2649 1828 2880 1884 virtutes
2916 1829 3117 1885 Christi
3155 1830 3435 1900 studeant,

1841 1923 1935 1987 sed
1981 1931 2041 1977 nt
2081 1920 2325 1978 favorem
2380 1921 2523 1994 vulgi
2567 1922 2828 1979 excitent.
2867 1921 3009 1979 Hinc
3042 1932 3128 1980 est
3162 1925 3309 1995 quod
3347 1939 3432 1993 se:

1842 2014 2029 2084 quitur
2059 2032 2073 2068 :

1911 2104 2076 2159 Amen
2107 2105 2227 2161 dico
2255 2104 2420 2173 vobis,
2447 2107 2573 2179 quia
2613 2115 2918 2179 receperunt
2943 2107 3233 2163 mercedem
3259 2094 3437 2173 suam,

1844 2195 2011 2252 Suam
2039 2198 2222 2267 itaque
2248 2198 2583 2265 mercedem,
2603 2207 2789 2255 etnon
2816 2198 3161 2270 adoptionem
3190 2199 3435 2261 fidelibus

1844 2287 2253 2359 repromissam,
2298 2288 2422 2358 quia
2466 2288 2744 2361 propriam
2786 2289 3014 2363 gloriam
3046 2301 3373 2363 quaerentes,
3404 2308 3435 2349 a

1852 2377 2071 2435 Christo
2108 2386 2236 2435 sunt
2274 2378 2457 2434 alieni.
2501 2378 2781 2451 Siquidem
2823 2381 2969 2439 Deus
3010 2372 3118 2438 non
3160 2383 3437 2449 irridetur,

1844 2469 1915 2526 Et
1950 2470 2074 2525 ideo
2118 2469 2584 2540 inpraesentiarum
2614 2470 2854 2528 fumosus
2884 2472 3027 2545 vulgi
3060 2474 3267 2542 laudes,
3293 2485 3351 2531 et
3382 2476 3437 2535 iu

1847 2560 2033 2617 futuro
2058 2552 2422 2618 simulationis
2450 2577 2562 2618 sua:
2600 2564 2908 2621 mercedem
2936 2566 3302 2621 damnationis
3353 2582 3432 2627 rei.

1846 2662 2127 2724 ceperunt.-
2858 2722 2861 2725 Δ
3418 2714 3427 2729 ⁸

1922 2745 2001 2801 Tu
2022 2756 2196 2802 autem
2221 2763 2341 2802 cum
2354 2747 2591 2818 jejunas,
2616 2762 2751 2818 tinge
2776 2757 2932 2819 caput
2964 2757 3139 2815 tuum,
3168 2757 3217 2803 et
3250 2748 3438 2819 faciem

1852 2847 2000 2895 tuam
2026 2836 2165 2905 lava,
2189 2845 2295 2893 etc.
2322 2837 2526 2892 ldioma
2556 2846 2868 2893 sanctarum
2894 2838 3305 2910 Scripturarum
3333 2850 3438 2909 est,

1850 2938 1911 2983 ut
1947 2932 2027 2984 sic
2068 2929 2162 2984 uni
2206 2929 2363 2999 quasi
2391 2929 2668 2996 omnibus,
2697 2939 2752 2986 et
2786 2931 2866 2987 sic
2889 2931 3142 2988 omnibus
3166 2933 3320 3003 quasi
3349 2934 3440 2995 uni

1848 3021 2129 3094 loquatur;
2154 3022 2356 3078 idcirco
2378 3022 2639 3095 singulari
2675 3039 2922 3093 numero,
2953 3034 3011 3079 tu
3039 3036 3244 3093 autent,
3282 3027 3438 3094 dixit,

173 3122 355 3191 Quibus
378 3123 458 3178 ita
495 3121 781 3193 inspectis,
798 3120 934 3192 jam,
956 3118 1083 3192 quid
1116 3118 1342 3175 ulterius
1361 3128 1743 3191 prosequatur,
1775 3113 1820 3175 C
1850 3133 1967 3171 cum
1990 3116 2230 3188 jejunus,
2263 3126 2324 3172 ut
2352 3119 2727 3188 unusquisque
2767 3117 3078 3189 specialiter
3108 3119 3212 3175 sibi
3242 3118 3443 3179 intellig

175 3228 497 3269 expleat-aus.
950 3264 951 3269 η

283 3229 497 3268 eamus.
950 3264 951 3269 η

230 3215 352 3357 gum
376 3301 645 3375 jejunatis
685 3298 844 3355 nolite
879 3299 997 3369 ﬁeri
1043 3300 1180 3353 sicut
1228 3297 1513 3369 hypocrin
1549 3297 1743 3362 tristes,

172 3410 226 3449 ae
272 3396 494 3466 reliqua.
534 3394 944 3463 Consequenter
979 3392 1031 3447 in
1071 3392 1324 3448 omnibus
1366 3390 1505 3446 ﬁlios
1544 3391 1744 3456 erudit,

1850 3218 1942 3281 gat
1971 3199 2073 3264 hoc
2104 3209 2330 3267 dictum.
2362 3208 2627 3265 Caeterum
2674 3211 2947 3267 notandus
2974 3219 3059 3267 est
3092 3211 3262 3278 locus,
3294 3211 3443 3283 quod

1846 3318 1951 3357 ιιυιε
1998 3303 2177 3356 omnia
2214 3301 2381 3358 etiam
2426 3302 2563 3358 Novi
2606 3301 2939 3359 Testamenti
2976 3314 3250 3375 praecepta
3281 3303 3443 3373 juxta

1847 3393 2080 3449 litteram
2108 3402 2234 3450 sunt
2263 3394 2548 3450 servanda.
2570 3393 2722 3450 Alias
2751 3403 2935 3452 autem
2960 3394 3230 3467 fugientes
3265 3397 3325 3453 in
3357 3396 3441 3469 je-

171 3488 423 3554 quomodo
470 3485 718 3557 ieiunare
768 3468 1033 3548 debeant,
1080 3483 1323 3554 exponit.
1361 3481 1638 3552 Siquidem
1679 3496 1746 3535 ne
1843 3483 2012 3552 juniis
2043 3484 2320 3539 hominum
2347 3485 2756 3547 conscientiam,
2784 3493 2839 3540 et
2869 3500 3020 3541 vanae
3044 3485 3219 3542 laudis
3234 3468 3444 3563 jactari?

180 3578 355 3631 tristes
393 3594 542 3632 more
572 3568 978 3655 liypocrilarum
1010 3585 1236 3649 pareant
1271 3574 1579 3630 hominibus
1601 3572 1743 3644 jeju-

175 3680 377 3724 nantes.
402 3668 521 3723 Non
547 3672 682 3738 quod
714 3668 767 3723 in
792 3666 880 3722 die
898 3665 1089 3737 jejunii
1119 3682 1218 3738 pro
1252 3666 1465 3721 delictis
1496 3675 1552 3719 et
1580 3664 1746 3719 variis

177 3762 500 3815 miseriarum
552 3760 771 3815 casibus
813 3775 920 3815 non
965 3767 1218 3829 oporteat
1255 3756 1598 3821 contristari,
1652 3756 1745 3812 sed

180 3849 456 3905 affectatam
492 3867 644 3904 vana:
671 3848 844 3904 laudis
876 3850 1145 3907 tristitiam
1187 3847 1302 3903 vult
1340 3846 1528 3917 procul
1558 3846 1749 3903 abesse

182 3957 209 3995 a
238 3944 391 4009 nobis,
419 3954 482 3997 ut
517 3945 569 3998 in
601 3942 858 3997 ominibus
885 3941 1217 4013 glorilicetur
1251 3939 1412 4005 Deus,
1436 3947 1492 3994 et
1528 3938 1595 3995 ad
1630 3938 1752 4011 ejus

176 4032 365 4089 laudem
410 4035 606 4091 omnia
668 4032 988 4088 referantur.
1044 4030 1195 4088 Unde
1250 4046 1348 4086 nec
1410 4030 1747 4100 simplicnter,

175 4122 328 4179 Nolite
372 4124 624 4189 tristari,
671 4122 765 4177 sed
817 4139 942 4177 cum
989 4121 1357 4176 additamento
1387 4140 1401 4174 ;
1432 4119 1632 4186 Nolite,
1669 4120 1751 4195 in:

173 4215 290 4285 quit,
319 4217 430 4286 ﬁeri
464 4217 607 4270 sicut
638 4214 919 4285 hypocrita:
962 4214 1153 4267 tristes.
1198 4212 1450 4284 Alioquin
1480 4200 1751 4284 quomodo

177 4308 569 4363 humiliaoituus
624 4315 750 4360 ante
791 4304 956 4359 Deum
1004 4305 1217 4359 animas
1254 4315 1490 4371 nostras,
1521 4319 1752 4376 praeser-

1850 3575 2004 3639 tiam,
2031 3577 2179 3630 uncti
2220 3576 2488 3646 capitibus
2516 3577 2692 3647 magis
2723 3576 3063 3632 ostendimur
3089 3575 3360 3646 jejunare,
3385 3584 3442 3637 et

1849 3666 2061 3722 ridiculi
2106 3669 2312 3724 erimus
2364 3669 2469 3726 olei
2520 3670 2849 3741 pinguedine
2910 3668 3155 3724 delibuti.
3215 3668 3444 3729 Verum?

1852 3765 2032 3812 tamen
2075 3775 2227 3815 more
2257 3759 2541 3816 Palestina:
2569 3761 2863 3832 provinciae
2903 3760 3165 3830 loquitur,
3192 3760 3285 3817 ubi
3327 3761 3443 3823 dies

1848 3847 1955 3905 bus
1998 3847 2153 3903 festis
2197 3850 2371 3905 solent
2418 3866 2620 3921 ungere
2656 3851 2835 3929 capita
2867 3867 2963 3907 sua
2998 3852 3262 3908 solemnia
3302 3850 3445 3915 celes

1851 3940 2095 3999 brantes.
2128 3944 2204 3996 Ex
2233 3957 2341 4012 quo
2384 3942 2553 4013 liquet
2584 3943 2894 4014 jejunantes
2925 3960 3024 4001 nos
3061 3945 3285 4002 festivos
3319 3958 3444 4006 est.

1853 4034 2081 4101 debere,
2130 4042 2184 4090 et
2232 4034 2285 4088 in
2336 4035 2526 4090 diebus
2574 4036 2916 4093 abstinentiae
2967 4036 3154 4092 laetitia
3210 4037 3444 4112 spiritali

1853 4129 2226 4200 pinguescere.
2258 4129 2353 4184 Est
2401 4145 2634 4201 namque
2684 4131 2909 4186 interior
2945 4133 3107 4187 homo
3149 4142 3357 4205 noster,
3385 4133 3444 4190 in

1853 4237 1961 4292 quo
1997 4223 2157 4277 sicuti
2195 4237 2226 4276 a
2265 4222 2442 4292 capite
2478 4222 2658 4277 omnia
2696 4224 2940 4277 membra
2976 4224 3220 4294 corporis
3248 4240 3445 4295 regun-

1857 4322 1964 4378 tur,
1998 4314 2072 4367 ita
2109 4329 2138 4367 a
2168 4324 2352 4368 mente
2391 4313 2533 4369 illius
2573 4314 2964 4384 participantur
2991 4326 3195 4385 partes,
3223 4325 3446 4387 propter

177 4401 256 4455 tim
289 4419 403 4457 cum
442 4409 703 4485 oporteat
746 4414 845 4455 nos
882 4399 1201 4487 contristari
1234 4400 1301 4453 ad
1341 4383 1754 4469 paenitentiam?
1783 4471 1828 4487 ﬁ
1855 4410 2000 4477 quod
2041 4424 2181 4478 saepe
2221 4418 2382 4479 caput
2419 4423 2519 4480 pro
2555 4383 2738 4464 mente
2762 4383 3007 4479 ponitur.
3026 4410 3196 4477 Quam
3224 4383 3446 4482 oportet

176 4493 290 4549 ham
313 4512 409 4551 cor
433 4476 740 4552 contritum
776 4502 831 4548 et
852 4478 1195 4548 huniiliatnm
1218 4493 1362 4549 Deus
1386 4478 1496 4548 non
1523 4493 1744 4562 spernit.

1856 4502 2089 4571 denique
2112 4502 2165 4556 in
2193 4502 2384 4559 diebus
2402 4501 2735 4573 ieiuniorum
2758 4517 2916 4558 sacro
2939 4503 3166 4573 perungi
3197 4519 3443 4576 unguen-

178 4584 290 4643 Hinc
331 4604 562 4661 quoque
608 4587 755 4642 illam
801 4586 1100 4651 tristitiam,
1129 4600 1251 4656 quae
1300 4600 1465 4641 vanas
1515 4594 1756 4640 seetatur

177 4678 359 4749 laudes,
395 4685 656 4748 damnat,
695 4693 923 4749 eamque
959 4677 1268 4751 fugiendam
1318 4678 1499 4746 docet,
1535 4678 1603 4735 de
1648 4694 1755 4750 qua

178 4770 299 4829 illico
326 4775 595 4831 infertur.

236 4871 611 4930 Estemsinam
650 4871 789 4926 enim
829 4870 988 4941 facies
1025 4887 1168 4933 suas,
1195 4879 1251 4925 ut
1275 4879 1492 4940 pareant
1522 4870 1754 4935 homini-9

175 4962 607 5038 basjejuuantes.
646 4963 835 5019 Finem
869 4979 1084 5034 quoque
1114 4963 1449 5028 intentionis,
1477 4964 1620 5019 sicut
1637 4962 1754 5031 jam

177 5062 429 5128 superius,
458 5056 833 5128 reprehendit,
863 5065 919 5110 et
950 5055 1278 5127 jejuniorum
1319 5053 1620 5123 profectum
1658 5056 1756 5111 doc

175 5163 250 5209 cet
283 5165 437 5208 extra
480 5150 811 5223 jactantiam
841 5148 1073 5206 confecti
1104 5149 1353 5219 corporis
1379 5162 1499 5203 esse
1534 5147 1754 5215 debere,

178 5261 337 5317 neque
362 5247 432 5305 de
461 5244 831 5302 Ostentatione
861 5244 1129 5315 squaloris
1165 5242 1407 5299 favorem
1438 5242 1580 5314 vulgi
1607 5256 1755 5312 quin.

179 5352 303 5395 rere.
332 5340 476 5409 Quia
512 5338 671 5397 decet
701 5354 865 5397 omne
896 5338 1162 5410 jejunium
1196 5346 1442 5393 nostrum
1471 5337 1525 5395 in
1550 5344 1755 5395 sancta

179 5433 505 5501 operationis
548 5433 749 5491 decore
795 5437 1114 5500 ponerewut
1152 5428 1203 5483 ei
1254 5427 1564 5498 placeamus
1608 5425 1751 5506 inde,

179 5522 319 5594 cuius
347 5539 573 5595 semper
611 5522 836 5594 gloriam
861 5529 1077 5593 oportet
1104 5519 1321 5582 sectari,
1349 5528 1402 5574 et
1431 5518 1647 5575 laudem
1670 5517 1753 5573 in.

181 5612 524 5687 iatigabiliter
552 5631 817 5687 quaerere.
850 5615 920 5671 Et
965 5613 1261 5671 notandum
1310 5613 1453 5683 quod
1500 5619 1639 5668 sicut
1675 5613 1757 5679 ja-

180 5709 374 5765 ctantia
419 5725 493 5765 ex
534 5711 709 5766 nitore
746 5708 978 5767 vestium
1019 5716 1074 5765 et
1100 5707 1313 5781 decoris
1356 5706 1755 5777 pulchritudine

1859 4605 1934 4661 to,
1968 4594 2059 4649 illo
2081 4595 2333 4651 videlicet
2355 4597 2423 4652 de
2448 4612 2558 4666 quo
2589 4610 2785 4665 sponsa
2816 4595 2871 4651 in
2895 4596 3134 4652 Canticis
3162 4598 3231 4651 ad
3265 4596 3444 4667 Spono

1858 4707 1977 4748 sum
2032 4689 2271 4761 loquitur
2309 4705 2322 4742 :
2372 4685 2706 4756 Unguentum
2755 4689 2980 4759 elusum
3033 4705 3221 4745 nomen
3273 4700 3444 4759 tuum,

1856 4785 1975 4838 ideo
2024 4780 2424 4837 adolescentulte
2468 4780 2693 4852 diligunt
2736 4791 2785 4836 te
2816 4781 2994 4851 (Cant.
3024 4798 3063 4849 ι,
3091 4778 3167 4855 3).
3198 4786 3317 4850 Quo
3363 4784 3447 4839 nio

1859 4876 2055 4931 mirum
2086 4882 2361 4946 unguento
2390 4887 2542 4929 mens
2572 4882 2754 4928 nostra
2782 4886 3066 4945 peruncta,
3097 4885 3244 4932 recte
3276 4875 3449 4946 diligit

1861 4983 2010 5034 eum,
2038 4966 2193 5037 cujus
2224 4981 2408 5021 amore
2444 4967 2669 5021 interius
2701 4966 2940 5037 perfusa,
2968 4967 3177 5041 fragrat
3197 4971 3444 5038 odorem,

1861 5068 1916 5115 et
1949 5060 2206 5115 virtutum
2252 5059 2601 5114 odoranienta
2647 5060 2848 5130 passim
2888 5061 3046 5117 bonis
3075 5061 3329 5132 operibus
3354 5062 3449 5116 de-

1862 5161 2050 5209 corata
2094 5151 2376 5223 respergit.
2402 5151 2472 5206 At
2518 5165 2647 5207 vero
2691 5153 3093 5223 hypocritarum
3138 5161 3303 5223 caput
3347 5167 3450 5211 unc

1862 5254 2062 5319 guento
2108 5245 2330 5315 ungitur
2373 5244 2719 5309 adulationis,
2760 5246 2826 5300 de
2870 5260 2978 5313 quo
3025 5243 3311 5301 Psalmista
3354 5260 3448 5302 ca-

1864 5350 2042 5394 nens:
2074 5334 2261 5391 Oieum
2289 5345 2466 5391 autem
2506 5337 2797 5405 peccatoris
2834 5352 2939 5391 non
2976 5336 3258 5406 impinguet
3288 5347 3447 5409 caput

1863 5442 2033 5489 meum
2059 5426 2235 5498 (Ptol.
2272 5442 2396 5494 exn,
2425 5426 2500 5497 ὅ).
2526 5428 2778 5483 Christus
2805 5427 2989 5498 itaque
3032 5426 3209 5484 factus
3240 5439 3326 5486 est
3351 5440 3451 5488 tto-

1861 5519 1949 5576 bis
1972 5528 2325 5591 unguentum,
2359 5518 2501 5589 quod
2523 5516 2755 5573 eﬁ‘nsum
2782 5533 2877 5587 per
2901 5520 3209 5590 passionem
3233 5521 3446 5589 mortis,

1864 5620 2032 5669 totam
2075 5612 2326 5678 domum,
2374 5617 2620 5665 sanctam
2663 5608 2915 5667 videlicet
2962 5610 3260 5668 Ecclesiam
3282 5653 3296 5679 ,
3347 5623 3455 5670 suo"

1864 5704 2101 5777 replevit
2139 5706 2323 5760 odore.
2354 5701 2559 5758 Idcirco
2593 5716 2700 5756 non
2740 5702 2964 5758 alterius
2999 5718 3161 5760 causa
3199 5703 3449 5774 jejuna“
