4000 6362
523 250 632 308 803

1311 246 1368 301 S.
1411 239 1769 300 PASCHASII
1809 234 2158 294 BADBERTI
2193 233 2485 291 ABBATIS
2521 229 2971 291 CORBEIENSIS

3692 231 3800 289 ‘50!

520 363 807 430 convenit;
826 359 990 436 34⁸1
1005 359 1098 416 sed
1112 357 1256 414 illius
1275 357 1468 429 spiritu
1491 353 1716 426 profusi,
1731 353 1990 408 debemus
2011 362 2109 420 per
2135 351 2188 413 Α
2213 344 2524 436 coelestibus
2546 343 2636 436 alii
2665 342 2911 436 thesauri
2931 340 3292 436 possidentur,
3317 354 3490 412 neque
3519 341 3650 436 illuc
3672 343 3802 400 hinc

527 452 914 513 abstinentiam
945 464 1223 506 macerare
1244 462 1488 510 carnem,
1523 455 1582 500 ut
1621 444 1738 515 ejus
1769 441 2108 513 passionibus

525 546 937 622 participemur.
990 539 1242 611 Alioquin
1288 537 1392 594 nisi
1439 535 1556 606 ejus
1601 549 1866 604 ungamur
1915 529 2109 602 spiritu

531 637 754 702 amoris,
786 633 991 706 jejunia
1022 639 1206 688 nostra
1240 645 1378 685 vana
1408 635 1586 684 erunt.
1629 626 1722 682 lllo
1764 627 1945 694 itaque
1989 622 2109 678 oleo

526 738 730 787 unctus
757 735 842 783 est
864 723 1022 780 Jesus
1049 738 1161 794 pra:
1188 719 1540 792 participibus
1569 717 1700 772 suis.
1727 715 1822 770 lllo
1843 725 2112 784 ungamur

528 831 588 880 et
638 837 759 887 nos,
788 827 848 874 ut
881 831 1047 888 opera
1096 812 1482 870 misericordiae
1530 808 1894 873 cumulentur,
1922 804 2112 876 implo-

529 923 716 968 rantes
765 909 1014 980 spiritum
1063 904 1370 966 charitatis,
1417 916 1524 971 quo
1572 899 1802 955 interius
1855 895 2113 951 divinitus

528 1001 848 1059 irroremur.
891 999 968 1052 De
994 1011 1103 1067 quo
1130 994 1401 1064 Propheta
1431 1011 1445 1046 :
1482 987 1832 1060 Impinguasti
1852 1027 1866 1053 ,
1909 987 2110 1055 inquit,

529 1095 587 1150 in
617 1094 728 1147 oleo
768 1100 924 1160 caput
966 1104 1160 1152 meum,
1195 1096 1243 1141 et
1285 1084 1424 1140 calix
1465 1098 1607 1136 meus
1653 1080 1914 1134 inebrians
1955 1093 2114 1148 quam

533 1183 826 1256 pra’clarus
857 1190 930 1235 est
959 1177 1132 1246 (Psal.
1158 1193 1291 1241 nu,
1317 1176 1393 1246 5).
1432 1174 1566 1242 Quia
1603 1172 1705 1228 nisi
1737 1171 1826 1226 illo
1853 1185 2120 1239 ungamur

535 1274 808 1330 unctionis
851 1272 992 1336 oleo,
1025 1269 1165 1325 calix
1189 1267 1381 1340 jejunii
1419 1267 1588 1322 nostri
1628 1263 1774 1320 nullo
1820 1262 2121 1318 inebriatur

501 1365 753 1438 opietatis
803 1361 1016 1417 aﬂectu.
1061 1357 1229 1430 Ungc,
1255 1358 1448 1428 inquit,
1479 1366 1631 1426 caput
1660 1365 1828 1420 tuum,
1855 1363 1902 1408 et
1930 1353 2119 1422 faciem

540 1464 688 1510 tuam
749 1452 901 1517 lava;
953 1450 1095 1519 quod
1141 1460 1224 1504 est
1270 1446 1554 1502 manifeste
1602 1447 1802 1512 dicere,
1852 1443 2122 1500 Perfunde

539 1552 777 1602 mentem
827 1542 1022 1613 spiritu
1065 1541 1284 1604 lmtitiae,
1315 1539 1471 1594 bonis
1507 1536 1760 1608 operibus
1797 1534 2118 1600 insudando,

539 1647 597 1694 et
619 1637 810 1693 faciem
840 1646 1010 1700 tuam,
1035 1633 1241 1689 scilicet
1265 1632 1676 1696 conscientiam,
1700 1629 1950 1700 lacrymis
1979 1627 2120 1691 lava,

2211 434 2302 491 alii
2324 433 2606 490 transferri
2629 440 2855 502 queunt.
2880 433 2987 488 Sed
3009 432 3134 486 dum
3158 431 3260 487 ista
3285 444 3506 504 propter
3517 433 3802 493 Christum

2209 527 2529 590 amittimus,
2549 540 2613 580 ea
2636 540 2757 596 quae
2779 524 2832 578 in
2856 525 2972 594 ipso
2995 531 3143 590 sunt,
3164 523 3320 580 nobis
3343 524 3804 584 thesaurizamus.

2209 617 2347 674 Nam
2373 617 2477 672 etsi
2513 615 2818 688 specialiter
2856 616 2923 671 de
2961 615 3303 688 eleemosyna
3344 632 3682 683 moneamur,
3715 635 3806 690 ge-

2211 709 2468 766 neraliter
2511 718 2693 763 tamen
2728 709 2796 764 de
2830 708 2976 762 omni
3020 723 3185 779 opere
3223 708 3489 763 virtutum
3524 709 3806 778 accipien-

2213 801 2362 856 dum.
2395 800 2528 867 Quia
2580 798 2840 870 quidquid
2885 815 2986 869 pro
3019 799 3240 855 Christo
3287 799 3660 870 temporaliter
3702 802 3808 856 int-

2215 893 2520 964 pendimus,
2546 891 2694 946 illinc
2734 891 2788 946 in
2831 906 2898 948 eo
2937 890 3268 947 zelernaliter
3295 892 3565 961 recepturi
3594 907 3805 947 sumus.

2218 984 2374 1042 Unde
2404 979 2492 1040 illa
2523 1001 2641 1054 quae
2682 984 2942 1054 gerimus,
2973 1000 3188 1056 semper
3211 1000 3277 1040 eo
3315 987 3494 1041 studio
3521 1001 3684 1057 agere
3711 1001 3809 1042 cu-

2218 1077 2448 1132 randum
2483 1086 2586 1139 est,
2616 1085 2675 1131 ut
2712 1075 2931 1132 Christo
2956 1075 3289 1146 placeamus,
3321 1087 3482 1148 atque
3505 1093 3602 1149 per
3628 1080 3734 1134 hoc
3757 1080 3813 1134 in

2221 1171 2311 1226 illo
2369 1172 2746 1226 thesaurorum
2793 1187 2994 1228 arcana
3040 1173 3200 1229 nobis
3250 1173 3527 1230 recondita
3583 1174 3816 1231 solerter

2220 1277 2608 1334 praeparemus.

2295 1351 2397 1406 Ubi
2439 1369 2532 1407 nec
2581 1370 2759 1425 aerugo
2796 1371 2890 1408 nec
2933 1355 3072 1409 tinea
3119 1356 3430 1422 comedunt;
3474 1373 3636 1429 neque
3670 1359 3816 1429 fures

2221 1441 2478 1513 eﬂ‘odiunt
2537 1460 2630 1498 nec
2680 1445 2949 1515 furantur.
3006 1445 3376 1503 Praetermissa
3435 1448 3602 1520 igitur
3662 1465 3820 1504 vana:

2224 1535 2399 1592 laudis
2419 1551 2572 1602 cura,
2597 1547 2652 1592 et
2677 1538 2980 1593 invidorum
3007 1539 3421 1608 obtrectatione,
3449 1541 3647 1613 quibus
3675 1542 3819 1597 dun-

2227 1639 2377 1686 taxat
2428 1631 2648 1700 pretiosi
2703 1642 3124 1702 corrumpuntur
3175 1633 3415 1689 thesauri
3470 1634 3819 1699 animarum,

540 1738 597 1786 ut
618 1729 817 1783 munda
846 1728 917 1782 sit
949 1727 1002 1780 in
1035 1726 1183 1781 omni
1215 1738 1378 1795 opere
1406 1732 1498 1777 tuo
1527 1736 1681 1777 mens
1711 1731 1766 1775 et
1792 1719 2121 1774 conscientia
2150 1719 2198 1780 B
2228 1737 2496 1793 ponamus
2522 1737 2740 1777 omnem
2767 1737 2915 1794 spem
2949 1732 3189 1778 nostram
3219 1723 3273 1778 in
3297 1724 3631 1790 ccclestibus,
3655 1733 3714 1780 et
3747 1725 3820 1781 ibi

533 1836 718 1878 coram
757 1819 886 1874 Deo.
919 1818 1069 1873 Beati
1111 1817 1255 1872 enim
1297 1817 1492 1870 mando
1523 1814 1699 1877 corde,
1730 1812 1977 1884 quoniam
2023 1811 2125 1881 ipsi

532 1910 705 1967 Deum
753 1909 996 1964 videbunt
1042 1907 1260 1980 (Matth.
1308 1922 1374 1973 v,
1426 1905 1502 1976 6).
1559 1905 1810 1974 Alioquin
1848 1903 1901 1956 in
1934 1901 2127 1956 diebus

533 2001 868 2076 jejuniorum
899 2010 1231 2065 nostrorum,
1257 2014 1354 2054 nec
1385 2007 1545 2067 caput
1585 1995 1778 2052 sufﬁcit
1821 1993 2129 2050 misericor-

543 2095 649 2149 diae
693 2091 950 2163 operibus
992 2090 1216 2161 perungi
1251 2089 1368 2144 sine
1403 2103 1534 2158 pura
1565 2085 1918 2149 conscientia,
1953 2097 2130 2152 neque

526 2185 932 2242 conscientiam
958 2182 1151 2238 suﬂicit
1163 2183 1347 2237 lavare
1367 2182 1435 2235 ab
1448 2180 1701 2250 operibus
1713 2176 1942 2248 peccati,
1957 2176 2002 2230 si
2020 2190 2128 2228 non

538 2280 685 2336 bona
711 2293 832 2347 qua:
860 2292 1145 2348 possumus
1171 2276 1441 2330 instanter
1464 2289 1702 2344 agamus.
1732 2272 1881 2328 Unde
1902 2279 1960 2325 ut
1982 2269 2129 2325 reni-

540 2379 654 2426 teat
681 2380 843 2440 caput
873 2369 1110 2440 Spiritus
1141 2351 1323 2422 sancti.
1345 2367 1516 2439 gratia
1544 2364 1842 2435 perfusum,
1869 2372 2132 2434 purgetur

538 2461 872 2518 conscientia
923 2459 992 2515 ab
1035 2459 1183 2514 omni
1235 2458 1355 2512 labe
1386 2457 1610 2527 peccati,
1648 2464 1702 2510 et
1740 2455 1947 2509 lavetur
1983 2454 2132 2508 fonte

539 2552 931 2626 lacrymarum,
963 2560 1236 2621 quatenus
1263 2549 1527 2619 jejunium
1561 2547 1894 2617 acceptabile
1932 2545 2047 2611 fiat,
2078 2552 2132 2599 et

543 2659 647 2700 nos
687 2642 923 2714 Spiritus
954 2643 1128 2698 sancti
1169 2641 1342 2713 gratia
1377 2639 1642 2696 delibatos
1683 2639 2134 2708 candidioresque

547 2736 909 2794 commendet.

618 2826 702 2881 Ne
732 2826 960 2880 videaris
990 2825 1286 2879 hominibus
1304 2825 1582 2896 jejunum,
1609 2824 1700 2877 sed
1744 2822 1882 2892 patri
1919 2832 2008 2876 tuo
2045 2823 2134 2893 qui

541 2929 618 2974 est
640 2919 693 2971 in
715 2915 1038 2971 abscondito.
1063 2915 1127 2969 Et
1154 2925 1302 2986 pater
1326 2924 1454 2968 tuus
1468 2914 1557 2984 qui
1579 2913 1712 2968 videt
1732 2913 1786 2967 in
1807 2912 2131 2978 abscondito,

2229 1817 2681 1880 thesaurizemus,
2715 1817 2806 1871 ubi
2844 1832 2942 1888 per
2970 1832 3119 1886 spem
3145 1815 3260 1886 jam
3301 1831 3510 1883 sumus,
3536 1833 3634 1887 per
3658 1818 3823 1873 ﬁdem

2229 1909 2407 1964 adhuc
2427 1908 2726 1980 gradimur,
2742 1923 2839 1978 per
2854 1908 3177 1964 charitatem
3205 1908 3601 1978 amplectimur.
3620 1907 3822 1963 Verum

2229 2001 2322 2058 hic
2351 2002 2534 2055 omnia
2563 1999 2904 2056 metallorum
2938 2001 3274 2072 splendentia
3307 2017 3488 2074 aerugo
3526 2002 3825 2069 consumit,

2225 2101 2284 2156 et
2307 2092 2750 2148 vestimentorum
2780 2093 3069 2148 renitentia
3096 2093 3240 2148 tinea
3268 2094 3354 2149 vel
3377 2103 3626 2152 vetustas
3646 2103 3818 2149 vasta-

2229 2182 2330 2238 bit.
2369 2181 2455 2248 Et,
2487 2191 2547 2238 ut
2569 2183 2878 2239 evidentius
2905 2184 3113 2254 loquar,
3151 2199 3491 2256 quaecunque
3532 2186 3586 2242 in
3623 2187 3828 2243 mundo

2230 2280 2576 2351 possidentur
2625 2281 2997 2351 praeteribunt,
3040 2283 3180 2339 unde
3232 2284 3407 2338 tribus
3457 2284 3578 2340 istis
3626 2285 3828 2342 verbis.

2233 2373 2412 2428 omnis
2435 2373 2874 2444 concupiscentia
2904 2373 3116 2438 mundi,
3144 2385 3198 2430 et
3231 2376 3474 2430 avaritiae
3503 2375 3663 2432 luxus
3695 2393 3829 2434 con-

2233 2465 2541 2519 demnatur.
2574 2463 2710 2519 Nam
2750 2473 2806 2521 et
2845 2465 3149 2530 moraliter,
3175 2466 3220 2521 si
3252 2466 3382 2537 quid
3408 2468 3461 2522 in
3493 2483 3660 2524 carne
3688 2469 3828 2540 geri-

2233 2569 2376 2620 mus,
2427 2556 2712 2612 tbesauros
2743 2556 2797 2611 in
2849 2565 2994 2612 terra
3043 2557 3348 2624 condimus,
3388 2557 3516 2614 dum
3556 2561 3835 2630 pretiosos

2233 2647 2479 2718 corporis
2517 2662 2709 2703 sensus
2738 2649 2968 2705 terrenis
2997 2649 3281 2706 desideriis
3308 2666 3656 2723 occupamus.
3686 2654 3836 2726 Ergo

2233 2753 2357 2795 cum
2409 2740 2555 2812 gula,
2606 2755 2700 2796 seu
2757 2739 3048 2798 fornicatio
3100 2751 3411 2809 exercetur,
3455 2744 3719 2800 talentum
3770 2747 3831 2804 in

2236 2838 2380 2886 terra
2434 2831 2778 2888 confossatur
2827 2833 3067 2906 :erugine
3121 2846 3534 2906 consumptum,
3581 2838 3833 2910 profecto

2237 2920 2362 2992 quia
2393 2919 2602 2977 ferreas
2635 2932 2840 2978 mentes
2886 2923 3050 2978 libido
3092 2923 3279 2980 domat
3305 2934 3360 2980 et
3386 2927 3595 2993 erodit;
3631 2928 3834 2986 deinde

542 3009 722 3064 reddet
748 3009 861 3062 tibi.
901 3007 1218 3062 Hominibus
1253 3007 1435 3077 itaque
1461 3005 1548 3060 ille
1569 3004 1799 3075 jejunat,
1825 3005 1916 3075 qui
1950 3004 2135 3060 favore
2167 3083 2204 3093 _
2238 3029 2447 3068 morum
2476 3014 2811 3081 indumenta,
2842 3015 2944 3082 ira,
2968 3015 3243 3086 superbia,
3274 3016 3455 3086 timor,
3483 3028 3540 3074 et
3567 3036 3836 3093 arrogan-

541 3115 734 3156 eornm
767 3108 960 3170 captus
993 3114 1186 3154 vanam
1221 3097 1451 3166 gloriam
1483 3097 1676 3167 quaerit
1702 3113 1715 3149 :
1745 3095 1834 3151 ille
1863 3111 1992 3150 vero
2018 3095 2132 3150 Deo
2159 3083 2206 3146 Ο
2238 3103 2332 3168 tia,
2361 3117 2456 3158 seu
2489 3105 2666 3159 omnis
2694 3106 2942 3161 vitiorum
2984 3083 3256 3164 esercitus
3280 3083 3516 3176 vastant,
3545 3127 3669 3167 cum
3697 3083 3832 3183 qui-

541 3193 718 3260 Patri,
747 3195 838 3264 qui
889 3201 1112 3263 propter
1149 3191 1266 3260 ejus
1318 3205 1556 3246 amorem
1607 3204 1727 3244 sese
1766 3197 2036 3254 macerat,
2077 3196 2134 3242 et

539 3284 685 3353 quod
712 3283 816 3337 sibi
837 3281 1108 3336 subtrahit
1133 3280 1288 3335 alteri
1317 3280 1560 3351 largitur.
1595 3278 1706 3332 Nec
1740 3294 1846 3333 non
1884 3278 2049 3333 etiam
2086 3277 2134 3332 is

541 3371 647 3428 sibi
685 3370 894 3440 jejunat
939 3381 994 3427 et
1033 3385 1142 3426 non
1189 3369 1318 3436 Deo,
1349 3371 1440 3440 qui
1489 3368 1716 3423 avaritia
1760 3367 2046 3438 pellectus,
2078 3368 2133 3422 in

541 3475 824 3537 posterum
871 3466 973 3521 sibi
1015 3466 1081 3520 de
1123 3480 1230 3535 quo
1256 3464 1532 3525 abstinuit,
1559 3471 1818 3516 reservat.
1844 3460 2014 3515 Porro
2038 3475 2135 3513 au-

541 3564 655 3613 tem
685 3558 774 3629 qui
799 3557 908 3614 Deo
934 3556 1167 3629 jejunat,
1197 3571 1331 3626 pura
1371 3553 1704 3611 conscientia
1739 3552 1884 3607 intus
1921 3551 1973 3606 in
2005 3551 2131 3606 abs-

543 3650 764 3706 condito
807 3648 965 3705 oifert
1005 3650 1255 3719 profecto
1295 3648 1386 3704 ubi
1438 3647 1582 3702 Deus
1623 3645 1786 3701 Pater
1823 3645 2024 3700 videat.
2073 3643 2132 3699 Si

543 3742 688 3797 eriim
707 3757 810 3812 per
833 3742 992 3797 [idem
1025 3741 1111 3796 ille
1135 3742 1281 3795 intus
1301 3739 1354 3794 in
1383 3739 1699 3794 abscondito
1728 3753 1848 3793 esse
1872 3737 2131 3802 creditur,

541 3831 617 3888 ibi
667 3840 751 3886 est
783 3830 1137 3900 jejunandum
1185 3845 1294 3901 quo
1336 3831 1450 3900 ipse
1483 3829 1676 3889 videat,
1713 3828 1836 3897 quia
1871 3843 1976 3883 non
2006 3825 2131 3880 alibi

543 3922 733 3976 videre
770 3930 971 3991 potest,
1005 3921 1096 3990 qui
1146 3935 1410 3989 nusquam
1463 3920 1632 3983 deest,
1665 3933 1824 3988 quam
1868 3932 1975 3986 quo
2013 3931 2134 3972 esse

540 4009 824 4084 probatur.
850 4012 1058 4068 idcirco
1087 4027 1310 4069 necesse
1349 4021 1434 4067 est
1472 4010 1724 4081 jejunans
1761 4011 1840 4066 sic
1877 4010 2043 4077 vivat,
2074 4019 2134 4065 ut

543 4107 595 4162 ei
623 4107 855 4177 placeat,
882 4122 1041 4176 quem
1072 4106 1125 4162 in
1148 4115 1371 4178 pectore
1395 4114 1594 4177 portat.

618 4197 800 4253 Nolite
843 4199 1203 4254 thesaurisare
1256 4199 1398 4253 vobis
1439 4199 1712 4253 thesauros
1751 4199 1806 4252 in
1862 4208 2035 4264 terra,
2080 4205 2135 4253 et

543 4294 776 4364 reliqua.
835 4293 1014 4348 Hieret
1075 4295 1192 4350 haec
1258 4294 1529 4349 sententia
1600 4294 2134 4349 circumstantialiter

545 4386 638 4441 ubi
670 4386 746 4440 ait
778 4404 791 4440 :
819 4385 901 4440 Ne
939 4385 1164 4440 videaris
1209 4385 1506 4441 hominibus
1545 4385 1818 4457 jejunans.
1862 4387 1998 4454 Quia
2037 4386 2128 4458 qui

539 4475 770 4547 jejunat,
813 4494 906 4534 seu
963 4479 1298 4536 reservando
1331 4479 1473 4550 quod
1521 4494 1629 4535 non
1676 4480 1864 4544 ederit,
1897 4495 1988 4536 seu
2020 4481 2132 4552 glo-

547 4567 686 4624 riam
735 4567 835 4623 sibi
883 4568 1174 4638 qnaerendo
1219 4569 1364 4639 quod
1409 4569 1689 4637 abstinuit,
1723 4571 1776 4627 in
1827 4572 2134 4628 terrisuti-

545 4674 650 4729 que
688 4659 856 4732 358
892 4661 993 4715 sibi
1045 4661 1397 4716 thesaurisat.
1446 4661 1619 4717 Omne
1666 4664 1808 4718 enim
1850 4665 1991 4735 quod
2034 4679 2132 4734 pro

545 4751 778 4806 terrenis
825 4751 1129 4806 commodis
1167 4752 1426 4821 gerimus,
1468 4753 1520 4807 in
1575 4755 1736 4810 terris
1791 4756 2128 4811 thesauriza~

545 4856 688 4897 mins.
721 4842 783 4896 Et
821 4857 982 4897 omne
1016 4842 1158 4911 quod
1201 4852 1423 4914 propter
1451 4845 1616 4898 Deum
1647 4847 1874 4918 agimus,
1912 4849 1978 4901 ad
2019 4864 2128 4903 cu:-

547 4931 658 4988 lum
718 4934 1146 5003 transponimus.
1199 4933 1406 4990 C(elum
1461 4945 1642 4992 autem
1696 4939 1797 4993 hoc
1861 4937 1978 4993 loco
2031 4955 2131 5009 pro

548 5023 858 5078 aeternitate
884 5023 1126 5092 ponitur,
1153 5034 1298 5079 terra
1325 5041 1448 5081 vero
1476 5043 1573 5098 pro
1601 5029 1946 5084 transitoriis.
1983 5030 2130 5084 Unde

547 5116 810 5186 quidquid
843 5117 1077 5188 agimus,
1112 5116 1201 5173 vel
1240 5129 1504 5189 quantum
1531 5122 1758 5192 agimus,
1790 5136 1890 5191 pro
1916 5123 2133 5178 aeternis

549 5221 715 5276 agere
754 5208 1036 5273 debemus,
1077 5217 1132 5264 et
1177 5209 1231 5265 in
1281 5211 1633 5282 spiritalibus,
1670 5221 1729 5266 ut
1774 5212 1828 5266 in
1873 5220 2130 5268 aeternum

552 5295 786 5352 feliciter
825 5297 1007 5352 vivere
1043 5300 1330 5370 possimus.
1383 5300 1493 5356 Nec
1537 5301 1721 5371 itaque
1768 5301 2131 5370 cogitandum,

551 5389 698 5459 quod
751 5389 854 5444 ista
915 5401 1130 5446 terrena
1174 5400 1564 5461 praeceptorum
1614 5393 2130 5450 usibus-distributa

551 5477 753 5540 ibidem
785 5489 1072 5554 aggregata
1119 5482 1189 5536 ad
1234 5480 1471 5535 litteram
1518 5481 1872 5549 inveniemus,
1905 5485 2000 5540 sed
2037 5501 2136 5555 pro

553 5570 834 5628 servitutis
874 5581 1073 5626 nostrae
1098 5571 1354 5642 operibus
1381 5569 1501 5626 illos
1527 5572 1581 5626 in
1611 5574 1828 5631 Christo
1859 5578 2138 5648 sapientiae

549 5664 838 5723 thesauros
876 5673 933 5720 et
975 5665 1219 5721 scientia:
1265 5665 1621 5740 acquirimus.
1660 5666 1845 5746 Neque
1885 5671 2030 5728 enim
2081 5673 2135 5729 in

2157 4441 2211 4505 D

2235 3195 2335 3249 bus
2359 3195 2403 3248 si
2428 3196 2556 3264 quid
2582 3195 2853 3251 residuum
2882 3198 3066 3267 fuerit,
3097 3199 3266 3267 fures,
3289 3201 3593 3258 daemonum
3617 3203 3834 3261 scilicet

2239 3287 2562 3354 multidndo,
2591 3289 2849 3345 effodiunt
2891 3302 2945 3347 et
2991 3293 3258 3348 furantur.
3297 3293 3451 3350 Unde
3480 3296 3674 3351 beatus
3700 3295 3831 3365 Job,

2237 3387 2414 3435 tactus
2441 3381 2624 3436 dolore
2653 3383 2856 3449 cordis,
2880 3384 3083 3455 plangit
3123 3385 3309 3442 dicens
3335 3403 3348 3440 :
3377 3385 3445 3440 Et
3483 3386 3574 3458 qui
3618 3404 3701 3443 me
3732 3406 3831 3443 co-

2235 3470 2449 3524 medunt
2475 3469 2641 3543 3&9
2671 3489 2774 3526 non
2827 3473 3116 3540 dormiunt,
3159 3492 3192 3528 a
3233 3473 3592 3541 multitudine,
3628 3475 3830 3548 inquit,

2236 3567 2786 3618 eorum'consumitur
2825 3567 3184 3620 vestimentum
3221 3583 3394 3621 meum
3433 3566 3566 3622 δίεπε
3605 3586 3640 3622 a
3684 3571 3834 3626 tinea

2237 3653 2360 3727 (Job
2403 3671 2543 3717 xxx,
2586 3655 2696 3725 l7).
2744 3655 2948 3724 Quibus
2983 3673 3112 3713 sane
3160 3658 3339 3714 verbis
3392 3659 3627 3715 ostendit
3677 3663 3830 3730 quod

2237 3751 2423 3815 etiam,
2451 3765 2587 3821 quos
2609 3751 2750 3806 Deus
2775 3752 2967 3822 probat
2990 3750 3258 3806 interdum
3293 3751 3476 3808 multis
3502 3752 3829 3809 insidiarum

2237 3839 2488 3895 dentibus
2527 3842 2908 3906 corroduntur,
2939 3848 2994 3897 et
3038 3848 3346 3896 atteruntur
3394 3841 3552 3897 sicuti
3597 3857 3628 3896 a
3677 3843 3830 3900 tinea

2234 3931 2494 4000 paulatim
2524 3932 2648 3986 dum
2681 3948 2870 3987 eorum
2901 3933 3212 3988 indumenta
3238 3933 3652 4004 subripientium
3681 3935 3832 3990 frau-

2236 4024 2397 4078 dibus
2421 4034 2863 4096 corrumpuntur.
2889 4023 3040 4091 Quod
3071 4025 3206 4080 bene
3241 4026 3428 4096 paucis
3470 4024 3650 4079 verbis
3681 4026 3833 4080 veri-

2236 4116 2364 4171 tatis
2403 4115 2656 4187 Magister
2697 4131 2892 4172 cavere
2931 4131 3059 4172 suos
3099 4116 3404 4182 instituens,
3431 4115 3591 4170 simul
3631 4118 3827 4173 omnia

2236 4207 2665 4277 comprehendit.

2325 4297 2737 4363 Thesaurizate,
2797 4296 3009 4367 inquit,
3054 4297 3192 4351 vobis
3241 4297 3514 4352 thesauros
3563 4299 3619 4352 in
3672 4299 3830 4357 celo.

2234 4389 2314 4444 Ac
2348 4390 2392 4444 si
2435 4388 2581 4444 dicat
2610 4408 2622 4442 :
2655 4388 2788 4443 Cum
2814 4388 3071 4459 jejunatis
3095 4427 3110 4453 ,
3145 4396 3236 4442 aut
3264 4387 3469 4458 aliquid
3517 4389 3647 4444 boni
3694 4405 3831 4462 Ope.

2240 4481 2316 4535 ris
2354 4479 2546 4551 agitis,
2597 4478 2670 4533 ibi
2719 4481 3028 4544 recondite,
3072 4477 3164 4532 ubi
3224 4492 3330 4535 non
3374 4477 3614 4534 adulatio
3641 4518 3658 4544 ,
3712 4495 3831 4536 non

2237 4587 2374 4627 vana
2427 4570 2594 4638 gloria
2629 4579 2958 4640 corrumpat.
3009 4569 3144 4623 Cum
3174 4584 3306 4624 vero
3337 4576 3678 4624 terrenarum
3720 4570 3831 4624 ali-

2234 4663 2361 4734 quid
2395 4671 2618 4732 propter
2663 4661 3066 4724 abstinentiam,
3115 4662 3254 4730 quod
3287 4662 3448 4716 etiam
3481 4670 3680 4715 natura
3706 4661 3832 4730 ipsa

2233 4754 2420 4822 exigit,
2453 4753 2605 4808 vobis
2640 4752 2978 4816 subtrahitis,
3023 4753 3123 4806 hoc
3152 4761 3207 4807 et
3235 4753 3378 4808 aliud
3429 4753 3571 4823 quod
3612 4754 3832 4809 habetis

2236 4846 2310 4900 ibi
2362 4843 2606 4913 reponite
2657 4842 3047 4905 conservanda,
3095 4857 3221 4910 quo.
3249 4859 3524 4912 nunquam
3560 4841 3710 4898 fures
3743 4846 3833 4901 vel

2237 4936 2514 5006 corruptio
2550 4934 2720 5006 possit
2744 4935 3018 4989 accedere.
3047 4933 3382 4990 Postremum
3406 4934 3666 5006 quidquid
3697 4936 3833 4992 illud

2235 5037 2319 5083 est
2350 5027 2490 5096 quod
2523 5042 2688 5098 opere
2715 5027 2786 5082 sit
2814 5025 3099 5096 agendum,
3132 5026 3450 5095 spiritaliter
3478 5028 3654 5099 agite;
3697 5032 3832 5100 quia

2236 5122 2328 5193 qui
2378 5121 2609 5176 seminat
2651 5120 2702 5174 in
2755 5133 2919 5173 carne
2947 5133 3044 5174 sua
3075 5119 3142 5174 de
3193 5133 3359 5174 carne
3398 5128 3562 5174 metet
3607 5129 3664 5176 et
3709 5137 3832 5178 cor-

2235 5213 2560 5282 ruptionem,
2595 5218 2650 5264 et
2679 5209 2771 5280 qui
2800 5209 3032 5264 seminat
3069 5209 3122 5264 in
3147 5210 3338 5281 spiritu
3365 5210 3432 5266 de
3458 5210 3653 5280 spiritu
3708 5228 3828 5269 me-

2237 5312 2317 5359 tet
2358 5305 2520 5359 vitam
2561 5310 2842 5356 aeternam.
2874 5299 2992 5366 Qua
3024 5299 3093 5356 de
3135 5316 3298 5355 causa
3350 5301 3721 5358 thesaurizate
3776 5304 3830 5360 in

2242 5393 2598 5466 spiritalibus,
2622 5391 2676 5446 id
2715 5402 2800 5446 est
2826 5391 2881 5446 in
2909 5391 3084 5457 caelis,
3112 5400 3172 5445 ut
3203 5393 3270 5446 de
3296 5392 3634 5462 spiritalibus
3662 5396 3830 5450 vitam

2240 5485 2553 5558 percipiatis
2601 5493 2882 5537 aeternam.
2918 5482 2986 5536 Et
3029 5483 3132 5538 hoc
3180 5483 3474 5539 notandum
3525 5487 3669 5554 quod
3716 5504 3827 5543 non

2239 5579 2315 5634 ait
2358 5596 2371 5631 :
2411 5576 2802 5631 Thesauri'cate
2851 5575 2980 5631 mihi
3007 5615 3022 5642 ,
3071 5577 3164 5632 sed
3204 5577 3364 5643 vobis,
3407 5579 3532 5649 quia
3562 5578 3828 5652 quidquid

2240 5672 2365 5732 boni
2411 5669 2593 5744 operis
2639 5685 2736 5742 pro
2765 5667 2882 5741 ejus
2910 5684 3096 5728 amore
3125 5669 3388 5742 facimus,
3438 5690 3548 5734 non
3589 5675 3702 5747 illi,
3729 5679 3829 5734 sed
