4016 6360
158 384 274 442 305

927 381 1312 442 .EXPOSI'I‘IO
1343 381 1413 440 ΙΝ
1451 381 1892 445 ΜΑΤΤΗᾸΞΒΜ.
1929 414 2002 428 --
2038 383 2168 443 LIB.
2203 380 2296 456 iV,
2335 383 2489 444 CAP.
2531 384 2619 446 Vl.

3317 390 3426 450 506

161 498 328 556 nobis
349 510 656 570 prosumus.
687 493 822 551 Hinc
853 495 1021 552 David
1055 498 1134 552 ait
1170 517 1183 552 :
1220 495 1479 554 Conserva
1506 514 1610 566 me,
1637 497 1744 552 Do-
1770 500 1823 561 Α
1845 497 2096 556 Christus
2139 508 2194 556 et
2243 499 2384 556 bona
2433 499 2582 568 ﬁeri,
2633 507 2690 558 et
2733 516 2800 558 ex
2841 502 2986 561 bono
3045 507 3242 563 mentls
3283 521 3414 579 pro-

159 591 331 654 mitte,
353 589 604 658 quoniam
626 586 877 641 bonorum
904 604 1138 642 meorum
1165 605 1268 644 non
1294 605 1410 660 eges
1449 587 1626 660 (Paul.
1656 594 1747 654 xv,

163 683 244 752 ί).
275 679 421 735 Nihil
454 680 620 748 igitur
657 687 780 750 eget
825 678 1073 744 alterius,
1117 689 1174 734 et
1207 679 1328 736 ideo
1371 679 1632 750 quidquid
1675 678 1754 736 illi

163 771 462 825 tribuimus
499 768 658 824 nobis
698 777 968 824 servatur.
1000 768 1268 824 Caeterum
1310 771 1453 840 quod
1500 771 1618 826 ait:
1651 767 1753 826 Ubi

159 877 260 915 nec
294 876 495 930 arugo,
525 859 786 917 nec.tinea
807 859 1362 924 demolitur,ostendit
1387 861 1530 931 quod
1557 860 1753 917 futura

160 951 374 1006 divitiae
417 959 732 1005 sanctorum
763 949 1198 1020 incorruptibiles
1223 959 1402 1004 erunt.
1444 948 1596 1017 Quod
1624 964 1755 1006 vero

159 1025 318 1096 illinc
351 1055 456 1094 nec
489 1036 637 1094 fures
665 1037 946 1104 eﬁ‘odiunt,
991 1053 1092 1093 nec
1121 1037 1392 1105 furantur,
1441 1037 1756 1094 manifestat

161 1133 297 1201 quia
349 1132 548 1186 ibidem
605 1131 831 1186 ulterius
892 1130 1151 1186 adversus
1208 1131 1413 1187 electos
1463 1131 1558 1187 Dei
1608 1131 1754 1187 nulla

160 1226 322 1282 fraus
348 1225 544 1280 diaboli
573 1223 919 1294 praevalebit;
953 1224 1092 1279 unde
1131 1223 1251 1280 sine
1301 1223 1407 1280 fine
1435 1223 1539 1280 illis
1576 1225 1755 1280 incor-

163 1317 446 1388 ruptibilis
480 1317 587 1371 erit
619 1317 812 1388 gloria.
841 1326 896 1373 et
919 1331 983 1373 ea
1011 1317 1128 1373 sine
1155 1317 1334 1389 aliqua
1364 1318 1547 1374 delicti
1573 1328 1754 1374 trans-

159 1409 452 1480 gressione
475 1423 689 1480 semper
714 1407 975 1475 fruentes,
1007 1410 1147 1465 beati
1172 1425 1271 1480 per
1289 1411 1522 1483 gratiam
1550 1411 1755 1466 incom-

164 1501 506 1556 mutabiliter
531 1510 715 1555 erunt.
744 1499 1004 1570 Sequitur
1027 1519 1039 1554 :

245 1589 350 1644 Ubi
375 1600 449 1645 est
482 1592 763 1644 thesaurus
789 1601 930 1657 tuus,
965 1591 1041 1645 ibi
1079 1601 1153 1646 est
1186 1601 1233 1646 et
1277 1609 1368 1647 cor
1403 1603 1570 1647 tuum.
1620 1592 1758 1660 Quia

168 1687 266 1755 qui
297 1686 351 1740 in
382 1685 538 1740 terris
566 1684 920 1747 tbesaurizat,
951 1699 1048 1739 cor
1072 1685 1324 1739 deorsum
1355 1684 1628 1749 habet,~et
1665 1683 1757 1753 qui

147 1778 222 1832 ein
245 1777 422 1843 caelis,
449 1777 502 1831 id
526 1786 609 1832 est
635 1777 690 1831 in
716 1776 1070 1848 spiritalibus,
1088 1792 1184 1846 spe
1206 1778 1318 1846 jam
1350 1777 1404 1830 in
1440 1776 1758 1832 sublimibus

1851 589 2030 660 posito
2065 589 2154 645 illa
2201 591 2356 654 oriri.
2391 591 2646 664 Alioquin
2692 593 2740 648 si
2777 593 3094 665 justificatio
3135 606 3318 655 nostra
3351 613 3426 658 ex

1853 679 1958 736 ﬁde
1980 689 2085 748 est,
2099 681 2222 766 quis
2243 682 2742 752 poteritjustificari
2769 699 2869 756 per
2887 701 3010 743 eam
3039 687 3198 744 ﬁdem
3221 704 3341 761 quae
3365 691 3424 748 in
3452 711 3468 752 ι

1851 788 1914 829 se
1940 775 2190 845 ambigua
2235 776 2357 832 est?
2407 776 2507 833 Ubi
2554 779 2924 848 quaerendum,
2956 779 3001 836 si
3031 781 3260 839 virtutes
3302 799 3427 856 qua

1853 863 1993 920 mala
2023 867 2318 922 intentione
2365 866 2521 933 ﬁunt,
2549 869 2680 924 vitia
2729 879 2884 935 sunt,
2931 880 3115 928 utrum
3149 873 3280 929 vitia
3305 890 3428 943 quae

1831 972 2067 1012 'rursum
2095 958 2344 1013 videntur
2393 960 2534 1015 bono
2591 962 2866 1033 proposito
2910 961 3050 1028 ﬁeri,
3081 966 3298 1034 quando
3331 965 3426 1022 Dei

1847 1046 2054 1118 judicio
2083 1048 2336 1116 fallimur,
2370 1051 2424 1106 in
2475 1051 2648 1108 lucem
2693 1055 3135 1123 interpretentur.
3168 1055 3424 1125 Alioquin

1851 1144 2073 1215 pronior
2101 1144 2362 1199 severitas
2379 1145 2590 1200 videtur
2620 1146 2686 1200 ad
2725 1145 2894 1216 culpae
2920 1145 3234 1213 vindictam,
3263 1163 3426 1216 quam

1853 1233 2006 1305 origo
2029 1234 2154 1289 boni
2186 1235 2254 1288 ad
2279 1234 2495 1290 virtutis
2540 1244 2903 1306 augmentum.
2931 1236 3037 1293 Sed
3080 1236 3283 1306 judicia
3328 1238 3425 1294 Dei

1855 1325 2083 1397 abyssus
2106 1324 2294 1380 multa.
2325 1324 2456 1391 Quis
2497 1326 2641 1380 enim
2673 1327 2842 1393 novit,
2887 1341 2995 1396 quo
3021 1327 3222 1398 judicio
3249 1328 3340 1382 Dei
3370 1327 3426 1383 in

1853 1417 2044 1472 eodem
2087 1416 2228 1471 bono
2255 1418 2529 1488 proposito
2557 1417 2840 1473 fallamur?
2867 1417 2964 1475 Vel
3008 1420 3130 1490 quis
3178 1419 3429 1492 intelligit

1855 1507 1900 1562 si
1931 1506 2177 1561 voluntas
2205 1517 2386 1562 nostra
2431 1508 2577 1562 omni
2626 1509 3032 1564 circumstantia
3064 1518 3246 1566 nostra
3278 1521 3430 1567 recta

1850 1595 2156 1666 iudicetur?
2206 1595 2364 1666 351
2421 1597 2804 1653 Verumtamen
2864 1598 3134 1654 fidendum
3193 1599 3262 1657 de
3321 1601 3429 1656 Do-

1855 1685 1989 1741 mini
2038 1686 2306 1752 bonitate;
2352 1687 2395 1740 si
2447 1696 2595 1743 recta
2645 1688 2942 1745 intentione
2994 1699 3242 1761 gerentes
3293 1691 3432 1747 labi-

1858 1794 1998 1841 mur,
2058 1780 2168 1834 cito
2231 1779 2348 1834 lucc
2397 1779 2520 1836 ﬁdei
2563 1791 2616 1836 et
2658 1781 3013 1840 confessionis
3057 1785 3427 1856 purgabimur.

165 1880 445 1934 versatur,
476 1879 530 1924 et
559 1883 657 1924 cor
687 1868 740 1923 in
787 1867 1024 1932 Christo,
1053 1868 1104 1922 in
1132 1883 1241 1938 quo
1269 1877 1395 1923 sunt
1421 1881 1612 1922 omnes
1637 1867 1757 1922 tlte-
1783 1877 1833 1940 Β
1861 1869 2014 1937 Quod
2047 1872 2090 1924 si
2111 1872 2402 1927 obstinatio
2423 1874 2814 1944 perduraverit,
2845 1875 3016 1948 magis
3036 1878 3330 1934 timendum
3359 1893 3431 1934 ne

163 1963 319 2018 sauri
351 1963 692 2024 divitiarum,
729 1960 898 2018 ﬁxum
925 1962 1106 2017 habet.

240 2049 481 2107 Lucerna
509 2051 743 2122 corporis
775 2051 851 2106 tui
874 2061 951 2106 est
1003 2050 1186 2106 oculus
1229 2060 1383 2114 tuus,
1433 2059 1486 2107 et
1531 2049 1756 2121 reliqua.

175 2141 535 2212 Prosequitur
580 2151 762 2198 autem
831 2143 1384 2199 munditiam‘cordis
1440 2144 1650 2210 nostri,
1705 2152 1770 2200 et-

176 2235 250 2290 de
305 2235 566 2291 exteriore
609 2235 767 2292 docet
817 2236 1183 2307 metaphorice
1223 2236 1496 2292 interioris
1525 2237 1762 2294 hominis

175 2322 441 2380 oﬂicium.
490 2323 620 2392 Quia
654 2325 814 2380 sicut
841 2325 1014 2380 oculis
1055 2326 1174 2381 istis
1213 2325 1528 2382 carnalibus
1574 2327 1760 2382 omnia

169 2417 428 2486 corporis
468 2417 706 2471 membra
733 2416 983 2473 ordinate
1011 2419 1077 2473 ad
1102 2417 1469 2489 operationem
1512 2417 1759 2484 dirigun-

168 2516 295 2562 tur:
314 2509 389 2563 ita
412 2508 710 2564 intentione
726 2510 924 2564 mentis
939 2509 1122 2564 etluce
1148 2509 1268 2564 ﬁdei
1286 2517 1477 2564 cuncta
1503 2509 1759 2563 virtutum

159 2613 397 2670 genera,
414 2607 474 2654 ut
496 2599 735 2654 lucidum
755 2599 920 2671 35o
942 2615 1139 2670 corpus
1157 2599 1460 2671 perficiant,
1486 2598 1761 2654 illustran-

167 2701 284 2754 tur.
317 2692 416 2748 Ubi
448 2708 554 2748 non
594 2692 702 2748 nisi
734 2709 872 2748 unus
903 2701 959 2748 et
988 2693 1216 2763 simplex
1257 2693 1522 2764 quaeritur
1546 2689 1756 2760 oculus,

163 2784 241 2840 de
284 2799 396 2855 quo
443 2799 674 2855 sponsus
697 2784 750 2838 in
777 2783 1058 2840 Canticis:
1101 2782 1394 2840 Vulnerasti
1431 2801 1522 2839 cor
1563 2799 1756 2850 meum,

159 2895 330 2934 soror
367 2895 504 2944 mea,
541 2877 826 2934 vulnerasti
865 2895 957 2933 cor
1003 2894 1174 2932 meum
1224 2879 1280 2932 in
1328 2893 1432 2932 uno
1483 2875 1757 2931 oculorum

163 2979 388 3022 tuorum
432 2966 610 3040 (Cant.
651 2982 729 3034 tv,
761 2966 852 3038 9),
894 2967 985 3022 ubi
1030 2966 1377 3037 purissimum
1425 2965 1604 3021 cordis
1638 2962 1756 3033 ejus

165 3058 362 3114 lumen
421 3059 708 3131 expressit.
763 3059 896 3127 Quia
953 3058 1081 3114 licet
1135 3057 1287 3128 plura
1341 3059 1600 3112 virtutum
1655 3071 1757 3128 ge-

165 3165 309 3204 nera
349 3150 476 3205 hinc
531 3151 657 3206 inde
709 3149 1126 3220 resplendeant,
1179 3162 1244 3202 ex
1301 3163 1408 3202 uno
1455 3147 1613 3211 ﬁdei,
1661 3146 1755 3217 qui

1858 1973 1890 2014 a
1921 1959 2104 2014 radice
2139 1959 2278 2015 mala
2325 1961 2637 2018 intentionis
2667 1963 2770 2019 hoc
2805 1966 3152 2034 processerit.
3204 1967 3341 2035 Quia
3381 1967 3430 2025 si

1858 2050 1987 2120 quid
2013 2051 2167 2106 bona:
2195 2052 2458 2108 voluntati
2489 2069 2648 2110 secus
2673 2056 2960 2127 contigerit
2979 2097 2995 2120 ,
3045 2058 3266 2114 humilis
3298 2073 3431 2115 con-

1857 2140 2041 2208 fessio,
2072 2157 2192 2212 quae
2228 2144 2295 2198 de
2318 2143 2456 2200 bona
2492 2145 2765 2202 voluntate
2795 2149 3054 2214 nascitur,
3100 2149 3210 2205 cito
3233 2165 3430 2222 purga-

1856 2232 1959 2299 bit,
1991 2234 2064 2289 ita
2088 2245 2149 2290 ut
2178 2236 2230 2290 in
2257 2235 2428 2292 lucem
2457 2236 2758 2294 clarescant
2781 2239 2983 2294 omnia.
3013 2238 3128 2307 Qua
3169 2240 3235 2295 de
3263 2253 3430 2295 causa

1858 2324 1970 2382 Deo
1997 2327 2239 2399 subjecta
2262 2330 2333 2384 sit
2357 2345 2571 2400 semper
2591 2331 2792 2397 anima,
2821 2340 2875 2386 et
2903 2331 3062 2386 illud:
3096 2330 3282 2388 Revela
3321 2331 3433 2387 Do-

1855 2418 2000 2472 mino
2034 2420 2169 2474 uiam
2198 2431 2365 2486 tuam,
2387 2431 2435 2476 et
2461 2439 2612 2492 spera
2631 2424 2686 2477 in
2711 2440 2792 2489 eo,
2823 2435 2868 2478 et
2893 2425 3002 2495 ipse
3023 2423 3200 2495 faciet.

1930 2506 2053 2562 Non
2087 2511 2299 2579 potestis
2337 2510 2540 2564 duobus
2579 2512 2802 2566 dominis
2851 2515 3062 2579 servire,
3101 2523 3155 2569 et
3194 2515 3424 2587 reliqua.

1857 2598 1938 2656 De
1966 2602 2255 2657 contrariis
2284 2617 2412 2672 ergo
2437 2614 2492 2658 et
2513 2604 2654 2658 inter
2672 2618 2730 2658 se
2762 2604 3146 2661 dissidentibus
3169 2605 3426 2676 loquitur.

1859 2689 1997 2760 Quia
2042 2705 2182 2760 saepe
2218 2691 2462 2748 videmus
2515 2693 2726 2749 duobus
2773 2693 2913 2750 bene
2956 2696 3429 2764 concordantibus,

1858 2781 1975 2837 sine
2005 2780 2110 2835 ulla
2136 2782 2538 2851 perturbatione
2567 2784 2762 2839 mentis
2781 2786 3154 2855 aequanimiter
3176 2802 3282 2842 uno
3305 2801 3431 2858 pro-

1856 2871 2034 2944 posito
2058 2873 2348 2929 deservire.
2384 2873 2490 2929 Sed
2532 2889 2638 2929 non
2663 2876 2730 2931 de
2767 2876 2850 2932 bis
2875 2877 3022 2942 dicit,
3047 2878 3169 2948 quia
3210 2877 3438 2950 propter

1859 2964 2173 3020 dissidentia
2231 2980 2418 3020 rerum
2460 2966 2670 3038 negotia
2713 2966 2854 3022 inter
2898 2982 2957 3022 se
3002 2968 3102 3025 ista
3154 2971 3426 3041 proponit.

1861 3054 2014 3112 Unde
2054 3055 2232 3120 Pater,
2265 3064 2318 3111 et
2353 3055 2540 3122 Filius,
2571 3066 2626 3112 et
2653 3055 2886 3128 Spiritus
2914 3069 3151 3126 sanctus,
3183 3075 3292 3136 non
3319 3069 3431 3116 tres

1861 3143 2095 3212 Domini,
2126 3161 2354 3216 quorum
2393 3146 2565 3201 dcitas
2591 3156 2646 3202 et
2674 3147 2920 3203 voluntas
2941 3188 2956 3215 ,
2989 3158 3150 3220 atque
3187 3157 3428 3220 potestas

163 3255 272 3310 per
322 3240 644 3294 cbaritatem
673 3250 946 3311 operatur,
989 3238 1146 3295 oculo
1172 3237 1486 3292 vulneratur
1515 3237 1760 3292 Christus
1786 3236 1832 3300 C
1863 3253 1966 3291 una
1993 3236 2336 3307 praedicatur.
2369 3235 2475 3292 Sed
2523 3237 2594 3292 ibi
2634 3237 2814 3293 deficit
2839 3252 2991 3308 aequa
3037 3240 3430 3310 obtemperatio

167 3344 367 3384 amore
393 3329 698 3386 dilectionis
728 3348 741 3384 :
773 3345 898 3384 nam
937 3329 1156 3384 lucerna
1187 3327 1367 3382 lumen
1398 3327 1453 3381 in
1484 3335 1624 3382 testa
1653 3335 1756 3393 est,

165 3423 256 3477 sic
312 3432 369 3476 et
420 3423 662 3479 charitas
708 3422 908 3477 amoris
949 3419 1152 3477 Christi
1189 3421 1243 3476 in
1279 3419 1385 3476 ﬁde
1414 3419 1574 3475 lucet.
1624 3419 1759 3475 Cum

171 3523 363 3568 autem
400 3511 534 3570 ﬁdes
560 3513 874 3580 cessaverit,
923 3521 1132 3569 tantum
1183 3511 1343 3568 nobis
1371 3511 1485 3567 sola
1519 3511 1760 3568 charitas

173 3605 400 3661 luxerit.

255 3694 319 3750 Si
342 3705 516 3750 autem
552 3695 737 3751 oculus
764 3704 886 3752 tuus
913 3713 1133 3768 nequam
1163 3696 1342 3766 fuerit,
1375 3706 1541 3752 totum
1572 3710 1760 3766 corpus

171 3797 334 3842 tuum
358 3787 681 3842 tenebrosum
707 3788 826 3842 erit.
858 3787 916 3844 ld
963 3797 1065 3852 est,
1098 3787 1144 3843 si
1170 3787 1366 3842 mentis
1400 3785 1626 3842 intentio
1653 3800 1762 3842 non

171 3887 268 3934 est
297 3893 368 3932 ex
395 3877 520 3944 fide,
543 3894 771 3951 nequam
806 3889 889 3936 est
913 3899 927 3934 :
955 3889 1174 3950 propter
1199 3880 1341 3950 quod
1365 3888 1536 3935 totum
1565 3894 1762 3950 corpus

178 3977 367 4032 tuum,
400 3967 522 4023 licet
561 3970 843 4025 videantur
869 3971 1096 4026 virtutes
1138 3970 1353 4036 inesse,
1395 3969 1449 4026 id
1487 3979 1572 4028 est
1615 3979 1764 4028 totus

171 4060 418 4116 interior
437 4060 618 4128 homo,
649 4076 882 4133 nequam
911 4063 1034 4119 erit.
1068 4062 1201 4140 Quia
1227 4062 1486 4133 quidquid
1531 4077 1636 4118 non
1681 4071 1766 4120 est

169 4167 246 4208 ex
280 4152 410 4216 fide,
433 4160 714 4222 peccatum
733 4162 844 4211 est:
878 4164 1096 4225 peccata
1123 4163 1301 4210 autem
1322 4155 1502 4210 omnia
1529 4169 1764 4226 nequam

170 4251 328 4307 sunt,
363 4252 418 4296 et
441 4242 560 4299 ideo
593 4259 788 4315 corpus
825 4245 967 4315 quod
989 4261 1055 4302 ex
1085 4245 1217 4314 ipsis
1247 4254 1481 4312 constat,
1511 4247 1764 4302 tenebro-

170 4349 300 4388 sum
333 4333 461 4388 erit.
506 4331 650 4388 Nihil
699 4335 844 4390 enim
876 4334 1048 4405 magis
1078 4335 1298 4390 damnat
1331 4350 1490 4404 quam
1531 4333 1764 4390 infideli-

173 4436 370 4492 tatem,
419 4437 476 4480 et
503 4425 699 4481 malam
751 4427 1154 4498 bypocritarum
1205 4427 1590 4492 intentionem,
1643 4440 1765 4496 quae

170 4520 241 4573 de
270 4517 587 4572 infidelitate
616 4519 910 4585 descendit,
935 4519 1024 4574 ubi
1047 4520 1147 4575 etsi
1169 4521 1308 4574 bona
1336 4519 1582 4574 videatur
1618 4518 1760 4586 ﬁeri,

1860 3327 2162 3391 servitutis,
2191 3327 2282 3382 ubi
2309 3327 2488 3398 dispar
2513 3326 2762 3383 voluntas
2787 3327 3145 3386 interseritur.
3175 3330 3307 3400 Quae
3347 3331 3432 3386 ni-

1857 3420 2055 3474 mirum
2097 3421 2362 3476 sententia
2395 3421 2740 3475 continuatur
2789 3421 2856 3476 ad
2887 3422 2988 3475 tria
3017 3421 3105 3477 illa
3128 3462 3143 3487 ,
3176 3437 3297 3494 quae
3343 3438 3430 3478 su-

1857 3511 2042 3581 perius
2065 3511 2428 3582 exposuimus.
2451 3511 2529 3566 Ac
2553 3513 2599 3566 si
2637 3513 2816 3567 dicat:
2846 3510 2960 3569 Non
2997 3513 3220 3583 potestis
3257 3513 3431 3570 solum

1859 3610 1919 3656 ut
1948 3601 2237 3657 videamini
2266 3617 2447 3661 curam
2473 3601 2777 3658 hominibus
2814 3604 2954 3658 bona
2975 3619 3154 3676 agere,
3175 3614 3338 3676 atque
3362 3620 3431 3661 ex

1859 3692 1945 3748 bis
1969 3693 2077 3748 Deo
2105 3691 2334 3762 placere.
2349 3691 2533 3764 Neque
2557 3693 2778 3763 potestis
2801 3693 2852 3749 in
2881 3695 3038 3750 terris
3065 3697 3434 3753 thesaurizare

1860 3781 2021 3838 simul
2046 3782 2176 3837 etin
2199 3781 2512 3840 coelestibus
2538 3797 2604 3839 ea
2631 3785 2944 3842 recondere.
2975 3783 3160 3857 Neque
3186 3788 3304 3843 sine
3331 3788 3434 3843 du-

1860 3875 1951 3931 bio
1970 3875 2114 3930 vitiis
2139 3885 2194 3931 et
2221 3876 2513 3932 virtutibus
2529 3877 2822 3944 deservire,
2837 3878 3034 3948 quibus
3056 3878 3242 3935 alteris
3262 3881 3434 3950 parti-

1861 3967 1982 4032 bus,
2031 3975 2178 4024 recte
2223 3968 2308 4024 vel
2346 3967 2457 4024 Deo
2504 3969 2738 4025 servitur
2763 3970 2847 4024 vel
2896 3970 3128 4028 diabolo.
3163 3970 3274 4028 Sed
3306 3974 3433 4044 quia

1863 4075 2086 4130 regnum
2115 4059 2318 4116 Christi
2346 4070 2401 4116 et
2420 4075 2643 4132 regnum
2677 4060 2874 4116 diaboli
2901 4061 3058 4134 longe
3097 4063 3239 4118 inter
3262 4079 3321 4119 se
3352 4065 3436 4121 di-

1862 4154 2138 4219 viduntur,
2187 4153 2388 4210 idcirco
2423 4154 2582 4210 simul
2613 4154 2668 4208 in
2711 4164 2940 4226 utroque
2990 4169 3096 4211 non
3146 4171 3434 4226 possumus

1863 4243 2116 4300 militare.
2165 4242 2390 4315 Propter
2416 4246 2559 4315 quod
2588 4246 2725 4301 bene
2747 4261 2777 4300 a
2817 4247 3084 4318 principio
3107 4247 3229 4304 fidei
3278 4265 3437 4306 nemo

1864 4333 2163 4405 ingreditur
2206 4333 2410 4389 fontem
2455 4336 2726 4406 baptismi,
2770 4352 2866 4406 per
2903 4338 3044 4408 quod
3087 4339 3324 4394 intratur
3367 4342 3439 4397 ad

1865 4438 2089 4495 regnum
2113 4424 2336 4489 Christi,
2359 4427 2530 4482 donec
2558 4427 2920 4484 abrenuntiet
2950 4430 3184 4496 diabolo,
3213 4440 3268 4487 et
3309 4448 3434 4488 om-

1865 4517 2022 4571 nibus
2065 4516 2318 4587 operibus
2358 4515 2492 4585 ejus,
2542 4527 2702 4588 atque
2751 4521 3002 4576 omnibus
3045 4523 3254 4594 pompis
3293 4524 3433 4596 ejus.

173 4612 326 4666 inter
361 4609 490 4664 vitia
527 4619 927 4681 computantur,
969 4611 1096 4681 quia
1141 4611 1208 4666 de
1251 4609 1460 4682 origine
1506 4609 1761 4666 vitiorum
1787 4591 1842 4654 Ῑ)
1868 4606 2076 4664 Stultus
2100 4607 2264 4678 igitur
2289 4606 2442 4663 miles
2465 4615 2570 4674 est,
2600 4609 2690 4680 qui
2735 4591 3070 4679 tyranniczun
3109 4591 3439 4682 abjecit'do-

173 4711 503 4759 nascuntur.

257 4793 316 4848 Si
361 4809 482 4864 ergo
529 4791 704 4848 lumen
745 4795 886 4866 quod
929 4796 983 4850 in
1023 4804 1072 4849 te
1099 4803 1172 4849 est
1199 4792 1424 4848 tenebrte
1464 4801 1606 4862 sunt,
1655 4793 1766 4863 ipse

178 4883 411 4937 tenebras
431 4892 644 4953 quanta:
671 4894 821 4939 erunt
839 4883 934 4940 ?ld
962 4895 1066 4952 est,
1083 4885 1222 4941 bona
1240 4899 1361 4955 quae
1378 4883 1578 4956 egeris.
1593 4900 1714 4954 qua!
1733 4899 1766 4940 a

175 4975 325 5029 mala
354 4973 670 5040 intentione,
715 4975 762 5030 si
799 4975 1198 5040 tenebrescunt,
1227 4990 1349 5030 cum
1376 4982 1624 5046 poterant
1646 4989 1772 5031 esse

173 5066 269 5120 lux
300 5067 346 5120 si
381 5080 451 5120 ex
485 5065 589 5120 ﬁde
616 5065 815 5133 forent,
837 5067 966 5138 quid
993 5074 1150 5136 putas
1177 5081 1266 5131 ea,
1281 5081 1404 5137 quae
1431 5075 1488 5122 et
1505 5065 1645 5121 mala
1672 5080 1771 5136 per

174 5177 240 5217 se
272 5168 428 5224 sunt,
465 5167 522 5214 et
548 5174 652 5214 non
683 5173 751 5214 ex
793 5158 899 5214 ﬁde
941 5158 1114 5224 fiunt,
1144 5158 1255 5215 imo
1283 5157 1424 5220 mala
1472 5157 1772 5215 intentione

176 5257 522 5315 nascantur,
571 5250 697 5320 quia
752 5251 987 5306 tenebrat
1045 5259 1212 5317 sunt,
1267 5250 1504 5306 tenebrae
1553 5259 1772 5321 quanta

175 5342 384 5396 erunt?
413 5338 548 5394 Nam
573 5340 714 5395 mala
742 5341 972 5398 intentio
1015 5343 1250 5397 tenebrae
1276 5350 1421 5398 sunt.
1452 5339 1530 5398 De
1571 5342 1772 5412 quibus

176 5433 229 5488 si
277 5440 538 5487 nascatur
577 5431 731 5502 quasi
766 5431 876 5498 lux,
923 5432 1095 5488 virtus
1128 5432 1254 5488 boni
1283 5433 1482 5504 operis,
1509 5434 1627 5505 ipsa
1675 5432 1768 5490 lux

177 5526 430 5590 virtutis,
458 5525 584 5596 quia
606 5524 744 5579 male
774 5525 852 5589 fit,
885 5526 1072 5582 vitium
1104 5525 1228 5580 erit.
1273 5525 1427 5593 Quod
1471 5527 1518 5582 si
1573 5541 1766 5582 rursus

173 5617 382 5672 vitium
438 5615 576 5670 mala
627 5614 912 5671 infideliter
958 5623 1149 5685 agatur
1203 5616 1543 5682 intentione,
1611 5615 1770 5686 quasi

177 5707 427 5763 tenebrae
474 5705 540 5760 de
588 5707 824 5761 tenebris
867 5714 1209 5776 generantur.
1241 5707 1318 5762 Ac
1367 5722 1462 5777 per
1518 5709 1620 5764 hoc
1652 5716 1772 5763 tan-

184 5808 274 5856 tas
324 5799 580 5853 tenebras
634 5798 758 5869 quis
815 5799 1014 5868 poterit
1070 5797 1342 5868 explicare
1373 5802 1398 5853 ?
1459 5800 1584 5855 Vult
1643 5814 1772 5872 ergo

1757 4745 1762 4754 .
1867 4698 2236 4764 minatiouem,
2263 4705 2319 4752 et
2351 4697 2450 4753 sub
2479 4698 2723 4768 piissimo
2743 4700 2909 4771 etrapit
2933 4702 3100 4757 armis
3123 4702 3438 4760 caelestibus

1869 4787 2101 4843 militare
2127 4787 2374 4858 imperio,
2397 4787 2442 4844 si
2476 4803 2667 4845 rursus
2693 4799 3022 4858 contemnat,
3045 4793 3302 4864 projectis
3339 4795 3442 4850 im-

1870 4876 2190 4932 mortalibus
2235 4878 2422 4942 armis,
2468 4893 2628 4948 quem
2673 4880 2898 4936 devotus
2943 4893 3290 4954 susceperat,
3343 4899 3444 4955 per

1871 4983 2029 5040 quem
2055 4969 2222 5024 etiam
2247 4977 2529 5039 exemptus
2559 4971 2625 5026 de
2653 4981 2824 5026 morte
2861 4973 3086 5029 salutem
3126 4983 3444 5046 perpetuam

1873 5063 2226 5134 acquisierat,
2250 5062 2404 5118 illius
2424 5062 2612 5119 nolens
2634 5079 2824 5134 parere
2849 5065 3054 5138 legibus
3081 5080 3254 5136 neque
3279 5067 3443 5122 disci-

1869 5153 2034 5226 plinis
2061 5153 2311 5222 obedire;
2353 5162 2408 5210 et
2432 5155 2574 5224 quod
2601 5155 2817 5211 stultius
2841 5165 2944 5222 est,
2967 5155 3067 5212 sub
3109 5156 3226 5227 ejus
3265 5157 3445 5214 redire

1871 5246 2112 5304 dominio
2139 5261 2173 5302 a
2197 5261 2306 5319 quo
2328 5247 2481 5317 prius
2522 5247 2681 5305 morti
2715 5249 2980 5316 addictus,
3006 5249 3253 5320 captivus
3295 5258 3446 5306 tene-

1872 5338 2061 5406 batur,
2113 5348 2168 5396 et
2214 5339 2522 5397 crudelibus
2560 5341 2855 5398 vexabatur
2899 5342 3162 5397 furiarum
3213 5342 3441 5414 legibus.

1873 5432 2030 5490 Unde
2071 5434 2276 5505 cogitet
2324 5436 2690 5508 unusquisque
2738 5435 2880 5506 apud
2928 5435 3275 5506 semetipsum
3315 5436 3450 5508 quid

1873 5523 2130 5593 abjecerit
2175 5524 2229 5579 in
2278 5523 2576 5595 baptismo;
2615 5524 2886 5581 diabolum
2927 5524 3136 5582 scilicet
3167 5534 3224 5581 et
3261 5528 3451 5584 omnia

1873 5622 2036 5684 opera
2053 5611 2190 5680 ejus,
2204 5622 2366 5684 atque
2389 5630 2614 5685 pompas
2627 5615 2794 5686 ipsius
2813 5615 3178 5688 unusquisque
3199 5627 3452 5674 nostrum

1876 5706 2196 5775 repudiavit,
2227 5713 2284 5760 et
2309 5706 2369 5760 ﬁt
2389 5707 2525 5760 mira
2546 5707 2814 5776 deceptio,
2849 5723 2972 5762 cum
2999 5717 3096 5764 aut
3117 5721 3299 5780 'opera
3327 5724 3476 5766 ρεηδ-⁴

1879 5799 1964 5854 nis
1989 5805 2082 5852 aut
2117 5812 2341 5867 pompas
2375 5796 2557 5854 seculi
2602 5806 2895 5858 sectamur.
2940 5798 3104 5872 352
3129 5799 3269 5868 Quid
3300 5800 3454 5859 enim
