4000 6362
564 379 665 436 507

1360 373 1418 431 S.
1460 371 1814 429 PASCHA‘SII
1852 363 2201 424 RADBERTI
2237 362 2528 419 ABBATIS
2560 360 3013 419 CORBEIENSIS

3727 350 3831 419 368

558 507 691 553 sunt
738 510 903 565 opera
962 492 1139 547 carnis
1186 502 1289 545 rus:
1329 503 1492 559 opera
1542 485 1777 541 diaboli?
1834 484 1899 537 Et
1954 493 2143 536 rursus
2167 478 2219 538 A
2246 475 2392 531 victu
2437 481 2495 529 et
2536 473 2734 529 vestitu
2761 473 3027 528 sollicitus
3055 471 3344 542 cogitare?
3386 471 3555 537 Quam
3591 466 3836 542 profecto

548 605 777 662 ipompte
823 587 1026 650 muli,
1076 583 1204 655 quid
1253 582 1357 638 nisi
1401 580 1598 636 diaboli
1642 593 1765 635 esse
1816 574 2145 632 censentur?

554 680 772 750 Quibus
807 692 931 733 cum
975 675 1242 733 servimus
1281 671 1365 727 vel
1414 668 1820 727 succumbimus
1844 707 1862 733 ,
1912 665 2001 721 cui
2038 662 2147 719 nisi

566 772 783 829 diabolo
811 766 1239 841 prosternimur?
1273 763 1531 821 Hirabilis
1571 762 1733 833 igitur
1761 760 1997 817 vicissim
2020 772 2149 831 pre-

565 866 773 937 prietas
794 863 1081 918 verborum
1109 860 1493 915 commutatur;

635 956 739 1009 Aut
761 968 944 1016 unum,
975 951 1168 1021 inquit,
1199 951 1318 1004 odio
1347 949 1570 1011 habebit,
1596 957 1645 1001 et
1674 945 1897 1000 alterum
1925 944 2106 1013 diliget
2126 957 2148 998 :

565 1054 658 1101 aut
691 1060 855 1099 unum
882 1040 1154 1097 sustinebit
1185 1050 1232 1093 et
1263 1039 1489 1093 alterum
1518 1044 1826 1091 contemnet.
1863 1033 1998 1101 Quia
2025 1046 2149 1100 pro-

568 1135 710 1193 fecto
752 1134 997 1191 diabolus
1026 1146 1240 1201 semper
1286 1138 1368 1185 est
1407 1128 1532 1184 odio
1563 1127 1863 1188 habendus,
1901 1124 2150 1181 Christus

564 1242 695 1283 vero
717 1226 903 1294 utique
934 1222 1252 1293 diligendus.
1281 1218 1464 1288 Neque
1487 1227 1669 1287 aperte
1690 1231 1924 1285 unquam
1956 1212 2150 1283 aliquis

567 1317 733 1372 Deum
767 1315 890 1371 odio
914 1314 1133 1385 habuit;
1173 1312 1267 1367 sed
1299 1324 1488 1365 omnes
1530 1309 1692 1363 etiam
1721 1306 1915 1377 pagani
1937 1320 2060 1360 eum
2088 1319 2149 1360 se

566 1408 803 1464 fatentur
833 1406 1074 1479 diligere,
1105 1405 1232 1460 licet
1273 1400 1439 1458 variis
1488 1401 1819 1456 sedticantur
1844 1396 2144 1462 erroribus,

558 1499 695 1554 .dum
726 1499 827 1555 sibi
852 1497 1016 1552 falsos
1043 1497 1356 1567 conﬁngunt
1385 1496 1531 1549 deos.
1574 1493 1645 1547 At
1665 1507 1797 1547 vero
1821 1489 2018 1545 diaboli
2049 1503 2146 1542 no-

568 1605 690 1644 men
743 1589 858 1659 pari
908 1588 1067 1643 modo
1110 1586 1273 1642 simul
1317 1600 1507 1641 omnes
1556 1590 1927 1638 exsecrantur.
1993 1578 2145 1635 Unde

568 1681 795 1735 vitiosus
817 1680 1067 1750 quisque,
1106 1693 1328 1748 pressus
1367 1664 1461 1731 sua
1514 1672 1967 1743 concupiscentia,
1998 1669 2145 1724 velut

569 1780 857 1842 tyrannum
883 1771 1133 1833 sustinet,
1156 1784 1318 1838 super
1348 1782 1409 1822 se
1435 1767 1619 1835 iniqua
1647 1764 1929 1818 exactione
1971 1760 2142 1816 domi-

558 1872 817 1929 nantem;
861 1864 1026 1918 Deum
1056 1876 1183 1916 vero
1210 1870 1265 1916 et
1293 1860 1577 1914 Dominum
1621 1856 1935 1912 Creatorem
1964 1867 2144 1918 suum,

564 1954 675 2008 suis
705 1950 1154 2022 concupiscentiis
1175 1958 1230 2004 et
1267 1947 1462 2004 diaboli
1494 1946 1738 2000 devictus
1780 1941 2140 2013 persuasioni-

562 2044 695 2106 bus,
741 2044 917 2098 adhuc
949 2050 1290 2097 revocantem
1332 2056 1391 2095 se
1420 2037 1733 2095 contemnit.
1762 2035 2145 2090 Verumtamen

562 2149 672 2189 non
695 2134 821 2188 odio
851 2132 1056 2187 habens
1089 2146 1248 2199 quem
1279 2144 1337 2185 se
1366 2129 1591 2199 diligere
1623 2140 1884 2202 suamque
1915 2123 2143 2179 salutem

566 2224 702 2291 velle
750 2239 846 2293 pro
890 2234 1042 2278 certo
1091 2221 1261 2285 novit,
1316 2220 1411 2275 sed
1450 2218 1744 2274 contemnit
1775 2217 1971 2279 redire,
2017 2216 2143 2269 dum

564 2313 707 2369 male
746 2311 1017 2382 perfectus
1048 2327 1077 2364 a
1126 2310 1591 2379 concupiscentia,
1636 2322 1856 2379 pressus
1893 2307 1993 2362 sub
2031 2305 2146 2360 dia-

565 2403 689 2461 bolo
715 2402 878 2471 jacet.
913 2402 1027 2456 Duo
1078 2409 1203 2456 sunt
1236 2400 1395 2471 igitur
1442 2408 1795 2467 utrarumque
1842 2395 2143 2451 sententia-

564 2512 684 2569 rum
726 2495 881 2557 ﬁnes,
915 2494 1038 2564 quia
1073 2507 1234 2548 omne
1277 2508 1446 2562 genus
1476 2493 1769 2546 humanum
1799 2491 1900 2545 sub
1938 2490 2147 2545 duabus

566 2586 682 2662 istis
711 2584 979 2654 colligitur
1000 2585 1260 2655 partibus.
1290 2582 1490 2639 Omnes
1510 2584 1652 2638 enim
1683 2590 1776 2636 aut
1800 2582 1925 2635 odio
1949 2583 2145 2637 habent

562 2676 858 2740 diabolum,
888 2684 945 2730 et
991 2674 1158 2730 Deum
1208 2690 1395 2730 verum
1440 2673 1737 2729 obediendo
1776 2672 2026 2745 diligunt,
2054 2681 2149 2729 aut

564 2774 709 2824 certe
737 2765 837 2822 sub
878 2766 1094 2822 diabolo
1143 2766 1358 2837 propria
1401 2764 1840 2835 concupiscentia
1883 2764 2031 2829 victi,
2065 2772 2147 2837 ty-

480 2840 489 2859 ’
567 2860 844 2914 r.~.unicam
895 2860 1162 2915 sustinent
1214 2859 1673 2923 dominationem.
1732 2866 1788 2914 et
1829 2856 2146 2913 Creatorem

565 2967 746 3016 suum,
803 2951 921 3021 ejus
976 2952 1218 3008 nolentes
1267 2956 1522 3009 mandata
1572 2966 1826 3018 servare,
1869 2952 2023 3022 quasi
2079 2951 2147 3006 de

567 3045 939 3101 misericordia
989 3054 1380 3115 przrsumentes
1424 3054 1602 3101 mente
1652 3044 1841 3102 caecati
1895 3054 2145 3101 contem-

566 3144 718 3198 nunt.

2244 566 2681 635 conjunctionem
2727 566 2774 620 si
2810 564 3100 635 diligenter
3129 563 3466 633 inspicimus,
3492 566 3835 633 superiorum

2245 664 2465 719 sensum
2495 660 2814 731 exsequitur
2838 659 3255 715 sententiarum.
3301 656 3437 711 Nam
3464 664 3837 725 contemptum

2244 754 2426 809 saeculi
2478 761 2534 808 et
2578 752 2829 807 ﬁduciam
2872 751 3179 805 futurorum
3229 756 3346 804 toto
3393 747 3682 817 superiore
3722 761 3841 803 ser-

2246 859 2426 907 mone,
2450 843 2603 913 quasi
2648 841 2774 896 ﬁliis
2813 850 2869 896 et
2904 840 3206 896 haeredibus
3228 848 3447 894 aeterna:
3472 839 3617 901 vitae,
3645 838 3836 907 pracci-

2248 937 2444 1007 piendo
2487 936 2824 1000 tradiderat;
2876 932 3003 987 dum
3047 940 3104 988 et
3154 930 3381 998 injurias
3419 929 3692 984 sustinere
3737 943 3835 999 pa-

2251 1028 2449 1081 tienter
2490 1025 2663 1095 jubet,
2715 1025 2912 1078 damna
2961 1034 3179 1093 quoque
3227 1018 3529 1076 voluntarie
3578 1016 3744 1075 ferre.
3787 1019 3841 1074 in

2251 1116 2397 1171 nullo
2423 1123 2600 1170 tamen
2625 1113 2834 1174 ulcisci,
2861 1128 3069 1168 necnon
3101 1111 3350 1167 inimicos
3369 1110 3617 1180 diligere,
3647 1110 3843 1164 deinde

2250 1206 2542 1260 humanam
2572 1204 2799 1275 gloriam
2830 1201 3039 1273 fugere,
3067 1216 3211 1255 nunc
3237 1214 3369 1256 vero
3395 1198 3712 1255 conﬁrmari
3745 1212 3844 1255 nos

2248 1315 2349 1371 per
2388 1299 2547 1353 iidem
2571 1300 2682 1354 suis
2707 1297 2992 1367 promissis
3037 1296 3090 1350 in
3117 1309 3268 1366 spem
3308 1294 3570 1349 bonorum
3609 1303 3845 1349 aeterno-

2249 1406 2368 1445 rum
2399 1389 2629 1444 laborat.
2669 1386 2807 1456 Quia
2855 1387 3036 1457 plures
3065 1395 3193 1442 sunt
3227 1401 3366 1455 quos
3408 1400 3563 1439 amor
3603 1399 3844 1455 praesen-

2250 1482 2381 1535 tium
2410 1490 2467 1535 et
2495 1480 2801 1550 desperatio
2835 1479 3142 1536 futurorum
3171 1485 3447 1548 torpentes
3494 1476 3647 1541 facit,
3678 1487 3845 1548 atque

2248 1572 2540 1628 inﬁdelitas
2563 1573 2707 1627 omni
2738 1572 2967 1643 caligine
3001 1571 3396 1628 circumvolvit.
3428 1570 3564 1626 Hinc
3590 1579 3675 1626 est
3697 1572 3845 1640 quod

2245 1664 2378 1719 dicit
2411 1679 2425 1717 :
2463 1663 2586 1717 Non
2609 1665 2819 1733 potestis
2846 1662 3049 1717 duobus
3084 1662 3313 1716 dominis
3342 1662 3569 1727 servire;
3598 1662 3798 1716 deinde
3825 1679 3842 1716 :

2246 1754 2376 1809 Ideo
2402 1754 2520 1808 dico
2566 1754 2726 1818 vobis,
2775 1770 2837 1808 ne
2879 1752 3093 1808 solliciti
3119 1752 3234 1807 sitis
3269 1753 3462 1806 animo:
3500 1762 3683 1806 vestra:
3716 1751 3844 1822 quia

2174 1831 2222 1893 Β
2252 1848 2575 1902 manducetis
2602 1863 2621 1908 ;
2654 1862 2716 1901 ac
2743 1846 2789 1901 si
2815 1853 3063 1917 patenter
3092 1845 3350 1907 insinuet,
3380 1844 3509 1914 quid
3543 1844 3616 1898 sit
3637 1844 3847 1900 divitiis

2250 1941 2473 1996 servire.
2507 1940 2591 1995 Ne
2615 1940 2827 1995 solliciti
2859 1940 2997 2005 sitis,
3031 1939 3223 2009 inquit.
3246 1940 3371 2009 quia
3395 1937 3688 1994 sollicitum
3714 1953 3840 1994 esse

2248 2049 2351 2104 pro
2380 2034 2465 2090 his
2500 2035 2707 2090 servire
2742 2043 2864 2097 est;
2893 2042 2950 2088 et
2988 2034 3109 2090 ideo
3138 2050 3207 2091 ne
3247 2036 3389 2089 servi
3428 2034 3549 2089 sitis
3578 2034 3846 2104 pecunia-

2248 2140 2390 2190 rum,
2415 2125 2677 2195 prohibeo
2719 2125 3137 2181 sollicitudinem
3177 2140 3365 2194 gerere
3393 2126 3499 2179 cibi
3542 2136 3635 2179 aut
3668 2123 3845 2178 vesti-

2247 2231 2574 2286 mentorum,
2603 2237 2780 2292 neque
2805 2221 2949 2277 enim
2979 2221 3185 2277 dictum
3216 2229 3299 2275 est
3345 2222 3397 2275 in
3448 2219 3846 2287 sollicitudine,

2247 2298 2340 2367 sed
2367 2313 2421 2366 in
2451 2313 2642 2366 sudore
2668 2312 2839 2366 vultus
2864 2312 2941 2366 tui
2970 2313 3184 2367 vesceris
3225 2326 3408 2381 panem
3433 2321 3601 2364 tuum.
3632 2309 3850 2366 Idcirco

2247 2402 2401 2457 labor
2424 2401 2760 2458 exercendus
2784 2412 2888 2468 est,
2919 2402 3225 2458 sollicitudo
3252 2401 3508 2455 tollenda.
3551 2399 3631 2455 Ne
3674 2400 3848 2468 forte,

2246 2493 2349 2549 etsi
2381 2508 2487 2548 non
2532 2492 2799 2563 superﬂua
2831 2500 3167 2562 quaerantur,
3215 2492 3369 2560 quasi
3394 2498 3617 2560 propter
3645 2505 3847 2546 neces-

2246 2584 2392 2640 saria
2421 2601 2515 2641 cor
2533 2585 2857 2656 duplicetur.
2891 2584 3045 2641 Unde
3070 2592 3236 2639 totam
3270 2596 3420 2653 spem
3446 2590 3691 2637 nostram
3727 2582 3847 2638 Deo

2248 2676 2589 2731 committere
2630 2675 2906 2739 debemus,
2956 2689 3024 2730 ne
3052 2675 3214 2729 rebus
3242 2672 3545 2729 serviamus
3592 2672 3848 2728 caducis.

2248 2765 2383 2821 Nam
2409 2765 2713 2822 sollicitudo
2761 2765 2946 2820 smculi
2987 2764 3102 2820 suis
3144 2772 3442 2834 occupatur
3467 2763 3741 2832 partibus,
3774 2778 3852 2821 ne

2251 2868 2345 2913 aut
2384 2872 2635 2929 possessa
2679 2857 2993 2928 depereant,
3044 2864 3137 2911 aut
3177 2855 3452 2910 elaborata
3493 2868 3600 2909 non
3624 2855 3850 2910 contiu-

2247 2960 2400 3023 gant,
2439 2967 2505 3006 ex
2553 2949 2749 3020 quibus
2776 2956 2954 3004 metus
2993 2956 3047 3004 et
3088 2948 3251 3004 timor
3296 2949 3557 3003 miseram
3598 2948 3850 3002 animam

2250 3046 2383 3100 satis
2412 3043 2648 3099 sollicite
2677 3043 3019 3114 perturbant,
3046 3057 3170 3097 cum
3217 3050 3503 3113 propterea
3536 3041 3676 3096 nihil
3733 3056 3849 3097 ma-

2250 3139 2333 3209 gis
2366 3138 2652 3207 acquirere
2699 3137 2963 3202 valemus,
3007 3135 3249 3207 nihilque
3289 3134 3520 3207 amplius
3572 3134 3848 3201 retinere,

574 3278 579 3285 .
637 3224 761 3282 Non
787 3227 997 3297 potestis
1025 3226 1135 3283 Deo
1179 3231 1373 3283 servire
1408 3237 1455 3283 et
1495 3244 1827 3282 mammona.
1877 3227 1992 3283 Hoc
2026 3228 2146 3285 loco
2173 3211 2220 3274 (ἶ
2253 3231 2354 3286 nisi
2402 3238 2663 3301 quantum
2706 3230 2794 3285 ille
2843 3230 3167 3294 decreverit,
3206 3228 3295 3284 cui
3343 3237 3397 3288 et
3428 3237 3641 3282 nosmet
3685 3244 3851 3284 com-

563 3330 705 3387 qute.
731 3317 979 3388 superius
1029 3324 1400 3387 proposuerat,
1433 3318 1672 3387 apertius
1716 3317 1964 3387 exponit,
2005 3319 2150 3388 quod

564 3421 670 3463 non
718 3409 929 3479 possint
978 3408 1136 3463 simul
1186 3408 1296 3464 Deo
1342 3417 1398 3463 et
1450 3408 1646 3463 saeculo
1699 3394 1934 3476 servire,
1975 3423 2150 3480 neque

565 3498 724 3555 simul
777 3500 1161 3571 temporalibus
1203 3508 1258 3555 et
1301 3501 1550 3566 aeternis,
1580 3500 1891 3557 coelestibus
1932 3511 1987 3557 et
2041 3511 2149 3556 ter-

565 3593 729 3648 renis.
783 3593 1086 3649 Mammona
1139 3609 1374 3666 namque
1413 3593 1549 3665 Syra
1589 3596 2035 3666 interpretatione
2066 3596 2149 3650 di.

563 3687 705 3741 vitia:
757 3688 1044 3753 dicuntur,
1091 3689 1289 3759 quibus
1335 3688 1543 3745 servire
1583 3689 1747 3744 Deum
1800 3705 1999 3761 negare
2039 3700 2145 3747 est.

567 3776 681 3833 Non
708 3779 853 3835 enim
893 3778 1057 3846 dicit,
1096 3795 1200 3834 non
1232 3780 1454 3850 potestis
1489 3780 1688 3835 habere
1715 3779 1935 3835 divitias
1963 3790 2017 3835 et
2044 3783 2150 3838 Do-

567 3871 699 3927 mini
751 3871 998 3926 militiam
1051 3870 1321 3939 bajulare,
1367 3870 1462 3926 sed
1510 3870 1857 3941 designanter
1905 3885 2010 3925 non
2056 3883 2149 3939 po-

567 3964 724 4028 testis
762 3964 874 4019 Deo
904 3964 1069 4018 simul
1102 3973 1157 4019 et
1182 3964 1386 4019 divitiis
1413 3964 1637 4019 servire.
1670 3962 1825 4018 Aliud
1848 3964 2044 4033 quippe
2065 3968 2151 4019 est

566 4073 699 4129 opes
742 4056 923 4112 saeculi
956 4057 1177 4121 habere,
1222 4065 1278 4111 et
1309 4055 1454 4110 aliud
1482 4055 1563 4111 eis
1607 4056 1831 4111 servire.
1876 4054 2009 4111 Nam
2055 4058 2149 4128 qui

567 4148 735 4205 habet
762 4163 858 4204 eas
886 4155 941 4201 et
962 4146 1203 4217 legitime
1225 4145 1416 4210 utitur,
1442 4153 1503 4199 ut
1521 4144 1790 4209 dominus,
1809 4146 2150 4216 dispensator

566 4241 746 4314 potius
781 4251 866 4297 est
887 4255 1075 4295 earum
1113 4253 1275 4308 quam
1302 4252 1508 4294 servus.
1537 4236 1628 4293 llie
1670 4253 1800 4293 vero
1824 4239 1913 4307 qui
1958 4253 2017 4293 se
2054 4253 2151 4295 ne-

565 4329 793 4402 gligens,
834 4327 1076 4384 avaritia:
1124 4327 1419 4398 qumstibus
1472 4326 1860 4383 immoderatus
1898 4328 2144 4395 desudat,

567 4420 887 4475 Hammona:
930 4432 1121 4474 servus
1158 4417 1282 4487 jure
1329 4425 1550 4472 vocatus
1586 4426 1689 4472 est.
1741 4418 1896 4485 Quod
1948 4434 2144 4475 nomen

562 4508 800 4569 lrenwus
846 4506 1221 4580 Lugdunensis
1272 4507 1558 4578 episcopus
1601 4516 1653 4562 et
1703 4519 1912 4579 martyr
1939 4507 2143 4563 Christi

565 4600 826 4664 daemonis
872 4614 993 4654 esse
1019 4597 1168 4664 dicit,
1216 4598 1371 4667 quasi
1400 4598 1490 4667 qui
1538 4597 1739 4652 divitiis
1776 4598 1958 4668 praesit
1983 4597 2145 4670 353

570 4689 727 4760 hujus
756 4690 966 4755 saeculi;
1016 4706 1123 4747 non
1172 4690 1314 4759 quod
1342 4690 1523 4744 mundi
1552 4689 1823 4760 opulentia
1871 4689 2013 4745 illius
2053 4692 2143 4757 sit,

566 4791 660 4839 aut
695 4784 746 4839 in
776 4782 894 4851 ejus
920 4782 989 4837 sit
1019 4782 1253 4837 ditioue:
1281 4782 1376 4837 sed
1408 4782 1533 4851 quia
1573 4782 1659 4837 bis
1688 4782 1857 4837 utitur
1904 4785 1969 4838 ad
2000 4784 2148 4839 deci-

566 4874 849 4944 piendum,
875 4873 1003 4928 dnm
1046 4872 1292 4927 incautos
1335 4872 1643 4927 divitiarum
1696 4873 1873 4927 irretit
1916 4873 2141 4944 laqueis.

571 4967 678 5027 Sed
706 4967 835 5035 quid
870 4967 1062 5021 horum
1110 4966 1404 5036 acceperis,
1437 4965 1649 5021 diabolo
1689 4966 1855 5021 servit
1899 4966 2146 5037 quisquis

570 5060 879 5115 divitiarum
930 5060 1005 5114 ita
1041 5058 1282 5112 irretitur
1319 5056 1561 5122 nexibus,
1614 5066 1673 5112 ut
1718 5070 1908 5111 servus
1954 5073 2145 5115 earum

564 5153 686 5223 jure
716 5150 787 5205 sit
822 5148 1194 5220 appellandus.
2140 5194 2147 5201 ,

642 5241 771 5295 Ideo
796 5240 913 5293 dico
938 5239 1099 5303 vobis,
1128 5256 1192 5293 ne
1218 5236 1428 5292 solliciti
1455 5238 1573 5291 sitis
1610 5237 1800 5289 animle
1816 5246 2001 5290 vestrae
2014 5239 2146 5309 quid

573 5331 898 5386 manducetis
923 5371 941 5398 ,
991 5347 1152 5401 neque
1194 5330 1399 5400 corpori
1456 5337 1619 5381 vestro
1666 5326 1793 5398 quid
1833 5327 2148 5384 induamini.

572 5422 736 5492 Cujus
760 5422 1043 5481 sententia:
1064 5422 1396 5476 constructio
1418 5435 1523 5473 non
1551 5418 1684 5472 satis
1706 5418 2005 5487 praemissis
2022 5435 2151 5476 cons

572 5498 766 5589 gruere
795 5515 1008 5573 videtur
1034 5510 1511 5584 propositiOnibus.
1537 5507 1785 5576 Nunquid
1806 5509 1969 5578 igitur
1992 5510 2153 5567 unius

573 5609 774 5671 domini
812 5623 1000 5666 servus
1049 5621 1154 5679 non
1196 5610 1376 5673 potest
1422 5602 1567 5656 circa
1612 5610 1819 5659 vestem
1865 5601 2153 5672 cibumque

573 5701 838 5759 soHicitus
883 5698 1047 5754 esse?
1102 5695 1197 5750 Vel
1244 5693 1367 5762 quia
1398 5708 1503 5747 non
1535 5701 1714 5761 potest
1749 5692 1959 5747 duobus
1996 5708 2151 5764 mque

572 5793 806 5857 dominis
839 5790 1081 5861 wrgirel,
1110 5800 1231 5861 quae
1275 5798 1433 5840 causa
1478 5793 1563 5841 est
1602 5793 1664 5838 ut
1715 5798 1821 5840 non
1864 5783 2058 5843 debeat
2083 5786 2150 5846 de

2250 3322 2467 3378 mittere
2503 3329 2738 3392 oportet.
2789 3319 2898 3377 Sed
2932 3320 3301 3391 quaerendum,
3350 3335 3472 3375 cum
3502 3319 3688 3373 anima
3736 3319 3854 3391 spi-

2249 3413 2427 3470 ritalis
2465 3422 2519 3469 et
2544 3414 2861 3484 incorporea
2892 3415 2985 3479 sit,
3006 3411 3275 3483 quomodo
3305 3409 3370 3465 ad
3395 3425 3511 3465 eam
3535 3424 3855 3478 corporeus

2250 3506 2353 3562 iste
2399 3505 2554 3560 cibus
2582 3505 2858 3576 pertinere
2883 3505 3117 3571 dicatur,
3140 3503 3248 3559 nisi
3272 3502 3400 3574 quia
3436 3499 3600 3575 355
3629 3502 3852 3570 anima.

2251 3598 2393 3654 sicut
2436 3606 2491 3653 et
2536 3597 2686 3663 alibi,
2717 3613 2815 3667 pro
2861 3598 2971 3652 vita
3012 3597 3115 3653 ista
3141 3610 3246 3666 qua
3277 3595 3507 3650 vivimus
3550 3595 3851 3666 accipitur.

2250 3687 2384 3745 Nam
2424 3691 2636 3745 duabus
2677 3690 2791 3745 suis
2842 3688 3087 3760 partibus
3132 3697 3384 3744 constare
3415 3687 3649 3751 videtur,
3681 3696 3749 3742 ut
3779 3688 3857 3743 sit

2250 3783 2496 3854 superior
2526 3781 2642 3851 ejus
2661 3797 2787 3853 pars
2813 3797 2987 3845 mens,
3014 3794 3043 3836 a
3075 3796 3180 3851 qua
3210 3790 3396 3836 noster
3421 3781 3582 3836 homo
3608 3780 3856 3834 interior

2250 3889 2355 3929 non
2385 3874 2556 3929 solum
2596 3873 2873 3945 spiritalis,
2918 3873 3011 3929 sed
3040 3873 3201 3929 etiam
3254 3872 3367 3943 ipsa
3399 3873 3577 3926 anima
3610 3873 3855 3942 spiritus

2249 3966 2589 4037 appellatur;
2634 3965 2859 4022 inferior
2906 3980 3038 4021 vero
3081 3966 3295 4021 animus
3352 3956 3587 4031 vicitur,
3640 3978 3671 4017 a
3734 3978 3854 4035 quo

2250 4056 2501 4110 animalis
2536 4057 2699 4111 homo
2726 4063 2971 4121 vocatur,
3005 4053 3096 4125 qui
3122 4055 3349 4110 necdum
3381 4052 3610 4125 percipit
3628 4068 3695 4107 ea
3721 4068 3859 4123 qua

2249 4157 2373 4203 sunt
2408 4147 2647 4219 Spiritus
2689 4146 2809 4212 Dei,
2860 4147 2951 4202 sed
2993 4154 3200 4202 tantum
3231 4147 3341 4201 vita
3391 4145 3516 4210 ista,
3562 4159 3687 4214 quae
3718 4144 3858 4200 cibo

2249 4240 2436 4305 alitur,
2484 4255 2605 4295 cum
2646 4237 2938 4310 pecoribus
2990 4238 3139 4293 vivit.
3179 4237 3349 4304 Quam
3400 4236 3490 4307 qui
3541 4234 3864 4306 perdiderit

2247 4340 2470 4403 propter
2494 4331 2788 4393 Christum,
2814 4329 3050 4387 inveniet
3078 4343 3198 4385 eam
3221 4327 3521 4398 spiritalem
3554 4340 3583 4381 ι
3627 4327 3861 4397 Spiritu

2247 4431 2437 4477 Sancto
2463 4419 2789 4476 viviﬁcatam
2818 4419 2873 4475 in
2914 4423 3079 4475 vitam
3106 4426 3387 4474 aeternam.
3413 4416 3549 4473 Hinc
3578 4427 3666 4473 est
3691 4420 3862 4488 quod

2253 4513 2548 4570 secundum
2575 4510 2717 4566 hanc
2751 4520 2961 4581 partem
2991 4511 3115 4566 cibo
3137 4518 3257 4581 eget
3287 4519 3347 4565 ut
3375 4510 3550 4564 alatur
3585 4510 3727 4575 vita,
3765 4525 3865 4566 se-

2174 4582 2229 4643 Ῑ)
2254 4605 2486 4661 cundum
2515 4602 2675 4657 aliam
2706 4615 2838 4657 vero
2875 4611 3107 4672 partem,
3145 4602 3314 4656 multo
3344 4601 3464 4672 plus
3500 4615 3665 4672 quam
3710 4617 3865 4659 esca

2251 4693 2510 4751 creditur.
2541 4691 2726 4763 Neque
2758 4693 2904 4748 enim
2931 4692 3041 4746 vita
3091 4693 3191 4747 ista
3239 4704 3462 4763 propter
3494 4707 3705 4756 escam,
3753 4692 3869 4750 sed

2252 4796 2374 4840 esca
2417 4796 2639 4854 propter
2689 4784 2830 4838 hanc
2872 4782 3042 4837 vitam
3082 4790 3317 4838 creatur.
3368 4780 3541 4838 Simili
3578 4783 3753 4839 modo
3800 4793 3868 4839 et

2251 4888 2449 4943 corpus
2492 4888 2599 4928 non
2644 4881 2864 4942 propter
2899 4872 3311 4937 vestimentum,
3364 4874 3460 4929 sed
3504 4874 3866 4932 vestimenta

2250 4975 2473 5036 propter
2507 4979 2704 5036 corpus
2726 4963 2876 5019 ﬁunt.
2921 4963 3074 5021 Unde
3098 4980 3206 5019 non
3231 4965 3390 5021 debet
3411 4980 3530 5021 esse
3566 4965 3868 5026 sollicitus

2253 5057 2465 5111 auirnus
2490 5071 2557 5111 ne
2600 5055 2865 5125 percipiat
2908 5057 3050 5127 quod
3078 5067 3299 5129 propter
3341 5073 3400 5113 se
3438 5068 3683 5114 creatum
3732 5070 3868 5131 est,

2251 5147 2362 5203 imo
2387 5148 2851 5216 credereoportet
2874 5147 2927 5201 in
2961 5149 3123 5205 dictis
3146 5148 3263 5213 Dei,
3295 5148 3420 5220 quia
3450 5150 3651 5206 veritas
3664 5162 3769 5207 est.
3802 5162 3873 5211 es

2249 5237 2490 5293 omnium
2531 5246 2901 5291 creaturarum
2944 5239 3235 5296 efﬁcientia
3282 5240 3475 5307 ineius
3516 5244 3685 5298 verbo
3731 5255 3873 5315 est,

2251 5336 2578 5397 quapropter
2608 5342 2712 5383 non
2741 5328 2812 5382 sit
2834 5327 2997 5385 homo
3022 5331 3324 5403 ambiguus.
3352 5334 3489 5400 Quia
3512 5333 3566 5388 in
3600 5338 3875 5404 promis-

2258 5418 2336 5475 sis
2362 5418 2479 5489 ejus
2512 5418 2603 5488 qui
2647 5418 2750 5474 ista
2788 5420 3096 5489 spopondit,
3126 5421 3257 5477 nihil
3297 5422 3546 5479 iuet‘ﬁcav
3593 5424 3880 5501 nihilque

2260 5509 2566 5580 ambiguum
2592 5517 2695 5564 est.
2729 5506 2811 5563 Sit
2844 5518 3022 5565 autem
3051 5512 3212 5567 homo
3238 5514 3379 5582 quod
3424 5530 3545 5570 esse
3586 5516 3762 5572 debet
3808 5532 3881 5578 et

2258 5602 2327 5657 sd
2354 5600 2497 5670 quod
2539 5599 2713 5656 factus
2735 5607 2842 5667 est,
2879 5604 3138 5659 continuo
3178 5605 3406 5661 aderunt
3428 5607 3478 5662 ei
3502 5608 3686 5662 omnia
3713 5623 3891 5681 pro.

2255 5704 2378 5765 pter
2404 5707 2563 5763 quem
2587 5691 2727 5748 facta
2748 5701 2893 5749 sunt.
3874 5688 3877 5695 ’

2336 5784 2588 5857 Respicite
2629 5785 2863 5841 volatilia
2916 5785 3049 5855 coeli,
3104 5789 3229 5863 quia
3276 5804 3379 5847 non
3416 5805 3627 5866 serunt,
3687 5813 3895 5871 ποςε.
