4000 6362
180 416 279 479 809

950 403 1317 465 EXPOSITIO
1354 404 1421 462 IN
1465 403 1902 464 MATTHIEUM.
1946 435 2013 447 -—
2053 403 2180 461 LIB.
2225 403 2317 469 IV,
2357 403 2508 462 CAP.
2550 403 2636 460 Vl.

3324 401 3432 459 510

176 541 370 594 metunt.
398 545 564 599 neque
584 533 898 597 congregant
921 525 976 578 in
1001 522 1465 591 horrea.Quorum
1481 519 1742 591 exemplis
1768 522 1821 582 Δ
1848 518 1986 573 forte
2018 518 2402 588 interpretetur
2425 516 2638 588 aliquis,
2672 530 2821 585 spem
2869 531 2927 572 se
2972 515 3171 571 habere
3215 515 3268 570 in
3316 516 3434 587 ipso

178 623 398 696 nunquid
437 619 795 694 prohibemur
837 602 1039 680 serere,
1090 630 1186 672 seu
1243 616 1490 671 laborare
1518 628 1637 684 quae
1676 610 1744 668 ad
1845 607 1997 680 iacto
2026 617 2184 664 terrae
2229 609 2453 674 semine,
2485 607 2627 681 quod
2669 610 2957 677 nunquam
2977 606 3078 662 nisi
3127 607 3437 663 insensatus

175 694 582 774 ususvbumanos
607 709 915 764 necessaria
961 694 1124 762 sunt?
1173 705 1329 762 Absit
1366 713 1426 759 ut
1448 701 1518 759 ita
1547 702 1744 758 intelli-

176 823 377 884 gamus;
412 805 509 860 sed
536 802 676 859 sicut
707 803 809 857 hoc
844 799 984 865 loco,
1011 801 1083 855 ita
1130 809 1185 855 et
1224 800 1278 854 in
1317 798 1567 854 omnibus
1610 797 1745 853 scri-

178 912 440 972 pturarum
476 896 614 950 locis
643 894 732 949 ille
758 893 1078 964 qurerendus
1106 901 1190 946 est
1217 907 1429 957 sensus,
1459 890 1550 962 qui
1580 899 1633 945 et
1659 904 1746 945 ca-

177 989 367 1044 tholica:
396 984 649 1055 congruit
678 983 917 1047 veritati,
957 992 1011 1037 et
1052 981 1461 1053 intelligentiam
1508 981 1746 1051 prmbeat

175 1078 478 1150 Spiritalem.
508 1070 628 1130 nos
660 1076 815 1131 enim
862 1075 929 1130 ad
956 1075 1223 1129 humanos
1273 1074 1485 1128 labores
1527 1071 1747 1141 respicit

174 1174 261 1226 hoc
286 1165 614 1238 exemplum,
638 1164 831 1237 quibus
861 1166 1063 1220 dictum
1084 1175 1197 1220 est:
1224 1164 1291 1218 In
1320 1163 1510 1217 sudore
1530 1163 1747 1218 vesceris

174 1278 338 1333 panem
369 1270 544 1325 tuum,
592 1259 686 1314 sed
724 1254 804 1315 ad
854 1258 1267 1314 sollicitudinem
1324 1255 1647 1321 tollendam,
1691 1262 1747 1310 et

177 1352 409 1409 ﬁduciam
443 1353 510 1409 de
564 1346 784 1409 summe
820 1356 877 1407 et
928 1348 1378 1423 praestantissimo
1420 1347 1579 1401 Patre
1624 1345 1746 1401 ﬁliis

178 1447 528 1518 ingerendum.
581 1444 655 1502 Ut
677 1447 802 1515 quia
830 1459 956 1499 aves
982 1442 1103 1499 coeli
1156 1445 1356 1512 absque
1387 1440 1491 1494 ulla
1532 1455 1661 1495 cura
1693 1446 1750 1494 et

181 1548 312 1593 metu
347 1539 523 1593 victus
562 1544 901 1592 terrenarum
950 1534 1156 1597 vivunt,
1217 1532 1388 1587 multo
1438 1531 1609 1602 magis
1649 1545 1750 1601 pro

188 1632 369 1701 quibus
408 1630 519 1685 haec
554 1629 734 1684 omnia
763 1636 943 1684 creata
993 1635 1137 1691 sunt,
1180 1626 1382 1695 absque
1420 1624 1524 1677 ulla
1555 1622 1750 1677 mentis

187 1722 522 1779 sollicitudine
575 1722 800 1777 Domino
851 1721 1080 1776 debeant
1130 1718 1414 1782 famulari,
1462 1726 1518 1773 et
1579 1716 1631 1771 in
1687 1731 1752 1771 eo

183 1831 380 1873 omnem
438 1829 626 1869 curam
657 1808 834 1868 suam
885 1818 939 1866 et
990 1809 1403 1865 sollicitudinem
1466 1807 1748 1878 projicere,

176 1918 227 1964 ut
260 1911 306 1965 ei
350 1909 566 1971 vivant,
613 1906 698 1962 cui
740 1905 1008 1961 credendo
1040 1904 1203 1959 semel
1235 1905 1586 1958 inlneserunt.

1852 701 2071 756 dixerit.
2106 700 2208 755 Sed
2233 699 2305 754 ita
2336 697 2766 767 intelligendum,
2792 696 3051 769 quidquid
3082 697 3306 769 provide
3337 712 3437 770 pro

1852 790 1957 846 hac
1980 791 2087 845 vita
2117 790 2377 863 gerimus,
2412 797 2471 843 ut
2517 803 2667 858 spem
2698 788 2764 844 de
2812 788 2963 858 ipsis,
3010 797 3065 844 et
3093 804 3191 859 pro
3218 786 3437 855 futuris,

1852 900 2066 959 semper
2094 888 2145 942 in
2179 885 2407 943 Domino
2441 885 2754 941 habeamus.

1926 1002 2265 1059 Considerate
2294 1004 2407 1060 lilia
2456 1007 2614 1078 agri,
2666 1002 2925 1075 quomodo
2970 1012 3226 1057 crescunt.
3262 1002 3442 1057 Etiam

1853 1094 2288 1149 exhortationem
2337 1094 2556 1149 habitbs
2592 1094 2731 1149 sicut
2774 1107 2937 1163 supra
2992 1092 3169 1149 victus
3212 1090 3439 1157 fecerat,

1852 1201 2091 1258 congruo
2125 1186 2255 1240 satis
2285 1187 2530 1257 exemplo
2560 1182 2739 1240 ﬁrmat
2766 1227 2778 1249 ,
2821 1199 2926 1238 non
2975 1183 3116 1253 quod
3149 1182 3270 1246 ista,
3301 1182 3445 1238 sicut

1852 1276 1939 1351 pie
1989 1276 2210 1347 quidam
2260 1276 2461 1341 volunt,
2517 1276 2872 1346 allegorizare
2923 1282 3189 1345 oporteat,
3236 1282 3297 1327 ut
3344 1286 3443 1344 per

1853 1366 2093 1421 volatilia
2140 1367 2434 1433 daemones,
2483 1383 2579 1436 per
2632 1366 2742 1421 lilia
2800 1365 3140 1421 sublimiores
3169 1364 3446 1436 angelicas

1856 1458 2165 1529 dignitates,
2194 1468 2249 1514 et
2280 1475 2376 1529 per
2405 1460 2574 1514 viride
2605 1458 2785 1514 fenum
2826 1458 2989 1530 356
3020 1466 3208 1529 gentes
3246 1457 3446 1515 intelli-

1856 1563 1982 1620 gere
2011 1548 2320 1603 doceamur.
2346 1548 2453 1602 Sed
2479 1549 2799 1619 simpliciter
2825 1548 3074 1604 Christus
3095 1549 3177 1605 eis
3197 1550 3263 1605 de
3284 1549 3447 1605 rebus

1856 1639 2185 1707 manifestat,
2214 1642 2415 1697 virtute
2453 1658 2548 1697 sua
2570 1651 2626 1697 et
2653 1642 2919 1711 sapientia
2952 1650 3146 1697 cuncta
3167 1642 3439 1706 existere;

1858 1748 2035 1804 neque
2064 1733 2118 1787 in
2146 1732 2287 1788 illius
2318 1734 2558 1805 potentia
2584 1734 2792 1789 deesse.
2823 1732 3006 1804 Neque
3026 1733 3096 1787 ab
3122 1733 3240 1803 ejus
3267 1732 3447 1803 provi-

1860 1820 2043 1876 dentia
2067 1817 2306 1892 ell‘ugerc
2346 1836 2575 1891 corpora
2617 1836 2737 1891 qua:
2780 1822 2893 1874 suis
2923 1819 3192 1875 mensuris
3218 1816 3447 1875 formata

1783 1896 1833 1956 Β
1861 1911 2084 1976 ereavit,
2124 1912 2268 1967 unde
2296 1912 2528 1968 debeant
2556 1912 2745 1967 vestiri
2769 1912 2895 1966 dum
2929 1920 3130 1965 tantam
3155 1910 3445 1981 pulchritu-

238 2002 297 2056 Et
322 2011 500 2073 pater,
537 1999 735 2070 inquit,
778 2006 941 2053 vester
968 1996 1183 2052 caelestis
1212 1997 1376 2067 pascit
1416 1996 1529 2050 illa.
1573 1996 1750 2068 Exag-

1876 2000 2030 2059 linem
2059 2003 2223 2058 etiam
2256 2003 2543 2058 herbarum
2576 2000 3077 2057 contulitoleribus.
3115 1999 3311 2054 Verum
3342 1999 3443 2069 igi-

177 2107 307 2168 gerat
329 2110 470 2164 ergo
499 2094 752 2148 ﬁduciam
782 2090 1010 2147 ﬁliorum
1038 2100 1092 2146 et
1135 2090 1452 2157 conﬁrmat;
1486 2089 1627 2144 unde
1653 2105 1751 2159 pa-

179 2196 290 2243 trem
317 2187 494 2241 etiarn
527 2201 593 2240 ea
624 2200 845 2256 pascere
877 2182 1105 2238 testatur
1130 2198 1250 2253 qua:
1291 2181 1512 2238 minima
1551 2190 1676 2236 sunt
1700 2190 1756 2237 et

174 2289 369 2349 propter
406 2276 558 2333 filios
590 2285 715 2331 sunt
739 2286 941 2331 creata.
982 2272 1133 2342 Quod
1168 2275 1211 2331 si
1242 2273 1456 2328 bonitas
1482 2270 1756 2344 largitoris

175 2374 228 2426 ad
255 2372 337 2427 illa
363 2387 433 2427 se
478 2369 739 2433 extendit,
767 2376 969 2438 quanto
1012 2366 1185 2437 magis
1221 2365 1288 2420 ad
1320 2380 1414 2421 eos
1440 2378 1575 2434 quos
1612 2361 1758 2419 forte

174 2462 475 2532 adoptionis
511 2460 613 2515 sibi
645 2457 975 2530 computavit
1008 2456 1063 2512 in
1102 2454 1277 2511 ﬁlios?

232 2553 388 2626 355
428 2549 628 2606 Nonne
662 2567 748 2606 vos
782 2549 948 2620 pluris
975 2548 1095 2603 estis
1119 2546 1223 2601 illis
1246 2549 1271 2601 ?
1295 2544 1474 2600 Pluris
1500 2545 1606 2602 hoc
1639 2544 1759 2600 loco

175 2662 263 2701 non
298 2646 365 2700 ad
427 2659 723 2699 numerum
780 2641 1034 2705 refertur,
1080 2640 1173 2695 sed
1217 2638 1341 2709 quia
1380 2644 1508 2691 sunt
1558 2635 1761 2706 pretio-

174 2736 328 2794 siores
351 2736 581 2792 ratione
605 2742 817 2813 utentes
842 2732 959 2797 ﬁlii,
990 2741 1044 2786 et
1069 2730 1120 2785 in
1151 2730 1492 2800 adoptionem
1518 2743 1616 2798 per
1640 2741 1764 2797 grao

178 2832 291 2885 tiam
336 2828 566 2886 sociati.
597 2825 980 2881 Verumtamen
1032 2823 1145 2880 hmo
1175 2821 1512 2893 comparatio
1550 2827 1763 2877 sancto-

177 2939 302 2989 rum,
326 2923 486 2978 sicut
512 2919 649 2975 solet
679 2914 897 2988 majoris
937 2917 1003 2970 ad
1046 2916 1330 2981 minorem,
1358 2930 1463 2969 non
1492 2912 1766 2969 immerito

180 3014 288 3070 cudi
315 3015 521 3069 avibus
552 2992 847 3074 confertur,
878 3008 1001 3080 quia
1032 3007 1204 3064 sancti
1243 3005 1381 3061 ultra
1432 3021 1595 3077 quam
1640 3018 1767 3059 aves

175 3120 370 3162 secreta
407 3103 682 3161 caelorum
714 3110 1021 3174 penetrant.
1051 3100 1116 3155 Et
1162 3100 1303 3156 sicut
1349 3098 1602 3169 praecipui
1640 3103 1770 3152 sunt

178 3212 358 3254 natura
388 3209 451 3253 et
500 3196 715 3260 merito,
766 3195 838 3249 ita
885 3194 1155 3265 praecipua
1189 3191 1450 3248 caelorum
1480 3186 1766 3245 sublimius

179 3293 396 3348 volando
446 3306 549 3362 per
592 3254 822 3360 gratiam
872 3254 1072 3343 tenent.
1126 3285 1200 3340 De
1257 3284 1454 3355 quibus
1499 3282 1767 3353 propheta
1795 3254 1843 3320 θ

178 3386 401 3440 miratur
435 3384 662 3440 dicens:
692 3380 798 3449 Qui
839 3390 959 3434 sunt
996 3379 1080 3433 isti
1109 3379 1197 3449 qui
1231 3386 1285 3431 ut
1309 3375 1471 3433 nubat
1495 3373 1693 3440 volant,
1717 3383 1767 3428 et

180 3474 313 3529 velut
338 3474 599 3529 columba:
621 3471 692 3526 ad
721 3468 976 3543 fenestras
1004 3488 1128 3524 suas
1152 3469 1179 3524 7
1221 3465 1369 3541 (Isa.
1395 3476 1485 3531 LX,
1515 3465 1604 3538 8.)
1633 3464 1772 3521 Sunt

187 3575 456 3634 praeterea
493 3580 675 3620 eorum
728 3562 1109 3637 quamplurimi
1139 3577 1172 3616 a
1203 3561 1388 3617 mundi
1432 3559 1660 3631 negotiis
1693 3558 1769 3614 ita

182 3646 449 3726 sejuncti,
505 3662 561 3710 ut
596 3654 700 3724 jam
754 3656 808 3710 in
846 3655 1005 3711 terris
1055 3650 1187 3708 nihil
1239 3659 1423 3724 agant,
1479 3665 1582 3707 nec
1627 3646 1773 3705 aliud

180 3746 311 3817 quid
334 3745 607 3810 laborent,
635 3745 729 3801 sed
774 3745 826 3799 in
872 3745 1037 3801 verbo
1085 3752 1140 3799 et
1168 3743 1281 3799 sola
1316 3738 1771 3812 contemplatione

187 3825 360 3893 divina
392 3836 701 3902 versantes,
733 3853 828 3909 spe
850 3835 964 3908 jam
987 3836 1041 3891 in
1067 3832 1382 3891 caelestibus
1408 3832 1625 3903 degunt.

200 3916 209 3937 ’
259 3928 385 3995 Quis
429 3940 616 3985 autem
652 3926 873 3984 uestrum
922 3940 1085 4000 potest
1123 3914 1366 3998 [adjicere
1407 3924 1476 3980 ad
1515 3933 1775 3979 staturam

186 4036 333 4074 suam
376 4022 621 4101 cubitum
658 4018 821 4075 unum
841 4021 867 4075 ?
894 4019 1184 4090 ﬂuensque
1212 4018 1279 4073 de
1309 4015 1430 4071 cibo
1458 4015 1779 4070 exhortatus

179 4108 277 4176 est,
308 4130 459 4170 nunc
504 4128 636 4167 vero
663 4110 729 4167 de
774 4111 1088 4167 indumento
1132 4108 1395 4179 corporis,
1438 4106 1525 4162 cui
1553 4121 1651 4178 per
1693 4104 1774 4161 ni-

182 4204 336 4258 miam
358 4204 689 4276 sagacitatis
712 4219 822 4258 suae
842 4202 1169 4275 diligentiam
1194 4217 1301 4257 non
1325 4208 1500 4271 potest
1513 4199 1781 4271 quispiam

179 4278 451 4364 adjicere,
500 4296 709 4350 idcirco
758 4296 807 4350 ei
863 4310 989 4350 cura
1035 4295 1279 4364 corporis
1335 4292 1628 4347 relaxanda
1674 4299 1780 4358 est,

180 4388 326 4458 cujus
355 4388 715 4463 providentia
746 4386 947 4444 factum
977 4387 1235 4454 creditur,
1285 4402 1409 4442 cum
1448 4401 1514 4441 ex
1544 4400 1611 4442 eo
1642 4382 1786 4467 nihil

176 4470 243 4537 sit
276 4486 331 4539 in
364 4488 569 4539 nostra
598 4484 862 4553 potestate
880 4495 1088 4536 creare.
1113 4478 1317 4555 Quibus
1343 4475 1585 4550 profecto
1603 4474 1786 4532 verbis

178 4591 279 4631 non
312 4577 491 4632 modo
528 4562 1275 4630 ﬁduciam‘v'estimentorum
1330 4571 1548 4642 ingerit,
1589 4584 1780 4625 verum

177 4669 536 4727 demonstrat
563 4669 709 4740 quod
757 4683 853 4722 sua
900 4648 1100 4721 virtute
1144 4664 1418 4737 quantitas
1455 4672 1510 4719 et
1552 4661 1785 4740 qualitas

177 4756 428 4836 corporis
487 4738 770 4835 metiatur,
802 4767 855 4814 et
896 4758 940 4814 si
970 4756 1101 4828 quid
1128 4755 1278 4811 deest
1308 4754 1362 4809 in
1401 4753 1586 4809 futuro
1612 4738 1786 4823 possit

178 4846 505 4909 restituere.
536 4845 697 4906 Unde
741 4849 832 4919 qui
862 4863 1167 4903 mensuram
1197 4844 1439 4916 corporis
1465 4843 1698 4914 providit
1727 4848 1793 4921 ut

182 4922 555 5006 (armaretur,
590 4936 664 4994 illi
697 4936 978 4993 tribuenda
1022 4945 1108 4992 est
1152 4951 1281 4991 cura
1336 4933 1625 4989 vestiendi.
1665 4930 1787 4987 Non

176 5034 319 5104 quod
350 5018 627 5088 laborare
654 5020 919 5104 quispiam
940 5036 994 5082 et
1012 5027 1295 5099 providere
1318 5025 1423 5080 ista
1444 5039 1552 5078 non
1574 5024 1789 5104 debeat,

179 5100 340 5180 sicuti
369 5134 435 5180 et
467 5137 575 5194 pro
607 5100 870 5185 cilio‘,"sed
908 5119 1036 5173 hinc
1059 5132 1273 5172 omnem
1304 5114 1550 5168 timorem
1578 5127 1642 5166 ac
1672 5100 1791 5167 sol?

178 5214 539 5278 licitudinem
572 5198 827 5288 abjicere,
860 5230 1009 5287 spem
1045 5202 1258 5286 quoque
1282 5204 1435 5267 suam
1460 5216 1515 5264 et
1536 5206 1795 5289 ﬁduciam.

181 5312 292 5372 Deo
330 5312 717 5376 committere,
744 5319 801 5364 et
821 5307 951 5364 nihil
973 5308 1073 5362 sibi
1099 5300 1399 5379 formidinis
1422 5294 1522 5374 pro
1558 5302 1699 5357 victu
1725 5316 1789 5358 ac

183 5409 394 5463 vestitu
450 5417 753 5459 reservare.
786 5400 939 5471 Quod
984 5399 1122 5457 bene
1161 5386 1360 5452 Paulus
1405 5409 1472 5450 ex
1514 5386 1623 5473 hoc
1661 5388 1793 5449 alibi

184 5500 417 5565 docens,
453 5512 570 5552 uno
613 5495 855 5551 declarat
899 5493 1094 5548 verbo:
1129 5488 1281 5557 Quod
1323 5489 1412 5561 qui
1455 5496 1594 5552 arat,
1646 5485 1793 5541 debet

183 5590 240 5647 in
270 5609 369 5661 spe
416 5604 583 5644 arare
613 5584 675 5659 (Ι
717 5585 837 5640 Cor.
868 5601 947 5649 lx,
988 5580 1128 5659 ‘10);
1180 5597 1287 5649 non
1329 5579 1476 5637 enim
1518 5577 1801 5634 interdixit

185 5686 318 5763 illud
352 5698 555 5757 agere,
583 5682 679 5737 sed
717 5694 868 5750 spem
893 5677 1055 5733 etiam
1087 5675 1140 5729 in
1184 5664 1516 5763 talibusbeo
1542 5669 1797 5727 commit-

189 5766 306 5847 ξένε
343 5797 359 5831 τ
393 5770 583 5847 neque
609 5772 786 5845 fassus
815 5780 898 5828 est
922 5770 1065 5841 quod
1090 5768 1182 5839 qui
1229 5775 1367 5835 arat,
1398 5766 1595 5821 debeat
1641 5776 1801 5843 arare

189 5840 517 5938 itollicitus,‘
522 5868 618 5926 sed
640 5840 866 5943 proprie
898 5840 957 5920 in
982 5877 1077 5935 spe
1103 5861 1365 5917 arandum
1393 5859 1651 5915 insinuat.
1682 5840 1797 5917 Nisi

1856 2106 1945 2153 tur
1971 2098 2113 2168 quod
2143 2115 2233 2153 nec
2264 2096 2539 2162 Salomon,
2570 2099 2663 2168 qui
2694 2112 2805 2169 pra:
2833 2097 3047 2168 regibus
3082 2104 3241 2152 terrae
3263 2094 3449 2152 saeculi

1856 2190 2025 2263 gloria
2068 2188 2314 2247 ﬂoruisse
2356 2188 2569 2261 legitur,
2604 2197 2751 2243 tanta
2792 2188 3002 2243 vestitus
3040 2197 3119 2241 est
3158 2185 3455 2255 pulchritu-

1857 2281 2002 2347 dine,
2032 2280 2167 2337 sicut
2216 2278 2448 2336 liliorum
2477 2291 2573 2336 est.
2616 2280 2751 2349 Quia
2786 2278 2931 2335 nullo
2967 2278 3199 2335 artiﬁcio
3232 2293 3319 2334 res
3348 2276 3452 2333 ali-

1859 2392 1963 2446 qua
1999 2384 2108 2430 tam
2141 2375 2422 2445 perspicue
2452 2373 2684 2430 colorari
2718 2381 2918 2444 potest,
2943 2381 3002 2427 ut
3029 2372 3102 2428 ita
3133 2370 3364 2428 candeat
3384 2380 3446 2427 ut

1860 2467 2057 2532 lilium,
2084 2474 2178 2522 aut
2225 2467 2415 2522 rubeat
2462 2475 2520 2521 ut
2549 2481 2694 2533 rosa,
2731 2481 2833 2522 nec
2861 2473 3040 2520 tamen
3067 2464 3318 2522 laborant
3350 2467 3459 2522 tin-
3551 2482 3560 2490 ·

1862 2566 2031 2615 cturaa
2072 2556 2347 2614 coloribus
2389 2573 2450 2614 se
2490 2559 2755 2625 ornando,
2798 2558 2941 2614 sicut
2982 2572 3084 2615 nec
3118 2557 3359 2613 volatilia
3397 2558 3455 2613 in

1864 2656 2010 2704 terra
2038 2647 2270 2705 serendo
2296 2666 2310 2702 :
2350 2665 2512 2719 neque
2536 2660 2684 2715 nent,
2727 2657 2788 2704 ut
2813 2648 3106 2705 conﬁciant
3136 2649 3333 2720 quibus
3370 2650 3457 2705 in-

1866 2739 2099 2811 duantur
2148 2740 2520 2812 operimentis.
2568 2739 2648 2794 Ad
2680 2740 2823 2811 quod
2858 2741 3127 2812 quispiam
3167 2741 3459 2811 imperito-

1868 2848 1987 2887 rum
2024 2832 2179 2903 quasi
2228 2832 2452 2903 physica
2503 2832 2872 2902 disputatione
2914 2833 3134 2897 seiolus,
3196 2834 3458 2904 simplici-

1870 2930 2034 2978 tatem
2064 2923 2341 2995 Evangelii
2386 2924 2730 2994 reprehendit
2757 2924 2943 2980 dicens
2968 2944 2980 2979 :
3012 2924 3150 2994 Quid
3172 2926 3453 2996 requirere

1871 3013 2130 3071 deberent
2177 3014 2507 3071 insensibilia
2558 3015 2700 3086 quod
2741 3016 2822 3073 eis
2868 3025 3061 3072 natura
3093 3017 3342 3081 contulit,
3369 3016 3459 3072 vel

1872 3120 1971 3159 cur
2011 3104 2291 3161 elaborare
2326 3105 2809 3176 pulchritudinem,
2857 3122 3020 3178 quam
3070 3124 3177 3164 non
3207 3108 3331 3173 sibi,
3362 3108 3460 3165 sed

1872 3197 2028 3253 nobis
2054 3198 2281 3253 Creator
2317 3198 2578 3256 indulsit?
2603 3200 2713 3255 Aut
2751 3202 3024 3273 quomodo
3052 3202 3458 3273 cooperiuntur,

1866 3293 1999 3369 quia
2050 3294 2312 3364 scriptum
2338 3302 2422 3350 est
2466 3295 2611 3365 quod
2651 3309 2753 3353 nec
2794 3294 3050 3351 Salomon
3079 3305 3367 3367 coopertus
3391 3298 3465 3353 sit

1873 3382 2013 3441 sicut
2034 3400 2198 3439 unum
2212 3400 2279 3440 ex
2308 3384 2463 3440 istis?
2482 3384 2615 3441 Nam
2639 3386 2751 3442 lilia
2781 3395 3082 3443 nascuntur
3102 3388 3279 3458 potius
3297 3401 3465 3459 quam

1876 3478 2299 3548 cooperiuntur;
2328 3487 2386 3537 et
2414 3479 2556 3535 sicut
2593 3479 2815 3549 quidam
2846 3480 2924 3534 ait
2950 3499 2964 3535 :
3002 3498 3021 3531 ι
3059 3479 3350 3550 Coopertio
3374 3478 3463 3536 vel

1877 3567 2107 3625 amictus
2126 3576 2211 3623 est
2235 3568 2501 3639 corporis,
2529 3583 2635 3623 non
2671 3583 2869 3639 corpus
2896 3570 3093 3640 ipsum.
3120 3570 3272 3627 Unde
3295 3571 3343 3627 si
3390 3571 3463 3629 ad

1877 3674 2117 3725 sensum,
2167 3659 2354 3730 inquit,
2408 3660 2658 3716 humanas
2698 3659 3065 3732 intelligentiae
3088 3676 3177 3717 res
3200 3660 3462 3731 refertur,

1879 3753 2116 3809 colorem
2164 3752 2261 3808 lilii
2313 3751 2518 3809 candor
2542 3753 2836 3810 velamenti
2880 3761 3095 3825 poterat
3136 3753 3401 3810 aemulari.
3437 3771 3459 3807 ι

1881 3843 2086 3915 Quibus
2140 3843 2382 3915 profecto
2434 3843 2611 3901 verbis
2659 3859 2768 3901 non
2824 3843 2903 3900 rei
2948 3844 3151 3901 veritas
3199 3843 3464 3915 aperitur,

1883 3952 1985 3994 nec
2029 3936 2438 3994 circumstantia
2477 3935 2728 3993 lectionis
2781 3936 3098 4003 intenditur,
3128 3935 3223 3992 sed
3276 3949 3473 3994 sensus

1884 4030 2115 4102 caligine
2159 4027 2465 4087 obducitur.
2519 4027 2654 4083 Nam
2699 4027 3000 4099 exemplqu
3056 4025 3339 4098 proposuit
3376 4023 3474 4083 ubi

1886 4118 2165 4190 multiplex
2220 4116 2558 4189 providentia
2614 4116 2888 4177 Creatoris
2930 4124 3093 4187 atque
3135 4114 3333 4172 efﬁcax
3371 4130 3471 4186 po-

1884 4211 2051 4267 tentia
2077 4207 2525 4281 prasdicatur,qui
2552 4216 2758 4264 tantum
2773 4206 3173 4264 insensibilibus
3195 4205 3471 4278 praestitit,

1885 4303 2027 4374 quod
2056 4302 2231 4367 nobis,
2254 4317 2353 4373 pro
2375 4301 2569 4373 quibus
2592 4301 2695 4357 ista
2718 4310 2897 4357 creata
2921 4309 3066 4366 sunt,
3088 4310 3144 4356 et
3164 4298 3478 4357 necessaria
3528 4310 3549 4329 λ

1884 4390 2180 4463 praestabit.
2237 4390 2352 4446 Non
2398 4390 2542 4461 quod
2570 4390 2651 4447 eis
2689 4393 2897 4461 potiora
2942 4390 3255 4463 praestiterit
3305 4404 3475 4463 quam

1886 4485 2063 4552 nobis,
2091 4486 2187 4542 sed
2216 4499 2284 4540 ne
2312 4485 2622 4541 interiorem
2653 4485 2913 4541 habentes
2953 4485 3182 4554 gratiam
3228 4482 3471 4554 pulchri-

1889 4577 2107 4642 tudinis,
2136 4576 2278 4632 hanc
2327 4575 2655 4631 exteriorem
2710 4572 3043 4631 difﬁdentins
3103 4573 3467 4645 requiramus.

1889 4669 2153 4740 Cooperta
2209 4677 2391 4725 autem
2425 4668 2664 4724 colorata
2709 4665 2892 4724 omnia
2922 4664 3047 4734 jure
3081 4665 3333 4721 dicuntur
3370 4662 3476 4721 etsi

1893 4767 2232 4815 nascantur:
2265 4776 2373 4816 non
2403 4758 2546 4831 quod
2585 4759 2823 4816 exterius
2867 4757 3010 4815 aliud
3058 4757 3295 4813 habeant
3326 4766 3479 4827 tegu-

1894 4861 2158 4916 mentum,
2182 4854 2276 4910 sed
2300 4854 2413 4924 ipse
2436 4854 2584 4909 color
2603 4851 2761 4923 juxta
2790 4854 3008 4910 modum
3036 4850 3326 4908 locutionis
3349 4864 3480 4905 eoo-

1894 4944 2252 5016 perimentum
2283 4945 2500 4999 dicitur.
2527 4943 2662 5003 Nam
2693 4945 2768 5000 ita
2794 4960 2937 5017 stupe
2970 4944 3196 5001 dicimus
3227 4962 3239 4999 :
3270 4941 3480 5017 Coope-

1895 5033 2006 5102 ruit
2027 5048 2149 5088 eum
2192 5030 2386 5106 pallor,
2413 5042 2507 5089 aut
2542 5036 2708 5092 rubor
2724 5052 2745 5102 ης
2785 5035 3068 5106 cooperuit
3098 5048 3223 5088 eum
3263 5032 3481 5089 czecitas

1897 5140 1992 5183 seu
2022 5126 2225 5183 macies
2254 5127 2517 5197 corporis,
2562 5136 2619 5183 et
2658 5128 2783 5184 talia
2829 5125 3137 5196 huiusmodi
3190 5140 3310 5195 qua:
3338 5123 3482 5181 infra

1896 5232 2094 5290 corpus
2145 5216 2300 5273 ﬁunt.
2357 5218 2525 5289 Igitur
2576 5218 2708 5275 nulli
2730 5219 2959 5279 dubium
3001 5215 3146 5289 quod
3186 5215 3344 5271 sicuti
3395 5224 3484 5272 est

1899 5309 2115 5369 habitus
2136 5310 2323 5377 animi,
2352 5310 2428 5365 ita
2453 5319 2534 5366 est
2573 5320 2629 5366 et
2652 5294 2889 5367 “habitus
2929 5309 2985 5364 in
3010 5321 3252 5376 corpore,
3292 5313 3346 5360 et
3376 5307 3485 5361 ba-

1898 5399 2231 5469 bitusextra
2276 5416 2495 5472 corpus.
2547 5400 2717 5457 Porro
2765 5400 3057 5458 candorem
3103 5396 3201 5453 lilii
3248 5396 3485 5468 quilibet

1900 5494 2128 5550 vestitus
2155 5494 2324 5558 color,
2374 5493 2620 5563 quamvis
2648 5493 2821 5563 possit
2845 5490 3113 5556 aemulari,
3143 5488 3293 5557 nullo
3319 5489 3489 5556 αφ

1903 5594 2084 5641 tamen
2110 5576 2377 5655 coaequari
2411 5591 2607 5653 potest.
2635 5583 2711 5643 Et.
2744 5582 2867 5641 ideo
2920 5582 2967 5637 si
3007 5581 3133 5637 talia
3177 5579 3365 5635 tribuit
3392 5578 3489 5637 ιή

1899 5675 2119 5732 cuilibet
2164 5690 2232 5731 ex
2268 5673 2525 5740 oleribus,
2571 5672 2707 5729 nihil
2754 5671 3105 5731 dubitandum
3150 5669 3485 5738 Christiano,

1899 5764 2061 5841 357
2111 5763 2259 5836 quod
2315 5778 2439 5829 eum
2509 5777 2746 5833 unquam
2803 5762 2999 5823 debeat
3056 5759 3306 5827 fraudare
3361 5771 3493 5829 pro,

1902 5869 2099 5912 11118818.
