4000 6362
534 316 633 372 611

1336 317 1396 373 S.
1433 309 1792 374 PASCHASII
1832 315 2185 373 RADBERTI
2221 316 2512 375 ABBATIS
2547 316 2992 377 CORBEIENSIS

3685 320 3783 384 3M

604 429 667 487 Si
699 429 837 485 enim
860 429 1037 500 fenum
1060 429 1194 501 agri,
1231 432 1371 502 quod
1398 433 1550 488 hodie
1571 444 1645 490 est
1692 444 1741 489 et
1771 451 1888 489 cras
1922 435 1975 488 in
2015 435 2110 488 cli-
2137 435 2187 494 Α
2214 433 2340 489 dum
2391 434 2642 491 sollicitat
2680 437 2952 502 animum,
2997 433 3156 506 hujus
3205 435 3332 491 vitae
3382 433 3530 490 curis
3579 434 3790 508 fatigat.

525 527 721 583 bonum
765 525 1008 592 mittitur,
1050 523 1190 578 Deus
1233 527 1308 580 sic
1340 528 1505 594 vestit,
1551 538 1746 600 quanto
1790 530 1955 599 magis
1997 545 2107 594 vos,

532 618 749 671 modica:
790 615 1127 688 ﬁdei?Ergo
1161 616 1283 671 ﬁdei
1332 628 1532 675 nostra:
1573 620 1936 675 inviolabilem
1981 637 2110 676 con-

533 706 809 762 ﬁdentiam
839 706 1210 777 exemplorum
1254 709 1578 766 auctoritate
1616 711 1870 766 divinitus
1911 711 2110 766 conﬁr-

532 807 660 864 mat,
691 807 750 853 ut
775 798 904 853 nulli
963 798 1044 854 fas
1073 799 1144 854 sit
1193 801 1492 871 ambigere,
1539 802 1666 856 dum
1717 811 1824 856 tam
1875 802 2108 858 evidenti

532 891 854 946 documento
900 891 1149 946 dubietas
1191 891 1454 959 aufertur,
1481 901 1536 948 et
1567 893 1926 964 promissione
1950 894 2110 950 Chri-

527 981 597 1035 sti
661 979 952 1035 inﬁdelitas
997 991 1382 1050 propugnator.
1433 982 1490 1038 Si
1533 984 1675 1039 enim
1723 983 1928 1051 fenum,
1958 987 2103 1055 quod

528 1072 684 1127 nodie
728 1079 830 1136 est,
882 1079 1045 1126 tanta;
1084 1072 1372 1128 viriditatis
1417 1073 1612 1130 decore
1656 1077 1900 1143 vestitur,
1943 1093 2112 1147 quan-

530 1173 585 1220 to
622 1164 793 1234 magis
846 1178 940 1218 eos
988 1164 1187 1219 vestire
1235 1175 1415 1236 parat,
1466 1183 1602 1239 quos
1652 1179 1867 1226 aeternae
1933 1172 2107 1227 socie-

532 1254 656 1308 tatis
696 1253 988 1324 participes
1041 1252 1205 1309 fecit?
1255 1253 1322 1309 Et
1383 1273 1500 1312 cras
1562 1259 1617 1312 in
1661 1259 1922 1315 clibanum
1989 1263 2110 1316 mit-

529 1345 676 1397 titur.
704 1343 804 1399 Ubi
827 1343 914 1397 alii
933 1345 1183 1411 codices,
1208 1347 1262 1399 in
1296 1346 1465 1416 ignem
1496 1348 1716 1404 habent.
1748 1349 1857 1406 Nec
1887 1351 2108 1407 dubium

527 1434 655 1503 quin
680 1434 732 1488 in
767 1434 943 1504 ignem
975 1435 1245 1502 mittatur,
1277 1453 1398 1492 cum
1431 1454 1651 1496 necesse
1672 1440 1859 1509 fuerit,
1892 1443 2018 1497 licet
2041 1444 2110 1498 ad

527 1530 630 1577 hoc
673 1522 927 1578 inhabilis
971 1523 1255 1591 habeatur,
1307 1527 1400 1582 sed
1450 1529 1517 1584 ad
1566 1543 1696 1585 usus
1737 1530 2108 1601 jumentorum

527 1615 702 1684 potius
752 1624 1021 1670 servatur.
1053 1615 1223 1672 Porro
1265 1619 1317 1674 in
1361 1620 1635 1677 clibanum
1682 1625 1855 1696 magis
1905 1627 2109 1696 tr0pice

527 1706 663 1760 mitti
693 1707 912 1772 dicitur,
941 1708 1065 1777 quia
1105 1709 1232 1764 dum
1256 1710 1524 1781 colligitur
1551 1714 1692 1783 quod
1707 1714 1866 1770 hodie
1894 1717 2106 1771 virebat

2209 525 2309 594 Qui
2345 542 2473 597 ergo
2526 529 2592 582 de
2637 528 2755 583 istis
2810 536 3019 583 tantum
3059 526 3298 583 conﬁsus
3338 535 3424 582 est
3457 543 3487 582 a
3531 526 3782 600 Domino,

2210 617 2402 673 saltem
2431 619 2695 673 modicam
2730 620 2894 674 habet
2917 617 3078 674 ﬁdem
3106 635 3122 672 :
3156 617 3249 688 qui
3291 626 3472 672 autem
3517 616 3796 678 adhuc'de

2209 708 2294 764 his
2335 708 2596 764 sollicitus
2632 718 2735 776 est,
2789 709 3024 765 inﬁdelis
3055 717 3331 765 censetur.
3368 707 3527 764 Unde
3571 725 3698 764 rara
3739 718 3796 768 et

2207 811 2503 870 paucorum
2529 808 2614 855 est
2645 798 2882 871 perfecta
2911 799 3062 855 ﬁdes.
3103 800 3171 855 Et
3210 800 3332 854 ideo
3383 799 3653 854 dubitanti
3703 800 3796 853 ad-

2211 892 2315 946 huc
2344 890 2522 956 Petro,
2549 900 2671 962 post
2724 891 2937 946 Domini
2979 889 3301 960 iussionem,
3345 899 3492 946 recte
3543 890 3793 946 dicitur:

2210 981 2434 1037 Modica:
2457 981 2582 1051 ﬁdei
2627 998 2788 1053 quare
2810 981 3061 1036 dubitasti
3089 980 3302 1052 (Matth.
3339 995 3453 1047 xw,
3492 979 3585 1050 3i)
3619 981 3643 1034 ‘t
3668 980 3798 1046 Qui-

2210 1090 2422 1146 cunque
2466 1088 2594 1146 ergo
2643 1074 2853 1130 dubitat
2898 1074 2953 1129 in
2995 1073 3176 1144 aliquo
3241 1080 3638 1144 praceptorum
3669 1071 3789 1139 Dei,

2209 1166 2294 1221 vel
2346 1167 2522 1221 minus
2565 1181 2630 1221 ex
2681 1181 2746 1222 eo
2792 1166 3044 1232 conﬁdit,
3097 1181 3260 1236 quam
3302 1165 3555 1237 promisit
3600 1173 3796 1236 potem

2211 1258 2373 1323 Deus,
2405 1259 2650 1314 modicus
2681 1266 2764 1314 est
2799 1258 2921 1314 ﬁde.
2962 1258 3099 1314 llinc
3133 1273 3352 1330 quoque
3376 1255 3615 1314 Iacobus
3645 1275 3658 1313 :
3690 1256 3799 1324 Qui

2211 1350 2408 1420 indiget
2433 1350 2711 1420 sapientia,
2740 1349 2962 1420 postulet
2981 1365 3095 1404 eam
3116 1365 3182 1404 ea:
3204 1347 3332 1418 ﬁde,
3354 1348 3484 1404 nihil
3512 1349 3792 1415 htzsitasts;

2212 1443 2337 1511 quia
2373 1441 2463 1510 qui
2496 1439 2704 1494 haesitat
2736 1438 2924 1493 similis
2948 1447 3022 1493 est
3053 1439 3238 1509 ﬂuctui
3262 1437 3444 1500 maris,
3473 1437 3618 1509 quia
3649 1446 3798 1492 vento

2214 1541 2450 1586 movetur
2501 1529 2643 1602 (Jac.
2692 1545 2732 1596 ι,
2772 1529 2851 1601 5).
2891 1529 3045 1597 Quod
3099 1529 3145 1584 si
3195 1530 3250 1584 in
3303 1527 3504 1585 divinis
3543 1527 3801 1585 haesitare

2211 1619 2520 1676 Christiano
2543 1636 2649 1676 non
2670 1620 2948 1685 convenit,
2980 1619 3033 1674 in
3064 1618 3315 1674 humanis
3337 1625 3393 1674 et
3422 1617 3645 1674 caducis
3665 1627 3795 1689 post

2213 1711 2478 1780 promissa
2526 1710 2796 1780 quomodo
2849 1709 3023 1765 ﬁdelis
3067 1709 3316 1765 dubitare
3358 1709 3608 1780 poterit?
3653 1707 3799 1776 Quid

526 1798 719 1853 decore
755 1798 1194 1868 pulchritudinis,
1239 1817 1359 1857 cras
1389 1803 1442 1858 in
1475 1819 1726 1860 acervum
1756 1807 2006 1862 mittitur.
2044 1809 2108 1863 Et
2135 1803 2183 1864 B
2211 1800 2376 1871 igitur
2415 1799 2576 1874 fugis.
2613 1800 2971 1856 ChriSliane?
3002 1799 3215 1867 003010
3264 1800 3437 1871 ωεείε
3481 1799 3537 1854 in
3567 1799 3802 1870 Ρτοωίε·

532 1890 634 1946 hoc
669 1901 754 1946 est
784 1892 838 1947 in
869 1891 1141 1949 clibanum
1180 1895 1416 1959 mittere.
1447 1899 1702 1968 quoniam
1745 1914 1970 1954 acervus
1998 1901 2105 1968 ille,

525 1982 653 2051 quia
712 1981 941 2037 formam
973 1983 1169 2039 clibani
1216 1985 1494 2057 exprimit,
1553 1987 1676 2058 jure
1725 1988 1967 2045 clibanus
2009 2005 2108 2045 no-

529 2074 787 2129 minatur.
1673 2069 1677 2073 ζ

596 2162 810 2230 Quanto
851 2167 1018 2238 magis
1066 2183 1176 2234 vos,
1213 2168 1434 2224 modica:
1459 2169 1635 2238 ﬁdei?
1671 2171 1988 2227 subauditur
2027 2189 2111 2227 ve-

525 2257 663 2311 stiet.
695 2257 863 2328 Igitur
895 2259 1018 2328 quia
1063 2275 1278 2316 omnem
1329 2261 1579 2316 ﬁduciam
1633 2272 1875 2318 nostram
1913 2265 1964 2319 in
2005 2265 2110 2320 ﬁde

526 2349 1025 2418 repromissionum,
1064 2360 1118 2406 et
1166 2351 1281 2422 ipse
1329 2353 1692 2422 perceptionis
1719 2365 1880 2425 atque
1907 2356 2109 2412 virtute

524 2455 620 2492 sua
651 2440 952 2510 majestatis
984 2443 1274 2512 persuadet
1301 2443 1576 2510 collocari,
1608 2460 1738 2500 cura
1771 2459 1950 2500 rerum
1982 2447 2107 2518 qui-

528 2531 630 2586 bus
683 2532 986 2603 indigemus
1026 2534 1252 2600 omissa,
1304 2534 1672 2592 indubitanter
1722 2537 1790 2592 ab
1829 2552 1894 2593 eo
1923 2539 2108 2594 omnia

525 2632 779 2692 expetere
820 2622 996 2693 jubet,
1051 2639 1083 2680 a
1129 2641 1238 2697 quo
1291 2635 1345 2681 et
1397 2628 1497 2698 ipsi
1558 2629 1773 2684 vivendi
1823 2629 2106 2687 exordium

523 2715 873 2784 sump-imus,
924 2715 1057 2772 nihil
1093 2717 1406 2774 haesitantes
1433 2719 1499 2774 de
1527 2719 1784 2784 minimis,
1825 2721 1917 2790 qui
1947 2721 2109 2776 caele-

523 2804 627 2859 stia
650 2815 704 2860 et
727 2815 946 2872 aeterna,
985 2809 1189 2878 absque
1231 2809 1339 2863 ulla
1390 2811 1746 2883 ambiguitate
1771 2826 2010 2882 sperare,
2055 2821 2111 2869 et

525 2909 624 2966 per
653 2897 966 2967 patientiam
989 2909 1304 2970 exspectare
1329 2901 1605 2957 debemus.
1623 2902 1713 2958 Sic
1738 2905 1884 2959 enim
1913 2907 1979 2961 de
2001 2913 2110 2961 ter-

529 2987 675 3041 renis
702 2999 757 3042 et
779 2989 999 3044 caducis
1028 2990 1214 3055 rebus,
1244 2991 1527 3060 promissis
1549 2991 1666 3063 ejus
1703 3009 1808 3048 non
1835 2997 2108 3052 credimus

530 3091 596 3132 ne
617 3078 835 3134 solliciti
865 3079 1055 3146 simus,
1086 3087 1143 3134 et
1187 3089 1368 3136 tamen
1391 3081 1460 3136 ab
1485 3098 1571 3148 eo,
1603 3084 1730 3140 licet
1754 3086 1971 3157 ingrati,
2004 3088 2108 3144 ista

528 3172 893 3242 percipimus;
929 3175 1198 3243 quomodo
1233 3174 1522 3231 invisibilia
1568 3188 1623 3234 et
1668 3179 1906 3236 caelestia
1961 3190 2109 3238 recte
2135 3192 2185 3259 ο

530 3277 813 3330 speramus
840 3265 864 3317 ?
891 3262 987 3318 Vel
1024 3265 1294 3334 quomodo
1317 3276 1644 3324 mternorum
1672 3272 1953 3341 promissis
1984 3274 2110 3329 abs-

531 3368 639 3420 que
689 3355 942 3424 ambiguo
975 3357 1267 3422 credimus,
1319 3359 1412 3428 qui
1460 3375 1559 3415 nec
1604 3361 1672 3416 de
1718 3361 1836 3416 istis
1886 3361 2113 3420 ﬁdentes

532 3447 850 3502 sumus?Et
880 3447 1001 3504 ideo
1035 3450 1113 3505 sic
1136 3449 1404 3505 exclamat
1453 3453 1580 3506 tuba
1623 3453 1887 3519 veritatis,
1926 3452 2145 3523 quate-'

532 3553 636 3593 nus
661 3539 726 3594 de
754 3539 838 3594 bis
868 3549 922 3596 et
948 3539 1196 3596 ﬁduciam
1224 3542 1379 3597 nobis
1404 3545 1633 3613 ingerat,
1658 3551 1713 3599 et
1739 3544 2113 3601 inﬁdelitatem

531 3628 874 3684 condemnet.
921 3628 1236 3686 Permodica
1269 3631 1433 3702 igitur
1463 3631 1597 3687 ﬁdes
1622 3641 1727 3702 est,
1768 3633 1814 3688 si
1856 3633 1988 3690 ﬁdes
2027 3634 2110 3690 di-

530 3720 700 3776 cenda
731 3730 841 3786 est,
878 3737 1000 3791 qua:
1031 3737 1134 3777 nec
1170 3723 1237 3778 de
1268 3723 1510 3778 minimis
1561 3723 1890 3780 immobilem
1936 3740 2115 3781 asser-

529 3815 730 3870 tionem
783 3823 1026 3884 przestat.
1080 3814 1186 3871 Sed
1224 3818 1369 3887 quod
1418 3816 1571 3888 pejus
1615 3827 1701 3873 est
1739 3818 1931 3874 saltem
1975 3821 2115 3878 hanc

528 3906 684 3976 pauci
716 3907 1003 3962 admodum
1035 3908 1253 3974 habent,
1283 3919 1338 3965 et
1359 3910 1502 3976 ideo,
1528 3911 1669 3982 quod
1696 3911 1824 3968 alibi
1854 3913 2115 3970 Dominus

529 3996 948 4062 damnat,curis
999 3997 1179 4053 saeculi
1226 4008 1282 4054 et
1341 3999 1797 4056 sollicitudinibus
1850 4002 2116 4062 suﬁ'ocant

527 4088 751 4143 verbum
799 4087 994 4144 divina:
1051 4090 1487 4160 praedicationis,
1541 4107 1642 4149 nec
1691 4091 1935 4148 referunt
1988 4096 2113 4152 ﬁdei

528 4178 784 4244 fructum,
836 4189 895 4234 ut
945 4195 1158 4236 omnem
1207 4197 1357 4252 spem
1400 4183 1525 4238 vitae
1573 4198 1687 4241 suae
1725 4185 1970 4242 Creatori
2015 4203 2114 4244 suo

527 4271 887 4336 committant,
920 4279 973 4326 et
992 4287 1113 4342 qute
1147 4271 1389 4330 coelestia
1411 4284 1537 4329 sunt
1564 4315 1578 4340 ,
1611 4275 1820 4346 justitia
1852 4277 2110 4345 dictante,

527 4361 762 4430 primum
793 4371 1059 4432 quaerant.
1464 4382 1475 4394 '

602 4450 781 4505 Nolite
810 4468 932 4523 ergo
958 4452 1170 4508 solliciti
1197 4471 1326 4522 esse,
1351 4457 1577 4512 dicentes
1606 4471 1624 4510 :
1653 4457 1796 4524 Quid
1818 4459 2109 4514 manduca-
2136 4494 2142 4500 ι

2213 1892 2291 1947 sis
2321 1892 2416 1946 Dei
2444 1891 2804 1956 baesitaveris,
2830 1901 2980 1947 tanto
3009 1892 3188 1946 minus
3206 1890 3452 1946 invenies
3477 1905 3578 1962 pro
3597 1890 3799 1962 quibus

2212 1982 2478 2039 sollicitus
2498 1982 2750 2039 desudas.
2777 1983 2846 2038 Et
2873 1983 2940 2050 si,
2968 1983 3211 2039 bonitate
3250 1983 3346 2039 Dei
3387 1984 3553 2039 etiam
3601 1983 3802 2040 dubius

2213 2074 2490 2143 acceperis
2519 2074 2663 2143 quod
2691 2073 2918 2130 sollicite
2945 2074 3204 2145 quaesisti,
3237 2089 3347 2130 non
3373 2083 3462 2128 tua
3490 2074 3803 2131 sollicitudo

2212 2165 2264 2220 id
2286 2165 2412 2221 fecit
2434 2163 2700 2232 ineﬁicax,
2717 2165 2809 2221 sed
2823 2165 2920 2221 Dei
2941 2165 3181 2237 largitas,
3199 2166 3291 2238 qui
3307 2166 3476 2224 solem
3494 2182 3652 2223 suum
3666 2168 3802 2223 oriri

2211 2255 2341 2311 facit
2369 2271 2529 2326 super
2556 2255 2728 2310 bonos
2753 2263 2809 2311 et
2830 2255 3022 2311 malos.

2283 2346 2391 2402 Scit
2425 2347 2562 2402 enim
2594 2345 2756 2400 Pater
2782 2356 2944 2400 vester
2963 2347 3088 2418 quia
3127 2346 3209 2401 his
3242 2346 3478 2401 omnibus
3519 2347 3797 2418 indigetis.

2211 2439 2610 2509 Patremigitur
2636 2438 2703 2492 ad
2726 2437 3042 2494 memoriam
3081 2437 3314 2493 ﬁliorum
3363 2451 3603 2503 revocat,
3639 2447 3708 2494 ut
3734 2455 3800 2495 ex

2213 2547 2279 2586 eo
2301 2531 2366 2586 de
2395 2529 2537 2584 illius
2550 2529 2793 2585 bonitate
2821 2538 2984 2599 atque
3010 2529 3346 2598 providentia
3371 2531 3574 2599 absque
3605 2531 3800 2586 saeculi

2211 2637 2340 2676 cura
2369 2621 2672 2676 securiores
2701 2620 2908 2675 reddat.
2947 2619 3098 2676 Unde
3123 2620 3274 2686 alibi,
3309 2629 3367 2675 ut
3394 2621 3661 2678 certiores
3695 2638 3799 2679 nos

2211 2709 2454 2768 faceret:
2485 2711 2545 2766 Si
2577 2727 2697 2782 ergo
2723 2728 2830 2776 vos,
2874 2711 3067 2780 inquit,
3097 2728 3214 2765 cum
3253 2712 3368 2766 sitis
3391 2711 3539 2776 mali,
3599 2716 3806 2770 nostris

2213 2802 2346 2858 bona
2377 2806 2503 2857 data
2537 2803 2664 2857 dare
2690 2802 2818 2871 ﬁliis
2857 2803 3064 2867 vestris,
3093 2811 3287 2874 quanto
3321 2804 3487 2874 magis
3524 2802 3689 2858 Pater
3727 2823 3806 2860 ve-

2210 2901 2316 2947 ster
2324 2894 2466 2948 dabit
2481 2893 2721 2965 spiritum
2736 2893 2924 2948 bonum
2938 2893 3225 2964 petentibus
3235 2910 3290 2949 se
3303 2895 3328 2948 .’
3339 2893 3551 2966 (Matth.
3565 2911 3640 2950 vn
3650 2936 3667 2962 ,
3687 2897 3720 2950 1
3730 2897 3804 2965 0.)

2212 2981 2296 3037 Ad
2319 2983 2464 3052 quod
2512 2982 2804 3038 inﬁdelitas
2842 2982 2980 3038 forte
3035 2982 3295 3039 dictura:
3345 2984 3478 3040 Novi
3513 2986 3639 3056 quia
3699 2989 3808 3042 scit

2215 3091 2314 3132 nos
2343 3076 2430 3132 his
2449 3090 2632 3149 egere,
2660 3076 2755 3132 sed
2801 3076 2987 3133 nescio
3015 3085 3195 3132 utrum
3238 3077 3369 3134 dare
3416 3078 3562 3134 velit.
3595 3077 3801 3144 Stulte,

2214 3165 2432 3224 Patrem
2455 3169 2628 3234 audis,
2651 3177 2706 3225 et
2729 3168 2798 3224 de
2817 3168 3095 3226 voluntate
3117 3171 3332 3227 dubitas
3357 3172 3381 3224 ‘t
3405 3171 3538 3239 Quis
3556 3187 3806 3243 unquam

2216 3263 2390 3317 bonus
2417 3272 2570 3333 pater
2589 3262 2794 3318 clausit
2823 3263 3032 3319 viscera
3055 3279 3150 3319 sua
3185 3263 3325 3320 ﬁdeli
3354 3263 3508 3319 ﬁlio?
3533 3263 3604 3319 Et
3628 3266 3678 3320 si
3709 3281 3805 3336 pro

2216 3354 2372 3410 nobis
2409 3355 2627 3426 proprio
2671 3354 2811 3410 Filio
2839 3370 2946 3410 non
2993 3354 3254 3426 pepercit,
3285 3354 3414 3425 quid
3454 3354 3621 3410 habet
3656 3357 3804 3426 quod

2216 3460 2415 3516 negare
2439 3445 2678 3501 debeat?
2706 3446 2931 3514 Quoties
2965 3462 3094 3517 ergo
3119 3462 3224 3502 non
3251 3447 3452 3518 accipis
3478 3447 3625 3519 quod
3646 3449 3799 3520 juste

2215 3537 2382 3612 359
2410 3539 2637 3608 quatris;
2669 3553 2774 3593 non
2808 3537 2971 3606 illius,
2995 3540 3090 3594 sed
3113 3548 3201 3594 tua
3230 3541 3469 3612 pravitas
3492 3540 3576 3596 vel
3603 3540 3803 3598 infide-

2215 3630 2340 3687 litas
2389 3630 2539 3686 facit.
2580 3629 2725 3686 Nihil
2770 3632 2914 3686 enim
2966 3631 3090 3687 ﬁliis
3137 3633 3408 3702 potentius
3454 3631 3602 3688 dedit
3667 3633 3799 3701 ﬁde,

2216 3722 2351 3778 nihil
2378 3721 2571 3778 fortius
2591 3723 2879 3789 charitate,
2911 3723 3046 3779 nihil
3078 3723 3394 3794 locupletius
3422 3740 3536 3796 spe.
3581 3722 3805 3782 Idcirco

2215 3814 2523 3884 quicunque
2576 3812 2660 3868 his
2705 3813 2878 3869 tribus
2927 3813 3198 3880 abundat,
3239 3815 3422 3871 omnia
3475 3815 3532 3870 in
3578 3813 3808 3873 Christo

2215 3912 2414 3975 potest,
2439 3911 2494 3957 et
2512 3917 2611 3973 per
2635 3917 2759 3958 eum
2791 3911 2982 3959 cuncta
3003 3904 3262 3975 possidet.

2290 3993 2524 4060 Quterite
2551 3994 2777 4062 primum
2812 4011 3030 4065 regnum
3073 3994 3187 4061 Dei,
3212 4005 3261 4050 et
3291 3995 3556 4067 justitiam
3579 3997 3729 4067 ejus,
3761 4009 3808 4054 et

2215 4084 2393 4139 omnia
2423 4084 2534 4137 lucc
2563 4083 2882 4153 adjicientur
2906 4084 3067 4139 vobis.
3093 4084 3332 4141 Primum
3357 4096 3558 4153 autem,
3585 4103 3704 4143 non
3743 4089 3812 4144 ad

2213 4177 2462 4233 ordinem
2489 4175 2829 4231 referendum
2867 4186 3018 4246 puto,
3063 4185 3124 4232 ut
3174 4187 3360 4248 postea
3408 4176 3512 4234 ista
3554 4194 3812 4250 querere

2214 4268 2528 4333 debeamus,
2563 4267 2656 4323 sed
2670 4267 2851 4334 omnia
2882 4268 3017 4334 haec,
3046 4269 3241 4340 inquit,
3270 4271 3596 4343 adjicientur
3625 4274 3808 4330 vobis.

2217 4362 2371 4420 Unde
2433 4363 2605 4434 magis
2651 4362 2717 4416 ad
2762 4365 3121 4432 quantitatem
3176 4365 3520 4423 referendum
3573 4379 3688 4437 est,
3752 4379 3814 4426 ut

2215 4465 2367 4513 extra
2390 4459 2493 4513 hoc
2518 4457 2652 4512 nihil
2678 4458 3027 4527 quaerendum
3052 4459 3152 4523 sit;
3177 4459 3304 4530 quia
3325 4475 3446 4515 cum
3462 4476 3528 4516 eo
3549 4462 3814 4518 universa

528 4541 722 4608 bimus,
757 4553 846 4597 aut
867 4545 993 4614 quid
1015 4545 1370 4612 bibemus,aut
1395 4565 1497 4618 quo
1527 4549 1820 4618 operiemur
1850 4550 1876 4604 7
1895 4549 2112 4606 Plenius
2135 4553 2191 4614 D
2218 4551 2466 4605 ﬁdelibus
2499 4551 2891 4612 condonantur,
2917 4559 2971 4605 et
2991 4549 3112 4605 ideo
3124 4551 3255 4605 dicit
3278 4569 3291 4604 :
3313 4550 3548 4616 Qumrite
3570 4553 3812 4622 primum

453 4695 462 4708 η
528 4635 694 4702 igitur
728 4636 960 4691 inculcat
986 4647 1042 4693 et
1072 4639 1330 4706 revolvit,
1367 4641 1534 4712 358
1559 4642 1819 4712 quidquid
1846 4659 1876 4698 a
1914 4643 2115 4712 princi-

527 4728 614 4797 pio
640 4727 907 4783 sermonis
928 4729 1127 4795 docuit,
1151 4740 1211 4787 ut
1234 4747 1422 4788 omnes
1436 4733 1727 4788 Christiani
1756 4734 1959 4805 absque
1977 4749 2116 4806 prat-

526 4818 696 4873 sentis
741 4819 866 4872 vita:
898 4819 1256 4879 sollicitudine
1303 4825 1473 4880 vitant
1503 4827 1628 4896 quia
1669 4824 1972 4881 sollicitudo
2012 4841 2115 4881 sae-

526 4909 884 4985 culi_suﬂ'ocat
915 4915 1160 4982 verbum,
1181 4931 1252 4972 ne
1275 4916 1475 4973 Christi
1525 4919 1680 4974 miles
1718 4919 1888 4990 possit
1911 4918 2116 4977 referre

525 5000 781 5057 fructum.
815 5003 860 5059 0
904 5004 1192 5063 inﬁdelitas
1220 5009 1680 5078 praecordiorum!
1733 5019 1940 5064 tantum
1981 5024 2109 5079 pre-

527 5092 633 5147 mis
656 5094 816 5148 corda
840 5095 1138 5164 hominum,
1170 5107 1229 5152 ut
1248 5099 1334 5154 vix
1363 5100 1596 5169 aliquem
1627 5100 1788 5155 liceat
1805 5100 1872 5154 ad
1893 5099 2112 5170 plenum

527 5186 796 5255 respirare
827 5187 892 5240 ad
925 5205 1168 5258 superos.
1197 5190 1311 5246 Hac
1339 5192 1535 5262 quippe
1583 5191 1944 5247 sollicitudine
1973 5207 2114 5261 pene

529 5287 719 5330 omnes
792 5289 1132 5347 premuntur,
1180 5282 1341 5335 etiam
1403 5281 1690 5351 aliquando
1763 5289 1820 5338 et
1871 5283 1970 5352 ipsi
2020 5282 2112 5353 qui

532 5366 732 5420 mortui
758 5368 1008 5424 videntur
1048 5371 1264 5426 steculo.
1302 5369 1453 5426 Unde
1482 5385 1580 5441 pro
1631 5371 1772 5426 victu
1813 5381 1869 5427 et
1913 5375 2112 5429 vestitu

526 5469 690 5527 quam
710 5475 851 5531 saepe
866 5461 1320 5517 scandalizantur.
1339 5462 1524 5517 Infelix
1540 5478 1669 5534 ergo
1688 5479 1877 5519 eorum
1899 5464 2112 5535 perfec-

527 5546 623 5608 tio,
671 5549 796 5606 dum
844 5567 944 5622 pro
991 5551 1077 5607 his
1106 5552 1322 5608 solliciti
1351 5553 1641 5624 gentilibus
1671 5564 2038 5626 coaequantur.

599 5639 732 5697 Htec
752 5644 949 5708 omnia,
978 5644 1172 5713 inquit,
1222 5653 1394 5714 gentes
1436 5645 1728 5716 inquirunt.
1757 5647 1837 5702 Ac
1869 5663 1967 5718 per
2008 5649 2112 5704 hoc

527 5733 658 5804 quid
686 5735 918 5807 amplius
943 5735 1105 5791 habet
1128 5752 1158 5790 a
1192 5735 1398 5806 gentili,
1433 5737 1588 5808 cujus
1611 5739 1789 5795 adhuc
1821 5739 2112 5797 inﬁdelitas

2219 4656 2433 4710 regnum
2463 4639 2582 4705 Dei,
2615 4656 2678 4696 ac
2701 4641 2747 4696 si
2777 4657 3045 4696 summum
3076 4641 3300 4707 bonum,
3332 4644 3474 4712 quod
3501 4659 3608 4698 non
3644 4659 3815 4716 prop-

2218 4738 2303 4784 ter
2329 4729 2492 4794 aliud,
2521 4731 2614 4785 sed
2640 4741 2863 4803 propter
2891 4732 3127 4802 seipsum
3174 4741 3388 4803 oportet
3410 4749 3686 4804 quaerere,
3716 4751 3814 4792 ne-

2217 4835 2323 4892 que
2344 4823 2411 4876 ad
2448 4821 2591 4876 aliud
2615 4823 2984 4890 referendum,
3012 4825 3267 4894 quoniam
3291 4825 3620 4896 adjicientur
3646 4827 3814 4885 vobis

2216 4914 2398 4969 omnia
2453 4916 2778 4980 necessaria,
2812 4931 2921 4970 non
2956 4916 3176 4987 quidem
3223 4925 3446 4989 propter
3495 4933 3555 4974 se
3596 4920 3816 4991 ample-

2219 5007 2439 5074 Ctenda,
2471 5007 2566 5063 sed
2596 5017 2655 5063 ut
2676 5007 2946 5079 justitiam
2968 5009 3201 5080 operari,
3233 5019 3289 5066 et
3316 5010 3385 5066 ad
3418 5026 3649 5082 regnum
3683 5011 3814 5068 feli-

2222 5115 2314 5154 ces
2335 5101 2660 5172 quandoque
2689 5101 2912 5171 possitis
2933 5101 3268 5174 contingere,
3299 5103 3537 5166 interim,
3565 5104 3700 5159 dum
3726 5118 3818 5159 es-

2217 5188 2287 5245 tis
2314 5190 2367 5244 in
2399 5190 2507 5256 via,
2540 5191 2758 5254 utenda,
2791 5205 2896 5245 non
2921 5200 3144 5263 propter
3172 5208 3231 5249 se
3261 5193 3499 5264 quidem,
3535 5194 3628 5247 sed
3681 5210 3817 5264 pro-

2215 5290 2336 5351 pter
2363 5281 2511 5338 illud.
2567 5281 2721 5338 Unde
2748 5283 2835 5339 his
2868 5292 3087 5339 utamur
3135 5285 3188 5339 in
3239 5286 3347 5352 via,
3400 5295 3671 5356 quatenus
3716 5287 3817 5342 illo

2218 5372 2466 5428 fruamur
2489 5372 2542 5427 in
2573 5373 2787 5442 patria;
2827 5374 2954 5446 quia
3008 5376 3124 5430 haec
3169 5375 3352 5430 omnia
3408 5384 3629 5446 propter
3672 5375 3815 5431 illud

2217 5465 2375 5520 nobis
2407 5474 2532 5520 sunt
2555 5467 2880 5529 necessaria,
2913 5466 3042 5522 illud
3071 5476 3253 5522 autem
3286 5477 3506 5538 propter
3537 5468 3814 5538 seipsum.

2217 5557 2354 5613 Hinc
2379 5573 2510 5629 ergo
2540 5557 2738 5614 dicitur
2766 5573 2782 5613 :
2809 5557 3040 5626 Quterite
3087 5561 3314 5630 primum
3368 5577 3584 5631 regnum
3623 5557 3732 5614 Dei
3761 5570 3817 5616 et

2208 5645 2480 5718 justitiam
2501 5649 2637 5719 ejus,
2661 5657 2710 5704 et
2737 5648 2916 5704 omnia
2940 5649 3076 5714 haec,
3101 5665 3219 5719 qua:
3263 5659 3484 5721 propter
3513 5664 3636 5703 eum
3675 5658 3820 5706 sunt

2216 5740 2370 5796 vobis
2419 5743 2744 5810 necessaria,
2792 5740 3296 5812 superadjicientur.
3353 5741 3822 5813 Super-adduntur
