4000 6362
175 331 254 388 ns
479 370 502 394 .
922 319 1294 382 exposmo
1329 319 1399 378 lN
1438 294 1882 380 nummum.
1921 351 1993 364 -
2025 319 2156 378 LIB.
2197 319 2288 391 tv,
2327 319 2480 377 CAP.
2517 316 2631 378 vn.

3305 325 3412 381 δη

175 450 333 502 autem,
362 436 490 506 qula
523 469 537 490 .
579 431 650 488 ud
696 447 863 488 unum
908 434 1080 488 solum
1108 442 1164 489 et
1201 433 1594 503 permaximum
1624 447 1716 487 ne-
1743 439 1793 498 Α
1821 433 2054 489 dominis
2099 435 2339 500 servire;
2397 434 2521 504 quia
2596 433 2753 503 longe
2807 430 2911 487 alia
2967 441 3055 490 est
3104 431 3411 492 sollicitudo

175 529 427 586 cessarium
481 534 582 587 est,
633 524 686 578 in
732 539 839 594 quo
877 524 1056 579 onmis
1113 523 1437 579 sufﬁcientia
1487 523 1720 577 ﬁliorum

175 620 474 691 adimpletur.
523 617 676 685 Quod
706 632 837 672 sane
879 615 1004 682 ﬁde,
1033 632 1128 688 spe
1155 629 1207 670 et
1236 617 1500 673 charitate
1531 617 1722 671 devote

172 715 270 770 satis
292 713 575 782 queritur,
599 711 670 777 si,
697 711 876 766 omnia
902 725 1240 782 quaecunque
1287 710 1541 777 facimus,
1573 726 1721 782 qua:-

171 822 334 878 cunque
376 805 653 876 cupimus,
679 819 893 875 semper
930 804 1061 859 illud
1107 805 1162 859 in
1191 814 1371 860 mente
1405 804 1718 876 quaerimus.

170 900 244 958 Ubi
279 899 410 954 ordo
451 907 820 969 praeposterus
863 897 1117 954 decenter
1172 899 1305 954 satis
1355 905 1714 968 permutatur,

171 992 358 1058 Quem:
378 990 614 1059 primum
638 1005 855 1059 regnum
885 988 1002 1054 Dei,
1027 990 1219 1045 deinde
1244 989 1470 1056 addidit,
1496 999 1542 1044 et
1561 990 1722 1060 justi-

163 1083 257 1136 tiam
279 1081 410 1152 ejus.
431 1081 574 1150 Ergo
601 1079 752 1150 prius
774 1080 1063 1149 quaerenda
1090 1078 1397 1148 estjustitia
1427 1080 1599 1151 regni,
1624 1095 1721 1150 per

164 1187 290 1242 quam
339 1173 666 1242 pervenitur
712 1170 780 1224 ad
827 1170 976 1235 illud,
1011 1170 1204 1226 deinde
1247 1187 1346 1242 per
1373 1173 1616 1227 eamdem
1651 1172 1720 1226 ad

156 1265 295 1334 ipsum
331 1261 799 1333 perveniendum;
828 1261 954 1332 quia
980 1276 1140 1316 nemo
1165 1262 1267 1317 nisi
1300 1263 1525 1332 justitize
1553 1277 1719 1332 opera

156 1357 480 1427 exsequendo
500 1355 630 1410 illud
661 1355 905 1410 invenire
928 1357 1146 1426 poterit.
1180 1355 1284 1412 Sed
1313 1357 1547 1428 primum
1592 1373 1719 1428 pro-

149 1451 319 1521 posuit,
352 1458 417 1503 ut
440 1446 808 1519 permulceret
829 1449 1091 1515 auditum,
1135 1450 1327 1504 deinde
1356 1449 1535 1504 intulit
1557 1449 1718 1519 justi-

151 1543 265 1597 tiam
310 1542 756 1612 perquirendam.
795 1556 914 1612 quze
962 1542 1094 1598 satis
1131 1541 1400 1598 laboriose
1439 1543 1712 1614 impletur.

155 1636 240 1701 Ut,
266 1635 306 1691 si
327 1634 586 1706 placuerit
616 1635 760 1705 quod
791 1634 1112 1704 permulcet,
1140 1619 1428 1706 impleatur
1449 1635 1717 1692 laboriose

142 1723 357 1794 justitia,
387 1741 551 1795 quam
598 1725 801 1795 ubique
837 1725 1042 1791 docuit,
1088 1725 1214 1781 licet
1239 1727 1418 1782 doleat
1444 1728 1585 1797 quod
1627 1729 1717 1799 ju-

1827 526 2030 593 saeculi,
2061 527 2164 581 alia
2192 525 2728 594 sollicitudojustitim
2757 523 2849 580 Dei
2873 539 2937 579 ac
2962 526 3133 596 regni.

1896 616 2173 672 Crastinus
2201 620 2338 672 enim
2359 620 2470 671 dies
2492 616 2745 671 sollicitus
2777 626 2851 671 est
2874 618 2974 672 sibi
3001 617 3120 687 ipsi.
3166 617 3280 674 Non
3319 620 3411 679 illa

1823 710 2082 767 nimirum
2131 710 2494 766 sollicitudine
2546 711 2832 776 virtutum,
2885 711 2976 766 sed
3024 711 3409 781 sollicitudine,

1824 818 1944 874 qua:
1969 819 2076 858 non
2101 789 2213 857 nisi
2243 803 2457 868 timore,
2491 803 2704 875 gaudio,
2731 811 2787 858 et
2824 818 3081 870 maerore,
3107 821 3206 860 nec
3229 821 3333 859 non
3354 813 3413 862 et

1824 895 2096 950 anxietate
2119 910 2370 949 curarum
2408 903 2644 949 mentem
2685 895 2984 966 perturbat.
3020 895 3171 952 Unde
3200 911 3215 951 :
3251 896 3411 968 Βηθε-

1823 986 1892 1040 cit
1916 987 2020 1039 diei
2051 986 2252 1040 malitia
2288 1003 2405 1040 sua.
2438 986 2493 1040 ld
2518 995 2602 1041 est
2625 985 2929 1043 sollicitudo
2951 989 3234 1058 prtesentis
3263 991 3410 1056 vitae,

1824 1092 1986 1154 atque
2023 1083 2276 1149 amictio;
2322 1085 2465 1154 quod
2496 1087 2644 1142 mia
2690 1084 2913 1139 verbum
2949 1083 3196 1139 Graecum
3245 1084 3408 1139 simul

1823 1187 2002 1243 sonat,
2032 1178 2293 1232 malitiam
2339 1178 2590 1233 videlicet
2617 1186 2673 1234 et
2714 1177 3082 1234 alﬂictionem.
3114 1177 3406 1232 Verumta-

1821 1285 1945 1324 men
1972 1269 2130 1342 361
2166 1270 2254 1324 hic
2281 1269 2488 1324 malitia
2526 1269 2698 1339 magis
2733 1267 3015 1324 transferri
3059 1267 3281 1323 debuit:
3313 1267 3409 1322 sed

1821 1364 2028 1419 malitia
2071 1364 2278 1434 peccati
2309 1373 2415 1428 est,
2449 1379 2570 1433 quae
2601 1362 2804 1417 laboris
2834 1370 2889 1418 et
2929 1363 3220 1432 cruciatus.
3253 1359 3409 1415 Unde

1823 1457 2039 1528 quidem
2082 1457 2278 1514 suﬁicit
2305 1457 2409 1512 diei
2447 1457 2672 1522 malitia,
2700 1457 2856 1512 labor
2884 1473 3014 1512 suus
3046 1467 3099 1512 et
3134 1456 3406 1526 angustia,

1773 1583 1776 1585 λ
1822 1549 2024 1604 idcirco
2075 1549 2404 1619 superﬂuum
2459 1558 2560 1614 est,
2606 1549 2672 1605 de
2714 1548 2936 1604 incertis
2985 1549 3244 1620 cogitare.
3297 1546 3408 1602 Nos

1824 1650 2005 1697 tamen
2037 1658 2143 1697 non
2173 1643 2572 1708 contendimus,
2602 1658 2698 1713 pro
2737 1652 2967 1712 utraque
2995 1642 3197 1697 malitia
3247 1640 3408 1697 simul

1823 1735 1994 1805 accipi
2043 1735 2145 1789 hoc
2187 1734 2305 1789 loco
2350 1735 2584 1800 debere;
2620 1749 2781 1803 quam
2823 1749 2954 1789 sane
2994 1734 3253 1788 malitiam
3282 1748 3408 1803 pec-

142 1819 298 1874 belnr.
328 1819 592 1888 Alioquin
647 1819 750 1873 nisi
800 1818 1143 1874 abundaverit
1173 1819 1386 1889 futtilia
1408 1831 1575 1876 vestra
1597 1823 1715 1892 plus
1743 1813 1792 1874 Β
1820 1826 1996 1882 cando
2021 1827 2385 1882 incurrimus:
2420 1844 2524 1881 non
2552 1827 2698 1897 quod
2719 1827 2833 1882 dies
2867 1827 3040 1882 malus
3072 1826 3269 1897 aliquis
3311 1840 3408 1896 per

137 1932 276 1985 quam
293 1915 609 1970 Scribarum
630 1925 676 1968 et
697 1911 1111 1981 Pharisaeorum,
1141 1932 1242 1969 non
1265 1915 1523 1970 intrabitis
1559 1918 1613 1970 in
1635 1934 1720 1971 re-

140 2023 278 2076 gnum
349 2005 630 2059 caelorum.
687 2004 904 2060 Justitia
956 2021 1085 2078 ergo
1149 2007 1300 2079 regni
1356 2009 1537 2062 omnia
1600 2023 1721 2078 quae

143 2099 374 2154 Christus
399 2101 612 2165 docuit,
642 2116 764 2154 cum
794 2100 965 2156 tribus
988 2103 1284 2172 prtemissis
1305 2105 1598 2160 virtutibus
1627 2106 1722 2160 ob-

146 2209 360 2257 scrvare,
385 2191 586 2247 deinde
616 2207 838 2262 regnum
863 2209 1128 2264 querere,
1163 2196 1337 2266 ipsam
1366 2196 1721 2266 eamdemque

145 2281 390 2350 justitiam
442 2298 552 2336 non
584 2283 652 2336 ob
701 2283 846 2337 aliud
883 2285 1137 2354 operibus
1177 2286 1492 2356 adimplere,
1527 2287 1628 2341 nisi
1661 2295 1721 2342 ut

148 2376 460 2445 gloriﬁcetur
500 2375 667 2442 Deus,
708 2376 870 2448 360
907 2386 961 2432 et
1014 2395 1113 2434 nos
1152 2394 1250 2449 per
1276 2381 1455 2435 omnia
1503 2380 1577 2434 illi
1608 2380 1721 2451 pla-

150 2484 362 2525 ceatnus.
415 2467 618 2523 Gentes
668 2470 810 2522 enim
866 2476 1079 2524 terrena
1123 2469 1411 2525 infideliter
1441 2480 1716 2542 quazrunt,

154 2559 326 2627 quibus
370 2574 497 2628 spes
550 2559 695 2612 nulla
747 2561 812 2613 de
855 2558 1053 2614 futuris
1087 2569 1438 2626 monstratur,
1484 2580 1582 2618 nec
1627 2563 1721 2617 ad-

157 2647 280 2716 optio
307 2648 428 2700 data
468 2656 572 2708 est,
605 2663 778 2717 neque
819 2649 870 2701 in
907 2648 1218 2704 cmlestibus
1244 2666 1466 2720 regnum
1503 2651 1719 2722 aliquod

158 2739 481 2806 permittitur.
543 2737 756 2794 Fideles
801 2754 927 2793 vero
960 2740 1084 2808 quia
1125 2740 1283 2794 electi
1320 2751 1443 2795 sunt
1485 2742 1551 2795 ad
1599 2758 1721 2810 gra-

163 2831 292 2895 tiam,
311 2830 430 2899 jure
463 2831 572 2885 illis
611 2832 808 2885 dicitur
834 2846 847 2884 :
875 2830 1106 2896 Quwrile
1135 2849 1223 2886 vos
1249 2834 1475 2902 primum
1505 2850 1718 2903 regnum

162 2920 264 2987 Dei,
285 2934 327 2976 et
357 2929 470 2976 hwc
510 2924 688 2975 omnia
718 2922 1035 2992 adjicientur
1056 2922 1217 2976 vobis.
1248 2923 1382 2990 Quia
1407 2925 1508 2978 etsi
1547 2925 1719 2981 bonus

155 3017 400 3083 omnibus,
445 3016 798 3072 credentibus
845 3015 1053 3070 scilicet
1101 3023 1154 3070 et
1197 3031 1303 3070 non
1349 3017 1716 3084 credentibus,

156 3105 603 3176 inprtesentiarum
648 3105 994 3176 prmdicatur,
1027 3105 1078 3159 in
1117 3104 1297 3160 futuro
1339 3116 1515 3160 tamen
1540 3107 1719 3176 justus

150 3168 328 3267 ubique
373 3168 702 3270 prmdicitu-r.
738 3197 892 3254 Unde
944 3198 1083 3254 lilios
1127 3208 1445 3270 praemonet,
1493 3168 1716 3269 qutcrite
1747 3168 1792 3233 C

144 3290 364 3356 primum
417 3305 645 3361 regnum
687 3289 740 3344 in
791 3289 974 3344 mundi
1004 3291 1212 3362 origine
1254 3303 1634 3362 prteparatum,
1663 3301 1719 3347 et

141 3379 188 3432 in
213 3379 507 3451 Evangelio
555 3381 980 3451 repromissum;
1035 3382 1227 3438 deinde
1267 3383 1535 3453 justitiam
1575 3383 1714 3454 ejus,

136 3473 260 3540 quia
310 3474 365 3526 in
387 3489 450 3527 eo
478 3473 652 3527 nullus
685 3473 946 3543 reprobus
966 3475 1228 3537 introibit,
1260 3476 1352 3530 sed
1384 3476 1572 3530 reddet
1601 3477 1721 3531 uni-

133 3562 341 3631 cuique
372 3578 464 3616 rex
493 3565 744 3618 virtutum
777 3573 938 3634 prout
957 3566 1144 3636 gessit.
1171 3567 1287 3636 Qua
1327 3568 1393 3622 de
1417 3584 1578 3622 causa
1604 3569 1717 3622 vir-

131 3659 285 3706 tutes
323 3653 556 3717 studere,
606 3654 831 3709 ﬁliorum
886 3663 1006 3720 est;
1038 3636 1156 3725 qua:
1187 3657 1371 3712 mundi
1415 3668 1538 3712 sunt
1573 3674 1720 3727 quae-

133 3758 278 3801 rere.
306 3746 570 3815 gentium,
610 3747 660 3802 id
703 3758 788 3805 est
824 3748 1139 3804 inﬁdelium.
1176 3748 1553 3804 Verumtamen
1593 3751 1720 3820 quia

131 3835 367 3890 ﬁliorum
390 3849 514 3891 sunt
541 3840 746 3906 omnia,
799 3842 1004 3897 idcirco
1031 3840 1194 3896 etiam
1236 3850 1291 3897 et
1335 3857 1440 3896 non
1467 3858 1716 3913 quaeren-

135 3925 286 3980 tibus
325 3927 647 3996 adjicientur
680 3930 797 3987 haec
843 3933 1062 3996 omnia;
1092 3931 1288 4004 quibus
1314 3948 1435 3987 cum
1479 3934 1720 3988 substra-

124 4017 356 4084 buntur,
381 4023 442 4074 ad
464 4023 844 4092 probationem
866 4025 1002 4079 ﬁunt
1027 4041 1045 4092 ;
1074 4041 1194 4080 cum
1229 4041 1361 4081 vero
1387 4027 1717 4096 przebentur,

126 4110 192 4162 ad
255 4113 558 4181 gratiarum
622 4115 911 4185 actionem,
966 4117 1220 4187 quoniam
1274 4117 1366 4187 qui
1423 4119 1718 4172 secundum

126 4205 468 4272 propositum
503 4214 634 4261 sunt
667 4208 872 4276 vocati,
912 4209 1096 4265 omnia
1138 4209 1245 4265 illis
1274 4219 1635 4279 cooperantur
1660 4208 1715 4264 in

127 4291 348 4349 bonum.

197 4410 384 4466 Nolite
407 4413 625 4468 solliciti
671 4429 784 4469 esse
813 4413 878 4470 de
907 4414 1155 4469 crastino.
1194 4412 1280 4478 Et,
1313 4413 1359 4468 si
1390 4413 1668 4484 quaesieris
1698 4430 1714 4468 :

130 4516 295 4570 quare
323 4505 348 4558 ἲ
377 4505 518 4572 Quia
544 4505 663 4560 hac
681 4505 864 4561 omnia
889 4503 1211 4574 adjicientur
1240 4504 1412 4560 vobis.
1445 4504 1571 4570 Ubi,
1594 4518 1718 4559 cum
1743 4523 1797 4584 ι)

132 4594 195 4647 de
215 4594 405 4651 futuro
429 4597 693 4654 sollicitos
713 4614 832 4654 esse
848 4599 1144 4668 prohibuit,
1167 4598 1355 4655 saltem
1379 4599 1445 4654 de
1466 4599 1720 4670 praesenti

135 4698 328 4741 curare
351 4689 626 4757 permisit.
656 4687 859 4743 Paulus
891 4689 1034 4744 enim
1066 4689 1152 4744 die
1173 4704 1237 4744 ac
1257 4699 1415 4744 nocte
1437 4688 1722 4744 laborabat

138 4778 410 4844 manibus,
459 4788 518 4834 et
557 4779 625 4834 de
677 4780 921 4836 collectis
967 4781 1222 4836 monebat
1263 4795 1384 4849 qua:
1427 4779 1626 4834 ﬁebant
1664 4779 1720 4834 in

139 4868 357 4921 sanctis.
387 4867 500 4924 Nec
529 4885 638 4924 non
660 4869 955 4924 secundum
997 4869 1166 4940 Agabi
1194 4870 1530 4939 prophetiam
1561 4868 1720 4924 famis

144 4970 165 5006 ι
191 4959 396 5014 sanctis
440 4969 799 5030 procuratur;
830 4976 934 5016 nec
966 4976 1074 5016 non
1105 4970 1160 5014 et
1207 4959 1494 5016 Dominum
1518 4958 1724 5015 loculos

144 5046 391 5106 habuisse
422 5052 670 5124 legimus,
704 5055 846 5108 unde
881 5069 989 5108 non
1021 5051 1192 5117 labor,
1229 5068 1333 5107 non
1363 5052 1720 5123 providentia,

143 5142 234 5194 sed
255 5143 563 5198 sollicitudo
591 5155 648 5199 et
669 5160 798 5201 cura
824 5153 1060 5200 mentem
1092 5143 1394 5215 praefocans
1414 5145 1720 5199 damnatur;

142 5226 421 5289 Crastinus
446 5245 629 5291 autem
657 5251 756 5307 pro
784 5235 987 5311 futuro
1027 5235 1265 5306 ponitur.
1298 5235 1435 5302 Quia
1480 5248 1587 5289 non
1616 5233 1723 5289 sol-

146 5322 360 5382 licitudo
375 5340 594 5385 eterna:
625 5331 767 5395 vitae,
792 5331 886 5384 sed
912 5328 1220 5385 sollicitudo
1250 5328 1429 5383 saeculi
1451 5328 1724 5399 iprohibe-

148 5424 250 5474 tur.
286 5421 437 5479 Unde
489 5423 656 5492 liquet
697 5422 839 5492 quod
882 5437 984 5493 pro
1027 5421 1114 5477 his
1165 5420 1454 5476 sollicitum
1497 5434 1618 5476 esse
1664 5421 1722 5476 in

149 5514 494 5581 acquirendo,
528 5515 775 5570 timidum
807 5515 860 5569 in
887 5513 1280 5577 conservando,
1305 5512 1572 5568 dolentem
1593 5526 1723 5566 vero

148 5600 194 5654 in
246 5607 545 5674 perdenda,
585 5621 686 5662 nec
736 5620 848 5661 non
889 5613 945 5660 et
995 5604 1318 5676 gaudentem
1361 5603 1414 5656 in
1473 5602 1722 5667 fruendo,

1823 1932 1882 1974 se
1913 1919 2238 1984 inveniatur,
2276 1920 2368 1974 sed
2416 1920 2542 1990 quia
2587 1920 2641 1974 in
2677 1935 2743 1975 eo
2787 1930 3016 1990 utraque
3068 1921 3205 1974 mala
3249 1921 3405 1974 ﬁunt.

1823 2011 1996 2079 Quam
2025 2012 2255 2082 denique
2273 2014 2412 2068 diem
2439 2013 2576 2068 bene
2600 2013 2700 2068 Job
2724 2023 2779 2070 et
2813 2012 3077 2070 Jeremias
3111 2015 3407 2079 intuentes,

1825 2105 2192 2171 maledicunt;
2225 2106 2350 2177 quia
2373 2121 2478 2161 non
2513 2106 2604 2161 illa
2626 2115 2708 2161 est
2731 2108 2846 2162 dies
2877 2122 3036 2176 quam
3067 2107 3192 2160 fecit
3225 2105 3406 2160 Domi—

1825 2213 1947 2262 nus,
1973 2198 2066 2253 sed
2092 2213 2252 2268 quam
2305 2199 2584 2254 adinvenit
2618 2199 2888 2264 diabolus,
2922 2199 3037 2254 dies
3080 2199 3264 2268 utique
3295 2214 3408 2252 ma-

1823 2287 1951 2342 litia:
1979 2298 2033 2343 et
2056 2290 2421 2352 tenebrarum,
2455 2290 2594 2345 unde
2624 2290 2823 2344 sufﬁcit
2849 2290 2898 2344 ei
2937 2289 3139 2343 malitia
3165 2305 3283 2354 sua,
3311 2304 3408 2342 nec

1823 2392 1947 2454 eget
1993 2382 2234 2439 alterius.
2272 2382 2407 2450 Quia
2447 2384 2492 2440 si
2539 2384 3007 2453 inpraesentiarum
3058 2384 3110 2437 in
3147 2383 3268 2438 luce
3315 2383 3405 2437 vix

1825 2475 2189 2538 snbsistimus,
2231 2483 2434 2544 quanto
2473 2477 2645 2548 magis
2690 2477 2733 2530 si
2794 2477 3054 2531 malitiam
3104 2475 3408 2531 futurorum

1825 2567 1876 2622 in
1909 2567 2268 2638 prtesentibus
2297 2567 2677 2638 junxerimus?
2705 2569 2838 2624 Nam
2867 2571 3013 2625 curis
3051 2572 3407 2640 praesentibus

1825 2659 1896 2714 ita
1929 2676 2083 2716 mens
2127 2660 2378 2715 obruitur
2425 2671 2483 2714 ut
2533 2661 2622 2715 vix
2672 2661 2847 2716 lucem
2889 2663 3160 2732 respicere
3206 2671 3404 2732 queat;

1823 2760 2024 2821 quanto
2055 2752 2228 2822 magis
2262 2752 2304 2806 si
2327 2750 2489 2806 fuerit
2513 2752 2718 2806 malitia
2746 2752 2915 2821 ipsius
2939 2751 3045 2806 diei
3087 2752 3356 2822 geminata
3384 2751 3410 2805 ‘P

1823 2843 1890 2898 Et
1915 2843 2036 2897 ideo
2061 2853 2332 2913 praecepta
2360 2845 2451 2898 dat
2471 2845 2616 2910 vitae,
2641 2860 2708 2899 ne
2737 2844 2788 2898 in
2813 2845 2916 2900 hoc
2955 2843 3147 2900 exsilio
3174 2843 3404 2914 duplici-

1822 2934 1924 2988 bus
1946 2949 2366 3003 praegravemur.

1896 3027 2048 3098 (ΟΑΡ.
2086 3026 2220 3098 VII.)
2264 3027 2440 3083 Nolite
2468 3029 2746 3098 judicare,
2789 3039 2838 3084 et
2873 3047 2976 3084 non
3006 3029 3402 3100 judicabimim.

1825 3116 1900 3170 De
1929 3119 2154 3173 occultis
2194 3119 2480 3190 dubiisque
2514 3121 2752 3191 loquitur
2786 3123 2966 3189 rebus,
2997 3138 3117 3192 qum
3140 3138 3244 3177 non
3277 3139 3405 3193 pos-

1824 3217 1950 3263 sunt
1978 3219 2162 3277 aperte
2207 3209 2551 3281 interpretari
2598 3227 2706 3282 quo
2750 3214 2934 3269 animo
2975 3213 3123 3268 ﬁant.
3154 3213 3405 3283 Alioquin

1822 3301 1950 3370 quid
1986 3311 2106 3366 est,
2151 3303 2292 3372 quod
2328 3315 2382 3358 et
2425 3304 2650 3374 apostoli
2700 3314 2754 3360 et
2804 3305 3128 3361 universalis
3166 3306 3408 3362 Ecclesia

1777 3393 1888 3464 ,de
1943 3394 2243 3448 manifestis
2294 3395 2615 3449 criminibus
2665 3396 2915 3463 judicant
2967 3406 3023 3451 et
3076 3398 3405 3463 decernunt;

1822 3483 1926 3538 nisi
1971 3485 2096 3552 quia
2135 3485 2201 3538 de
2244 3484 2566 3549 manifestis,
2609 3500 2839 3553 quorum
2879 3495 2962 3541 est
2995 3484 3271 3556 iudicandi
3319 3486 3404 3541 of-

1822 3575 2001 3629 ﬁcium
2023 3615 2038 3640 ,
2083 3575 2280 3629 debent
2314 3577 2500 3644 utique
2527 3577 2859 3631 decernere?
2884 3576 3053 3632 Porro
3076 3580 3142 3632 de
3169 3577 3252 3632 his
3285 3591 3406 3646 quze

1820 3664 2032 3720 occulta
2075 3671 2222 3727 sunt,
2266 3663 2346 3718 vel
2390 3666 2660 3719 nescimus
2700 3680 2808 3735 quo
2847 3666 3028 3720 animo
3064 3667 3214 3730 ﬁant,
3247 3679 3405 3720 nemo

1821 3755 2023 3823 absque
2048 3752 2533 3823 periculojudicat.
2577 3753 2682 3810 Sed
2722 3764 2847 3810 sunt
2873 3756 3117 3826 quaedam
3150 3755 3404 3810 vitiorum

1819 3849 2072 3914 crimina,
2110 3863 2231 3918 qute
2283 3862 2557 3918 nunquam
2607 3859 2834 3919 possunt
2862 3850 3004 3904 bono
3041 3848 3222 3903 animo
3253 3846 3404 3913 ﬁeri,

1821 3944 1886 3999 de
1908 3942 2104 4013 quibus
2121 3940 2474 4010 iudicandum
2513 3955 2672 3996 nemo
2697 3941 2786 4011 qui
2819 3940 3074 4012 ambigat.
3113 3939 3249 3993 Sunt
3278 3938 3406 3993 talia

1822 4036 2088 4090 factorum
2117 4050 2305 4105 opera,
2333 4049 2452 4103 qua:
2475 4042 2527 4088 et
2555 4034 2692 4088 bona
2720 4075 2734 4098 ,
2765 4034 2810 4088 si
2849 4032 2993 4088 bono
3031 4032 3164 4086 ﬁant
3203 4031 3404 4098 animo,

1821 4136 1875 4184 et
1905 4127 2044 4182 mala
2073 4127 2118 4183 si
2146 4126 2287 4182 malo
2318 4126 2469 4192 ﬁant,
2508 4141 2627 4182 esse
2669 4133 2893 4195 queunt.
2926 4125 3001 4180 De
3027 4124 3252 4194 quibus,
3281 4138 3406 4178 cum

1820 4219 1922 4276 sub
1947 4219 2128 4289 specie
2154 4218 2427 4290 religionis
2447 4227 2632 4289 agunt,
2649 4231 2754 4272 non
2779 4227 2862 4272 est
2881 4232 3006 4272 mox
3030 4217 3403 4288 iudicandum,

1821 4310 2174 4380 quoadusque
2196 4311 2376 4364 veniat
2397 4308 2678 4373 Dominus,
2703 4308 2793 4377 qui
2818 4307 3140 4363 illuminabit
3171 4309 3406 4363 abscon-

1824 4402 1933 4456 dita
1971 4402 2319 4456 tenebrarum
2349 4442 2364 4468 ,
2420 4411 2478 4455 ut
2523 4401 2808 4456 manifesta
2853 4401 2984 4456 ﬁant
3029 4401 3251 4457 consilia
3289 4417 3408 4458 cor-

1823 4496 1990 4550 dium.
2039 4492 2423 4549 Verumtamen
2481 4494 2835 4563 quorumdam
2880 4493 3220 4548 simulatione
3271 4510 3404 4550 non-

1825 4601 2101 4658 nunquam
2153 4584 2590 4649 manifestantur,
2635 4585 2702 4639 de
2738 4584 2933 4655 quibus
2977 4583 3240 4639 Dominus
3295 4602 3307 4638 :
3357 4584 3400 4636 A

1824 4679 2084 4751 fructibus
2105 4695 2284 4733 eorum
2315 4678 2630 4748 cognoscetis
2660 4694 2746 4732 eos
2786 4675 3001 4748 (Matth.
3031 4693 3129 4743 vn,
3185 4676 3293 4749 16).
3326 4675 3405 4732 Ex

1823 4772 2019 4842 quibus
2057 4771 2342 4826 manifesta
2383 4769 2548 4833 ﬁunt,
2588 4753 2774 4839 utique
2804 4767 3154 4838 iudicandum
3187 4778 3300 4833 est;
3343 4774 3404 4822 ut

1824 4870 2122 4934 arguantur
2164 4879 2194 4916 a
2231 4863 2366 4925 luce,
2408 4861 2534 4930 quia
2569 4875 2674 4914 non
2705 4867 2831 4914 sunt
2856 4859 2908 4915 in
2937 4860 3169 4915 veritate
3194 4858 3353 4912 facta.

1897 4954 1964 5009 In
1993 4970 2096 5026 quo
2124 4955 2260 5008 enim
2278 4953 2482 5024 judicio
2499 4951 2888 5022 judicaveritis,
2908 4951 3299 5023 judicabimini.
3330 4947 3403 5002 Et

1825 5046 1879 5100 in
1904 5063 2007 5117 qua
2045 5061 2288 5100 mensura
2327 5045 2490 5099 mensi
2530 5043 2753 5113 fueritis,
2806 5044 3100 5098 remetietur
3135 5041 3290 5098 vobis.
3323 5039 3404 5096 Ex

1825 5154 1933 5209 quo
1962 5138 2145 5193 nescio
2170 5137 2390 5207 quidam
2412 5135 2852 5206 philos0phorum
2875 5134 3126 5190 nebulam
3151 5131 3400 5202 caliginis

1826 5237 2207 5301 asperserunt,
2254 5238 2315 5283 ut
2353 5227 2580 5298 simplex
2609 5228 2814 5282 veritas
2856 5226 3218 5298 obtegeretur.
3251 5222 3308 5277 Si
3337 5220 3409 5277 ad

1825 5336 2160 5385 mensuram,
2214 5318 2482 5387 inquiunt,
2521 5318 2663 5373 Deus
2706 5317 3054 5388 peccantibus
3091 5312 3406 5368 redditurus

1822 5425 1909 5474 est
1936 5429 2172 5486 poenam,
2201 5421 2257 5469 et
2298 5413 2474 5468 omnis
2518 5426 2772 5467 mensura
2800 5411 2962 5482 362
2997 5406 3410 5475 circumscripta

1824 5518 1912 5565 est
1958 5520 2198 5578 tempore
2221 5549 2236 5574 ,
2274 5507 2401 5576 quid
2433 5506 2532 5560 sibi
2566 5505 2752 5559 volunt
2781 5503 2940 5557 minae
2965 5501 3159 5556 inﬁniti
3198 5498 3405 5570 suppli-

1830 5599 1936 5655 cii?
1976 5599 2056 5654 Ad
2086 5599 2229 5670 quod
2279 5596 2553 5651 latendum
2580 5595 2720 5664 quod
2767 5607 2873 5648 non
2911 5592 3090 5648 omnis
3129 5605 3405 5659 mensura,

140 5699 342 5754 servire
386 5708 471 5755 est
505 5718 519 5753 :
565 5698 796 5754 liberum
824 5712 953 5752 vero
983 5697 1051 5752 ab
1105 5696 1189 5751 his
1222 5703 1277 5749 et
1312 5693 1379 5748 ab
1419 5694 1729 5765 hujusmodi
1830 5702 1892 5748 ut
1917 5708 2105 5747 eorum
2135 5690 2329 5760 aliquis
2368 5687 2660 5742 arbitratus
2684 5693 2768 5740 est
2793 5726 2809 5750 ,
2858 5683 3231 5755 praescribitur
3274 5689 3412 5737 tem-

137 5788 484 5858 passionibus
529 5803 780 5860 regnare.
828 5787 944 5845 Non
993 5787 1138 5845 enim
1187 5799 1472 5857 possumus
1519 5784 1732 5842 duobus
1831 5797 1981 5855 pore.
2018 5781 2123 5838 Sed
2146 5791 2327 5836 tamen
2353 5794 2420 5834 ne
2444 5779 2584 5833 hanc
2620 5775 2899 5832 videamur
2939 5774 3124 5845 fugere
3160 5771 3414 5859 quaestio;
