4000 6362
590 346 720 441 ’διδ

1399 388 1456 446 S.
1494 390 1852 447 PASCHASII
1892 389 2237 447 RADBERTI
2275 390 2568 448 ABBATIS
2606 394 3057 452 CORBEIENSIS

3765 402 3864 458 516

609 513 758 561 'iem,
791 501 1083 556 veris1mile
1111 511 1203 558 aut
1245 506 1464 561 omnino
1508 522 1692 561 verum
1737 523 1856 562 esse
1904 509 2181 578 probatur,
2211 513 2263 569 Α
2290 508 2524 562 ciseetur
2551 511 2845 577 delictum;
2876 512 2927 567 id
2961 523 3046 569 est
3083 515 3378 570 secundum
3420 516 3591 586 ipsius
3634 516 3867 586 qualita-

619 590 751 659 ιυοά
796 591 975 646 omnis
1016 608 1265 648 mensura
1311 597 1627 666 praescripta
1664 598 1773 662 sit,
1818 615 1921 652 non
1974 607 2179 652 tantum

610 690 871 751 tempore,
904 692 961 736 ιιι
983 683 1070 738 hic
1091 686 1345 751 somniat,
1373 689 1464 745 sed
1487 698 1541 742 et
1560 690 1797 744 locorum
1826 691 2013 760 spatiis
2033 706 2181 761 qua:-

607 774 726 827 dam
755 775 970 845 proprie
1000 777 1381 844 terminantur,
1408 780 1492 835 vel
1522 783 1819 851 capacitate
1840 782 2038 849 rerum,
2063 799 2183 855 quae

607 868 672 920 ad
718 867 894 921 locum
942 870 1106 924 etiam
1154 870 1484 928 referuntur.
1536 873 1689 929 Unde
1737 876 2083 946 quaerendum
2135 875 2181 932 si

604 955 800 1025 aliquid
826 956 916 1020 sit,
941 960 1081 1027 quod
1102 969 1362 1016 aeternum
1388 962 1622 1028 dicatur,
1644 972 1699 1018 et
1722 974 1897 1018 tamen
1923 968 2179 1035 quodam-

610 1047 767 1100 modo
823 1049 1291 1119 circumscriptum
1333 1051 1649 1121 quibusdam
1708 1064 1954 1109 teneatur
2003 1054 2179 1111 lineis.

606 1135 675 1191 Ut
705 1149 829 1208 puta
863 1139 975 1209 ipse
1023 1141 1212 1207 homo,
1250 1143 1341 1211 qui
1380 1147 1699 1200 auctoritate
1740 1147 1918 1202 divina
1949 1157 2182 1205 internus

607 1230 819 1284 laturus
850 1232 1234 1298 conlirmatur,
1264 1243 1317 1288 et
1350 1244 1526 1291 tamen
1554 1237 1672 1292 loco
1693 1239 2176 1306 circumscribitur,

603 1322 847 1387 quamvis
895 1324 999 1377 line
1056 1326 1394 1381 terminetnr.
1444 1328 1695 1399 Alioquin
1749 1331 1971 1386 illocalis
2012 1342 2177 1389 esset.

604 1409 737 1464 Nam
761 1428 917 1489 quem
951 1414 1050 1482 ipsi
1094 1415 1396 1487 philosophi
1441 1418 1607 1473 solem
1653 1430 1913 1477 :eternum
1960 1431 2172 1493 putant,

601 1509 649 1550 et
702 1499 768 1553 ab
814 1502 893 1555 eis
922 1504 1265 1571 geometricis
1306 1504 1491 1576 ﬁguris
1519 1510 1901 1578 comprehendi
1933 1521 2171 1582 putatur.

604 1587 736 1643 llinc
776 1591 937 1660 igitur
983 1603 1035 1647 et
1081 1593 1200 1648 aliis
1238 1598 1647 1668 quamplurimis
1682 1603 1851 1657 modis
1888 1605 2172 1660 monstrari

601 1678 777 1753 potest
804 1686 945 1754 quod
974 1688 1143 1757 possit
1172 1690 1371 1759 aliquid
1402 1701 1456 1745 et
1495 1703 1759 1748 aeternum
1786 1712 1906 1750 es~e
1930 1737 1945 1761 ,
1976 1707 2029 1751 et
2054 1713 2172 1752 cer-

602 1779 707 1827 tam
756 1777 835 1829 sui
880 1778 1019 1832 modi
1052 1779 1250 1834 habere
1286 1796 1612 1836 mensuram.
1648 1784 1760 1851 Qua
1792 1786 2021 1857 denique
2053 1803 2175 1842 sen-

2287 607 2393 653 tem
2425 599 2502 653 vcl
2531 602 2915 669 quantitatem,
2946 604 3161 674 propria
3195 614 3487 661 accusante
3514 607 3866 673 conscientia,

2284 687 2467 743 infelix
2513 690 2693 744 anima
2735 692 3007 761 punietur.
3036 692 3092 747 In
3135 694 3252 762 ipso
3295 710 3490 765 nempe
3528 696 3731 759 animo,
3763 712 3867 768 quo

2276 778 2554 853 “appetitus
2598 780 2658 833 lit
2704 780 2995 837 voluntatis
3024 822 3039 849 ,
3090 783 3446 841 humanorum
3495 787 3737 840 omnium
3789 796 3870 847 est

2286 882 2536 921 mensura
2570 868 2853 931 factorum,
2887 873 2940 926 iu
2968 888 3073 941 qua
3100 874 3352 928 nimirum
3385 868 3594 945 culpam
3620 878 3870 947 sequitur

2274 944 2465 1028 poena.
2520 958 2584 1013 Et
2616 959 2733 1014 ideo
2768 976 2891 1016 cum
2922 963 3146 1019 dixisset
3193 982 3205 1015 :
3245 963 3311 1019 In
3346 982 3447 1037 quo
3473 944 3871 1036 judicio-judi-

2282 1050 2546 1114 caverilis,
2571 1061 2790 1106 secutus
2816 1051 3061 1122 adjunxit
3089 1071 3103 1107 :
3131 1054 3198 1109 Et
3223 1056 3278 1108 in
3299 1073 3402 1128 qua
3432 1072 3678 1110 mensura
3702 1058 3869 1112 mensi

2280 1138 2525 1208 fueritis;
2566 1142 2656 1210 qui
2703 1143 2754 1197 in
2803 1144 3080 1201 voluntate
3118 1147 3339 1217 propria
3390 1147 3645 1201 metietnr
3694 1146 3869 1203 bonus

2282 1231 2422 1287 bona
2451 1250 2670 1289 suorum
2700 1251 2922 1306 operum
2954 1238 3120 1303 facta,
3147 1248 3202 1294 et
3223 1239 3396 1293 malus
3420 1240 3673 1295 metietur
3701 1240 3865 1305 mala,

2282 1336 2571 1396 realusque
2598 1328 2677 1381 sui
2708 1329 2968 1384 miserias.
2985 1331 3245 1398 Quoniam
3262 1332 3334 1387 ibi
3350 1332 3675 1401 estquisque
3689 1334 3868 1389 bonus

2280 1418 2373 1472 ubi
2420 1420 2557 1473 bona
2593 1420 2723 1485 vult,
2760 1432 2816 1478 et
2843 1423 2915 1478 ibi
2947 1434 3031 1479 est
3078 1424 3284 1489 malus,
3314 1426 3403 1481 ubi
3439 1427 3576 1480 mala
3607 1426 3750 1481 vult.
3792 1430 3868 1484 Ac

2279 1523 2379 1579 per
2409 1511 2510 1565 hoc
2538 1513 2863 1582 geminatum
2892 1524 2995 1580 est,
3025 1524 3086 1568 ut
3110 1516 3162 1570 in
3188 1518 3303 1586 ipso
3320 1517 3634 1578 delicto.seu
3661 1518 3716 1572 in
3755 1520 3869 1587 ipsa

2280 1601 2443 1656 animi
2488 1604 2570 1658 sui
2595 1606 2948 1671 conscientia,
2984 1610 3351 1678 unusquisque
3377 1609 3512 1664 sciat
3555 1625 3617 1664 se
3645 1609 3864 1679 puniri;

2280 1694 2403 1763 quia
2434 1694 2505 1748 ibi
2536 1704 2652 1760 est,
2685 1707 2778 1750 aut
2821 1698 2984 1753 miser
3006 1708 3098 1753 aut
3134 1699 3324 1755 beatus
3358 1718 3371 1754 :
3417 1701 3468 1755 in
3505 1701 3623 1771 ipso
3652 1700 3868 1756 scilicet

2280 1784 2573 1841 voluntatis
2621 1803 2731 1843 suae
2777 1786 2989 1853 affectu,
3025 1806 3145 1861 quzc
3182 1799 3265 1845 est
3306 1806 3559 1846 mensura
3597 1790 3869 1847 factorum

600 1870 763 1924 tentia
800 1882 1064 1941 coguntur
1093 1875 1361 1945 accipere,
1396 1877 1559 1932 velint
1592 1877 1779 1942 nolint,
1829 1879 2026 1950 aliquid
2056 1897 2176 1936 cum
2211 1864 2736 1954 “meritorumque.
2766 1895 2871 1934 που
2904 1895 2971 1935 ΘΧ
3003 1889 3301 1953 temporum
3346 1883 3536 1951 Spaliis
3565 1884 3871 1938 ηιθῑίιιηιυι·

598 1975 847 2014 mensura
904 1973 1186 2019 aeternum.
1246 1969 1325 2021 Ac
1367 1967 1445 2022 sic
1484 1977 1683 2023 :eterna
1729 1981 1889 2025 erunt
1917 1968 2176 2041 supplicia

597 2064 718 2118 qua:
759 2052 994 2108 minatus
1026 2065 1106 2109 est
1136 2054 1385 2111 Christus
1409 2099 1423 2122 ,
1454 2061 1700 2127 quamvis
1748 2062 1984 2118 habeant
2021 2062 2177 2133 juxta

598 2147 812 2199 modum
849 2148 1018 2219 culpa:
1047 2151 1127 2204 sui
1167 2168 1491 2207 mensuram.
1520 2153 1903 2213 Verumtamen
1947 2175 2049 2213 non
2099 2160 2179 2216 di-

598 2245 744 2290 ctum
777 2247 862 2291 est
890 2257 902 2292 :
937 2239 1087 2306 Quod
1120 2243 1287 2296 mensi
1315 2245 1473 2309 estis,
1507 2244 1606 2300 hoc
1662 2251 1972 2304 remetietur
2004 2251 2174 2320 vobis,

602 2330 693 2382 sed
735 2329 786 2383 in
819 2346 924 2400 qua
954 2348 1202 2387 mensura
1258 2337 1427 2390 mensi
1477 2338 1705 2392 fueritis.
1739 2338 1924 2409 Neque
1954 2343 2174 2397 dubium

598 2421 739 2489 quod
767 2421 909 2476 aliud
940 2424 1007 2478 sit
1038 2425 1088 2478 in
1122 2441 1228 2495 quo
1259 2428 1474 2482 metitur
1502 2428 1722 2499 aliquid,
1772 2441 1823 2487 et
1863 2432 2007 2488 aliud
2034 2436 2177 2505 quod

599 2511 650 2565 in
683 2529 930 2570 mensura
962 2519 1203 2572 metitur.
1236 2518 1377 2575 Fieri
1407 2523 1548 2578 enim
1577 2533 1771 2595 potest,
1814 2527 1991 2598 inqua
2021 2546 2175 2584 men-

598 2620 721 2660 sura
773 2609 933 2665 homo
983 2613 1175 2683 aliquis
1234 2632 1452 2673 mensus
1501 2629 1582 2674 est
1617 2620 1816 2690 aliquid
1869 2622 2065 2689 alicui,
2120 2623 2175 2680 in

595 2699 779 2753 eadem
814 2704 1127 2760 remetiatur
1155 2707 1226 2761 ei.
1257 2706 1417 2765 Verbi
1462 2714 1633 2779 gratia
1655 2753 1669 2777 ,
1706 2714 1942 2768 modium
1976 2716 2174 2785 tritici,

597 2789 650 2844 in
681 2807 782 2860 qua
814 2794 1066 2850 nimirum
1103 2815 1351 2855 mensura
1382 2842 1396 2866 ,
1445 2813 1621 2873 potest
1661 2804 1733 2859 illi
1779 2807 2036 2861 hordeum
2083 2818 2177 2862 aut

599 2894 812 2945 aurum,
846 2893 938 2938 aut
968 2886 1110 2941 aliud
1140 2889 1337 2959 aliquid
1372 2893 1585 2957 metiri,
1620 2910 1712 2948 seu
1763 2906 1976 2949 centum
2007 2896 2175 2952 millia

596 2969 649 3023 in
701 2973 886 3026 eadem
941 2990 999 3029 re
1054 2978 1336 3051 assignari.
1388 2981 1465 3037 Ita
1520 2992 1575 3037 ut
1617 2984 1732 3038 sine
1778 2988 2177 3055 comparatione

594 3061 832 3131 ipsarum
864 3080 1074 3132 rerum,
1107 3079 1161 3124 et
1209 3088 1377 3142 genus
1418 3083 1471 3129 et
1521 3077 1796 3145 quantitas
1825 3078 2095 3142 dilTerant,
2121 3088 2177 3135 et

599 3163 777 3209 tamen
830 3157 1131 3215 rectissime
1158 3162 1261 3216 dici
1292 3173 1488 3235 potest,
1520 3167 1571 3221 in
1602 3184 1703 3237 qua
1737 3185 1986 3224 mensura
2017 3188 2172 3227 men-

593 3259 687 3299 sus
723 3254 805 3300 est
833 3287 847 3311 ,
890 3248 943 3302 in
1000 3251 1188 3305 eadem
1222 3253 1293 3306 illi
1330 3271 1517 3311 rursus
1561 3259 1805 3313 metitum
1847 3270 1949 3315 est.
2006 3261 2174 3319 Porro

594 3335 735 3390 unde
766 3337 866 3394 hoc
892 3340 1091 3396 dictum
1123 3343 1192 3398 sit
1224 3345 1382 3414 paulo
1420 3352 1665 3419 superius
1692 3351 1867 3407 elucet
1902 3371 1915 3406 :
1952 3352 2131 3408 Nolite
2158 3394 2173 3421 ,

596 3426 791 3496 inquit,
832 3431 1101 3501 judicare,
1138 3446 1319 3492 etnon
1354 3439 1751 3511 judicabimini,
1806 3446 1860 3498 in
1909 3462 2010 3514 quo
2040 3447 2175 3500 enim

589 3520 795 3589 judicio
829 3523 1225 3594 judicaveritis,
1271 3540 1326 3586 et
1358 3542 1576 3589 caetera.
1611 3534 1861 3607 Nunquid
1901 3537 1945 3591 si
1996 3538 2176 3607 iniquo

586 3608 790 3678 judicio
810 3614 1149 3685 judicabant,
1180 3621 1363 3694 iniquo
1394 3624 1461 3678 ab
1495 3626 1808 3696 aequissimo
1832 3625 2015 3697 judice
2035 3627 2178 3698 judi-

592 3706 893 3762 cabuntur?
921 3709 1026 3765 Ant
1064 3712 1107 3766 si
1145 3729 1248 3768 non
1290 3715 1536 3785 judicant
1567 3718 1617 3772 in
1652 3718 1847 3774 talibus
1888 3720 1953 3774 de
1982 3719 2176 3790 quibus

590 3798 764 3868 prohil
788 3810 967 3867 enlur,
1015 3806 1253 3874 nunquid
1285 3807 1351 3859 de
1381 3808 1502 3863 aliis
1528 3810 1883 3878 quihuslisbet
1914 3812 2028 3867 suis
2053 3827 2172 3867 sce-

590 3885 794 3943 lerilms
824 3907 928 3945 non
952 3894 1381 3963 judicabuutur?
1435 3898 1590 3953 Absit
1624 3908 1682 3953 ut
1712 3900 1783 3954 ita
1834 3903 2171 3958 sentiamus!

595 3980 736 4034 nulla
770 3983 969 4052 quippe
1016 3985 1271 4056 iniquitas
1302 3990 1441 4059 apud
1474 3990 1660 4058 Deum,
1691 4008 1863 4064 neque
1892 4004 2172 4064 peccatum

595 4068 811 4139 aliquod
844 4071 1070 4128 inultum
1101 4076 1301 4144 patitur
1326 4079 1493 4133 abire.
1528 4078 1632 4134 Sed
1666 4082 1767 4137 hoc
1801 4092 1884 4138 est
1916 4085 2058 4154 quod
2096 4084 2175 4139 di-

592 4163 736 4217 citur
784 4181 797 4216 :
844 4163 912 4218 In
954 4183 1054 4236 quo
1088 4166 1292 4237 judicio
1319 4169 1725 4239 judicaveritis,
1767 4175 2171 4246 judicabimim’,

591 4254 752 4326 363
794 4262 1050 4327 tanquam
1089 4260 1132 4313 si
1169 4259 1455 4325 diceretur,
1496 4264 1549 4319 in
1577 4282 1681 4335 qua
1708 4267 1980 4323 voluntate
2004 4270 2171 4325 bene-

592 4342 863 4411 feceritis,
896 4348 948 4429 in
991 4353 1177 4405 eadem
1209 4351 1538 4424 liberamini;
1571 4357 1655 4412 vel
1684 4358 1735 4412 in
1770 4374 1873 4429 qua
1901 4359 2171 4417 voluntate

592 4436 733 4492 male
762 4425 1024 4506 feceritis,
1049 4441 1099 4496 in
1124 4442 1236 4513 ipsa
1268 4446 1582 4514 punieinini.
1607 4447 1687 4503 Ac
1713 4450 1758 4504 si
1783 4425 2014 4515 dicatur,
2043 4450 2170 4507 dum

591 4529 859 4599 quispiam
901 4532 967 4586 ad
1002 4544 1208 4605 turpem
1243 4546 1398 4593 utens
1435 4539 1604 4594 oculis
1652 4542 2166 4611 concupiscentiam,
2197 4582 2248 4642 Β

595 4619 636 4642 λε
690 4617 942 4642 ζ--ι.--.--μ
978 4621 990 4642 9
1018 4626 1054 4642 n-
1077 4640 1088 4642 -
1142 4641 1147 4642 ,
1303 4628 1316 4641 ι
1406 4632 1413 4638 ι
1441 4629 1453 4641 ο
1621 4631 1652 4642 η
1784 4631 1796 4642 ι
2102 4633 2136 4642 ..

593 4619 638 4672 Si
686 4617 944 4687 iubeatur
977 4621 1098 4679 ideo
1128 4628 1318 4682 caecari
1373 4632 1413 4682 :'
1441 4629 1493 4683 in
1543 4631 1738 4700 quibus
1782 4631 1964 4702 itaque
1998 4633 2169 4690 oculis

591 4711 847 4778 peccasti,
882 4712 932 4767 in
961 4714 1160 4770 eisdem
1191 4718 1445 4786 patieris;
1471 4715 1674 4787 judicio
1702 4720 1845 4775 enim
1886 4722 2051 4777 animi
2087 4722 2170 4778 sui

595 4802 647 4855 in
671 4816 779 4871 quo
798 4801 1027 4871 judicat,
1058 4806 1110 4860 in
1138 4808 1253 4877 ipso
1277 4816 1367 4863 aut
1390 4812 1842 4867 condemnabitur
1860 4823 1952 4868 aut
1978 4829 2170 4887 purga-

593 4893 757 4947 bitur.
808 4893 960 4950 Unde
1007 4914 1111 4952 non
1149 4899 1388 4970 iniquum
1422 4911 1525 4965 est,
1582 4909 1639 4957 ut
1696 4902 1747 4957 in
1800 4918 1908 4974 quo
1938 4904 2165 4975 judicat,

595 4985 757 5041 animi
788 4988 869 5042 sui
893 4986 1096 5056 judicio
1122 5004 1309 5060 pinnas
1342 4992 1472 5056 luat,
1505 5010 1626 5048 cum
1658 4993 1857 5049 eisdem
1888 4996 2043 5050 malis
2070 5012 2165 5066 pa-

596 5076 743 5137 titur,
790 5093 908 5148 quze
938 5081 1074 5136 male
1099 5081 1430 5152 judicantem
1463 5084 1701 5137 animum
1741 5093 2163 5153 consequuntur.

594 5164 777 5238 Neque
803 5172 944 5224 enim
971 5175 1035 5225 de.
1056 5172 1175 5228 aliis
1195 5173 1520 5241 quibuslibet
1542 5174 1775 5244 peccatis
1796 5174 2164 5243 accipiendum

592 5268 696 5324 est,
723 5262 822 5317 nisi
859 5263 926 5318 de
963 5260 1437 5335 istis‘jndiciariis;
1479 5264 1603 5334 quia
1636 5264 1687 5317 in
1722 5263 1853 5334 ipsis
1876 5273 1966 5317 aut
1994 5262 2164 5318 oﬂ‘en.

593 5353 769 5407 'dimns
802 5360 1003 5409 temere
1022 5338 1346 5424 iudicantes,
1390 5363 1483 5408 aut
1508 5368 1852 5418 excusamur,
1901 5363 2049 5408 recto
2074 5352 2166 5424 ju-

590 5438 734 5499 ‘dicio
756 5462 984 5517 quaeque
1006 5446 1296 5501 clementer
1323 5446 1714 5511 examinantes,
1737 5455 1828 5500 aut
1853 5460 1972 5515 quae
2001 5446 2167 5502 dubia‘

593 5534 801 5593 suntet
835 5539 1065 5595 colorem
1108 5538 1305 5593 habent
1341 5537 1585 5607 justitire,
1633 5537 1685 5590 in
1729 5537 1921 5591 bonam
1954 5545 2161 5606 partem

590 5622 1027 5697 interpretantes,
1067 5630 1165 5684 soli
1208 5629 1432 5682 Domino
1460 5627 1811 5682 discernenda
1838 5627 2163 5681 relaxamus.

588 5714 708 5771 Alia
763 5735 892 5773 vero
942 5729 1159 5790 peccata
1219 5734 1339 5788 qua:
1386 5718 1757 5783 admittimus,
1807 5732 1909 5772 non
1957 5717 2011 5771 in
2064 5717 2167 5772 ista

594 5796 847 5867 mensura
881 5810 965 5865 vel
1011 5809 1227 5877 iudicio,
1270 5811 1364 5866 sed
1406 5812 1459 5866 in
1500 5825 1619 5867 sese
1646 5810 2063 5882 unumquodque
2087 5806 2170 5865 ul-

2285 1980 2445 2035 quam
2480 1982 2692 2022 morose
2728 1968 2878 2034 ﬁant,
2908 1973 3001 2025 sed
3037 1983 3100 2025 ex
3130 1973 3404 2027 voluntate
3428 1988 3532 2043 qua
3573 1972 3729 2027 liunt.
3767 1975 3871 2030 Vo-

2280 2055 2458 2112 luntas
2498 2060 2696 2128 quippe
2751 2059 2863 2130 ipsa
2912 2062 3152 2132 punitur,
3194 2065 3308 2118 sive
3350 2064 3515 2118 animi
3574 2063 3869 2133 supplicio,

2274 2136 2394 2205 ’sive
2446 2153 2709 2220 corporis,
2743 2163 2802 2208 ut
2843 2172 2962 2225 quae
3009 2156 3307 2212 delectatur
3354 2158 3405 2212 in
3446 2159 3707 2229 peccatis,
3757 2160 3871 2230 ipsa
3916 2229 3920 2232 ‘

2281 2242 2536 2312 puniatur
2566 2244 2617 2297 in
2652 2245 2845 2315 poenis.
2889 2246 3040 2302 Unde
3076 2249 3272 2318 quibus
3309 2247 3409 2302 fuit
3453 2249 3704 2306 voluntas
3752 2252 3873 2307 sine

2281 2331 2386 2386 line
2415 2336 2695 2404 peccandi,
2743 2338 2987 2407 quamvis
3017 2354 3138 2393 cum
3172 2338 3276 2392 line
3316 2342 3692 2409 peccaverint,
3717 2339 3873 2410 juste

2280 2426 2397 2480 sine
2441 2424 2545 2480 line
2581 2431 2924 2482 damnantur.
2975 2427 3043 2483 Et
3070 2430 3265 2498 quibus
3306 2428 3403 2483 fuit
3439 2427 3701 2498 judicium
3750 2433 3873 2487 sine

2280 2514 2672 2580 misericordia,
2726 2516 2841 2571 sine
2892 2515 3257 2571 misericordia
3296 2517 3703 2588 judicabuntur.
3741 2519 3874 2576 [hac

2278 2614 2382 2667 est,
2419 2606 2655 2676 inquam,
2690 2606 2777 2660 illa
2810 2623 3083 2673 mensura,
3133 2617 3194 2662 ut
3246 2610 3389 2678 quod
3446 2625 3552 2664 non
3587 2613 3873 2680 praestitit,

2280 2711 2380 2750 nec
2408 2697 2694 2766 percipiat.
2726 2696 2902 2767 Atque
2931 2697 3052 2752 ideo
3083 2700 3225 2768 quod
3251 2714 3365 2769 ipse
3384 2700 3684 2770 judicatur,
3708 2714 3877 2757 aeter-

2280 2804 2406 2843 num
2449 2790 2581 2852 erit;
2628 2790 2874 2858 quamvis
2912 2791 3054 2860 quod
3102 2791 3215 2860 ipse
3257 2789 3551 2860 judicavit,
3594 2804 3873 2849 :eternurn

2278 2893 2399 2933 esse
2428 2878 2750 2946 nequiverit.
2781 2875 2990 2933 Justum
3026 2879 3189 2949 igitur
3238 2888 3298 2934 ut
3336 2881 3426 2950 qui
3467 2891 3729 2936 aeternam
3770 2898 3877 2939 vo-

2276 2966 2568 3041 luit
2602 2967 2801 3023 habere
2837 2969 3042 3039 peccati
3087 2967 3421 3035 fruitiouem,
3466 2980 3731 3026 aeternam
3780 2971 3878 3026 in-

2277 3061 2455 3113 veniat
2498 3061 2743 3114 vindictce
2781 3060 3161 3128 severitatem;
3212 3072 3266 3120 et
3312 3077 3541 3132 quorum
3607 3063 3877 3120 voluntas

2277 3168 2379 3207 nec
2431 3153 2617 3208 habuit
2650 3154 2808 3209 linem
2845 3156 3145 3224 peccandi,
3176 3171 3277 3211 nec
3319 3156 3512 3211 habeat
3545 3156 3710 3212 linem
3762 3169 3877 3215 tor-

2279 3241 2498 3310 quendi,
2528 3242 2775 3297 ultricem
2806 3259 3020 3313 poenam
3075 3245 3190 3300 sine
3222 3245 3327 3301 line
3368 3245 3595 3302 ferendi.
3629 3247 3875 3315 Quidam

2279 3342 2458 3388 autem
2510 3340 2859 3402 nostrorum,
2910 3337 3222 3392 continuam
3276 3340 3754 3394 circumstantiam
3794 3341 3878 3397 le-

2279 3425 2474 3481 ctionis
2521 3428 2573 3480 iu
2613 3428 2713 3482 hoc
2743 3427 2975 3498 capitulo
3004 3440 3302 3493 servantes,
3342 3430 3416 3484 ita
3451 3432 3696 3486 sentiunt
3725 3432 3880 3504 quod

2277 3517 2561 3588 prohibeat
2593 3519 2822 3592 judicari
2874 3521 2942 3576 de
2982 3523 3360 3592 sponsionibus
3407 3523 3538 3578 suis.
3575 3522 3717 3591 Quia
3746 3566 3762 3589 ,
3821 3534 3883 3581 ut

2272 3600 2479 3679 judicia
2509 3627 2605 3681 pro
2636 3613 2859 3668 incertis
2897 3615 3057 3669 rebus
3086 3615 3227 3671 inter
3256 3617 3501 3671 homines
3530 3626 3839 3675 sumuntur
3860 3658 3880 3687 ,

2278 3704 2353 3759 ita
2402 3714 2456 3758 et
2506 3704 2608 3760 hoc
2635 3704 2899 3775 judicium
2944 3706 3203 3764 adversus
3244 3711 3411 3766 Deum
3457 3727 3524 3766 ex
3575 3713 3883 3772 sentientis

2277 3794 2362 3848 vel
2392 3795 2669 3864 opinantis
2692 3796 3041 3868 ambiguitate
3071 3798 3340 3855 interdum
3363 3803 3680 3874 suscipitur.
3708 3804 3883 3872 Quod

2276 3886 2491 3956 penitus
2532 3886 2740 3958 repellit
2769 3903 2798 3941 a
2832 3887 3008 3956 nobis,
3044 3898 3103 3944 ut
3130 3900 3385 3951 constans
3422 3891 3556 3948 ﬁdes
3580 3905 3637 3949 et
3668 3893 3884 3952 ﬁducia

2278 3976 2331 4030 in
2387 3977 2505 4047 ejus
2539 3978 2824 4048 promissis
2855 3979 3237 4035 retinerentur.
3270 3981 3405 4049 Quia
3439 3998 3569 4048 non,
3617 3984 3776 4041 sicut
3827 3988 3883 4042 in

2276 4067 2511 4133 caeteris,
2539 4076 2819 4139 peccatum
2846 4070 2961 4135 est,
3006 4080 3229 4143 propter
3259 4071 3607 4129 dillidentiam
3662 4075 3723 4130 in
3782 4077 3887 4135 Dei

2274 4158 2578 4226 promissis,
2608 4159 2885 4229 quidpiam
2907 4176 3190 4232 perperam
3226 4162 3525 4235 judicasse;
3552 4165 3651 4220 sed
3675 4167 3890 4225 infide-

2276 4244 2442 4302 litatis
2470 4256 2553 4303 est
2576 4249 2802 4304 crimen.

2347 4338 2489 4404 Quid
2521 4348 2696 4393 autem
2729 4340 2869 4395 vides
2907 4340 3159 4411 festucam
3187 4344 3242 4397 in
3278 4344 3426 4398 oculo
3457 4344 3641 4415 fratris
3670 4350 3797 4416 mi,
3833 4358 3888 4403 et

2275 4429 2473 4483 trabem
2525 4430 2581 4483 in
2630 4428 2780 4485 oculo
2821 4440 2911 4485 tuo
2954 4448 3058 4486 non
3096 4434 3281 4488 vides?
3316 4434 3550 4491 Grandis
3597 4435 3708 4492 hoc
3756 4436 3891 4494 loco

2276 4523 2579 4578 moderatio
2612 4523 2798 4593 judicii
2829 4525 3181 4595 proponitur,
3212 4527 3307 4582 sed
3349 4542 3505 4582 rarus
3535 4528 3629 4597 qui
3662 4527 3743 4582 ab
3781 4531 3895 4585 Im—

2269 4616 2508 4688 jusmodi
2544 4616 2676 4671 vitio
2697 4617 2767 4672 sit
2789 4617 3016 4684 alienus,
3048 4621 3303 4690 quoniam
3338 4621 3715 4692 unusquisque
3744 4624 3891 4679 dum

2273 4707 2387 4764 suis
2424 4705 2587 4772 favet,
2623 4707 2793 4763 aliena
2824 4707 2981 4763 facile
3013 4711 3380 4779 reprehendit.
3423 4710 3611 4765 Aliena
3643 4727 3897 4784 quoque

2274 4801 2490 4873 gravius
2519 4815 2679 4868 quam
2711 4815 2808 4856 sua
2846 4800 3079 4869 tolerat,
3132 4810 3187 4857 et
3234 4802 3356 4858 ideo
3400 4802 3662 4872 arguendi
3694 4806 3899 4861 sumit

2273 4891 2675 4957 auctoritatem,
2703 4892 2820 4947 sine
2862 4891 2971 4947 ullo
3021 4909 3132 4948 suae
3158 4893 3551 4950 emendationis
3577 4897 3895 4969 exemplo.

2270 4978 2378 5037 Per
2404 4981 2618 5036 oculum
2644 4983 2862 5052 quippe,
2908 4992 2968 5038 ut
3007 4983 3211 5040 dictum
3255 4993 3355 5048 est,
3404 4987 3599 5040 mentis
3626 4986 3899 5047 intentio

2271 5074 2611 5144 designatur;
2643 5077 2694 5131 in
2721 5076 2827 5145 qua
2871 5076 3126 5133 nimirum
3167 5079 3540 5150 unusquisque
3582 5081 3724 5135 dum
3766 5092 3905 5141 tra-
3942 5144 3949 5147 ,

2269 5163 2389 5220 hem
2439 5165 2598 5236 gerit,
2637 5166 2888 5221 videlicet
2917 5167 3137 5237 majoris
3159 5166 3327 5239 culpae
3356 5170 3583 5233 crimen,
3612 5168 3904 5242 seipsum

2269 5256 2465 5313 intueri
2496 5274 2605 5313 non
2632 5258 2796 5325 valet,
2835 5259 2962 5328 quia
3003 5260 3233 5328 ealigine
3270 5276 3488 5332 pressus
3528 5260 3755 5330 delicti,
3799 5267 3906 5323 in-

2269 5357 2478 5405 trorsus
2507 5364 2683 5404 caecus
2706 5346 2871 5418 jacet.
2900 5347 3008 5404 Sed
3033 5348 3124 5404 ille
3142 5365 3355 5420 semper
3383 5349 3569 5405 oculus
3589 5352 3900 5421 exterior,

2269 5442 2360 5509 qui
2394 5450 2667 5495 reseratus
2708 5442 2759 5495 in
2790 5440 3041 5511 paradiso
3067 5448 3190 5511 post
3222 5441 3431 5511 culpam
3460 5439 3580 5503 fuit,
3626 5456 3693 5496 ea
3753 5460 3910 5517 qua

2270 5531 2371 5584 sibi
2399 5530 2507 5584 sint
2534 5532 2715 5592 noxia,
2749 5546 2854 5585 non
2886 5531 3082 5600 quibus
3108 5531 3355 5602 proﬁciat
3381 5573 3396 5599 ,
3434 5541 3660 5604 apertus
3686 5538 3904 5596 videt.

2272 5621 2547 5691 Conspicit
2574 5622 2716 5676 enim
2760 5618 3081 5689 iactantiam
3139 5639 3287 5679 vanae
3335 5624 3528 5689 laudis,
3576 5625 3717 5682 dum
3776 5633 3909 5689 sibi

2274 5727 2470 5777 caicus,
2500 5712 2724 5766 alterius
2753 5720 2985 5767 mentem
3017 5714 3223 5769 mederi
3266 5722 3449 5777 curat,
3477 5729 3585 5769 non
3634 5726 3698 5770 ut
3748 5736 3913 5789 pro-

2277 5804 2446 5871 ﬁciat,
2475 5802 2571 5860 sed
2607 5810 2668 5859 ut
2705 5803 2881 5858 adhuc
2917 5817 3015 5875 per
3045 5804 3260 5860 inanem
3282 5805 3515 5878 gloriam
3547 5806 3921 5876 evidentia
