4000 6362
158 340 251 435 δή

905 365 1267 445 εχροδιτιο
1302 365 1367 419 IN
1413 358 1850 418 unm-cun.
1891 388 1962 399 —
1998 358 2125 414 un.
2164 357 2254 426 tv,
2293 356 2448 414 CAP.
2492 326 2604 411 vn.

3282 350 3389 407 3f8

158 487 306 545 cadat.
356 480 575 539 Difﬁcile
623 491 707 535 est
732 522 747 546 ,
792 480 932 552 quod
960 480 1183 551 quisque
1235 490 1408 548 egeat,
1447 488 1507 532 ut
1548 476 1701 532 alteri
1729 474 1780 535 A
1808 473 1916 528 rint
1952 475 2030 527 eis
2076 474 2308 544 prodita,
2359 488 2478 542 quae
2529 471 2649 526 velo
2692 469 2856 526 celari
2898 467 3157 538 iubentur
3201 463 3392 519 obum«

140 568 377 651 vpraestet;
406 572 612 627 idcirco
636 589 796 627 nemo
817 586 992 627 caecus
1016 569 1267 625 ducatum
1300 569 1452 624 alteri
1484 571 1701 639 pnebet.

157 665 488 736 Ietaphorice
539 664 759 733 quidem
813 663 1077 733 loquitur;
1121 662 1241 717 ideo
1289 679 1318 716 a
1366 676 1591 731 corpore
1639 659 1705 715 ad

160 758 363 815 animum
399 756 707 827 exe’mplnm
736 757 947 812 trahere
975 756 1254 819 debemus,
1285 764 1339 810 ut
1363 770 1459 827 per
1488 754 1705 809 oculum

161 850 323 906 mentis
363 846 742 924 intentionem.
789 862 888 919 per
920 846 1182 902 festucam
1221 847 1439 901 minima
1481 861 1706 916 qumque

161 942 340 999 delicta,
372 956 471 1010 per
501 941 710 994 trabem
739 954 867 994 vero
892 940 1138 1011 graviora
1174 938 1459 994 criminum
1509 939 1703 1008 probra

160 1031 505 1099 intelligamus.
534 1028 592 1083 In
614 1029 769 1100 cujus
789 1038 964 1083 autem
990 1030 1187 1084 mentis
1211 1029 1505 1083 intentione
1530 1029 1706 1083 adhuc

159 1120 307 1175 odium
333 1120 560 1181 residet,
591 1122 658 1174 de
689 1121 766 1174 ira
796 1128 999 1174 temere
1044 1120 1208 1174 alium
1246 1122 1493 1191 castigat,
1525 1121 1643 1175 ideo
1673 1135 1705 1175 a

153 1209 300 1281 judice
344 1210 540 1264 salutis
590 1210 941 1281 increpatur,
988 1218 1046 1265 ut
1099 1211 1228 1280 quid
1270 1212 1449 1267 videat
1496 1212 1705 1267 minora

157 1314 345 1371 quaeque
368 1303 420 1355 in
455 1302 651 1367 fratre,
682 1303 807 1357 dum
841 1303 892 1356 in
920 1318 977 1358 se
1011 1301 1213 1371 majora
1244 1318 1348 1358 non
1375 1304 1704 1359 considerat.

155 1393 228 1457 Et,
249 1394 373 1461 quod
406 1395 629 1463 gravius
663 1405 783 1452 est.
830 1396 1097 1464 quomodo
1134 1395 1373 1449 medicus
1404 1395 1705 1449 animarum

155 1484 253 1539 vult
273 1485 456 1549 videri,
475 1486 566 1555 qui
593 1486 677 1539 sui
700 1502 887 1540 curam
919 1501 1022 1542 non
1050 1485 1231 1540 habet.
1261 1484 1358 1541 Cui
1382 1486 1517 1541 bene
1543 1502 1570 1539 a
1600 1485 1705 1542 Do-

159 1583 288 1637 mino
309 1597 425 1634 mox
456 1580 685 1636 infertur
718 1600 731 1635 :

221 1671 360 1744 365
388 1670 692 1742 Hypocrita,
724 1673 853 1741 ejice
870 1673 1304 1741 primumtrabem
1328 1671 1392 1726 de
1413 1671 1562 1725 oculo
1592 1680 1701 1725 tuo.

154 1762 408 1835 Hypocrita
447 1766 594 1819 enim
618 1775 702 1820 est
728 1766 972 1836 quisquis
999 1765 1203 1837 appetit
1232 1765 1399 1819 videri
1422 1765 1562 1834 quod
1595 1764 1706 1833 ipse

1808 566 2019 619 brantia
2062 576 2245 621 sancta
2297 575 2628 628 sanctorum,
2678 563 2874 633 quibus
2910 576 3015 615 non
3068 569 3150 614 est
3186 557 3392 611 licitum

1809 674 1916 713 non
1960 659 2130 713 solum
2164 675 2227 713 ea
2257 659 2591 728 contingere,
2624 657 2716 711 scd
2757 670 2856 709 nec
2881 654 3084 717 videre,
3118 667 3265 715 mox,
3312 649 3396 703 in-

1808 750 1942 820 quit,
1972 750 2306 819 disrumpcnt
2333 766 2451 810 vos,
2485 765 2589 802 non
2617 763 2709 801 eas
2737 745 3031 815 siquidem;
3062 742 3186 814 quia
3218 742 3395 795 incor-

1808 843 2078 913 ruptibilia
2112 853 2328 897 maneat
2355 843 2690 913 eloquiorum
2722 839 2815 895 Dei
2860 853 3054 891 arcana
3084 853 3098 901 ;
3141 836 3235 890 sed
3264 834 3396 888 sim-

1806 936 2098 1007 plicitatem
2130 937 2263 991 lidei‘
2289 947 2500 991 vestrae.
2541 935 2680 989 Hinc
2722 933 2883 1005 igitur
2918 940 2998 985 est
3040 928 3180 1001 quod
3218 931 3398 983 unitas

1808 1026 2161 1085 fraternitatis
2188 1038 2366 1084 tantas
2393 1030 2598 1099 patitur
2628 1041 2935 1099 pressuras,
2970 1023 3241 1090 tantisque
3280 1020 3393 1074 dis-

1808 1120 2113 1190 rumpimur
2141 1120 2490 1175 scissionibus
2516 1160 2530 1183 ,
2586 1118 2749 1172 tantis
2798 1114 3158 1170 dilaceramv-r
3200 1112 3396 1166 verbo-

1809 1229 1927 1267 rum
1957 1214 2450 1279 coufutationibus;
2491 1213 2617 1283 quia
2646 1226 2750 1265 non
2796 1209 3092 1280 probantur
3122 1205 3352 1275 primum
3380 1242 3396 1268 ,

1809 1307 2005 1377 quibus
2065 1307 2288 1379 mystica
2343 1304 2629 1362 reseranda
2683 1304 2789 1357 sint
2853 1307 3233 1359 sacramenta,
3289 1296 3396 1351 imo

1809 1397 2129 1467 quibusdam
2159 1395 2525 1452 indifferenter
2550 1398 2730 1450 Omnia
2774 1393 3103 1464 panduntur.
3147 1386 3248 1455 Qui
3274 1400 3399 1456 pro-

1809 1488 1951 1544 fecto
1989 1488 2126 1543 tales
2154 1504 2259 1544 non
2288 1489 2686 1559 dispensatores
2716 1483 2989 1556 pecunia},
3022 1480 3116 1535 sed
3166 1474 3398 1550 prodigi,

1808 1588 1971 1651 atque
2014 1581 2405 1650 exstirpatnres
2456 1580 2834 1633 thesaurorum
2883 1574 3005 1645 jure
3063 1577 3395 1634 censentur;

1808 1674 2065 1746 quoniam
2120 1675 2313 1730 tollunt
2359 1690 2530 1746 panes
2566 1674 2817 1738 filiorum,
2851 1680 2907 1727 et
2946 1669 3167 1725 mittunt
3191 1682 3285 1723 eos
3312 1670 3403 1720 ca;-

1810 1767 1988 1821 nibus.
2019 1765 2273 1836 ignorant
2299 1767 2442 1820 enim
2474 1765 2615 1835 quod
2638 1763 2847 1818 avidius
2880 1759 3141 1832 quaeritur
3168 1757 3401 1812 abscon-

150 1870 237 1910 non
259 1866 347 1911 est.
380 1856 591 1910 Idcirco
615 1857 682 1910 ad
704 1857 969 1911 cautelam
992 1857 1072 1912 sui
1098 1857 1463 1927 unusquisque
1490 1855 1703 1910 reduci-
1738 1851 1783 1910 Β
1813 1870 1950 1916 sum,
1968 1852 2937 1924 venerabiliusconspiciturcelatum,
2956 1849 3174 1905 charius
3188 1853 3401 1902 tenetur

152 1954 237 2006 tur,
252 1953 303 1999 ut
319 1946 556 2016 primum
585 1948 818 2017 seipsum
847 1955 1020 2011 curet,
1045 1946 1255 2004 deinde.
1281 1945 1569 2000 virtutibus
1592 1944 1707 1999 illu-

150 2046 333 2102 stratus,
363 2037 580 2103 fratris,
598 2037 650 2091 in
672 2048 929 2107 quantum
946 2037 1221 2109 praevalet,
1238 2036 1460 2093 salutem
1475 2047 1702 2109 qnmrat.

210 2126 363 2184 Nolite
419 2129 553 2184 dare
600 2142 836 2184 sanctum
876 2131 1092 2185 canibus
1120 2171 1134 2195 ,
1189 2146 1349 2200 neque
1389 2129 1704 2199 margaritas

147 2232 304 2276 vestras
332 2224 565 2277 mittatis
608 2234 728 2277 ante
758 2240 959 2293 porcos.
993 2222 1412 2278 Proverbialiter
1441 2222 1542 2276 ista
1577 2235 1706 2291 pro-

146 2326 337 2382 ponens,
392 2322 586 2368 monet
636 2315 1037 2384 dispensatores
1068 2313 1453 2379 E-clesiarum,
1498 2324 1551 2368 et
1579 2329 1706 2385 pur-

146 2416 245 2474 gata
284 2407 491 2461 mentis
543 2406 702 2462 oculo
745 2408 811 2461 ad
879 2408 1017 2463 alios
1070 2408 1415 2477 castigandos
1464 2408 1701 2463 veniant.

145 2496 311 2554 Deinde
334 2514 411 2553 ne
438 2508 692 2554 sanctum
723 2499 949 2554 canibus
982 2498 1267 2569 projiciant
1293 2541 1309 2565 ,
1356 2500 1577 2554 verbum
1620 2498 1703 2553 vi-

146 2586 302 2643 delicet
350 2590 784 2659 prtedicationis.
840 2589 978 2657 Quia
1026 2590 1165 2645 sicut
1207 2590 1567 2661 periculosum
1623 2598 1706 2647 est

142 2680 399 2750 pecuniam
452 2680 670 2736 Domini
724 2681 1054 2736 abscondere
1088 2699 1100 2733 :
1135 2681 1207 2735 ita
1252 2696 1381 2735 sane
1420 2681 1701 2752 prodigum

141 2782 237 2826 eam
261 2772 495 2828 canibus
523 2773 780 2828 tribuere.
810 2772 876 2828 Et
905 2773 1174 2842 quomodo
1218 2773 1367 2837 vitii,
1400 2788 1587 2829 verum
1614 2789 1705 2830 oc-

142 2863 309 2930 culere,
350 2865 441 2920 sic
482 2863 707 2934 periculi
749 2873 849 2926 est,
880 2879 989 2919 non
1038 2864 1430 2919 sustinentibus
1477 2864 1701 2920 verbum

140 2953 241 3008 vitae
260 2970 446 3009 coram
479 2969 702 3023 ponere.
729 2952 864 3008 Nam
889 2970 988 3024 per
1014 2969 1179 3010 canes
1219 2954 1597 3023 intelliguntur
1623 2954 1701 3022 bl,

142 3044 215 3111 qui
246 3054 428 3099 contra
481 3046 765 3100 veritatem
816 3045 1138 3100 oblatrando
1198 3045 1555 3115 impugnant;
1605 3059 1704 3115 per

141 3147 340 3201 porcos,
381 3137 482 3207 qui
520 3137 921 3192 contemnendo
965 3151 1086 3206 qua:
1126 3135 1428 3197 audierant,
1476 3135 1704 3206 pedibus

138 3225 508 3291 Substemunt,
553 3226 622 3280 de
687 3227 882 3297 quibus
922 3226 1117 3281 Petrus
1161 3227 1438 3297 apostolus
1482 3245 1495 3280 :
1543 3224 1705 3281 Canis

140 3330 341 3371 reuersus
365 3319 439 3371 ad
470 3318 721 3372 vomitum
744 3336 921 3385 suum,
962 3328 1009 3373 et
1041 3335 1129 3373 sus
1159 3317 1266 3372 lota
1293 3318 1346 3373 in
1378 3317 1707 3373 volutabrum

138 3403 220 3457 luti
249 3406 326 3475 (H
374 3406 522 3462 Patr.
563 3424 644 3474 ιι,
694 3407 807 3481 21).
857 3409 923 3464 Ει
960 3409 1082 3465 ideo
1119 3423 1217 3479 per
1251 3424 1415 3464 canes
1445 3409 1707 3477 hmt‘etici,

137 3510 225 3549 seu
268 3498 620 3569 abnegatoms
662 3501 939 3567 veritatis,
977 3510 1317 3557 revertentes
1345 3499 1411 3555 ad
1442 3504 1707 3556 vomitum

140 3583 466 3643 inﬁdelitatis
495 3591 830 3647 denotantur.
871 3590 977 3647 Per
1009 3608 1205 3664 porcos
1230 3607 1381 3657 vero,
1411 3592 1501 3662 qui
1530 3594 1583 3647 in
1610 3607 1708 3647 sua

138 3676 469 3733 immunditia
496 3684 847 3750 perdurantes
892 3684 1256 3756 cognitionem
1300 3684 1394 3739 Dei
1435 3692 1584 3739 recte
1613 3700 1706 3739 ru-

140 3768 330 3824 minare
353 3772 839 3844 nesciunt,qnibus
860 3791 963 3830 non
989 3786 1072 3831 est
1098 3776 1476 3847 allegoriarum
1508 3776 1709 3832 veritas

143 3864 401 3919 reseranda
455 3880 525 3920 eo
551 3866 697 3936 quod
726 3867 873 3922 omni
899 3869 1153 3923 vitiorum
1204 3868 1545 3923 immunditia
1589 3867 1709 3939 pol-

142 3950 368 4022 luuntur,
406 3956 508 4013 sed
559 3961 834 4030 apertiora
874 3976 1100 4033 qumque
1143 3960 1247 4016 illis
1286 3962 1589 4031 pandenda,
1621 3960 1709 4016 vel

137 4044 178 4099 si
201 4044 372 4102 viliora
396 4048 512 4104 dici
537 4061 783 4119 possunt.
813 4050 1079 4107 Caeterum
1112 4052 1336 4123 mystica
1367 4050 1707 4121 eloquiorum

138 4132 431 4193 documenta
473 4138 542 4193 ad
575 4147 790 4209 tempus
814 4141 1091 4197 reticenda
1122 4149 1271 4206 sunt,
1304 4142 1473 4195 donec
1501 4156 1564 4195 ea
1597 4140 1710 4196 sin-

136 4224 225 4294 gnli
250 4225 409 4283 ferre
430 4229 673 4300 possint,
713 4239 768 4286 et
814 4232 976 4286 tritici
1010 4247 1263 4286 mensura
1289 4232 1541 4309 omnibus
1570 4248 1710 4303 prte-

137 4316 318 4384 beatur,
358 4330 421 4375 ut
452 4334 640 4391 neque
675 4322 759 4376 isti
798 4330 1053 4393 pereepta
1090 4324 1380 4388 dilanient,
1424 4340 1599 4395 neque
1630 4322 1708 4378 illi

133 4404 285 4465 oblata
321 4412 683 4470 conculcent.
732 4412 837 4469 Sed
888 4425 1070 4470 tamen
1111 4430 1329 4488 quoquo
1371 4419 1531 4472 modo
1560 4417 1706 4487 peri-

135 4498 338 4559 nimius
355 4512 451 4562 est
475 4514 668 4561 sancta
684 4506 961 4579 porrigere
980 4512 1267 4579 perversis,
1284 4526 1444 4581 quam
1466 4512 1705 4582 pretiosa

134 4587 347 4662 inpuris.
382 4598 554 4667 Quod
584 4598 724 4655 bene
744 4614 856 4655 uno
882 4601 1178 4657 dubitantis
1220 4603 1479 4660 adverbio
1506 4613 1709 4675 tempe-

135 4687 267 4740 mit.

190 4772 267 4832 Νι
288 4779 429 4849 [one
452 4780 767 4838 conculcent
799 4784 922 4839 illas
955 4786 1171 4856 pedibus
1205 4789 1316 4842 suis
1343 4829 1358 4854 ,
1392 4799 1440 4843 et
1470 4791 1703 4845 disrum-

133 4876 235 4930 Μ
256 4886 364 4926 ωε.
392 4871 546 4940 Quia
575 4872 707 4927 fieri
720 4883 896 4945 potest
923 4885 982 4930 ut
1018 4876 1341 4947 resipiscent
1379 4881 1447 4933 ab
1473 4880 1708 4934 immun-

131 4954 261 5014 ditiis
295 4962 414 5018 suis
444 5003 463 5028 ,
525 4972 581 5017 et
634 4964 703 5019 de
749 4981 1037 5036 porcorum
1095 4983 1259 5040 grege
1313 4978 1591 5026 transeant
1636 4972 1705 5028 ad

132 5059 442 5117 mortium
489 5058 696 5113 ovium.
731 5060 1115 5117 Verumtamen
1157 5078 1263 5117 non
1305 5063 1425 5119 ideo
1464 5064 1590 5119 illud
1618 5082 1706 5122 ca-

132 5144 304 5216 nibus,
355 5159 563 5207 contra
616 5161 947 5223 prmeeptum
992 5153 1200 5209 Domini
1234 5164 1433 5211 temere
1462 5158 1706 5213 tribuen-

132 5236 272 5303 dum,
305 5257 494 5313 neque
544 5245 662 5299 ista!
700 5256 919 5299 'coram‘
944 5244 1172 5315 pedibus
1217 5262 1505 5316 porcorum
1548 5246 1710 5320 proji-

135 5327 350 5398 ἠθικὴ,
414 5349 497 5389 ne
545 5334 684 5389 forte
743 5342 799 5389 et
850 5335 996 5390 ‘ilias
1066 5338 1426 5403 εοιιριιιοιτιιι,
1485 5349 1539 5395 et
1612 5357 1711 5397 vos

132 5421 478 5498 disrumpant.
525 5426 857 5484 Conculcsnt
906 5434 1086 5485 autem
1128 5442 1527 5502 contemptores
1575 5436 1711 5491 veri-

133 5519 241 5572 tatis
264 5520 491 5591 eloquia
518 5522 612 5576 Dei
646 5522 1072 5593 pretiosissima,
1102 5525 1225 5579 dum
1257 5526 1558 5596 despiciunt
1585 5543 1709 5596 par-

132 5607 477 5677 tipendentes
516 5612 970 5683 pulchritudinem
1000 5615 1416 5684 promissorum,
1455 5626 1510 5671 et
1543 5617 1707 5673 veluti

131 5702 330 5757 nesed
375 5703 785 5760 immunditiam
806 5702 980 5779 336
1017 5707 1386 5763 revolvuntur.
1440 5709 1708 5766 Czeterum

132 5784 194 5853 ili
220 5798 315 5875 qui
338 5808 541 5859 contra
562 5800 855 5861 veritatem
874 5801 1152 5860 oblatrare
1182 5803 1491 5874 moliuntur,
1524 5805 1571 5863 si
1595 5805 1714 5865 fue-

1806 1947 1896 2003 diu
1930 1947 2255 2017 quaesitum,
2287 1946 2404 2001 sine
2432 1945 2648 2001 fastidio
2698 1944 2758 1998 fit.
2804 1960 2926 1999 cum
2975 1956 3227 1996 mensura
3274 1953 3400 2010 per-

1807 2047 2043 2108 ceptum,
2093 2046 2148 2093 et
2182 2038 2299 2092 sine
2327 2037 2543 2091 laesione
2573 2034 2837 2091 stomachi
2870 2034 2937 2088 ad
2970 2033 3158 2088 horam
3184 2044 3401 2100 compe-

1809 2134 1985 2186 tenter
2029 2131 2391 2186 esurientibus
2443 2130 2721 2185 indultum.
2757 2128 2894 2185 ilinc
2925 2138 3007 2184 est
3034 2127 3175 2199 quod
3204 2125 3399 2181 Petrus

1809 2220 2015 2276 Simoni
2074 2224 2304 2295 gratiam
2363 2220 2596 2292 Spiritus
2643 2222 2814 2277 sancti
2862 2229 3054 2291 negat,
3110 2228 3163 2274 et
3218 2227 3400 2272 tamen

1806 2313 1933 2383 quia
1955 2315 2271 2384 quantisper
2293 2314 2359 2367 ad
2389 2313 2636 2368 notitiam
2676 2313 2794 2367 fidei
2820 2311 3167 2367 intromissus
3197 2307 3398 2375 fuerat,

1808 2407 2090 2461 credentes
2120 2407 2457 2476 disrumpere
2490 2405 2732 2461 festinat.
2765 2404 2900 2459 Hinc
2929 2411 3014 2459 est
3049 2402 3190 2473 quod
3246 2398 3401 2457 multi

1810 2494 2189 2549 brereticorum
2218 2494 2511 2550 Ecclesiam
2548 2494 2821 2559 scindunt,
2850 2503 2905 2548 et
2934 2493 3195 2547 unitatem
3231 2490 3405 2561 impu-

1809 2599 1994 2663 gnant.
2030 2590 2168 2644 Hinc
2198 2600 2279 2645 est
2313 2589 2455 2660 quod
2484 2588 2729 2644 Julianus
2767 2586 2953 2656 refuga
3000 2584 3279 2659 tyrannica
3308 2581 3407 2638 do-

1810 2685 2106 2740 minatione
2136 2685 2728 2756 blasphemiasetarma
2752 2678 3402 2738 simulcontraChristum

1809 2786 2007 2832 movet.
2045 2776 2181 2833 llinc
2211 2787 2375 2832 etiam
2407 2786 2508 2842 est,
2543 2778 2684 2849 quod
2716 2777 2875 2831 hodie
2924 2776 2975 2829 in
3024 2772 3265 2830 Ecclesia
3312 2771 3399 2827 in-

1810 2867 2081 2938 dulgentia
2111 2870 2443 2940 pmnitentite
2469 2870 2626 2924 toties
2649 2869 3018 2932 conculcatur,
3049 2877 3103 2923 et
3132 2864 3400 2923 securitas

1808 2960 2147 3031 promittitur
2178 3002 2193 3026 ,
2242 2961 2316 3016 ita
2362 2970 2419 3015 ut
2462 2959 2639 3015 illusio
2692 2960 2871 3031 potius
2918 2959 3187 3014 interdum
3236 2972 3401 3039 quam

1808 3052 2075 3107 medicina
2113 3051 2549 3107 sordescentibus
2582 3050 2707 3119 fiat;
2755 3051 2879 3121 quia
2921 3051 3046 3104 dum
3073 3047 3229 3104 facile
3255 3063 3397 3118 prte-

1811 3148 2005 3204 statnr,
2042 3141 2198 3196 vilior
2238 3141 2486 3207 habetur,
2544 3150 2597 3196 et
2631 3151 2884 3213 percepta
2917 3139 3278 3212 negligentius
3308 3154 3401 3196 cu.

1733 3210 1780 3275 Ο
1814 3232 2080 3298 stoditur;
2114 3242 2276 3304 atque
2302 3233 2459 3304 culpa
2496 3232 2549 3287 in
2580 3210 2725 3289 facto
2775 3210 2896 3286 cum
2946 3210 3040 3300 spe
3071 3210 3244 3286 venia:
3301 3218 3401 3285 an;

1814 3323 2029 3378 dentius
2106 3338 2493 3393 nonnunquam
2556 3324 2864 3377 reiteratur.
2922 3320 3047 3376 lltec
3110 3337 3215 3375 non
3283 3319 3406 3375 ideo

1814 3416 2069 3481 dixerim,
2098 3426 2155 3471 ut
2184 3416 2456 3471 crudelem
2489 3432 2611 3472 esse
2638 3416 2913 3471 doctorem
2953 3414 3196 3480 doceam,
3228 3411 3323 3469 sed
3354 3420 3413 3467 ut

1813 3508 1877 3563 ad
1911 3508 2178 3563 cautelam
2214 3510 2461 3564 incautos
2492 3510 2765 3564 reducam.
2798 3507 2955 3575 Quia,
2992 3506 3129 3562 sicut
3158 3520 3408 3577 quaeren-

1815 3598 1958 3652 tilms
1985 3614 2105 3652 cum
2139 3596 2243 3651 fide
2272 3597 2578 3652 dilectionis
2608 3613 2713 3652 non
2742 3607 2824 3651 est
2851 3595 3110 3666 neganda,
3160 3594 3232 3648 ita
3263 3591 3413 3657 delu-

1813 3682 2028 3741 seribus
2056 3696 2110 3740 et
2143 3686 2323 3741 infidis
2366 3702 2471 3740 non
2525 3697 2611 3742 est
2658 3684 2914 3741 continuo
2957 3683 3292 3754 praestanda;
3341 3678 3411 3769 ne

1812 3777 1950 3832 forte
2000 3778 2322 3847 margaritas
2366 3777 2483 3847 spei
2531 3786 2748 3841 nostrce,
2807 3792 2914 3831 non
2964 3774 3137 3830 solum
3175 3772 3405 3843 pedibus

1812 3868 2117 3931 conculcet,
2147 3884 2334 3923 verum
2359 3868 2520 3922 etiam
2551 3886 2615 3924 ne
2643 3867 2787 3934 aliis,
2814 3868 2976 3923 toties
3000 3866 3127 3920 dum
3156 3862 3408 3920 sordibus

1813 3961 2143 4015 criminosus
2189 3960 2494 4030 intingitur,
2531 3959 2791 4030 peccandi
2842 3958 3097 4013 fiduciam
3127 3955 3266 4012 male
3297 3954 3413 4028 pel-

1812 4052 1985 4108 lectus
2020 4055 2280 4124 praebeat.
2330 4053 2457 4109 lnde
2492 4058 2571 4108 est
2624 4052 2765 4123 quod
2812 4051 2954 4108 sacri
2991 4062 3230 4107 canones
3268 4046 3409 4103 mul-

1814 4146 1978 4201 toties
2005 4147 2071 4200 ad
2098 4146 2474 4217 pmnitentiam
2527 4144 2849 4201 reiterautes
2884 4160 2988 4199 non
3021 4140 3179 4198 facile
3209 4140 3409 4197 admit-

1814 4248 1953 4294 tunt.
1996 4239 2142 4306 Quos
2196 4256 2325 4295 :ane
2378 4237 2542 4311 367
2592 4239 2851 4295 terminos
2893 4252 2993 4294 nec
3041 4252 3140 4292 nos
3193 4241 3412 4307 Oportet

1814 4330 2188 4386 indifferenter
2215 4331 2541 4401 transgredi,
2578 4330 2673 4386 sed
2708 4328 2889 4386 omnia
2931 4344 3054 4384 cum
3081 4325 3410 4382 discretione

1811 4437 2068 4493 pensare.

1888 4512 2058 4567 Potite
2084 4523 2131 4568 et
2160 4513 2373 4566 dabitur
2400 4512 2559 4567 vobis.
2596 4510 2827 4579 Quirrite
2859 4519 2904 4566 et
2952 4508 3259 4585 invenietis;
3285 4505 3404 4580 pul-

1813 4614 1927 4660 sate
1980 4615 2026 4659 et
2066 4608 2332 4677 aperietur
2381 4607 2543 4660 vobis.
2596 4606 2802 4673 Quibus
2832 4602 3077 4676 profecto
3104 4598 3363 4675 gradibus
3387 4639 3405 4670 ,

1812 4699 1921 4765 via,
1958 4699 2159 4754 veritas
2201 4707 2256 4754 et
2279 4700 2410 4763 vita,
2464 4694 2702 4770 legitime
2730 4699 3065 4753 certantibus
3097 4705 3407 4768 praestatur.

1815 4789 1886 4846 Ut
1914 4790 2145 4860 primum
2180 4789 2257 4845 in”
2284 4790 2392 4855 via,
2422 4806 2543 4861 qua:
2588 4789 2836 4845 Christus
2874 4799 2994 4854 est,
3043 4787 3403 4851 ambulantes,

1812 4882 2097 4935 veritatem
2132 4882 2411 4935 inveniant
2446 4923 2459 4947 ,
2518 4880 2688 4952 ipsum
2742 4892 3047 4955 quzerentes
3078 4879 3216 4952 apud
3246 4892 3408 4948 quem

1812 4982 1898 5027 est
1940 4972 2059 5027 fons
2109 4974 2251 5028 vitm.
2304 4972 2404 5029 Ubi
2436 4973 2714 5043 pulsantes
2744 4975 2809 5029 ad
2849 4975 3096 5038 ostium,
3137 4971 3261 5025 licet
3310 4982 3409 5041 per

1818 5073 2101 5134 augustam
2139 5076 2371 5136 portam,
2395 5068 2562 5120 vitam
2595 5042 3406 5140 ingrediantursempiternam.

1817 5157 1952 5213 Nam
1991 5160 2188 5214 ostium
2219 5158 2466 5215 Christus
2505 5170 2612 5227 est,
2647 5163 2787 5217 sicut
2829 5164 2944 5233 ipse
2981 5161 3057 5214 ait
3089 5176 3102 5213 :
3135 5158 3245 5228 Ego
3287 5172 3407 5213 sum

1817 5251 2027 5303 ostium.
2058 5247 2165 5303 Per
2192 5266 2272 5303 me
2300 5250 2346 5305 si
2372 5254 2487 5321 quis
2518 5253 2800 5320 introierit,
2826 5249 3113 5306 salvabitur
3141 5247 3320 5319 (Joan.
3347 5262 3407 5313 Χ,

1818 5342 1893 5413 9).
1932 5342 1996 5396 Et
2029 5343 2148 5397 ideo
2187 5360 2291 5397 non
2336 5344 2479 5399 aliud
2520 5342 2811 5414 petendum
2851 5359 3013 5414 quam
3066 5339 3206 5411 quod
3261 5353 3408 5408 quaa-

1820 5436 2045 5491 reudum
2080 5444 2183 5500 est,
2219 5451 2391 5505 neque
2428 5436 2570 5490 aliud
2605 5435 2953 5506 quaerendum
3006 5432 3108 5487 nisi
3155 5431 3221 5484 ad
3262 5427 3407 5501 quod

1812 5526 2034 5601 iugiter,
2064 5538 2120 5584 ut
2146 5530 2497 5600 ingrediatur,
2527 5526 2847 5598 pulsandum
2872 5535 2974 5582 est.
3013 5517 3114 5582 Hic
3137 5534 3221 5580 est
3258 5523 3405 5595 enim

1818 5619 1973 5691 panis
2000 5620 2153 5675 vivus
2188 5620 2277 5690 qui
2324 5621 2389 5674 de
2429 5618 2565 5673 ctelo
2606 5618 2913 5682 descendit,
2949 5617 3181 5671 filiorum
3225 5614 3413 5697 utique

1819 5712 1993 5789 cibus.
2027 5711 2136 5766 Hoc
2168 5722 2249 5767 est
2278 5725 2523 5779 regnum,
2555 5718 2609 5763 et
2629 5707 2842 5781 justitia
2875 5711 3021 5781 regni
3072 5725 3176 5781 qua
3200 5704 3404 5789 justifif

1822 5784 2010 5864 camur
2043 5820 2252 5859 omnes.
2285 5803 2490 5861 idcirco
2521 5816 2644 5858 eam
2687 5800 2939 5877 primum
2969 5818 3080 5889 non.
3104 5801 3283 5860 minus
3312 5784 3407 5879 pe;

1772 5969 1807 6011 ’Σ
