4000 6362
1447 311 1506 371 S.
1545 313 1904 376 PASCHASII
1940 318 2290 378 RADBERTI
2328 321 2624 383 ABBATIS
2657 323 3111 388 CORBEIENSIS

3765 354 3850 414 320

665 431 782 476 tere
815 433 980 492 quam
1012 429 1068 477 et
1098 435 1365 492 quaerere,
1396 440 1582 482 verum
1619 433 1783 485 etiam
1827 433 2107 502 quasitam
2159 435 2244 489 in-
2274 439 2324 498 Α
2423 436 2552 502 Quis
2601 456 2666 492 ea:
2713 440 2856 495 vobis
2890 442 3043 496 homo
3070 482 3086 509 ,
3120 459 3271 514 quem
3306 445 3352 501 si
3378 450 3570 520 petierit
3605 457 3728 526 [ilius
3759 480 3854 524 sua.

662 510 879 577 venire;
939 512 1210 568 inventam
1272 524 1452 571 autem
1515 518 1583 572 ad
1652 521 1821 591 ipsam
1877 522 2243 580 indesinenter

663 599 878 669 pulsare
899 601 1142 670 januam,
1174 605 1344 660 donec
1386 607 1663 676 pulsantes
1693 612 1760 666 ad
1795 627 1916 666 eum
1947 629 2042 683 per
2068 615 2244 685 ipsum

663 690 1046 761 ingrediantur.
1085 695 1127 747 A
1159 695 1424 766 principio
1469 712 1598 768 ergo
1636 699 1792 768 hujus
1821 705 2086 759 sermonis
2112 706 2246 762 nihil

661 783 805 838 aliud
832 800 991 854 quam
1013 786 1300 855 justitiam,
1331 791 1482 860 regni
1513 792 1648 848 ﬁlios
1673 803 1730 849 et
1758 795 1998 852 haeredes
2026 799 2240 867 docuit;

660 875 782 930 ideo
809 877 1021 932 animos
1051 893 1238 934 eorum
1268 880 1509 938 ab‘omni
1536 885 1897 943 sollicitudine
1941 891 2121 946 szeculi
2162 907 2246 948 se-

660 968 851 1034 crevit,
882 979 940 1023 ut
971 969 1115 1024 illam
1146 972 1487 1030 intenderent
1505 975 1795 1045 justitiam,
1826 988 1880 1034 et
1906 981 2244 1040 solummodo

660 1073 885 1131 regnum
919 1062 1141 1118 cmleste
1165 1064 1341 1118 devoti
1373 1080 1695 1136 quaererent.
1731 1070 1978 1142 Alioquin
2016 1090 2244 1143 regnare

659 1148 716 1203 in
743 1165 808 1204 eo
835 1152 1142 1222 nequimus,
1177 1154 1276 1210 nisi
1304 1157 1534 1226 primum
1560 1159 1706 1230 leges
1731 1161 1846 1230 ejus
1874 1173 1927 1217 et
1947 1164 2240 1234 justitiam,

661 1255 770 1297 non
803 1242 924 1298 dico
950 1244 1180 1311 discere,
1209 1262 1398 1301 verum
1426 1257 1480 1304 et
1521 1251 1746 1321 implere
1770 1270 2098 1324 quaeramus.
2131 1257 2244 1316 Hoc

658 1331 843 1404 itaque
872 1344 955 1390 est
980 1352 1202 1408 regnum
1225 1339 1456 1408 primum
1479 1358 1754 1412 quaerere,
1803 1357 1929 1402 ante
1972 1351 2153 1406 omnia
2190 1360 2246 1407 et

659 1440 824 1496 super
860 1429 1043 1482 omnia
1083 1429 1251 1484 Deum
1292 1444 1470 1490 mente
1501 1435 1744 1507 diligere,
1773 1439 1967 1497 deinde
1996 1443 2240 1500 dilectio-

659 1518 745 1572 nis
771 1532 932 1588 opera
956 1519 1236 1589 perﬁcere.
1257 1520 1361 1578 Sed
1389 1541 1456 1579 ne
1479 1528 1562 1580 cui
1593 1529 1922 1599 impossibile
1943 1534 2240 1604 videretur,

657 1609 963 1678 composuit
1014 1625 1202 1679 preces
1227 1653 1242 1677 ,
1299 1614 1479 1669 docuit
1533 1619 1660 1686 quid
1691 1629 1959 1689 petamus,
1993 1633 2047 1679 et
2085 1628 2242 1683 modo

659 1699 867 1770 praebet
898 1701 1303 1772 confidentiam,
1339 1714 1396 1760 ut
1425 1709 1557 1763 nihil
1589 1710 1901 1768 haesitantes
1930 1730 2240 1784 poscamus.

2344 543 2532 596 panem
2556 569 2572 593 ,
2621 531 2856 602 nunquid
2891 531 3118 602 lapidem
3153 536 3376 608 porriget
3427 541 3517 596 ei?
3551 543 3720 619 Incipit
3756 553 3856 611 luci-

2345 618 2468 675 dius
2509 621 2835 692 explanare,
2861 623 2989 693 quid
3017 627 3304 694 petendum
3345 631 3453 699 sit,
3497 643 3548 690 et
3573 653 3635 692 ex
3661 618 3763 712 ipsa
3787 647 3859 702 bu.

2348 730 2506 769 mana
2538 715 2680 770 circa
2713 715 2850 772 ﬁlios
2873 719 3270 804 benevolentia,
3302 730 3628 785 commendat
3654 749 3858 804 praesim.

2346 807 2536 862 tiorem
2569 817 2623 862 et
2657 808 3140 881 incomparabilem
3195 800 3370 872 Patris
3413 800 3718 891 diligentiam
3747 832 3859 889 circa

2345 911 2465 952 nos.
2520 897 2620 954 Ubi
2673 900 2961 971 cogitanda
3010 911 3094 956 est
3139 905 3454 964 excellentia
3513 912 3788 983 dignitatis,
3821 931 3860 978 et

2345 991 2748 1045 corroboranda
2799 991 2993 1048 ﬁducia
3037 997 3254 1051 mentis.
3294 995 3426 1064 Quia
3472 1001 3518 1056 si
3563 1016 3726 1073 patres
3757 1009 3860 1066 bona

2347 1079 2469 1134 data
2505 1082 2749 1138 tribuunt
2797 1083 2921 1139 ﬁliis
2949 1125 2965 1150 ,
3011 1085 3181 1140 multo
3217 1089 3387 1159 magis
3417 1088 3570 1148 Pater
3593 1107 3770 1164 noster,
3794 1103 3860 1172 qui

2347 1173 2850 1244 incomparabiliter
2898 1179 3072 1234 bonus
3103 1189 3229 1246 est,
3259 1181 3481 1240 daturus
3519 1195 3596 1242 est
3641 1189 3760 1245 bona
3793 1209 3863 1249 sua

2345 1266 2654 1335 petentibus
2682 1282 2741 1323 se
2780 1268 2923 1324 ﬁliis.
2954 1268 3246 1341 Comparat
3271 1287 3399 1346 ergo
3423 1291 3606 1346 panem
3640 1279 3790 1350 lapidi,
3824 1294 3863 1339 ut

2346 1372 2446 1429 per
2473 1373 2668 1428 panem
2700 1358 3032 1432 intelligatur
3075 1361 3326 1419 Christus
3376 1367 3504 1433 vita,
3546 1369 3630 1439 qui
3674 1371 3731 1425 de
3764 1374 3864 1430 ctelo

2346 1449 2655 1517 descendit;
2681 1466 2844 1522 quem
2875 1451 2921 1507 si
2963 1455 3197 1524 petimus
3228 1463 3372 1511 recta
3404 1456 3537 1525 ﬁde,
3566 1464 3776 1532 nunquid
3798 1465 3864 1518 da-

2347 1547 2503 1596 turus
2533 1551 2616 1596 est
2638 1541 2870 1613 lapidem
2901 1543 3046 1598 illum
3060 1545 3225 1617 369
3245 1545 3574 1614 offensionis,
3600 1559 3650 1606 et
3669 1553 3864 1608 duritiam

2347 1633 2564 1689 cordis?
2601 1634 2756 1690 Absit
2794 1645 2854 1690 ut
2896 1637 3000 1691 hoc
3030 1639 3095 1691 de
3129 1654 3342 1693 sutnmo
3400 1651 3453 1695 et
3504 1641 3864 1701 incommutabili

2348 1727 2489 1782 bono
2521 1729 2840 1795 sentiamus,
2872 1731 3013 1801 quod
3046 1747 3146 1786 nec
3174 1733 3237 1786 de
3263 1732 3480 1788 homine
3505 1735 3701 1791 mortali
3729 1746 3774 1792 et
3807 1738 3867 1791 in-

660 1790 873 1848 Veritas
919 1811 1152 1866 namque
1201 1798 1252 1853 id
1301 1801 1589 1868 promittit,
1636 1813 1688 1859 et
1731 1806 1849 1862 ideo
1885 1809 2138 1865 btesitare
2188 1813 2242 1866 in
2275 1797 2322 1858 Β
2348 1819 2720 1874 commutabili
2749 1822 2951 1876 sentire
2976 1822 3059 1878 fas
3082 1825 3195 1879 est!

660 1882 914 1950 precibus
940 1901 1046 1939 non
1078 1887 1358 1953 debemus,
1389 1899 1593 1946 tantum
1622 1903 1679 1947 ut
1705 1910 1767 1949 ea
1793 1905 1847 1951 et
1870 1898 1947 1952 sic
1972 1909 2239 1969 petamus,

659 1977 718 2024 ut
741 1968 915 2038 jubet.
941 1973 1051 2030 Nec
1075 1991 1180 2029 non
1202 1987 1258 2032 et
1281 1987 1406 2034 tunc
1428 1990 1481 2035 et
1510 1981 1580 2037 ibi
1609 1999 1936 2053 quaeramus,
1955 1990 2043 2043 ubi
2067 1968 2241 2057 jubet.

658 2056 737 2112 Ex
768 2076 874 2130 quo
886 2061 1154 2133 Propheta
1173 2084 1186 2119 :
1206 2065 1437 2122 Lwtetur
1460 2087 1551 2124 cor
1568 2077 1913 2142 quwrentium
1933 2056 2239 2149 Dominum,

653 2155 872 2222 quwrite
903 2154 1187 2211 Dominum
1225 2149 1271 2212 et
1314 2162 1741 2232 conﬁrmamini,
1783 2172 2004 2238 qutcrite
2047 2171 2240 2240 faciem

652 2244 769 2314 ejus
799 2263 998 2317 semper
1027 2249 1200 2322 (Psal.
1231 2268 1342 2319 etv,
1382 2253 1459 2325 5).
1493 2255 1618 2324 Ubi,
1648 2259 1693 2313 si
1727 2261 1864 2316 bene
1901 2263 2238 2334 inspicimus,

655 2348 764 2389 non
798 2336 940 2393 aliud
967 2355 1130 2410 quam
1175 2341 1393 2400 Patrem
1439 2357 1493 2401 et
1538 2347 1733 2404 Filium
1777 2361 1940 2423 atque
1979 2353 2239 2424 Spiritum

649 2437 898 2485 sanctum
949 2436 1298 2504 quaerendum
1351 2454 1472 2496 esse
1519 2441 1724 2510 docuit,
1765 2454 1821 2500 et
1862 2463 2078 2518 semper
2117 2469 2240 2508 eum

648 2533 894 2590 quaerere
941 2525 1218 2582 mandavit
1267 2528 1390 2586 laeto
1439 2541 1494 2587 et
1545 2533 1703 2591 ﬁrmo
1742 2539 1924 2594 corde.
1955 2539 2070 2595 Non
2109 2544 2236 2612 quia

649 2617 733 2664 est
771 2611 875 2666 nisi
914 2629 1076 2680 unus,
1106 2618 1198 2672 sed
1237 2620 1364 2690 quia
1402 2622 1516 2692 ipse
1545 2624 1796 2698 idemque
1837 2611 2240 2692 immensusest

648 2708 704 2755 et
738 2706 1119 2772 sempiternus.
1165 2707 1406 2769 Petimus
1428 2724 1608 2772 autem
1640 2719 1768 2786 ﬁde,
1800 2737 1898 2791 per
1927 2740 2044 2778 eam
2072 2727 2239 2800 368

648 2793 895 2864 profecto
941 2799 1007 2851 ad
1073 2798 1346 2856 Christum
1403 2808 1745 2876 gradientes;
1800 2793 2113 2882 quaerimus

649 2887 917 2943 tutissima
939 2931 956 2955 ,
1003 2893 1128 2946 dum
1151 2935 1165 2959 ,
1203 2910 1300 2964 per
1330 2898 1499 2967 ipsam
1545 2912 1928 2971 penetrantes,
1960 2887 2233 2965 interdum

645 2981 964 3052 attingimus
1010 3001 1181 3054 usque
1224 2989 1292 3043 ad
1334 2989 1592 3048 interiora
1652 2996 1936 3053 velaminis
1984 2998 2232 3058 Christi:

646 3085 809 3141 quam
838 3074 1068 3145 denique
1097 3079 1237 3134 sicut
1268 3074 1583 3139 anchoram'
1616 3094 1782 3142 tutam
1813 3130 1828 3154 ,
1873 3090 1923 3144 in
1954 3093 2091 3146 casio
2113 3095 2224 3164 jam

645 3161 808 3218 ﬁxam
839 3166 1130 3234 habemus;
1165 3171 1442 3241 pulsamus
1483 3176 1749 3234 charitate
1773 3221 1788 3246 ,
1816 3182 1941 3236 dum
1969 3184 2224 3257 infatiga-

643 3249 828 3310 bililer
876 3257 942 3311 ad
987 3259 1207 3327 ostium,
1243 3265 1385 3331 quod
1419 3264 1667 3322 Christus
1696 3280 1801 3336 est,
1826 3272 2030 3344 jugiter
2060 3249 2225 3333 susti-

645 3357 837 3403 nentes
883 3348 1156 3406 laboribus
1195 3355 1556 3426 desudamus;
1595 3371 1861 3432 quatenus
1893 3382 2057 3423 unum
2083 3372 2228 3440 quod

642 3438 876 3508 petimus
899 3452 955 3496 et
984 3447 1128 3513 quod
1154 3447 1447 3515 quaerimus
1466 3455 1790 3525 quandoque
1820 3457 2046 3514 devictis
2070 3438 2226 3519 malis

641 3528 1027 3600 adipiscamur.
1062 3537 1129 3592 Et
1175 3549 1233 3594 ut
1274 3542 1534 3613 majorem
1564 3550 1833 3617 praeberet
1866 3557 2226 3613 constantiam

637 3626 1039 3691 perseverandi,
1074 3627 1407 3701 diligentiam
1437 3639 1734 3706 quaerendi,
1779 3639 2031 3698 ﬁduciam
2057 3643 2224 3717 impe-

637 3715 838 3781 trandi,
866 3718 1092 3785 addidit,
1120 3722 1193 3777 ita
1225 3723 1449 3783 dicens:

712 3805 895 3862 Omnis
929 3812 1065 3865 enim
1095 3816 1185 3883 qui
1209 3818 1355 3887 petit,
1381 3822 1608 3891 accipit;
1631 3834 1680 3878 et
1712 3828 1804 3896 qui
1836 3832 2046 3900 quierit,
2075 3834 2219 3890 inve-

637 3897 743 3962 nit;
782 3909 830 3952 et
852 3901 1082 3966 pulsanti
1113 3908 1395 3976 aperietur.
1415 3911 1568 3970 Unde
1597 3897 1901 3990 cuicunque
1928 3897 2037 3980 non
2060 3927 2222 3984 datur

636 3988 780 4057 quod
810 3993 963 4059 petit,
995 3995 1199 4066 absque
1247 4001 1409 4056 dubio
1463 4021 1570 4061 non
1628 4021 1774 4067 recte
1814 3988 1988 4086 petit,
2045 4037 2221 4091 neque

637 4080 856 4148 quaerit,
887 4099 1063 4156 neque
1107 4099 1256 4145 recte
1295 4094 1472 4163 pulsat
1524 4110 1652 4156 ante
1699 4080 1922 4172 januam
1976 4080 2214 4181 pietatis.

634 4169 826 4226 Omnia
857 4176 998 4230 enim
1025 4194 1364 4254 quascunque
1410 4189 1645 4258 petimus
1672 4169 1766 4250 aut
1809 4169 2129 4269 quaeri-mus,
2163 4214 2219 4262 et

634 4262 702 4316 ad
733 4266 875 4334 quod
921 4270 1196 4338 pulsamus
1219 4316 1234 4341 ,
1266 4277 1406 4334 sicut
1452 4281 1564 4339 dixi
1597 4327 1611 4350 ,
1652 4304 1759 4344 non
1799 4262 1902 4348 nisi
1934 4262 2126 4363 unum,
2162 4308 2218 4356 et

629 4367 852 4426 prepter
882 4377 1046 4418 unum
1076 4380 1198 4422 esse
1233 4370 1407 4437 debet,
1463 4377 1590 4446 quia
1645 4397 1750 4436 non
1784 4385 1886 4440 nisi
1933 4403 2098 4444 unum
2130 4402 2214 4448 est

633 4452 1017 4508 necessarium.
1075 4456 1213 4514 Hinc
1251 4477 1464 4535 quoque
1492 4469 1660 4525 David
1703 4474 1780 4528 ait
1828 4494 1841 4530 :
1889 4475 2061 4534 Unam
2089 4485 2214 4553 petii

627 4553 660 4590 a
692 4537 942 4611 Domino,
961 4546 1098 4603 lianc
1137 4553 1422 4625 requiram,
1452 4571 1508 4614 ut
1535 4562 1821 4622 inhabilem
1843 4570 1898 4624 in
1927 4537 2212 4631 domo'Do-

626 4629 756 4684 mini
787 4635 1025 4692 omnibus
1046 4640 1228 4698 diebus
1256 4647 1374 4701 vitae
1403 4666 1532 4705 mete
1573 4652 1748 4725 (Psal.
1781 4674 1934 4727 xxvr,
1961 4663 2038 4735 4).
2063 4629 2211 4722 Alio-

625 4721 754 4790 quin
794 4731 1062 4794 quomodo
1090 4738 1311 4806 negabit
1338 4721 1647 4810 petentibus
1694 4763 1785 4815 se,
1835 4721 1931 4822 qui
1973 4721 2209 4825 primum

625 4825 685 4866 se
733 4831 838 4870 non
890 4825 1197 4887 petentibus
1247 4842 1438 4901 sponte
1493 4837 1728 4895 obtulit?
1778 4843 1887 4898 Aut
1940 4851 2210 4917 quomodo

621 4915 926 4972 quaerentes
954 4927 1075 4968 eum
1099 4933 1204 4973 non
1227 4921 1620 4998 invenient,qui
1637 4931 1802 4987 etiam
1831 4949 1935 4990 non
1957 4915 2210 5008 qua-ren-

621 4993 765 5050 tibus
794 5013 852 5054 se
882 5011 940 5056 ut
967 5003 1272 5066 invenirent
1312 4993 1610 5085 praestitit?
1649 5019 1743 5076 Vel
1779 4993 2052 5094 quomodo
2090 5031 2208 5100 pul-

618 5091 866 5150 Santibus
917 5113 1024 5153 non
1074 5105 1281 5172 aperiet
1328 5107 1394 5161 ad
1449 5125 1537 5176 se,
1579 5113 1671 5182 qui
1715 5091 1956 5185 quotidie
2009 5091 2207 5178 cla-mat

617 5182 772 5238 nobis
804 5202 817 5238 :
855 5185 989 5242 Ecce
1012 5202 1091 5245 sto
1117 5194 1187 5248 ad
1214 5197 1406 5250 ostium
1447 5210 1495 5253 et
1536 5203 1687 5270 pulso
1733 5182 1920 5277 iApoc.
1959 5226 2038 5274 Ill,
2068 5213 2202 5286 20);

615 5273 803 5344 utique
844 5279 908 5334 de
958 5283 1099 5337 ostio
1157 5287 1330 5341 nostri
1379 5294 1616 5359 pectoris
1663 5273 1851 5354 dicens
1899 5317 1913 5354 :
1972 5302 2034 5356 Si
2085 5273 2203 5376 quis

613 5373 900 5439 aperuerit,
927 5375 1152 5431 introibo
1175 5379 1244 5433 ad
1265 5398 1406 5447 eum,
1435 5394 1484 5438 et
1514 5389 1722 5443 etenabo
1751 5409 1868 5446 cum
1888 5395 2020 5450 illo?
2047 5373 2202 5457 Patet

613 5457 778 5531 igitur
814 5469 1028 5537 quoties
1059 5486 1166 5525 non
1202 5475 1500 5544 accipimus
1542 5481 1684 5549 quod
1724 5499 1830 5538 non
1873 5499 2018 5544 recte
2063 5494 2200 5561 peti-

610 5566 751 5621 mus,
787 5568 841 5612 et
883 5573 1005 5614 cum
1038 5577 1144 5617 non
1194 5563 1496 5622 invenimus
1523 5571 1666 5638 quod
1696 5588 1803 5628 non
1831 5576 1966 5633 bene
1997 5585 2195 5650 quaesi-

608 5648 804 5720 vimus,
837 5665 892 5710 et
919 5657 1044 5711 dum
1073 5640 1412 5727 pulsantibus
1456 5678 1563 5718 non
1599 5669 1838 5738 aperitur
1867 5690 1880 5728 :
1908 5675 2032 5744 quia
2082 5694 2192 5736 non

608 5752 756 5800 recte
794 5747 1092 5817 pulsamus.
1121 5748 1380 5821 Sequitur
1403 5772 1416 5809 :

2415 1914 2518 1967 Aut
2544 1915 2588 1968 si
2612 1917 2815 1984 petierit
2840 1918 3054 1988 piscem,
3092 1925 3329 1992 nunquid
3349 1934 3628 1995 serpentem
3652 1926 3773 1979 dabit
3799 1924 3868 1980 ei?

2344 2004 2555 2062 Piscem
2587 2010 2774 2081 utique
2815 2012 2961 2068 illum
2995 2031 3155 2086 quem
3185 2017 3384 2074 Petrus
3410 2019 3633 2089 primum
3667 2018 3868 2089 piscando

2344 2099 2508 2167 cepit,
2544 2098 2798 2156 latentem
2830 2101 2971 2158 inter
3009 2122 3178 2176 aquas
3234 2107 3656 2179 Scripturarum,
3688 2111 3734 2164 in
3757 2109 3868 2179 cujus

2344 2188 2598 2243 nimirum
2641 2207 2735 2246 ore
2764 2201 3022 2250 staterem
3064 2195 3306 2264 invenit,
3339 2215 3498 2269 quem
3538 2215 3631 2270 pro
3665 2215 3716 2254 se
3741 2201 3866 2252 daret.

2345 2277 2402 2334 Si
2430 2285 2551 2350 quis
2580 2283 2813 2338 ﬁliorum
2845 2287 2987 2342 hunc
3018 2291 3360 2359 poposcerit,
3403 2293 3640 2363 nunquid
3665 2291 3870 2358 benignus

2342 2381 2498 2441 pater
2526 2386 2831 2445 serpentem
2875 2378 3023 2433 illum
3047 2421 3062 2446 ,
3111 2383 3201 2452 qui
3251 2384 3423 2439 Evam
3459 2400 3658 2440 veneno
3699 2384 3870 2438 fallaciae

2341 2481 2454 2520 sua:
2484 2467 2734 2536 peremit,
2766 2469 2914 2524 dabit
2940 2470 3014 2525 illi
3047 2482 3105 2526 ut
3130 2474 3403 2530 moriatur
3434 2475 3553 2532 dolo
3580 2475 3730 2547 patris
3749 2475 3868 2529 dece-

2340 2558 2505 2626 plus?
2543 2556 2749 2625 Quibus
2779 2560 2989 2616 duabus
3025 2565 3315 2621 sententiis
3346 2564 3741 2631 conﬁrmamur,
3767 2563 3871 2634 quod

2340 2668 2618 2723 nunquam
2644 2671 2673 2708 a
2702 2655 2814 2712 Deo
2847 2656 3008 2714 Patre
3043 2660 3148 2715 nisi
3173 2661 3320 2718 bona
3346 2664 3694 2734 percipimus,
3717 2661 3871 2734 qualia.

2339 2757 2549 2811 cunque
2575 2745 2732 2800 nobis
2760 2747 3063 2804 videantur.
3099 2751 3233 2818 Quia
3269 2755 3358 2810 his
3381 2756 3472 2825 qui
3499 2757 3766 2811 secundum
3783 2769 3871 2823 pro-

2340 2834 2574 2900 positum
2604 2837 2784 2891 vocati
2811 2849 2937 2894 sunt
2965 2844 3174 2910 sancti,
3220 2848 3408 2902 omnia
3449 2847 3555 2904 illis
3578 2853 3872 2919 cooperantur

2337 2921 2391 2976 in
2423 2923 2646 2980 bonum.

2408 3011 2465 3068 Si
2504 3032 2625 3085 ergo
2657 3034 2744 3072 vos
2787 3037 2904 3073 cum
2947 3022 3061 3078 sitis
3107 3024 3266 3092 mali,
3301 3030 3468 3085 nostis
3497 3031 3628 3086 bona
3651 3030 3758 3084 data
3779 3028 3872 3081 dare

2255 3157 2302 3220 Ο
2333 3104 2458 3173 ﬁliis
2487 3109 2667 3162 vestris
2687 3148 2702 3173 ,
2744 3120 2938 3180 quanto
2980 3116 3144 3184 magis
3186 3113 3360 3174 Pater
3397 3132 3560 3177 uester
3593 3122 3745 3193 quiin
3769 3119 3873 3173 culis

2337 3206 2406 3220 Α-.
2456 3196 2594 3220 .1...L.‘n
2630 3197 2759 3220 L_-__
2809 3211 2932 3220 ---ιη
2962 3203 3016 3220 ,ιι
3192 3207 3214 3220 η
3253 3208 3302 3220 ι.
3348 3210 3362 3220 ι
3806 3208 3829 3220 ιι
3859 3214 3868 3220 .

2331 3206 2406 3248 est
2451 3196 2594 3250 dabit
2626 3197 2761 3252 bona
2804 3203 3092 3271 petentibus
3113 3207 3214 3260 se?
3251 3208 3430 3267 Malos
3473 3221 3649 3268 autem
3691 3208 3873 3282 appellat

2331 3292 2423 3338 aut
2449 3287 2743 3354 apostolos,
2767 3301 2860 3346 aut
2883 3307 3071 3348 omnes
3093 3300 3434 3366 generaliter
3454 3304 3507 3358 in
3533 3301 3874 3374 comparatione

2330 3376 2645 3434 divinitatis.
2678 3379 2824 3437 Bona
2853 3398 2985 3440 vero
3011 3388 3193 3443 saeculi
3223 3391 3386 3461 dicit,
3415 3395 3502 3451 vel
3530 3396 3679 3452 sicuti
3705 3411 3731 3448 a
3750 3407 3875 3449 saecu-

2328 3465 2532 3524 laribus
2568 3473 2928 3544 testimantur,
2956 3479 3042 3534 vel
3073 3482 3202 3552 quia
3240 3488 3437 3543 omnia
3473 3503 3570 3559 per
3608 3499 3820 3543 naturam
3851 3497 3875 3535 a

2327 3562 2472 3620 bono
2498 3565 2628 3633 Deo,
2659 3567 2781 3639 jure
2806 3569 2949 3626 bona
2978 3572 3254 3632 dicuntur.
3288 3579 3426 3647 Quae
3457 3590 3634 3638 tamen
3658 3581 3775 3637 bona
3795 3590 3874 3632 non

2329 3658 2431 3713 nisi
2461 3660 2530 3715 ab
2571 3659 2686 3731 ipso
2726 3661 3011 3720 habemus.
3043 3664 3150 3722 Sed
3188 3668 3300 3726 alia
3328 3673 3476 3730 bona
3505 3683 3630 3731 sunt
3654 3671 3789 3739 longe
3813 3669 3877 3723 in-

2326 3752 2800 3822 comparabiliter,
2837 3771 2957 3825 quae
2987 3766 3173 3828 petere
3200 3775 3268 3817 ac
3297 3779 3550 3835 quaerere
3569 3807 3584 3833 ,
3613 3775 3665 3820 et
3691 3772 3740 3819 ut
3764 3761 3877 3816 acci-

2323 3843 2553 3912 piamus,
2587 3857 3000 3914 perseveranter
3021 3850 3239 3919 pulsare
3273 3856 3566 3913 debemus.
3607 3856 3724 3923 Quae
3744 3851 3872 3908 uimi-

2325 3949 2444 3989 rum
2472 3935 2613 3991 bona
2634 3951 2740 3992 non
2768 3938 2869 3993 nisi
2897 3939 3022 3996 ﬁliis
3045 3954 3409 4015 praestantur,
3430 3959 3487 4006 et
3507 3951 3607 4005 ista
3637 3955 3750 4004 sunt
3767 3959 3876 4001 sem-

2321 4039 2420 4095 per
2447 4041 2546 4095 pro
2573 4029 2770 4098 quibus
2798 4030 3082 4103 invigilare
3110 4037 3383 4098 debemus
3405 4051 3465 4098 et
3499 4052 3728 4108 certare,
3753 4048 3878 4107 ειςυε

2322 4118 2538 4175 solliciti
2573 4137 2732 4190 esse;
2775 4127 3030 4194 quoniam
3054 4145 3175 4199 quas
3205 4135 3400 4191 saeculi
3432 4137 3570 4191 bona
3592 4144 3710 4192 sunt
3730 4143 3878 4201 super-

2321 4209 2662 4280 adjicientur,
2701 4214 2806 4270 ista
2837 4232 2965 4272 vero
2995 4220 3120 4288 quia
3150 4233 3361 4280 aeterna
3403 4238 3533 4283 sunt
3557 4237 3610 4283 et
3633 4223 3880 4298 spiritalia.

2320 4299 2689 4360 indesinenter
2716 4315 2923 4376 petere,
2955 4324 3383 4380 perseveranter
3403 4333 3666 4389 quaerere,
3685 4325 3736 4372 et
3759 4311 3813 4368 ad
3829 4324 3880 4365 ea

2318 4391 2731 4466 infatigabiliter
2760 4400 2995 4469 pulsare,
3026 4405 3285 4473 quoniam
3310 4424 3379 4464 ea
3404 4426 3517 4467 non
3545 4411 3646 4467 nisi
3674 4413 3883 4482 petentes

2319 4487 2611 4558 accipiunt,
2643 4505 2816 4562 neque
2844 4495 2948 4550 nisi
2975 4507 3286 4566 quaerentes
3315 4504 3642 4571 inveniunt,
3670 4512 3722 4559 et
3749 4501 3806 4556 ad
3827 4511 3878 4552 ea

2320 4595 2427 4633 non
2453 4581 2557 4636 nisi
2586 4598 3002 4653 perseverantes
3025 4589 3326 4650 introeunt.
3354 4595 3603 4654 Primum
3634 4606 3711 4655 est
3739 4604 3885 4651 tamen

2317 4678 2534 4739 petere,
2581 4682 2642 4728 ut
2684 4675 2886 4734 habeas
2925 4697 3048 4750 quae
3086 4699 3307 4766 quaeras
3331 4705 3348 4754 ;
3391 4691 3592 4747 deinde
3635 4683 3884 4760 quaerendo

2315 4757 2545 4817 festinus
2576 4765 2654 4820 ire
2688 4775 2746 4821 ut
2776 4768 3057 4838 invenias;
3095 4757 3321 4832 inventa
3350 4757 3726 4837 observare—ut
3748 4777 3888 4846 ingre-

2315 4849 2483 4906 diaris
2511 4852 2580 4908 ad
2609 4871 2693 4923 ea,
2718 4867 2773 4913 et
2796 4859 2912 4916 sine
2931 4861 3039 4918 ﬁne
3066 4863 3285 4922 fruaris.
3317 4869 3537 4927 Decens
3560 4873 3736 4943 itaque
3757 4866 3884 4929 ordo,

2312 4947 2370 4993 et
2411 4944 2706 5000 secundum
2753 4947 2955 5006 Lucam
3001 4953 3140 5009 bene
3184 4958 3367 5016 tribus
3413 4961 3722 5019 alternatim
3756 4958 3888 5015 rebus

2313 5045 2659 5106 comparatur
2688 5037 2837 5110 (Luc.
2863 5059 2901 5097 ιι
2922 5083 2938 5108 ,
2966 5045 3056 5117 Η)
3084 5066 3097 5102 :
3131 5057 3192 5104 ut
3220 5066 3321 5121 per
3346 5069 3576 5125 panem,
3598 5057 3653 5112 in
3675 5069 3776 5126 quo
3794 5057 3886 5106 ιοω

2309 5121 2554 5194 signatur
2575 5129 2707 5196 vita,
2738 5134 2978 5192 charitas
3005 5121 3378 5212 intelligatur;
3405 5161 3510 5218 per
3534 5121 3734 5220 piscem
3756 5143 3886 5202 ίίιιεε,

2307 5228 2427 5284 quae
2448 5219 2548 5273 sub
2578 5217 2800 5280 ﬂuentis
2829 5223 3064 5296 Spiritus
3090 5234 3268 5289 sancti
3295 5217 3582 5306 nutritur;
3623 5253 3719 5311 per
3751 5243 3886 5290 ovum

2307 5322 2466 5376 vero,
2499 5312 2567 5367 de
2601 5329 2710 5384 quo
2743 5318 2923 5388 pullus
2952 5323 3131 5380 adhuc
3158 5338 3422 5398 speratur
3442 5373 3459 5399 ,
3504 5347 3632 5405 spes
3658 5335 3796 5387 certa
3820 5330 3887 5379 ω·

2305 5411 2536 5470 neatur;
2578 5406 2775 5474 quibus
2800 5410 3044 5480 profecto
3085 5417 3386 5476 virtutibus
3425 5423 3681 5478 universa
3707 5415 3888 5476 charis'

2303 5505 2512 5551 malum
2559 5498 2697 5554 dona
2743 5518 3169 5577 consequuntur.
3219 5513 3396 5586 37o
3446 5515 3607 5573 Unde
3652 5511 3888 5588 praefatus

2299 5589 2625 5659 evangelista
2647 5632 2663 5658 ,
2694 5611 2800 5651 non
2842 5599 3159 5670 simpliciter
3183 5607 3328 5662 bona
3367 5610 3535 5676 dixit,
3578 5611 3676 5666 sed
3708 5613 3886 5678 (ιιιαηιο

2299 5681 2468 5751 magis
2494 5680 2655 5740 Pater
2683 5697 2865 5745 vester
2890 5692 3038 5749 dabit
3070 5699 3326 5768 spiritum
3360 5700 3573 5758 bonum
3602 5697 3886 5773 petentibus

2297 5773 2398 5829 se?
2440 5773 2638 5847 Utique
2681 5781 2807 5851 quia
2846 5801 2945 5856 per
2977 5802 3100 5847 eum
3131 5794 3390 5864 spiritum
3431 5812 3633 5854 omnes
3669 5782 3900 5850 thesauri-
