4016 6360
95 320 206 380 321

895 319 1276 377 ΕΧΡΟΞΙΤΙΟ·
1310 320 1376 374 ΙΝ
1419 317 1858 376 MATTHIEUM.
1897 349 1968 359 --
2007 319 2134 375 LIB.
2177 319 2270 386 ιν,
2305 310 2473 376 CAP;
2501 319 2613 378 VII.

3279 321 3400 382 δεῖ

97 441 392 512 sapientia
412 445 468 494 et
489 435 872 507 scientia,-qui
905 437 958 492 in
986 437 1204 494 Christo
1233 445 1375 500 sunt,
1409 437 1697 508 acquirun-
1723 439 1773 500 Α
1801 451 1960 506 quam
1985 435 2272 505 repleverit
2301 450 2398 504 per
2428 436 2594 490 ardua
2619 443 2675 492 et
2699 443 2924 506 angusta
2962 439 3090 494 hinc
3117 439 3388 498 abducere

99 543 219 599 tur,
251 533 374 588 sine
397 545 504 601 quo
524 529 660 584 nihil
687 529 980 598 pretiosum
1007 529 1291 600 accipitur.
1319 528 1452 596 Quia
1479 529 1569 600 qui
1595 529 1702 598 spi-

96 625 275 680 ritum
303 622 504 678 Christi
529 637 638 676 non
665 621 848 686 habet,
869 621 958 676 hic
986 637 1092 676 non
1114 631 1197 676 est
1223 620 1358 690 ejus.
1386 621 1538 677 Unde
1559 622 1701 678 idem

97 717 336 788 spiritus
363 713 630 770 catholica
665 713 866 768 donum
904 713 1221 784 appellatur.
1267 713 1405 770 Hinc
1430 714 1702 784 quidquid

97 818 188 865 est
220 807 367 880 quod
397 821 642 870 oramus,
673 805 908 876 primum
929 814 985 858 et
1005 804 1402 875 permaximum
1427 819 1536 859 non
1558 803 1702 859 aliud

102 914 235 956 esse
289 900 482 963 debet,
532 913 697 968 quam
739 897 904 952 Pater
943 906 1000 952 et
1043 896 1214 954 Filius
1258 906 1420 968 atque
1468 897 1702 969 Spiritus

102 999 356 1054 sanctus,
399 988 544 1059 quod
585 996 668 1043 est
693 997 956 1043 aternum
989 988 1422 1044 Christianorum
1451 1005 1698 1060 regnum,

99 1078 337 1148 ejusque
355 1076 566 1148 justitia
586 1117 602 1143 ,
634 1086 694 1132 ut
724 1078 905 1134 omnia
947 1079 1235 1136 cbaritatis
1269 1081 1363 1135 Dei
1391 1089 1443 1136 et
1468 1083 1701 1152 proximi

99 1185 271 1243 Opera
295 1213 312 1238 ,
359 1171 502 1228 sicut
539 1181 808 1244 pracepta
841 1183 1000 1241 sunt,
1031 1173 1368 1246 impleamus.
1423 1175 1575 1233 Unde
1617 1193 1702 1234 se-

98 1265 294 1336 quitur
319 1283 335 1319 :

179 1356 382 1412 Omnia
423 1374 546 1430 ergo
585 1375 906 1431 quacunque
938 1359 1093 1415 vultis
1123 1371 1180 1415 ut
1207 1362 1407 1433 faciant
1436 1363 1576 1419 vobis
1606 1365 1702 1419 ho-

99 1451 291 1514 mines,
318 1461 368 1504 et
397 1468 486 1505 eos
504 1451 664 1522 facile
689 1452 782 1506 eis.
814 1451 944 1506 Hac
973 1463 1050 1508 est
1078 1455 1215 1508 enim
1237 1453 1322 1509 lex
1343 1464 1390 1509 et
1414 1456 1698 1526 propheta).

94 1541 159 1596 In
189 1542 516 1611 quibusdam
542 1558 779 1612 namque
805 1544 1119 1601 codicibus:
1162 1544 1353 1600 Omnia
1392 1563 1517 1618 ergo
1551 1563 1697 1618 quae-

96 1648 316 1703 cunque
337 1632 489 1688 uultis
511 1633 666 1698 bona,
681 1633 939 1699 habetur;
962 1635 1085 1704 quia
1109 1635 1352 1705 profecto
1367 1651 1470 1692 non
1485 1635 1700 1691 aliunde

95 1736 272 1792 quam
301 1739 364 1778 ex
395 1723 550 1779 bonis
585 1724 734 1779 dicit.
777 1723 882 1780 Sed
913 1727 1056 1796 quod
1085 1727 1137 1781 in
1170 1727 1285 1798 ipsa
1312 1727 1575 1784 Hebraica
1602 1744 1699 1784 ve-

1807 525 2042 581 festinat.
2073 525 2244 592 Quam
2273 526 2526 580 nimirum
2550 537 2757 596 portam
2780 543 2940 584 nemo
2967 528 3276 586 sublimium
3299 547 3390 587 su-

1804 617 1988 689 perbia
2019 626 2231 672 tumens
2261 619 2465 673 intrare
2488 627 2696 689 potest;
2721 633 2881 674 nemo
2907 620 3150 690 abjectus
3168 631 3224 676 et
3249 622 3390 679 imus

1805 709 1934 779 (non
1962 723 2122 778 quem
2152 707 2428 762 humilitas
2460 723 2586 763 vera
2627 708 2867 773 inclinat,
2901 711 2992 765 sed
3016 724 3176 780 quem
3198 711 3388 768 diabo-

1802 798 1888 855 lus
1910 808 2203 870 prosternlt
2231 799 2285 854 in
2311 800 2610 870 pulverem,
2640 809 2693 854 et
2729 800 3030 871 conculcat)
3055 818 3070 867 ;
3109 816 3268 858 nemo
3292 803 3392 859 bo-

1801 899 2026 944 noratus
2055 889 2234 945 saculi
2261 889 2421 944 rebus
2439 931 2454 955 ,
2497 891 2624 960 quia
2657 889 2868 946 facilius
2894 900 2976 947 est
3002 893 3265 948 camelum
3292 909 3390 964 per

1801 978 2046 1036 foramen
2066 996 2196 1036 acus
2217 982 2646 1053 transire,quam
2669 981 2888 1038 divitem
2910 999 3008 1055 per
3030 992 3140 1038 tam
3161 994 3388 1056 angusta

1801 1072 2022 1128 intrare.
2052 1071 2196 1128 Satis
2221 1073 2402 1144 itaque
2423 1074 2637 1130 excelsa
2669 1083 2776 1142 est,
2807 1076 2933 1130 dum
2962 1092 3132 1148 usque
3151 1079 3218 1134 ad
3239 1093 3392 1135 amo-

1802 1179 1916 1219 rem
1944 1165 2039 1219 Dei
2075 1165 2340 1236 erigitur;
2376 1167 2510 1221 satis
2544 1181 2675 1222 vero
2700 1167 2952 1222 deorsum
2977 1179 3201 1240 angusta
3221 1211 3237 1236 ,
3265 1187 3388 1226 cum

1803 1256 1965 1312 etiam
1997 1271 2094 1326 pro
2121 1272 2306 1313 amore
2333 1259 2565 1328 proximi
2606 1273 2704 1314 nos
2734 1259 2871 1315 mori
2899 1260 3066 1327 velle,
3098 1272 3260 1332 atque
3286 1263 3388 1317 ini-

1801 1347 2001 1402 micum
2047 1348 2269 1420 diligere
2305 1349 2481 1418 jubet.
2529 1350 2681 1406 Unde
2725 1353 2972 1423 quamvis
3001 1355 3241 1411 charitas
3281 1356 3389 1412 lata

1801 1438 2031 1503 dicatur,
2071 1447 2298 1509 angusta
2331 1449 2510 1496 tamen
2539 1450 2660 1508 est;
2700 1457 2862 1512 quam
2886 1444 3044 1514 pauci
3073 1445 3393 1514 inveniunt,

1801 1535 1874 1593 et,
1905 1527 1950 1582 si
1981 1529 2313 1596 invenerint,
2349 1532 2634 1602 pauciores
2675 1536 3006 1592 contendunt
3045 1538 3250 1595 intrare
3292 1555 3390 1611 per

1799 1634 1940 1674 eam.
1967 1618 2343 1678 Verumtamen
2372 1623 2460 1678 ubi
2485 1635 2640 1694 porta
2666 1627 2906 1694 auditur,
2921 1629 3112 1685 civitas
3137 1631 3389 1688 conside-

1801 1711 1971 1765 randa
1997 1720 2101 1778 est,
2128 1728 2248 1783 qua
2277 1723 2331 1768 et
2359 1715 2535 1784 qualis
2561 1716 2654 1784 sit,
2683 1733 2804 1788 qua
2831 1728 2939 1774 tam
2966 1730 3251 1792 angustum
3288 1724 3386 1778 ha-

93 1811 269 1869 ﬁu‘e
307 1827 414 1868 non
459 1815 756 1880 invenitur,
807 1815 1136 1886 superﬂuum
1184 1829 1306 1886 es”
1351 1819 1401 1875 id
1451 1820 1698 1890 quamvis
1725 1809 1774 1871 Β
1801 1801 1892 1857 bet
1915 1805 2215 1873 ingressum
2238 1819 2396 1873 quem
2415 1807 2572 1875 pauci
2597 1808 2970 1874 inveniunt,et
2990 1811 3034 1866 si
3059 1811 3385 1880 invenerint,

95 1909 351 1978 quidam,
383 1917 442 1962 ut
465 1908 682 1979 planius
710 1919 950 1975 sonaret,
985 1911 1184 1968 addere
1210 1912 1496 1968 voluerint.
1523 1912 1630 1970 Sed
1652 1914 1699 1970 si

95 1998 500 2069 proprietatem
549 1999 838 2054 verborum
890 2002 1254 2068 attendimus,
1301 2003 1551 2060 voluntas
1590 2021 1698 2060 non

94 2089 212 2144 nisi
251 2089 307 2143 in
338 2090 714 2155 bonofsicuti,
747 2106 779 2146 e
813 2094 1117 2160 contrario,
1159 2095 1427 2165 cupiditas
1456 2097 1509 2150 in
1556 2097 1700 2152 malo

95 2189 262 2234 recte
285 2180 560 2249 accipitur.
587 2178 845 2246 Quamvis
872 2184 1054 2240 multis
1081 2184 1136 2240 in
1167 2185 1331 2252 locis,
1357 2196 1412 2242 et
1447 2187 1698 2244 voluntas

99 2271 170 2326 in
201 2271 366 2336 malo,
393 2279 447 2326 et
474 2269 734 2342 cupiditas
761 2275 814 2328 in
840 2275 980 2330 bono
1008 2278 1298 2349 improprie
1329 2278 1559 2334 dicatur.
1587 2277 1694 2334 Ta-

93 2376 237 2417 men
270 2362 376 2417 isto
404 2363 457 2416 in
487 2362 620 2428 loco,
645 2379 750 2419 non
779 2366 882 2420 nisi
910 2367 977 2422 de
1005 2369 1176 2434 bono,
1208 2379 1262 2424 et
1304 2369 1358 2424 in
1388 2369 1588 2425 bonum
1615 2372 1696 2426 di-

85 2453 266 2507 citur.
299 2453 580 2518 Videlicet,
607 2455 747 2510 bona
777 2473 898 2528 qua
919 2458 1084 2514 vultis
1123 2462 1371 2532 accipere
1402 2463 1470 2517 ab
1497 2463 1578 2518 eis
1597 2504 1612 2528 ,
1641 2471 1696 2520 et

85 2561 197 2601 vos
221 2547 410 2601 eadem
442 2546 605 2602 facite
631 2548 738 2604 illis
758 2590 772 2614 ,
807 2558 865 2604 ut
904 2551 1144 2607 charitas
1170 2554 1400 2623 proximi
1426 2556 1695 2626 complea-

91 2648 213 2694 tur.
246 2640 420 2706 Quam
447 2655 580 2696 sane
601 2642 923 2698 charitatem
953 2646 1071 2701 sine
1097 2647 1388 2704 dilectione
1411 2649 1504 2704 Dei
1534 2665 1694 2706 nemo

88 2742 252 2788 recte
274 2734 525 2804 perficit,
553 2749 609 2792 et
638 2737 759 2792 ideo
785 2738 1031 2794 addidit:
1077 2739 1206 2796 Hac
1243 2755 1317 2798 est
1361 2743 1446 2798 lea:
1482 2754 1530 2798 et
1570 2762 1696 2815 pro-

81 2824 283 2894 pheta.
314 2824 546 2896 Propter
567 2829 710 2897 quod
731 2829 880 2893 alibi,
915 2845 1022 2884 non
1055 2831 1106 2886 in
1140 2847 1246 2887 una
1286 2849 1476 2888 earum
1502 2845 1688 2905 parte,

84 2916 194 2972 sed
229 2917 282 2984 in
315 2918 527 2973 duabus
553 2919 696 2986 istis,
733 2921 1024 2979 dilectione
1049 2924 1302 2981 videlicet
1324 2926 1416 2982 Dei
1441 2936 1495 2982 et
1515 2928 1693 2998 proxi-

81 3007 192 3070 mi,
225 3016 338 3063 tota
373 3008 458 3063 lex
490 3011 692 3080 pendet
715 3053 729 3074 .
773 3011 967 3084 inquit,
995 3023 1051 3070 et
1079 3017 1373 3087 propheta.
1407 3017 1519 3075 Nisi
1552 3019 1690 3076 forte

81 3098 144 3154 in
171 3099 466 3156 dilectione
495 3103 729 3172 proximi
759 3105 1078 3175 simpliciter
1103 3109 1304 3166 dictum
1334 3111 1684 3184 accipiamus,

81 3190 238 3260 quod
269 3191 323 3245 in
351 3207 417 3246 ea
449 3194 684 3263 pendeat
723 3194 808 3250 lex
843 3206 899 3251 et
935 3199 1250 3270 propheta;
1289 3201 1345 3257 in
1378 3202 1472 3258 Dei
1507 3214 1686 3262 autem

87 3281 258 3336 simul
283 3292 340 3337 et
367 3283 604 3351 proximi
635 3293 744 3340 tota
765 3288 998 3356 pendeat
1027 3289 1113 3345 lex
1145 3300 1200 3346 et
1239 3293 1419 3350 omnis
1458 3297 1690 3368 prophe-

79 3374 191 3428 tia.
231 3372 340 3428 Sed
385 3374 581 3430 melius
622 3376 676 3430 in
719 3387 949 3448 utraque
989 3381 1148 3436 simul
1182 3399 1243 3437 ea
1278 3386 1514 3454 pendere
1551 3388 1687 3444 dici-

78 3481 244 3530 mus;
289 3465 419 3536 quia
447 3481 549 3520 nec
572 3467 811 3522 charitas
834 3469 927 3524 Dei
953 3472 1069 3526 sine
1095 3474 1348 3543 proximi,
1375 3491 1474 3531 nec
1501 3479 1685 3548 proxi-

75 3559 163 3612 mi
193 3558 312 3611 sine
333 3556 425 3612 Dei
449 3557 576 3627 jure
622 3568 887 3615 servatur.
936 3562 1088 3619 Unde
1129 3565 1422 3625 Dominus:
1462 3567 1524 3625 Si
1561 3571 1687 3624 dili—

74 3651 218 3720 gitis
263 3668 372 3718 me,
401 3657 656 3712 mandata
701 3677 816 3714 mea
857 3671 1058 3716 servate
1089 3662 1270 3734 (Joan.
1313 3680 1440 3730 11v,
1473 3666 1582 3739 15).
1623 3668 1689 3724 Ει

73 3740 422 3810 Apostolus:
466 3745 570 3811 Qui
604 3748 774 3820 diligit
810 3749 1000 3818 Deum,
1049 3753 1236 3825 diligat
1280 3766 1329 3810 et
1367 3759 1683 3828 proximum.

69 3829 351 3899 Alioquin
381 3850 395 3886 :
423 3831 483 3888 Si
503 3837 618 3904 quis
641 3837 856 3904 dixerit,
882 3841 1006 3910 quia
1035 3841 1195 3913 diligo
1224 3842 1412 3911 Deum,
1433 3855 1482 3900 et
1505 3849 1687 3918 proxi-

70 3933 242 3971 mum
265 3918 458 3984 oderit,
478 3925 793 3979 convincitur
818 3929 944 3998 quia
977 3931 1204 3986 mendax
1225 3943 1299 3987 est
1331 3933 1384 4006 (I
1403 3933 1566 3991 Joan.
1598 3953 1682 4005 tv,

69 4010 212 4081 20).
262 4009 466 4069 Idcirco
497 4016 751 4089 diligatur
794 4022 1075 4092 proximus
1119 4034 1340 4096 propter
1375 4027 1578 4095 Deum,
1629 4039 1684 4086 et

70 4102 236 4160 Deus
262 4115 489 4175 propter
517 4110 778 4181 seipsum,
821 4113 898 4168 ita
943 4123 1004 4168 ut
1046 4117 1300 4172 mandata
1348 4117 1464 4188 ejus
1503 4130 1682 4178 custo-

73 4196 326 4251 diantur.
358 4198 438 4252 Ac
463 4214 560 4269 per
586 4201 744 4273 371
776 4203 878 4259 hoc
898 4245 913 4270 ,
953 4205 1172 4262 dilectio
1214 4211 1446 4278 proximi
1491 4213 1594 4267 erit
1626 4214 1678 4269 in

71 4285 378 4344 dilectione
418 4288 536 4354 Dei,
582 4292 722 4347 sicut
766 4304 821 4349 et
863 4293 959 4351 Dei
992 4297 1046 4351 in
1076 4298 1362 4356 dilectione
1405 4303 1676 4372 proximi;

69 4377 228 4432 unde
254 4377 309 4431 in
342 4393 451 4432 una
494 4394 708 4448 earum,
739 4384 868 4454 quia
912 4387 1074 4441 simul
1121 4404 1334 4460 semper
1369 4401 1527 4455 sunt,
1557 4393 1680 4464 jure

67 4475 193 4526 tota
225 4466 314 4522 lex
350 4469 550 4526 dicitur
573 4474 827 4543 pendere.
857 4485 911 4532 et
935 4480 1234 4549 propheta.
1272 4480 1370 4537 Ubi
1393 4482 1679 4540 manifeste

69 4555 330 4613 insinuat
352 4562 496 4615 unde
527 4563 738 4618 dicatur
763 4575 821 4621 ut
843 4583 908 4622 ea
934 4567 1196 4626 faciamus
1225 4572 1532 4629 hominibus
1555 4591 1676 4644 qua

66 4650 333 4706 volumus
360 4661 417 4707 et
442 4653 542 4725 ipsi
575 4655 780 4714 faciant
820 4661 997 4717 nobis.
1036 4662 1170 4730 Quia
1203 4681 1308 4724 non
1339 4666 1406 4721 de
1431 4669 1676 4737 qualibet

65 4743 366 4798 voluntate
391 4745 612 4812 dicitur,
640 4751 734 4804 sed
760 4752 825 4805 de
855 4752 945 4806 illa
967 4768 1086 4824 qua
1115 4755 1183 4809 ad
1208 4757 1550 4814 dilectionem
1579 4761 1672 4817 Dei

65 4841 128 4889 et
177 4834 424 4903 proximi
471 4839 741 4906 pertinet:
791 4853 851 4896 ut
899 4843 1024 4898 talia
1065 4861 1184 4915 qua
1229 4847 1474 4903 volumus
1517 4852 1673 4909 nobis

65 4926 218 4993 ﬁeri,
253 4927 381 4983 aliis
411 4939 466 4984 et
502 4930 601 5000 ipsi
636 4943 861 5004 propter
886 4935 1054 4991 Deum
1098 4938 1375 4994 faciamus.
1419 4941 1669 5012 Alioquin

63 5021 112 5074 si
139 5019 275 5090 quis
321 5020 573 5079 ebriosus
608 5025 719 5078 vult
754 5027 823 5079 ab
869 5027 976 5083 alio
1023 5029 1298 5092 inebriari,
1349 5033 1588 5102 nunquid
1619 5043 1674 5090 et

64 5109 368 5182 alios-ipse
401 5109 526 5179 jure
556 5113 828 5170 inebriat?
857 5117 964 5173 Aut
1000 5117 1046 5173 si
1087 5118 1271 5173 luxum
1303 5119 1540 5177 libidinis
1568 5123 1671 5178 sibi

63 5200 340 5255 assentiri
365 5200 502 5267 vult,
533 5205 774 5272 nunquid
797 5204 925 5274 jure
953 5222 1076 5264 cum
1111 5223 1176 5263 ea
1212 5223 1332 5278 qua
1357 5225 1416 5265 se
1441 5211 1675 5268 voluerit

66 5291 395 5357 admisceri,
422 5308 550 5349 mox
569 5293 962 5353 fornicabitur?
979 5297 1135 5354 Absit
1158 5308 1216 5354 ut
1242 5301 1316 5356 ita
1340 5303 1666 5358 sentiamus!

67 5379 182 5440 Sed
213 5383 484 5454 quidquid
509 5386 749 5443 charitas
778 5389 982 5446 Christi
1019 5390 1190 5448 dictat
1229 5394 1282 5450 in
1311 5394 1542 5451 invicem
1571 5397 1670 5451 im-

63 5476 404 5544 pendamus.

137 5563 361 5620 Intrate
378 5581 471 5634 per
489 5579 766 5637 angustam
784 5582 1010 5641 portam.
1041 5573 1176 5641 Quia
1211 5579 1458 5647 quamvis
1487 5579 1665 5634 chari-

66 5664 156 5714 tas
181 5672 298 5712 non
328 5657 446 5717 nisi,
471 5657 695 5715 dilatato
726 5664 888 5720 corde
917 5666 1274 5737 compleatur,
1306 5679 1363 5725 et
1395 5671 1500 5726 lata
1528 5688 1668 5744 sape

1796 1895 2081 1966 pauciores
2105 1897 2196 1966 qui
2229 1898 2559 1953 contendant
2588 1899 2792 1956 intrare
2819 1916 2916 1971 per
2933 1917 3087 1969 eam;
3113 1904 3203 1959 ubi
3230 1920 3389 1962 nemo

1798 1985 1902 2041 nisi
1932 1987 2138 2057 absque
2166 1989 2375 2058 peccati
2415 2004 2581 2044 onere
2608 1989 2941 2062 ingreditur,
2987 2010 3147 2050 nemo
3187 1996 3390 2067 absque

1797 2074 1980 2131 labore
2009 2086 2065 2132 et
2086 2078 2296 2149 absque
2335 2080 2502 2134 animi
2532 2082 2788 2150 puritate.
2817 2083 3082 2151 Quoniam
3124 2087 3256 2144 satis
3295 2104 3391 2144 an-

1795 2175 2011 2238 gustum
2041 2176 2126 2223 est
2151 2169 2332 2224 omnia
2360 2172 2794 2240 pratermittere,
2825 2183 2880 2229 et
2907 2190 3075 2231 unum
3106 2177 3278 2233 solum
3309 2179 3390 2234 di-

1795 2257 1984 2328 ligere,
2019 2275 2183 2314 unum
2211 2261 2516 2327 intendere,
2544 2279 2710 2318 unum
2749 2281 3016 2336 quarere,
3043 2277 3099 2324 et
3125 2271 3192 2324 ad
3223 2287 3388 2327 unum

1795 2351 2036 2420 quotidie
2063 2352 2317 2421 pulsare;
2353 2370 2530 2425 neque
2555 2357 2622 2411 ad
2651 2357 2917 2424 dextram,
2951 2377 3126 2433 neque
3157 2363 3224 2418 ad
3263 2364 3366 2419 sini

1793 2449 1964 2495 stram
1988 2441 2304 2510 deﬂectere;
2339 2446 2391 2500 id
2419 2456 2522 2513 est,
2551 2463 2727 2518 neque
2752 2465 3010 2521 prospera
3041 2455 3268 2521 ambire,
3294 2469 3390 2510 ne-

1795 2548 1900 2603 que
1921 2534 2147 2590 adversa
2173 2535 2503 2605 formidare;
2545 2555 2666 2610 qua
2693 2556 2806 2603 non,
2831 2543 3086 2598 videntur
3108 2560 3352 2615 quarere
3368 2587 3386 2613 ,

1794 2638 1915 2694 qua
1938 2633 2120 2681 autem
2148 2627 2399 2683 videntur
2419 2644 2676 2700 respuere
2700 2648 2715 2696 ;
2752 2633 2939 2703 sicque
2959 2637 3142 2692 omnia
3163 2647 3388 2709 propter

1793 2717 1898 2773 iter
1924 2728 2214 2788 angustum
2245 2721 2372 2776 hinc
2401 2722 2526 2778 inde
2551 2723 2621 2778 ab
2649 2725 2831 2780 animo
2850 2728 3168 2798 propellere.
3223 2741 3226 2744 ’

1865 2807 2003 2875 Quia
2035 2807 2145 2864 lata
2181 2820 2332 2880 porta
2361 2821 2408 2864 et
2437 2814 2670 2882 spatiosa
2697 2815 2783 2869 uia
2810 2832 2928 2887 qua:
2951 2817 3093 2871 ducit
3117 2819 3186 2873 ad
3212 2821 3387 2890 perdi-
3467 2883 3470 2886 ,

1790 2901 2002 2955 tionem.
2030 2901 2181 2958 Hanc
2207 2903 2390 2974 igitur,
2417 2904 2544 2960 licet
2567 2922 2728 2963 nemo
2751 2908 2915 2980 372
2943 2921 3171 2982 quarat,
3191 2928 3384 2972 omnes

1789 2993 2096 3061 inveniunt,
2127 2997 2253 3068 quia
2283 2997 2339 3053 in
2380 3013 2444 3054 ea
2489 2999 2603 3056 nati
2639 3002 2740 3056 etsi
2777 3017 2836 3058 se
2872 3005 2995 3058 inde
3027 3006 3382 3077 abstulerint,

1788 3085 2034 3143 ultronea
2056 3102 2115 3144 se
2134 3089 2313 3144 oll'ert.
2345 3089 2500 3146 Unde
2519 3108 2677 3150 rarus
2699 3095 2792 3165 qui
2817 3096 2886 3151 ad
2911 3097 3140 3154 virtutes
3163 3115 3382 3156 manum

1715 3171 1762 3236 C
1792 3179 1994 3245 mittat,
2026 3181 2274 3253 voluptas
2296 3197 2426 3238 vero
2455 3198 2665 3252 omnes,
2690 3188 2846 3257 quasi
2878 3188 3182 3260 importuna
3205 3207 3382 3249 mere-

1791 3268 1917 3336 trix,
1945 3270 2056 3326 suis
2081 3271 2492 3330 oblectamentis
2519 3275 2731 3332 invitat.
2767 3279 2836 3334 Et
2868 3280 2988 3337 ideo
3010 3282 3159 3337 multi
3183 3284 3382 3340 intrant

1787 3377 1881 3432 per
1906 3379 2041 3418 eam.
2080 3363 2348 3420 Caterum
2377 3381 2540 3436 quam
2571 3382 2800 3440 angusta
2837 3382 2920 3428 est
2959 3382 3114 3443 porta
3145 3384 3201 3430 et
3229 3385 3380 3433 arcta

1787 3455 1877 3510 via
1913 3472 2034 3526 qua
2081 3458 2227 3514 ducit
2263 3460 2330 3515 ad
2359 3461 2565 3516 vitam!
2614 3461 2770 3519 Unde
2815 3479 3047 3536 sponsus
3085 3475 3140 3521 et
3182 3483 3381 3538 sponsa

1789 3547 2018 3602 miratur
2047 3548 2100 3602 in
2127 3547 2366 3605 Canticis
2392 3568 2405 3604 :
2450 3549 2582 3617 Quae
2610 3563 2687 3608 est
2725 3555 2830 3608 ista
2866 3572 2984 3626 qua
3014 3559 3248 3612 ascendit
3286 3573 3380 3629 per

1787 3636 2067 3703 desertum,
2093 3641 2245 3710 quasi
2269 3641 2470 3712 virgula
2493 3643 2626 3711 fumi
2645 3661 2711 3699 ea:
2735 3648 3059 3702 aromatibus
3080 3650 3309 3720 myrrha
3328 3659 3378 3706 et

1787 3726 1956 3780 thuris
1977 3727 2004 3782 9
2031 3727 2218 3799 (Cant.
2251 3745 2334 3798 ιιι,
2361 3731 2452 3804 6).
2493 3735 2572 3789 Ac
2619 3735 2665 3790 si
2709 3736 2922 3793 dicatur
2957 3738 3126 3806 :Qua
3161 3751 3243 3796 est
3271 3743 3375 3798 ista

1787 3837 1907 3892 qua
1935 3824 2179 3878 ascendit
2203 3825 2346 3880 viam
2374 3842 2534 3897 quam
2565 3831 2722 3899 pauci
2765 3832 3066 3902 inveniunt,
3097 3838 3198 3894 etsi
3230 3839 3376 3894 inve-

1785 3916 1983 3970 nerint.
2030 3916 2311 3984 Quomodo
2340 3935 2470 3993 ergo
2499 3922 2579 3978 sic
2603 3924 2855 3997 dirigitur
2887 3935 2942 3982 et
2975 3938 3288 3987 attenuatur
3317 3941 3378 3988 ut

1785 4005 1919 4062 fumi
1949 4008 2170 4078 virgula
2200 4023 2545 4083 comparetur
2565 4016 2589 4069 ?
2609 4015 2678 4070 Et
2710 4031 2817 4072 non
2847 4019 3241 4093 qualicunque,
3281 4025 3376 4080 sed

1782 4113 1848 4155 ex
1870 4100 2200 4170 aromatibu's
2231 4107 2466 4174 myrrhae
2490 4115 2546 4162 et
2575 4109 2783 4165 thuris?
2816 4109 2946 4178 Qua
2973 4114 3228 4170 nimirum
3251 4132 3374 4173 aro-

1783 4201 1929 4246 mata
1953 4192 2200 4250 Cbristus
2225 4211 2387 4266 supra
2409 4198 2612 4266 docuit,
2644 4210 2704 4256 ut
2741 4205 3213 4262 mortificationem
3255 4207 3374 4279 ejus

1782 4282 1838 4337 in
1863 4299 2091 4354 corpore
2121 4295 2306 4342 nostro
2331 4289 2804 4362 circumferentes,
2843 4297 3168 4356 sacrificium
3196 4302 3374 4361 thuris

1780 4375 1892 4431 Deo
1920 4377 2108 4444 simus,
2133 4379 2209 4433 ita
2234 4383 2529 4448 extenuati,
2554 4391 2614 4438 ut
2637 4385 2856 4457 virgula
2893 4391 3370 4450 odoramentorum

1775 4466 1899 4538 jure
1927 4485 2328 4541 comparemur.
2377 4473 2529 4530 Hanc
2568 4477 2765 4548 quippe
2808 4479 3008 4536 deserti
3037 4483 3179 4539 viam
3208 4485 3367 4555 pauci

1781 4559 2080 4628 reperiunt,
2112 4561 2206 4616 sed
2244 4577 2364 4617 eam
2397 4564 2450 4618 in
2488 4565 2682 4634 quibus
2706 4567 3010 4639 frequentia
3040 4582 3127 4628 est
3150 4575 3329 4645 populi
3349 4616 3368 4645 ,

1783 4652 1963 4724 plures
1989 4655 2285 4710 ambulant.
2315 4655 2526 4714 Deserti
2554 4670 2733 4716 autem
2765 4663 2939 4729 viam,
2975 4666 3029 4722 in
3065 4683 3172 4739 quo
3212 4670 3369 4728 Chri-

1781 4753 1900 4798 stus
1937 4755 2208 4816 pugnant,
2247 4751 2404 4818 pauci
2439 4751 2838 4822 aggrediuntur.
2883 4755 3048 4812 Pauci
3088 4771 3267 4817 autem
3299 4764 3363 4817 ad

1781 4840 2242 4908 comparationem
2273 4856 2460 4897 eorum
2495 4845 2778 4912 dicuntur,
2813 4849 2904 4918 qui
2933 4865 3031 4920 per
3053 4851 3212 4908 latam
3252 4871 3366 4909 am-

1779 4929 1986 4985 bulant.
2017 4932 2084 4986 Et
2121 4933 2240 4988 ideo
2269 4936 2400 4990 satis
2439 4948 2663 5008 angusta
2698 4949 2781 4996 est
2811 4954 2992 5014 porta,
3033 4957 3089 5002 et
3129 4948 3211 5002 via
3242 4963 3362 5018 qua

1776 5037 1883 5077 non
1905 5023 2007 5077 nisi
2038 5039 2236 5093 paucos
2263 5027 2474 5098 recipit.

1846 5113 2108 5170 Attendite
2145 5134 2177 5170 a
2220 5117 2371 5188 falsis
2411 5122 2674 5192 prophetis
2705 5127 2795 5196 qui
2832 5131 3043 5184 veniunt
3083 5132 3152 5186 ad
3191 5134 3359 5190 vasin

1774 5206 2084 5261 vestimentis
2111 5209 2300 5263 ovium.
2331 5211 2414 5266 Ab
2443 5213 2528 5268 bis
2563 5214 2747 5286 itaque
2769 5219 2930 5286 dicit,
2965 5222 3055 5290 qui
3082 5222 3361 5278 ambulant

1774 5295 1830 5352 in
1861 5298 2183 5365 humilitate,
2205 5310 2260 5355 et
2289 5301 2546 5374 religione
2568 5303 2723 5373 falsa,
2748 5323 2884 5379 quos
2907 5311 3183 5380 Scriptura
3207 5330 3359 5384 pseu-

1773 5386 2136 5458 doprophetas
2170 5393 2420 5463 appellat.
2450 5395 2584 5462 Quia
2608 5397 2675 5452 de
2700 5399 2864 5454 corde
2889 5415 2986 5453 suo
3009 5402 3061 5455 in
3085 5403 3354 5474 hypocrisi

1771 5483 1903 5537 falsa
1936 5484 2239 5555 loquentes,
2270 5505 2388 5559 qua
2421 5506 2515 5544 sua
2541 5500 2665 5545 sunt
2694 5502 2962 5560 quarunt.
3000 5493 3150 5551 Unde
3171 5497 3354 5556 Domi-

1770 5592 1873 5631 nus
1901 5578 2090 5634 volens
2120 5595 2246 5635 suos
2291 5582 2344 5634 in
2389 5585 2638 5638 omnibus
2674 5585 2922 5652 erudire,
2972 5589 3098 5658 quia
3145 5590 3357 5653 dixerat

1770 5680 1976 5726 arctam
2007 5681 2061 5726 et
2086 5683 2366 5745 angustam
2394 5676 2535 5729 viam
2567 5691 2768 5745 paucos
2804 5677 3066 5749 invenire,
3101 5700 3168 5740 ne
3195 5685 3350 5754 forte,

3371 5643 3398 5660 \

67 5745 128 5806 in
151 5747 613 5828 scripturisesse
640 5765 1002 5826 monstretur,
1043 5758 1178 5818 satis
1215 5768 1392 5822 tamen
1428 5773 1664 5825 mentem
1767 5778 1892 5822 cum
1917 5764 2177 5822 vidissent
2203 5765 2464 5837 plurimos
2503 5780 2602 5840 per
2633 5782 2755 5826 eam
2791 5776 2964 5848 magis
2995 5745 3154 5848 ﬁcte,
3187 5745 3354 5848 quam
