4000 6362
182 265 280 325 ΞΒ

934 263 1298 321 EXPOSITIO
1333 264 1401 321 IN
1438 264 1877 320 ΜΑΤΤΗΑΞΗῙιΙ.
1920 295 1991 305 -
2027 267 2156 322 LIB.
2196 267 2288 335 ιν,
2321 269 2475 324 CAP.
2516 269 2627 326 VII.

3309 272 3417 330 5&6

182 392 318 444 tetur,
349 394 449 434 non
471 377 593 433 ideo
617 391 742 431 mox
767 391 914 431 exea
939 375 1150 433 fructus
1171 378 1346 434 bonus
1370 380 1636 434 nascitur:
1657 381 1728 434 si-
1756 384 1802 444 Α
1835 389 1922 434 tur
1968 396 1999 436 a
2028 381 2177 436 vobis
2221 381 2490 438 honorare
2540 383 2809 449 videntur,
2855 399 2954 440 cor
2996 374 3178 442 autem
3225 401 3415 447 eorum

183 472 277 527 mili
306 469 459 523 modo
505 467 609 522 etsi
641 468 819 522 anima
868 468 1005 522 bona
1039 469 1301 539 probatur
1334 486 1429 542 per
1459 483 1728 542 naturam,

177 580 265 620 non
291 563 404 616 ideo
425 559 675 613 voluntas
704 558 841 613 mala
865 559 1026 614 insita
1059 560 1111 615 in
1142 561 1233 616 illa
1259 578 1495 632 unquam
1526 565 1733 624 fructus

175 660 321 714 bonos
386 653 531 708 valet
603 652 817 718 facere;
874 653 1013 708 sicut
1059 657 1389 723 econtrario,
1443 674 1545 714 nec
1590 661 1729 720 bona

176 748 336 803 malos.
368 745 666 815 Propterea
706 746 908 801 rectius
941 748 1258 817 accipimus,
1289 751 1515 820 tropice,
1545 752 1732 808 volun.

174 850 312 895 tatem
364 837 792 908 uniuscujusque
840 837 1036 893 bonam
1087 839 1170 893 vel
1200 840 1396 897 malam
1438 843 1728 911 arborem;

170 932 378 987 animam
425 944 595 993 vero,
649 937 842 983 natura
890 938 1146 984 manente
1190 931 1441 1003 integra,
1487 933 1729 1001 quotidie

168 1021 433 1079 voluntatis
479 1019 766 1075 alTectione
810 1021 1120 1089 corrumpi,
1170 1021 1255 1077 vel
1304 1025 1627 1080 commutari
1670 1026 1726 1093 in

170 1114 354 1171 melius.
424 1113 543 1168 Nisi
591 1112 730 1166 forte
785 1112 875 1167 illa
924 1111 1300 1168 btereticorum
1351 1115 1625 1171 calumnia
1672 1118 1726 1173 id

170 1208 468 1281 prohibeat,
521 1205 678 1276 quasi
722 1202 845 1273 jure
892 1220 998 1259 non
1044 1206 1293 1275 possint,
1334 1210 1723 1279 metaphorice,

175 1299 313 1354 rebus
332 1313 450 1369 qua:
498 1297 816 1353 substantia'
845 1312 951 1352 non
984 1307 1110 1353 sunt
1137 1298 1203 1355 de
1229 1300 1547 1356 substantiis
1575 1303 1725 1358 simi-

176 1392 409 1447 litudines
437 1390 708 1446 adhiberi.
740 1389 1049 1447 Prmsertim
1083 1407 1204 1447 cum
1234 1394 1421 1448 eadem
1450 1395 1727 1454 saecularis

1835 473 1990 544 longe
2019 482 2102 529 est
2149 490 2178 529 a
2226 491 2330 530 me.
2367 475 2434 530 Et
2479 477 2599 532 ideo
2637 492 2742 531 non
2770 477 2949 532 omnis
2973 478 3065 548 qui
3095 479 3226 535 dicit
3254 481 3414 550 mihi,

1834 566 2096 631 Domine,
2151 566 2417 632 Domine,
2475 567 2697 622 intrabit
2750 568 2803 622 in
2851 584 3074 639 regnum
3118 569 3404 627 caelorum.

1832 660 1990 727 Quia,
2024 661 2139 735 'etsi
2188 660 2451 716 latronem
2485 678 2582 731 pro
2629 662 2741 719 sola
2789 663 3133 719 invocatione
3176 667 3412 723 nominis

1830 746 2045 805 videtur
2095 752 2149 807 in
2201 753 2512 823 paradisum
2558 753 2963 819 introduxisse,
3023 764 3239 813 constat
3285 773 3410 813 eum

1832 842 1996 898 corde
2022 842 2147 897 ﬁdei
2180 842 2327 897 intus
2377 844 2804 913 approximasse.
2835 854 2891 900 et
2917 845 3225 904 dilectionis
3258 850 3413 906 obse-

1829 934 2015 1004 quium
2052 934 2386 990 exhibuisse.
2444 934 2626 1004 Neque
2662 950 2727 990 ει
2757 937 2861 993 hoc
2880 938 3162 1006 prohibuit
3190 955 3249 995 se
3276 956 3411 999 voce

1828 1027 2101 1092 invocare,
2153 1028 2248 1082 sed
2297 1028 2533 1084 ostendit
2575 1029 2717 1098 quod
2768 1044 2875 1084 non
2920 1030 3097 1086 omnis
3140 1032 3231 1101 qui
3275 1047 3401 1088 eum

1828 1134 1959 1175 voce
2006 1119 2319 1190 ingeminat,
2352 1121 2515 1176 corde
2557 1119 2752 1185 credit,
2784 1130 2877 1176 aut
2924 1122 3177 1192 operibus
3211 1124 3405 1195 diligit.

1827 1209 1929 1267 Ubi
1953 1211 2326 1280 qurerendum,
2362 1210 2633 1281 quomodo
2666 1227 2852 1266 verum
2902 1212 3008 1267 erit
3032 1214 3173 1280 quod
3208 1213 3409 1272 Paulus

1824 1302 2098 1371 apostolus
2122 1309 2372 1365 testatur,
2396 1301 2523 1371 quia
2547 1316 2703 1357 nemo
2727 1302 2893 1369 possit
2917 1301 3095 1358 dicere
3115 1304 3400 1360 Dominum

1821 1390 2003 1447 Jesum
2032 1391 2136 1447 nisi
2167 1392 2218 1445 in
2250 1391 2452 1461 Spiritu
2481 1400 2670 1446 sancto
2701 1390 2752 1460 (I
2781 1388 2905 1446 Cor.
2932 1407 3030 1457 xu,
3066 1392 3191 1462 l5)?
3221 1393 3280 1448 Si
3306 1408 3407 1448 au-

169 1484 440 1555 discipliua,
474 1492 662 1553 impos
706 1492 817 1538 tam
864 1484 932 1539 ab
973 1484 1155 1538 animo
1202 1485 1271 1539 ad
1315 1500 1530 1555 corpus,
1557 1501 1721 1556 quam
1824 1496 1929 1543 tem
1965 1488 2019 1542 in
2047 1487 2250 1558 Spiritu
2285 1494 2471 1541 sancto
2498 1486 2728 1543 dicimus
2747 1486 2814 1541 ad
2842 1501 2985 1552 eum,
3019 1486 3271 1553 Domine,
3303 1488 3411 1544 Do-

169 1579 475 1633 cxtriusecus
498 1591 529 1629 a
560 1589 790 1645 corpore
819 1574 886 1629 ad
910 1575 1150 1630 animum
1178 1576 1362 1631 doceat
1394 1576 1508 1631 ﬁeri
1539 1592 1718 1646 posse.
1820 1578 1986 1655 mine,
2020 1578 2262 1647 nunquid
2289 1593 2394 1632 non
2426 1577 2611 1632 audiet
2639 1592 2737 1631 nos
2767 1576 3043 1647 pulsantes
3069 1578 3136 1631 ad
3166 1592 3313 1643 eum,
3345 1584 3407 1634 ut

176 1668 313 1724 Unde
336 1668 526 1738 passim
564 1666 851 1722 innumera
877 1680 1059 1721 rerum
1089 1667 1334 1738 exempla
1359 1678 1712 1732 concurrunt,
1821 1668 2221 1738 ingrediamur?
2243 1666 2896 1736 Audietutique.Propter
2915 1667 3057 1737 quod
3079 1667 3403 1736 quaerendus

167 1769 214 1814 et
268 1760 328 1813 de
375 1759 459 1813 bis
514 1756 680 1812 rebus
734 1773 852 1828 qua:
899 1758 1218 1813 substantiae
1284 1774 1390 1814 non
1439 1767 1603 1825 sunt,
1650 1743 1908 1816 adBest
1926 1775 2118 1815 sensus
2142 1760 2563 1829 Seripturarum,
2583 1768 2635 1814 et
2658 1774 2761 1815 nou
2782 1769 2866 1815 est
2887 1758 3149 1814 audienda
3174 1759 3407 1815 stultitia

161 1869 239 1907 eas
281 1868 395 1923 quze
449 1850 771 1907 substantia:
817 1857 973 1915 sunt;
1023 1857 1080 1905 et
1126 1864 1312 1905 rursus
1354 1850 1421 1905 de
1463 1850 1549 1905 bis
1598 1865 1723 1920 quae
1822 1852 2222 1908 haereticorum.
2268 1851 2408 1906 Ecce
2457 1851 2600 1906 inter
2648 1851 2751 1906 hoc
2797 1859 2854 1906 et
2888 1849 3020 1905 illud
3056 1850 3235 1906 dicere
3285 1865 3403 1904 ma-

158 1954 289 2008 sunt,
328 1944 395 1999 ad
438 1960 535 2000 eas
571 1959 690 2014 quae
726 1960 833 1999 non
872 1950 1029 2009 sunt,
1080 1942 1459 1998 similitudines
1502 1945 1727 2000 trahere.
1820 1960 1979 2016 gnam
2009 1944 2321 2000 distantiam
2350 1958 2471 1999 esse
2511 1958 2670 1999 nemo
2696 1943 2787 2013 qui
2814 1942 3071 2009 ambigat.
3104 1942 3241 1997 Nam
3270 1958 3405 2000 voce

159 2051 469 2105 cernuntur;
532 2040 677 2108 quod
748 2037 881 2094 satis
942 2037 1223 2093 evidenter
1280 2051 1516 2107 praesens
1570 2035 1723 2093 locus
1823 2044 2030 2090 tantum
2062 2035 2183 2105 quis
2212 2034 2378 2089 idiota
2412 2049 2518 2090 non
2544 2033 2690 2089 valet
2712 2034 2894 2089 dicere
2920 2033 3181 2089 Dominus
3202 2031 3399 2089 Jesus?

156 2142 310 2184 verum
365 2144 496 2185 esse
548 2128 853 2183 conﬁrmat.
913 2127 1013 2185 Ubi
1041 2168 1056 2193 ,
1131 2127 1260 2183 licet
1319 2130 1446 2198 ipsae
1494 2127 1718 2185 arbores

153 2220 280 2275 bona:
303 2220 563 2284 malteve,
593 2220 838 2275 homines
890 2219 1229 2289 simpliciter,
1258 2228 1313 2275 et
1336 2233 1442 2275 non
1471 2218 1718 2276 voluntas

151 2327 307 2370 eorum
328 2314 657 2383 accipiatur,
691 2312 900 2369 fructus
946 2321 1150 2377 tamen,
1176 2312 1344 2369 velint
1379 2311 1571 2374 nolint,
1613 2313 1717 2367 vir-

151 2413 295 2463 tutam
318 2407 656 2463 vitiorumve
694 2421 859 2476 opera
892 2414 1068 2470 erunt,
1095 2422 1216 2476 quae
1264 2421 1425 2460 nemo
1450 2396 1560 2461 nisi
1607 2407 1709 2460 imo

122 2502 320 2568 'peritus
367 2498 720 2554 substantias
749 2497 1058 2555 aestimabit.
1090 2496 1171 2552 Ac
1199 2512 1297 2568 per
1324 2497 1451 2562 hoc,
1472 2498 1596 2568 jure
1623 2513 1716 2553 vo-

146 2589 296 2648 luntas
324 2592 578 2648 boniinis
621 2591 786 2646 arbor
809 2606 930 2647 esse
971 2591 1201 2655 dicitur;
1254 2591 1403 2659 quia,
1433 2591 1572 2651 sicut
1622 2590 1713 2647 illa

145 2685 396 2741 radicatur
433 2685 495 2738 in
529 2695 697 2750 terra,
743 2685 823 2739 sic
852 2691 912 2740 et
932 2683 1181 2739 voluntas
1211 2683 1628 2754 cogitationibus
1658 2682 1714 2737 in

143 2785 311 2831 mente.
342 2776 510 2834 Unde
539 2775 799 2830 Dominus
817 2774 929 2845 jam
956 2775 1193 2832 securim
1215 2776 1284 2831 ad
1317 2773 1527 2830 radices
1553 2773 1716 2829 arbo-

144 2881 243 2919 rum
266 2867 510 2936 positam
553 2880 673 2920 esse
717 2865 870 2930 dicit,
898 2865 1045 2920 dum.
1073 2865 1430 2934 cogitationes
1476 2863 1715 2935 singulo-

138 2975 262 3025 rum,
292 2961 503 3030 quibus
552 2960 828 3015 radicutur
858 2959 995 3019 mala
1028 2959 1293 3025 voluntas,
1327 2958 1491 3015 verbo
1519 2957 1714 3014 divini—
1759 3012 1765 3020 ,

143 3050 248 3105 tatis
275 3068 382 3108 suae
415 3060 585 3122 parat
610 3052 924 3120 prtecidere,
966 3062 1021 3106 et
1055 3066 1118 3106 ex
1155 3052 1238 3106 his
1266 3054 1548 3105 universos
1576 3050 1713 3121 diju-

139 3142 317 3201 dicare.
365 3145 510 3212 Qua:
563 3143 819 3198 nimirum
870 3142 1120 3198 voluntas
1167 3144 1213 3197 si
1263 3144 1403 3197 bona
1437 3141 1621 3209 fuerit,
1657 3152 1716 3198 et

140 3247 269 3291 recta
310 3236 574 3299 intentio,
609 3233 818 3291 fructus
864 3234 1041 3291 malos
1088 3252 1194 3291 non
1246 3232 1410 3299 facit,
1438 3235 1578 3289 sicut
1610 3247 1711 3290 nec

135 3329 261 3383 mala
308 3330 490 3387 bonos
530 3328 711 3385 facere
758 3339 956 3398 potest.
988 3328 1125 3396 Quia
1154 3329 1334 3383 omnia
1360 3344 1549 3400 opera,
1581 3328 1711 3384 licet

133 3418 262 3474 bona
289 3423 578 3477 videantur
602 3421 685 3476 vel
709 3420 871 3484 mala,
901 3421 1100 3477 radicis
1126 3436 1239 3476 sua:
1262 3437 1505 3485 succum,
1537 3437 1602 3475 ac
1626 3436 1713 3476 se-

132 3514 291 3567 minis
320 3514 557 3570 virorem
606 3514 844 3569 trahunt.
895 3513 972 3569 Ex
1018 3530 1122 3584 qua
1169 3513 1403 3583 denique
1440 3514 1711 3568 sententia

133 3619 323 3657 omnes
347 3606 669 3675 bypocritas,
710 3621 902 3661 omnes
924 3606 1428 3677 pseudoprophetas
1456 3605 1710 3671 damnat;

130 3702 182 3749 ct
206 3697 390 3749 omnia
418 3710 544 3766 quae
571 3711 731 3766 supra
756 3697 939 3751 docuit
980 3698 1048 3751 de
1070 3695 1253 3751 cordis
1284 3694 1565 3756 munditia,
1604 3695 1713 3750 hoc

136 3803 233 3841 uno
262 3788 518 3860 exemplo
560 3789 928 3846 irreﬁexibilis
975 3797 1180 3844 natura:
1230 3786 1541 3851 conﬁrmat,
1569 3787 1715 3856 quod

140 3895 286 3935 nemo
306 3882 369 3936 de
393 3880 550 3937 mala
576 3882 856 3937 voluntate
903 3881 1140 3936 fructum
1167 3881 1334 3953 376
1360 3880 1563 3935 bonum
1590 3895 1719 3949 per-

138 3972 313 4041 cipiat,
334 3991 515 4047 neque
541 3976 610 4030 de
635 3975 775 4031 bona
804 3976 1107 4030 intentione
1131 3990 1199 4030 ne
1221 3975 1420 4045 aliquis
1448 3973 1552 4028 nisi
1571 3973 1721 4042 quod

133 4064 319 4121 bonum
362 4079 450 4125 est
500 4076 689 4123 metet.
739 4068 887 4123 Bona
932 4074 1117 4122 autem
1159 4066 1411 4121 voluntas
1457 4067 1723 4131 hominis,

134 4159 281 4215 arbor
307 4161 575 4221 videlicet
602 4162 741 4217 bona
791 4175 911 4217 esse
960 4177 1067 4215 non
1118 4168 1314 4229 potest,
1361 4162 1465 4216 nisi
1521 4162 1721 4216 habeat

131 4249 518 4319 plantationern
559 4260 617 4308 et
643 4252 1217 4323 viroremvoluntatis
1243 4252 1357 4310 Dei.
1385 4260 1445 4305 ut
1471 4250 1591 4322 ejus
1630 4268 1715 4307 sa-

132 4356 299 4409 porem
328 4345 693 4417 gustantibus
721 4359 780 4400 se
802 4344 1013 4401 fructus
1031 4343 1252 4399 aﬁ‘erat.
1286 4343 1425 4411 Quia
1453 4344 1716 4414 quidquid

129 4439 186 4493 ab
210 4456 268 4495 ea
296 4441 639 4513 degenerat,
673 4439 806 4494 vitio
832 4439 1222 4508 corrumpitur,
1253 4446 1308 4502 et
1354 4438 1498 4492 inter
1545 4437 1717 4492 malas

131 4532 519 4601 ignoscentias
550 4541 734 4603 partes
780 4539 1224 4586 connumeratur.
1257 4529 1324 4583 Et
1358 4529 1475 4583 inec
1498 4537 1599 4593 est,
1634 4528 1717 4582 in-

128 4637 289 4691 qnam,
319 4633 574 4697 angusta
616 4624 724 4688 via,
754 4638 876 4692 qua:
905 4630 1011 4676 tam
1056 4618 1387 4676 irretlexibili
1420 4619 1636 4674 tramite
1661 4625 1721 4673 et

130 4730 296 4771 nonna
321 4716 579 4786 iustitia:
604 4714 901 4785 regulatur.
931 4714 1063 4769 Lata
1096 4727 1246 4777 vero,
1273 4711 1475 4775 seaculi,
1504 4710 1631 4781 quia
1662 4710 1716 4769 in

128 4805 314 4864 dextris
345 4810 529 4866 istius
556 4822 588 4861 a
617 4807 855 4863 sinistris
900 4807 955 4861 in
985 4807 1255 4861 immenso
1280 4803 1630 4874 dispergitur,
1658 4809 1717 4857 et

126 4912 211 4965 per
232 4901 446 4955 omnia.
474 4898 740 4955 vitiorum
767 4897 1015 4968 gramina
1060 4897 1167 4952 huc
1205 4894 1441 4963 illucque
1481 4892 1590 4947 lata
1617 4890 1719 4947 dif.

124 4989 376 5051 fumlitur.
415 4993 576 5049 Hinc
601 4992 871 5062 sequitur.

183 5082 309 5138 Non
340 5084 654 5154 σηπίαι]ιή
677 5082 804 5138 dicit
826 5081 975 5146 mihi,
1000 5080 1247 5142 Domine,
1283 5075 1522 5139 Domine,
1555 5076 1724 5130 intra-

121 5175 180 5230 irit
202 5178 256 5232 in
277 5192 523 5251 regnum
547 5173 928 5239 εοιοηηηγκά
948 5174 1037 5244 qui
1059 5172 1187 5242 facit
1211 5168 1527 5225 voluntatem
1542 5164 1724 5221 Patris

127 5270 230 5329 ui.
254 5280 367 5325 etc.
415 5267 699 5324 Voluntas
720 5267 920 5337 quippe
943 5263 1042 5320 Dei
1070 5268 1132 5318 ut
1152 5263 1249 5316 ﬁat
1276 5261 1331 5315 in
1362 5259 1519 5314 nobis
1546 5256 1727 5327 requi-

126 5356 270 5427 ritur,
297 5379 413 5420 non
440 5358 990 5417 verbormnettusio.
1021 5356 1232 5412 Idcirco
1260 5352 1529 5409 attendite
1557 5366 1588 5407 a
1621 5349 1724 5405 {al-

126 5448 193 5504 lis
227 5451 555 5521 prophetis,
594 5458 653 5504 et
684 5464 752 5505 ex
790 5447 1058 5504 fructibus
1108 5445 1323 5501 illorum
1369 5442 1486 5497 illos
1520 5455 1724 5512 0031101

124 5541 267 5601 scite.
295 5542 451 5611 Quia
505 5555 625 5597 non,
645 5549 825 5610 potest
861 5555 1053 5597 eorum
1080 5553 1248 5608 prava
1268 5536 1522 5593 voluntas
1547 5536 1724 5590 bonos

127 5632 533 5711 m.LiCCl
565 5631 730 5703 igitur
772 5633 991 5695 dicant,
1037 5629 1283 5691 Domine,
1314 5626 1563 5689 Domine,
1612 5642 1721 5680 non

126 5729 383 5799 nntium
405 5725 678 5822 tit-edendi
702 5735 851 5782 sunt.
882 5723 1020 5782 Nam
1045 5723 1204 5781 labiis
1229 5735 1333 5786 me,
1369 5730 1428 5776 ut
1453 5718 1721 5787 recipian-

1819 2126 1875 2181 [η
1904 2126 2099 2197 spiritu
2130 2135 2310 2181 autem
2348 2141 2506 2181 rarus
2541 2134 2603 2184 et
2638 2140 2749 2181 non
2779 2125 2880 2181 nisi
2916 2126 3328 2195 prtedestinatus
3355 2124 3405 2182 si

1817 2228 2155 2287 permaneat.
2204 2217 2482 2287 Siquidem
2535 2232 2667 2273 voce
2718 2216 2870 2272 multi
2907 2217 3112 2283 dicunt,
3153 2215 3403 2284 Domine,

1819 2309 2065 2375 Domine,
2092 2308 2184 2379 qui
2216 2310 2269 2363 iu
2303 2309 2597 2364 novissimo
2626 2308 2856 2363 adventu
2884 2306 3015 2363 fatui
3045 2307 3403 2378 repelluntur.

1817 2400 2036 2459 Ornatis
2062 2418 2193 2457 vero
2223 2402 2560 2471 lampadibus
2600 2400 2723 2457 oleo
2758 2401 2931 2455 sancti
2961 2399 3214 2470 Spiritus,
3242 2398 3403 2470 pauci

1811 2490 2032 2561 januam
2075 2490 2523 2557 introducuntur;
2577 2498 2633 2545 et
2672 2490 2795 2545 ideo
2843 2490 2948 2545 hoc
2986 2498 3070 2545 est
3104 2490 3294 2545 dicere
3344 2488 3407 2545 in

1818 2582 2023 2652 Spiritu
2074 2591 2262 2638 sancto
2300 2581 2586 2637 Dominum
2622 2580 2825 2645 Jesum,
2882 2581 3023 2650 quod
3073 2589 3155 2635 est
3206 2595 3407 2636 ornare

1816 2674 2110 2743 lampades,
2141 2674 2193 2729 id
2220 2682 2323 2739 est,
2354 2689 2451 2743 per
2477 2672 2735 2743 Spiritum
2765 2682 3010 2729 sanctum
3041 2671 3203 2744 377
3238 2672 3401 2728 Chri-

1816 2777 1958 2824 stum
2003 2766 2290 2821 Dominuni
2335 2766 2497 2821 corde
2556 2764 2714 2821 simul
2757 2775 2813 2820 et
2857 2779 2968 2826 ore,
3021 2775 3183 2833 atque
3224 2763 3405 2835 dignis

1815 2858 2070 2929 operibus
2093 2858 2360 2915 conﬁteri.
2403 2858 2595 2914 Dicere
2638 2857 2924 2911 Dominum
2949 2855 3131 2913 Jesum
3158 2855 3407 2912 conﬁteri

1815 2961 1919 3007 est.
1975 2950 2116 3007 Dicit
2167 2959 2349 3006 autem
2390 2966 2514 3006 eum
2565 2951 2658 3020 qui
2702 2950 2867 3006 corde
2918 2949 3092 3006 credit
3126 2949 3193 3004 ad
3238 2950 3403 3021 justi-

1820 3045 1970 3109 tiam,
2017 3052 2074 3099 et
2119 3057 2213 3098 ore
2256 3041 2406 3097 illum
2450 3044 2741 3097 conﬁtetur
2786 3043 2856 3097 ad
2902 3038 3157 3103 salutem,
3209 3041 3405 3099 deinde

1817 3139 2072 3209 operibus
2099 3153 2260 3208 quem
2306 3137 2537 3192 credidit
2591 3134 2930 3192 testiﬁcatur.
2975 3134 3230 3204 Alioquin
3276 3150 3406 3206 pro-

1814 3230 1977 3284 desse
2016 3228 2147 3283 nihil
2176 3236 2376 3299 potest,
2422 3228 2471 3283 si
2516 3226 2770 3296 operibus
2818 3241 2940 3282 eum
2988 3233 3226 3292 negant;
3274 3225 3397 3281 ideo

1818 3337 1947 3377 vere
1971 3322 2151 3377 dicere
2171 3321 2458 3376 Dominum
2483 3318 2669 3375 Jesum
2710 3317 2963 3374 conﬁteri
3004 3325 3089 3372 est
3117 3319 3301 3382 corde,
3340 3327 3398 3375 et

1817 3430 1913 3470 ore
1940 3424 2103 3484 atque
2122 3413 2278 3468 bonis
2306 3410 2561 3482 operibus
2587 3411 2900 3480 praedicare.
2931 3408 3067 3464 Nam
3090 3425 3257 3464 unum
3281 3410 3400 3466 sine

1818 3505 2013 3569 altero,
2044 3519 2240 3575 negare
2269 3512 2371 3557 est.
2394 3501 2609 3570 lntegre
2635 3515 2765 3556 vero
2812 3499 2961 3557 illum
3015 3500 3303 3555 conlitetur
3345 3507 3400 3554 et

1819 3598 1972 3662 dicit,
2001 3598 2094 3666 qui
2132 3595 2234 3649 ﬁde
2260 3604 2316 3649 et
2339 3592 2610 3648 intellectu
2636 3590 2852 3647 dicibile
2889 3590 3036 3645 intus
3078 3590 3302 3645 verbum
3339 3588 3397 3644 in

1819 3691 1983 3747 corde
2025 3688 2186 3760 gerit,
2222 3695 2279 3741 et
2306 3684 2517 3755 quOIies
2545 3682 2762 3752 expedit
2796 3682 2970 3751 ipsum
3002 3680 3143 3749 quod
3185 3678 3402 3735 dieibile

1821 3782 1966 3836 intus
2000 3779 2183 3841 habet,
2214 3791 2308 3831 ore
2335 3773 2562 3845 profert,
2590 3780 2649 3827 et
2684 3771 2812 3827 dicit
2844 3786 2859 3824 :
2904 3770 3099 3825 deinde
3143 3768 3305 3823 rebus
3347 3775 3407 3827 et

1820 3872 2074 3943 operibus
2098 3884 2286 3924 verum
2310 3883 2429 3923 esse
2456 3868 2508 3922 in
2531 3882 2592 3925 se
2616 3864 2927 3929 conﬁtetur,
2951 3862 3096 3932 quod
3124 3863 3177 3917 in
3213 3860 3397 3917 animo

1821 3965 2037 4023 dicibile
2082 3962 2402 4033 permansit.
2449 3959 2756 4017 Secundum
2804 3972 2967 4027 quam
3036 3956 3407 4028 integritatem

1822 4058 2053 4123 diwndi,
2080 4054 2372 4125 Apostolus
2395 4054 2595 4110 clamat
2625 4052 2769 4121 quod
2793 4063 2955 4107 nemo
3002 4049 3173 4119 possit
3221 4048 3404 4104 dicere

1820 4152 2106 4207 Dominum
2130 4147 2313 4203 Jesum
2338 4146 2440 4200 nisi
2470 4146 2524 4199 in
2549 4143 2749 4214 Spiritu
2774 4149 2982 4199 sancto.
3009 4140 3144 4207 Quia
3166 4140 3283 4196 sine
3309 4139 3409 4195 illo

1821 4259 1945 4299 eum
1974 4240 2271 4311 intelligere
2296 4253 2401 4293 non
2433 4237 2592 4291 valet.
2617 4235 2770 4302 Quod
2810 4242 2996 4303 aperte
3048 4230 3242 4287 Petrus
3274 4229 3410 4285 insi-

1822 4346 1974 4401 nuat,
1999 4334 2090 4406 qui
2139 4334 2264 4388 dum
2292 4331 2429 4387 mori
2474 4328 2673 4391 timuit,
2715 4327 2879 4382 vitam
2936 4324 3124 4392 utique
3158 4323 3401 4394 negavit.

1822 4428 2088 4483 Caeterum
2148 4439 2313 4495 opera
2361 4423 2654 4485 virtutum,
2710 4418 2762 4472 id
2813 4425 2895 4472 est
2946 4416 3181 4486 Spiritus
3231 4413 3408 4471 sancti

1826 4520 1985 4581 dona,
2019 4517 2142 4586 quis
2190 4523 2336 4569 recte
2365 4514 2481 4569 sine
2532 4512 2647 4581 ipso
2686 4508 2985 4579 percipiet?
3031 4506 3196 4562 Nemo
3245 4506 3408 4575 igitur

1827 4610 1948 4668 sine
1979 4608 2097 4678 ipso
2127 4606 2410 4660 Dominum
2437 4602 2621 4659 Jesum
2648 4609 2829 4672 potest
2855 4600 3057 4661 dicere,
3088 4599 3215 4668 quia
3248 4611 3408 4653 nemo

1826 4702 1881 4757 in
1911 4699 2168 4755 membris
2196 4695 2397 4753 Christi
2432 4695 2549 4750 sine
2576 4693 2781 4763 Spiritu
2806 4700 2996 4747 sancto
3044 4698 3223 4760 potest
3264 4704 3405 4744 esse.

1826 4792 1981 4851 Unde
2006 4792 2095 4846 isti
2128 4788 2625 4862 pseudoprophetse,
2663 4785 2745 4840 vel
2783 4784 3097 4856 hypocrita,
3142 4797 3233 4836 seu
3284 4779 3406 4836 falsi

1825 4883 2143 4948 Christiani,
2170 4881 2297 4939 licet
2319 4881 2485 4936 verbo
2507 4888 2660 4934 tenus
2676 4877 2878 4941 dicant,
2895 4874 3138 4938 Domine,
3161 4871 3407 4938 Domine,

1826 4977 1953 5033 dum
1983 4990 2085 5032 nec
2102 4974 2274 5029 corde
2297 4972 2445 5027 illum
2473 4971 2721 5041 diligunt,
2758 4982 2860 5023 nec
2899 4981 2994 5022 ore
3030 4974 3173 5020 recte
3210 4961 3405 5032 prsidi-

1825 5078 1972 5133 cant,
1988 5082 2090 5123 nec
2109 5064 2364 5137 operibus
2383 5061 2726 5126 conﬁrmant,
2752 5058 3083 5117 voluntatem
3100 5052 3276 5108 Patris
3298 5066 3406 5115 non

1825 5160 2051 5224 faciunt,
2075 5167 2131 5213 et
2173 5156 2292 5212 ideo
2337 5161 2584 5210 extorres
2611 5164 2834 5223 aregno
2880 5144 3215 5215 rejiciuntur.
3260 5140 3404 5199 Ecce

1825 5266 2015 5310 omnes
2056 5262 2185 5304 voce
2223 5246 2477 5310 clamant,
2522 5243 2619 5301 sed
2664 5257 2771 5297 non
2800 5251 2996 5295 omnes
3042 5232 3401 5303 recipiuntur.

1829 5343 2182 5415 Recipiuntur
2201 5337 2476 5395 autemilli
2498 5335 2667 5408 quiin
2683 5332 2888 5402 Spiritu
2908 5335 3098 5385 sancto
3118 5323 3404 5389 Dominum

1825 5437 2098 5498 itiwocant,
2150 5440 2205 5487 et
2250 5430 2559 5486 unctionem
2612 5425 2814 5483 habent
2858 5421 2928 5479 ab
2976 5420 3093 5488 ipso
3131 5433 3145 5473 :
3178 5422 3403 5486 propter

1824 5531 1967 5601 quod
2005 5528 2185 5585 docuit
2218 5534 2278 5581 ut
2301 5525 2367 5580 de
2398 5524 2581 5579 fructu
2611 5534 2800 5575 omnes
2831 5514 3229 5584 intelligantur.
3258 5506 3400 5576 Quia

1825 5638 1932 5677 non
1958 5619 2131 5675 solum
2158 5616 2233 5671 illi
2261 5615 2353 5686 qui
2380 5614 2501 5669 solo
2526 5610 2745 5666 nomine
2774 5606 3061 5663 Dominum
3094 5601 3397 5664 nominant,

1825 5730 1932 5770 non
1967 5712 2331 5782 recipientur;
2365 5720 2551 5761 verum
2577 5718 2679 5760 nec
2705 5701 2760 5758 lii
2804 5701 2895 5771 qui
2929 5697 3255 5773 prophetarit
3289 5692 3375 5749 sin
