4000 6362
545 287 654 344 εει

1357 281 1413 336 S.
1453 281 1811 370 PASCHASII
1853 279 2203 336 BADBEllTl
2240 281 2533 336 ABBATIS
2567 279 3039 338 CORBEIENSIS.
3081 341 3088 346 _

3721 287 3830 343 328

545 397 820 467 operibus,
865 404 919 450 et
950 392 1214 450 daemonia
1245 391 1490 462 ejiciunt,
1528 392 1611 447 vel
1657 393 1885 446 virtutes
1934 391 2132 446 multas
2159 400 2209 458 Α
2307 392 2376 446 Et
2423 403 2548 447 tunc
2594 393 2875 457 conﬁtebor
2904 393 3010 448 illis
3058 397 3183 465 quia
3228 412 3493 466 nunquam
3540 399 3660 453 noui
3703 416 3828 463 ros;

545 489 771 545 faciunt.
802 489 936 543 Hinc
961 501 1174 558 quoque
1206 486 1450 555 sequitur
1481 505 1494 540 :

623 579 781 634 Multi
807 579 978 632 dicent
1009 578 1139 631 mihi
1180 578 1236 630 in
1277 576 1369 630 illa
1398 577 1481 630 die
1527 593 1546 630 :
1597 575 1842 641 Domine,
1879 575 2128 641 Domine,

551 673 694 741 aperi
732 671 898 724 nobis.
931 667 1119 723 Nonne
1142 670 1198 722 in
1227 669 1432 722 nomine
1462 677 1551 722 tuo
1583 667 2029 737 prophetauimus,
2082 675 2131 722 et

549 764 603 817 in
649 762 854 815 nomine
892 770 982 814 tuo
1023 760 1284 814 dwmonia
1329 760 1597 830 ejerimus,
1630 768 1680 813 et
1704 759 1758 814 in
1796 761 2002 814 nomine
2041 769 2130 814 tuo

551 858 762 910 uirtutes
792 853 985 907 multas
1009 853 1265 922 fecimus?
1295 853 1418 908 Vult
1440 853 1584 907 enim
1608 853 1733 908 hinc
1755 853 1879 908 inde
1901 853 2134 908 circum-

550 954 766 1015 spectos
803 959 902 999 nos
945 957 1088 1008 esse,
1133 959 1202 998 ne
1244 943 1585 998 seducamur.
1630 942 1773 1006 Ideo,
1808 943 1949 999 sicut
1975 959 2132 1014 supe-

551 1036 666 1092 rius
693 1045 752 1088 ut
780 1051 809 1088 a
837 1033 990 1090 falsis
1017 1033 1298 1104 prophetis
1323 1049 1516 1088 cavere
1539 1049 1636 1089 nos
1667 1019 2014 1105 praemonuit,
2058 1035 2130 1090 ita

551 1129 716 1185 etiam
747 1128 815 1182 ab
845 1127 928 1182 his
969 1125 1059 1196 qui
1084 1125 1348 1181 daemonia
1393 1124 1635 1194 ejiciunt,
1683 1135 1731 1181 et
1777 1127 2007 1182 virtutes
2046 1127 2128 1182 fa-

550 1220 700 1275 ciunt
752 1218 970 1282 multas,
1016 1225 1208 1271 cautos
1251 1231 1370 1271 esse
1418 1217 1615 1271 debere
1683 1218 1938 1272 insinuat.
1993 1216 2128 1284 Quia

548 1311 844 1383 praedicare
873 1308 1274 1378 Scripturarum
1301 1307 1530 1372 occulta,
1559 1315 1613 1362 et
1639 1308 1760 1362 mali
1807 1317 2033 1378 possunt
2062 1325 2131 1364 ex

553 1401 732 1456 studio
755 1399 997 1455 discendi
1050 1416 1064 1452 :
1103 1398 1228 1468 quia
1275 1406 1330 1452 et
1376 1397 1573 1452 mentis
1611 1397 2131 1454 efﬁcacia'videmus

547 1505 713 1561 quam
739 1506 882 1562 saepe
915 1488 1209 1561 ﬁagitiosos
1233 1505 1474 1559 quosque
1495 1489 1664 1560 378
1704 1489 1926 1559 pollere,
1959 1499 2013 1544 et
2045 1491 2136 1545 di-‘

549 1584 692 1638 vinis
724 1583 918 1638 litteris
968 1583 1193 1638 erudin‘.
1252 1582 1519 1638 Cmterum
1571 1583 1741 1639 malos
1779 1583 2132 1652 prophetasse

552 1675 885 1747 frequenter,
909 1685 964 1732 et
989 1677 1162 1732 adhuc
1199 1691 1386 1730 eorum
1427 1677 1718 1747 complices
1762 1675 1973 1731 futuros
2009 1690 2130 1731 esse

2235 483 2483 537 discedite
2513 502 2545 537 a
2571 500 2650 537 me
2677 500 2855 537 omnes
2879 485 2969 555 qui
2989 488 3284 554 operamini
3308 490 3661 558 iniquitatem.
3693 489 3835 545 Cou-

2235 573 2426 644 ﬁtebor
2455 581 2655 638 autem,
2685 575 2826 643 quod
2848 574 2922 628 illi
2950 575 3116 646 379
3149 576 3438 632 noluerunt
3478 580 3729 633 conﬁteri
3771 593 3838 635 ut

2234 664 2477 718 redirent
2499 664 2565 718 ad
2598 678 2682 720 me
2711 683 2725 719 :
2760 665 3060 721 conﬁtebor
3091 668 3235 737 quod
3269 667 3358 722 diu
3392 669 3668 738 patienter
3706 671 3828 726 tuli.

2234 754 2553 812 Conﬁtebor
2600 771 2733 812 sane
2791 776 2804 812 :
2857 757 2974 813 Non
3008 758 3131 814 novi
3173 773 3283 814 vos.
3328 759 3468 832 Ergo
3524 763 3615 831 qui
3673 762 3839 818 ﬁnxit

2232 847 2544 920 singillatim
2575 849 2739 904 corda
2764 849 3064 916 hominum,
3091 858 3145 905 et
3180 850 3431 921 intelligit
3453 852 3637 906 omnia
3658 868 3834 922 opera

2231 951 2444 1004 eorum,
2477 939 2744 1010 quomodo
2770 949 2918 994 recte
2945 939 3078 995 dicit
3105 955 3211 994 non
3235 956 3395 996 nosse
3415 957 3553 1012 quos
3582 943 3840 998 creavit?

2232 1033 2484 1104 Nunquid
2515 1049 2620 1088 non
2645 1034 2823 1089 vultus
2864 1033 3074 1089 Domini
3103 1049 3317 1104 semper
3366 1048 3529 1104 super
3555 1035 3836 1090 facientes

2231 1123 2395 1189 mala,
2429 1132 2487 1178 ut
2518 1123 2707 1193 perdat
2729 1124 2794 1179 de
2823 1133 2966 1179 terra
2993 1125 3312 1178 memoriam
3343 1139 3532 1178 eorum
3555 1125 3579 1178 ?
3599 1125 3840 1195 Propter

2231 1213 2375 1284 quod
2399 1213 2581 1283 utique
2608 1229 2711 1266 non
2733 1230 2881 1268 nosse
2910 1213 3004 1268 Dei
3044 1215 3218 1284 magis
3249 1213 3480 1283 ﬁgurate
3506 1215 3784 1285 accipitur
3816 1231 3828 1266 :

2231 1305 2359 1374 quia
2389 1305 2538 1359 novit
2561 1320 2696 1374 quos
2725 1303 2984 1375 approbat
3015 1314 3070 1359 et
3101 1305 3307 1359 salvat:
3333 1321 3439 1359 non
3473 1307 3625 1360 novit
3646 1315 3821 1360 autem

2227 1410 2325 1452 eos
2369 1411 2508 1468 quos
2541 1397 2757 1467 perimit
2785 1405 2841 1453 et
2891 1398 3130 1452 damnat.
3181 1397 3424 1454 Dicimus
3466 1397 3613 1454 enim
3659 1414 3674 1452 :
3711 1397 3817 1454 Non

2231 1489 2383 1543 novit
2407 1488 2498 1542 lux
2531 1490 2804 1552 tenebras,
2831 1488 2882 1543 id
2912 1498 2998 1544 est
3032 1504 3136 1543 non
3187 1489 3416 1560 aspicit;
3449 1489 3574 1558 quia
3605 1489 3650 1543 si
3682 1490 3817 1558 aspi-

2231 1588 2397 1645 ceret,
2421 1580 2655 1635 tenebrze
2662 1579 2775 1650 jam
2799 1593 2905 1634 non
2921 1587 3125 1634 essent.
3141 1579 3350 1634 ldcirco
3365 1595 3470 1634 non
3496 1579 3818 1649 inspexisse,

2231 1674 2552 1743 reprobasse
2578 1672 2697 1727 fuit.
2735 1671 2887 1728 Unde
2912 1673 3151 1728 orandus
3175 1680 3257 1728 est
3278 1671 3480 1744 jugiter
3502 1681 3564 1726 ut
3595 1672 3820 1728 illustret

550 1769 674 1839 quis
700 1767 954 1840 ignorat?
979 1766 1112 1821 Nam
1140 1777 1193 1822 et
1217 1766 1437 1822 Balaam
1486 1767 1747 1833 hariolus,
1791 1776 1846 1822 et
1877 1766 2006 1822 Saul
2047 1784 2132 1823 re-
2163 1763 2208 1822 Β
2235 1765 2507 1820 οωοὶιςιιρε
2549 1774 2792 1830 nostras;
2847 1765 2994 1834 quia,
3048 1764 3153 1819 nisi
3201 1765 3475 1835 respiciat,
3520 1765 3657 1818 nihil
3686 1765 3819 1820 aliud

549 1861 770 1931 probus,
804 1869 964 1930 atque
989 1859 1230 1930 Caiphas-
1255 1859 1472 1928 iniquus
1498 1859 1907 1929 prophetavere,
1945 1868 2001 1912 et
2039 1858 2131 1913 alii

551 1951 899 2022 quamplures
922 1966 1060 2020 quos
1086 1949 1367 2020 Scriptura
1398 1965 1504 2003 non
1539 1949 1804 2004 nominat.
1830 1948 2000 2006 Porro
2026 1950 2136 2004 da:-

552 2043 732 2097 monia
755 2044 939 2112 plures
963 2041 1207 2109 ejiciunt,
1234 2056 1342 2096 non
1374 2057 1561 2096 eorum
1596 2041 1828 2106 meritis,
1861 2043 1954 2096 sed
1986 2041 2136 2096 invo-

551 2133 767 2186 catione
796 2132 1028 2187 nominis
1053 2131 1276 2197 Christi,
1310 2133 1449 2187 sicut
1492 2132 1547 2187 in
1589 2131 1812 2186 Actibus
1860 2131 2137 2203 apostolo-

553 2239 675 2279 rum
705 2224 844 2279 ﬁlios
874 2222 1060 2278 Scevae
1110 2223 1386 2290 cujusdam
1435 2224 1732 2279 sacerdotis
1779 2222 1975 2279 fecisse
2004 2223 2135 2296 legi-

557 2330 678 2370 mus
706 2316 847 2386 (Act.
876 2329 989 2380 xu,
1018 2314 1129 2386 l4).
1157 2313 1399 2370 Virtutes
1429 2331 1560 2370 vero
1595 2316 1758 2370 simili
1813 2317 1974 2371 modo
1999 2317 2137 2370 ﬁunt

556 2421 589 2460 a
620 2406 904 2476 reprobis,
957 2405 1290 2462 exuberante
1338 2405 1516 2460 divina
1570 2407 1768 2478 gratia,
1811 2422 1908 2476 pro
1963 2407 2136 2462 tribus

551 2497 776 2552 causis:
820 2504 880 2550 ut
903 2503 1304 2566 contemptores
1342 2511 1530 2550 eorum
1569 2495 1910 2566 decipiantur
1948 2510 2138 2551 errore

552 2588 857 2658 pravitatis,
882 2586 974 2656 qui
1003 2585 1190 2641 nolunt
1218 2586 1440 2641 credere
1485 2602 1548 2641 ea
1593 2601 1715 2656 qua:
1754 2587 1867 2658 jam
1918 2585 2136 2658 impleta

553 2689 755 2738 suntet
792 2680 1048 2752 magister
1073 2678 1258 2734 docuit
1287 2680 1553 2746 veritatis,
1594 2689 1647 2735 et
1677 2688 1737 2734 ut
1763 2679 1852 2733 alii
1894 2693 1994 2750 per
2041 2693 2138 2734 eos

550 2781 834 2837 sanentur,
867 2770 1064 2840 quibus
1090 2768 1348 2824 Dominus
1373 2769 1680 2826 decreverit
1721 2770 2031 2836 subvenire,
2082 2781 2140 2826 et

554 2865 781 2921 credant
809 2874 919 2918 tam
949 2863 1051 2934 ipsi
1077 2879 1238 2933 quam
1265 2871 1321 2918 et
1352 2863 1465 2928 alii,
1499 2861 1774 2917 miraculis
1802 2861 2061 2928 excitati;
2086 2869 2141 2916 et

557 2956 676 3013 haec
697 2955 820 3014 ideo
852 2969 949 3024 per
982 2969 1098 3019 eos,
1121 2953 1251 3008 licet
1277 2953 1489 3024 reprobi
1515 2953 1641 3017 sint,
1672 2962 1938 3024 potestate
1958 2953 2138 3009 divina

554 3047 712 3114 ﬁunt,
747 3056 804 3100 ut
827 3045 1043 3100 discant
1073 3045 1258 3100 ﬁdeles
1283 3043 1483 3100 Christi
1517 3043 1740 3099 virtutes
1762 3044 1977 3114 operari
2029 3059 2136 3098 non

556 3155 884 3212 magnopere
910 3137 1151 3206 studere,
1183 3139 1276 3194 sed
1302 3137 1582 3192 Christum
1613 3136 1665 3190 in
1715 3137 1967 3191 omnibus
2012 3135 2134 3190 imi—
2163 3121 2208 3186 C

558 3232 683 3297 tari,
720 3232 810 3301 qui
833 3230 968 3286 dixit
994 3247 1007 3284 :
1032 3229 1228 3284 Discite
1263 3246 1295 3282 a
1323 3244 1402 3282 me
1429 3228 1552 3297 quia
1583 3227 1722 3281 mitis
1750 3242 1866 3281 sum
1892 3236 1940 3280 et
1964 3226 2138 3279 humi-

557 3323 620 3378 lis
642 3323 796 3377 corde
822 3321 1036 3393 (Matth.
1055 3336 1115 3388 ιι,
1138 3320 1252 3390 29),
1284 3320 1711 3390 charitatemquc
1730 3317 1946 3374 sectari.
1969 3315 2138 3372 Nemo

557 3415 722 3487 igitur
747 3414 974 3479 dubitet,
1030 3413 1084 3467 in
1131 3411 1348 3466 nomine
1400 3410 1600 3465 Christi
1649 3411 1859 3479 priores
1911 3409 2138 3462 virtutes

557 3507 756 3561 multas
782 3505 998 3572 fecisse,
1028 3513 1191 3574 atque
1221 3504 1484 3558 daemonia
1509 3502 1758 3573 eiecisse.
1790 3501 1943 3568 Quod
1967 3500 2014 3555 si
2036 3500 2138 3554 ali-

557 3598 680 3668 quis
721 3596 952 3653 voluerit
1000 3595 1272 3661 abnuere,
1322 3596 1465 3667 legat
1525 3594 1651 3664 quid
1705 3593 1819 3664 ipse
1880 3591 2141 3649 Dominus

556 3691 721 3745 etiam
751 3691 816 3746 de
853 3690 1036 3745 futuro
1065 3690 1211 3746 dicat
1242 3708 1255 3744 :
1284 3688 1452 3754 Tunc,
1497 3687 1692 3760 inquit,
1738 3689 1784 3741 si
1833 3687 1950 3758 quis
1997 3687 2139 3741 vobis

556 3783 747 3836 dixerit
793 3799 806 3836 :
848 3782 981 3836 Ecce
1022 3782 1106 3837 hic
1147 3783 1404 3846 Christus,
1456 3781 1613 3835 nolite
1653 3780 1880 3834 credere.
1913 3778 2139 3850 Surgent

556 3878 695 3931 enim
723 3877 1100 3946 pseudochristi
1125 3888 1171 3932 et
1193 3877 1670 3947 pseudomophette,
1701 3887 1748 3931 et
1771 3877 1968 3931 dabunt
1989 3877 2142 3948 signa

560 3985 777 4038 magna,
808 3969 879 4021 ita
909 3979 963 4022 ut
991 3969 1047 4022 in
1089 3984 1317 4022 errorem
1348 3968 1666 4022 inducantur
1691 3969 1848 4022 etiam
1877 3969 2044 4033 electi,
2095 3968 2142 4022 si

561 4059 679 4129 ﬁeri
703 4067 892 4128 potest.
918 4055 1053 4112 Ecce
1077 4057 1301 4128 praedixi
1322 4057 1461 4112 vobis
1493 4056 1648 4128 (Mat.
1675 4073 1824 4124 xxn',
1844 4059 1959 4129 25).
1990 4057 2143 4113 Unde

559 4152 869 4224 purgandus
896 4159 980 4206 est
1021 4149 1208 4205 oculus
1261 4150 1477 4216 mentis,
1526 4151 1812 4219 quaerenda
1855 4149 2139 4218 sapientia,

561 4242 825 4296 ﬁrmanda
883 4240 1040 4306 ﬁdes,
1086 4241 1390 4296 constantia
1440 4240 1563 4296 ﬁdei
1612 4240 1948 4308 roboranda,
2004 4241 2146 4296 inter

565 4341 647 4391 tot
683 4349 1060 4405 perversorum
1099 4333 1376 4388 hominum
1418 4333 1581 4399 mala,
1609 4333 1748 4388 inter
1798 4343 1874 4387 tot
1925 4331 2147 4404 laqueo-

561 4444 684 4483 rum
756 4426 1005 4482 scaudala
1076 4437 1137 4480 ut
1192 4426 1422 4482 evadere
1474 4427 1781 4497 possimus,
1832 4433 1888 4480 et
1942 4442 1972 4479 a
2025 4426 2146 4481 tali-

563 4521 666 4576 bus
713 4519 1024 4591 praecaveri.
1077 4518 1373 4586 Quaerenda
1417 4527 1502 4573 est
1541 4518 1702 4589 igitur
1751 4532 1966 4586 semper
2010 4532 2144 4573 sana

565 4613 828 4677 doctrina,
851 4621 906 4666 et
936 4611 1040 4665 vita
1068 4610 1306 4680 perfecta
1329 4611 1607 4664 imitanda.
1631 4609 1894 4676 Quoniam
1919 4609 2146 4667 virtutes

565 4705 703 4766 ﬁeri,
751 4703 984 4775 Spiritus
1027 4703 1195 4757 sancti
1240 4711 1326 4757 est
1374 4701 1647 4772 operatio;
1689 4701 1826 4755 bene
1854 4710 2032 4756 autem
2061 4701 2145 4754 vi-

565 4813 690 4853 vere
721 4799 923 4853 Christi
955 4797 1202 4852 imitatio.
1239 4797 1390 4852 Unde
1416 4795 1661 4850 dicturus
1693 4805 1775 4849 est
1803 4795 1923 4850 istis
1963 4813 1976 4848 :
2023 4795 2147 4849 Non

567 4889 683 4942 novi
711 4905 830 4953 vos;
859 4888 1205 4958 operantibus
1242 4896 1419 4941 autem
1462 4903 1475 4939 :
1517 4883 1710 4947 Venite,
1742 4884 1995 4938 benedicti
2040 4881 2150 4937 Pa-

568 4980 664 5032 tris
689 4982 807 5044 mei,
830 4979 1075 5050 percipite
1099 4993 1336 5049 regnum,
1359 4976 1496 5047 quod
1527 4975 1667 5030 vobis
1696 4986 1940 5045 paratum
1975 4985 2050 5030 est
2079 4975 2145 5029 ab

568 5070 767 5139 origine
796 5071 976 5124 mundi
999 5068 1213 5139 (Matth.
1251 5081 1376 5130 xxv,
1407 5065 1519 5135 54).
1541 5065 1768 5135 Propter
1787 5066 1930 5136 quod
1959 5076 2014 5120 et
2037 5066 2145 5121 Do-

567 5160 750 5216 minus
770 5160 1044 5231 prohibuit
1089 5155 1381 5226 discipulos
1432 5156 1688 5225 gaudere,
1717 5155 1843 5224 quia
1885 5157 2148 5211 daemonia

569 5254 678 5309 illis
702 5253 943 5323 subjecta
979 5250 1230 5304 fuerant:
1261 5245 1516 5310 Gaudete,
1552 5248 1746 5330 inquit,
1781 5248 1906 5316 quia
1934 5249 2148 5303 nomina

571 5355 738 5401 vestra
766 5345 963 5412 scripta
991 5348 1113 5392 sunt
1166 5338 1220 5390 in
1267 5335 1395 5389 caelo
1443 5335 1593 5408 (Luc.
1650 5354 1709 5404 ι,
1747 5336 1858 5404 20).
1915 5336 2069 5394 Unde
2093 5346 2150 5394 et

573 5437 774 5494 Paulus
803 5449 907 5489 non
936 5433 1162 5486 virtutes
1187 5427 1510 5497 linguarum,
1540 5442 1645 5481 non
1685 5429 1940 5499 mysteria
1967 5445 2148 5486 secre-

573 5539 754 5586 torum
787 5535 966 5586 nosse,
989 5536 1093 5573 non
1123 5519 1453 5589 prophetias,
1484 5533 1589 5573 non
1618 5519 1777 5574 ﬁdem
1803 5538 1909 5592 qua
1938 5534 2151 5581 montes

575 5616 879 5692 prodigiose
909 5609 1321 5674 transferantur,
1343 5609 1434 5666 sed
1467 5610 1636 5665 solam
1663 5612 1982 5669 charitatem
2004 5632 2152 5672 com-

577 5707 816 5771 mendat,
843 5717 1006 5775 quam
1028 5701 1274 5760 Christus
1294 5701 1474 5759 docuit
1505 5701 1554 5774 (1
1587 5701 1710 5761 Cor.
1741 5719 1862 5777 xm,
1891 5707 1946 5775 l,
1971 5707 2048 5780 2).

2233 1868 2408 1925 quam-
2427 1854 2659 1908 teuehra:
2681 1868 2886 1908 sumus.
2922 1852 3059 1908 Nam
3089 1870 3239 1907 nosse
3264 1853 3378 1918 Dei,
3412 1855 3721 1924 approbare
3741 1862 3820 1908 est

2233 1955 2288 2000 et
2320 1960 2417 2016 per
2439 1945 2670 2016 gratiam
2707 1944 2926 2016 eligere.
2978 1943 3114 1999 Hinc
3155 1959 3369 2014 quoque
3399 1946 3666 2013 scriptum
3697 1945 3820 2016 legi-

2233 2055 2356 2095 mus
2385 2056 2398 2091 :
2427 2037 2689 2104 Quoniam
2715 2037 2851 2091 novit
2882 2035 3136 2091 Dominus
3168 2039 3303 2090 viam
3323 2036 3624 2106 .justorunt,
3649 2047 3698 2090 et
3732 2038 3822 2089 iter

2232 2129 2514 2200 impiorum
2540 2128 2726 2199 peribit
2752 2125 2926 2200 (Psal.
2961 2127 3057 2192 vt).
3082 2127 3149 2182 Et
3175 2127 3302 2181 illud
3331 2145 3343 2180 :
3378 2125 3534 2181 Nth
3569 2126 3818 2182 Dominus

2229 2221 2322 2292 qui
2343 2229 2463 2274 sunt
2494 2219 2630 2289 ejus.
2676 2218 2744 2273 Et
2789 2219 2857 2273 ad
2909 2217 3128 2288 Moysen
3163 2233 3176 2270 :
3210 2216 3345 2270 Noui
3403 2226 3452 2270 te
3501 2232 3566 2270 ex
3618 2218 3820 2271 nomine

2236 2309 2435 2382 (Exod.
2460 2325 2657 2376 χχχιιι,
2691 2309 2802 2380 12).
2836 2309 2994 2363 Novit
3036 2309 3200 2378 igitur
3229 2317 3622 2377 cognoscentes
3651 2323 3732 2372 se,
3772 2319 3821 2361 et

2237 2403 2500 2474 approbat
2521 2417 2615 2456 eos
2643 2403 2734 2472 qui
2765 2401 2821 2456 in
2847 2401 3192 2472 simplicitate
3213 2401 3399 2456 cordis
3425 2401 3685 2456 mandata
3712 2401 3825 2470 ejus

2238 2495 2569 2550 custodiunt.
2598 2493 2751 2550 Unde
2779 2495 3026 2565 sequitur
3058 2512 3071 2548 :

2311 2589 2495 2646 Omnis
2525 2591 2614 2662 qui
2653 2590 2800 2644 audit
2842 2590 2994 2644 verba
3039 2605 3154 2644 mea
3182 2599 3232 2643 et
3277 2587 3405 2658 facit
3447 2603 3530 2652 ea,
3576 2587 3836 2641 similabo

2237 2699 2356 2738 eum
2380 2684 2490 2736 viro
2510 2683 2752 2753 sapienti,
2787 2681 2878 2752 qui
2908 2680 3188 2750 aediﬁcavit
3213 2679 3429 2734 domum
3474 2693 3628 2732 suam
3674 2695 3837 2745 super

2238 2787 2459 2847 petram.
2513 2775 2799 2832 Conclusio
2851 2773 3015 2829 totius
3067 2773 3335 2829 sermonis
3401 2771 3639 2826 mirabili
3701 2771 3835 2826 ﬁdei

2240 2869 2486 2939 exemplo
2529 2867 2796 2934 ﬁrmatur,
2847 2866 3143 2922 excludens
3185 2880 3378 2920 omnes
3419 2867 3509 2936 qui
3540 2875 3636 2920 aut
3660 2864 3834 2936 hypo-

2241 2961 2367 3015 crisi
2407 2958 2698 3024 falluntur,
2756 2968 2850 3013 aut
2893 2957 3074 3028 aliqua
3119 2956 3333 3028 ignavia
3379 2954 3721 3010 inﬁdelitatis
3779 2956 3834 3010 in

2243 3052 2422 3122 aliquo
2463 3059 2801 3121 premuntur,
2833 3058 2890 3105 et
2937 3064 3031 3104 eos
3076 3057 3287 3104 tantum
3335 3048 3402 3103 ad
3431 3063 3706 3103 summum
3755 3062 3837 3103 sa-

2238 3143 2454 3215 pientia:
2483 3141 2709 3213 gradum
2737 3149 3033 3212 comparat,
3063 3155 3200 3212 quos
3226 3155 3389 3212 supra
3417 3149 3632 3211 petram
3668 3147 3837 3195 rectae

2236 3232 2361 3288 ﬁdei
2408 3232 2634 3287 interius
2689 3230 2877 3288 ﬁrmos
2927 3245 3049 3287 esse
3109 3232 3358 3288 veritatis
3417 3233 3560 3288 actio
3616 3232 3835 3303 probat.

2238 3325 2448 3390 Omnis,
2481 3325 2678 3394 inquit,
2701 3324 2793 3395 qui
2823 3325 2974 3379 audit
3001 3323 3168 3379 verba
3200 3339 3321 3379 mea
3350 3333 3408 3379 et
3433 3324 3564 3379 facit
3589 3339 3676 3378 ea.
3719 3323 3838 3376 Non

2239 3417 2376 3472 dixit
2397 3417 2489 3487 qui
2538 3417 2688 3471 audit
2721 3424 2950 3482 tantum,
2984 3417 3080 3470 sed
3109 3415 3200 3484 qui
3232 3415 3384 3469 audit
3427 3415 3604 3486 prius,
3638 3414 3841 3469 deinde

2239 3507 2372 3564 facit
2398 3524 2480 3563 ea.
2512 3507 2648 3575 Quia
2675 3522 2834 3563 nemo
2865 3515 3011 3562 recte
3031 3508 3203 3573 audit,
3237 3507 3341 3562 nisi
3383 3507 3550 3563 faciat
3577 3522 3662 3561 ea.
3698 3505 3844 3561 Hinc

2241 3614 2403 3669 quam
2430 3614 2572 3670 saepe
2617 3598 2853 3653 dicitur:
2889 3599 2991 3664 Qui
3041 3599 3193 3652 habet
3232 3615 3388 3654 aures
3419 3599 3699 3664 audiendi,
3749 3615 3846 3651 au-

2240 3692 2350 3746 diat
2382 3690 2597 3764 (Matth.
2625 3705 2704 3756 x1,
2746 3690 2846 3756 l5;
2877 3687 3008 3745 Luc.
3043 3706 3161 3758 vut,
3190 3691 3268 3762 8).
3301 3690 3459 3746 Aliud
3512 3690 3712 3760 quippe
3762 3699 3850 3744 est

2241 3783 2430 3839 audire
2478 3782 2664 3836 auditu
2709 3781 2970 3852 corporis,
3011 3781 3156 3837 aliud
3198 3797 3328 3839 vero
3372 3782 3558 3837 auditu
3587 3782 3799 3836 mentis
3833 3799 3849 3835 :

2240 3872 2441 3929 Audito
2471 3873 2654 3942 itaque
2683 3874 2883 3928 mentis
2924 3875 3233 3945 quicunque
3277 3875 3450 3941 audit,
3478 3873 3760 3946 intelligit,
3796 3883 3856 3928 et

2244 3967 2518 4022 intellecta
2547 3968 2690 4022 votis
2724 3965 2950 4037 implere
3002 3966 3221 4036 satagit.
3252 3964 3519 4021 Caeterum
3570 3967 3664 4036 qui
3721 3981 3856 4021 ver-

2241 4057 2374 4114 bum
2398 4059 2639 4114 exterius
2683 4058 2738 4114 in
2782 4073 2917 4114 sono
2943 4058 3190 4130 percipit,
3221 4057 3327 4114 nisi
3373 4073 3488 4114 rem
3529 4058 3685 4114 verbi
3736 4059 3860 4114 cla-

2245 4159 2485 4206 mantem
2537 4150 2804 4206 introrsus
2846 4151 3047 4220 capiat,
3086 4151 3287 4207 surdus
3321 4150 3482 4206 redit.
3523 4149 3685 4218 Quia,
3718 4165 3861 4206 cum

2246 4257 2349 4298 vox
2389 4242 2621 4309 siluerit,
2651 4242 2788 4298 nihil
2813 4243 2864 4298 ei
2916 4243 3180 4298 remansit
3226 4243 3371 4314 quod
3416 4243 3606 4298 audire
3641 4244 3862 4314 possit.

2246 4332 2315 4388 Et
2362 4333 2486 4389 ideo
2511 4333 2601 4404 qui
2647 4333 2820 4400 audit,
2863 4334 3030 4390 verba
3061 4348 3182 4390 mea
3219 4334 3373 4401 dicit,
3414 4344 3471 4390 et
3505 4351 3615 4391 non
3646 4350 3864 4390 sonum

2249 4423 2538 4495 loquentis.
2601 4425 2735 4480 Nam
2783 4426 2925 4497 quod
2954 4429 3196 4483 exterius
3240 4428 3322 4494 ﬁt,
3347 4429 3571 4484 verbum
3619 4428 3868 4484 lectoris

2169 4495 2224 4558 Ῑ)
2250 4523 2346 4569 aut
2371 4515 2612 4571 doctoris
2631 4527 2716 4572 est
2739 4533 2754 4582 ;
2789 4495 2933 4588 quod
2955 4532 3084 4573 vero
3119 4518 3266 4574 intus
3289 4518 3524 4574 sentitur
3548 4526 3602 4575 et
3645 4519 3868 4576 intelli-

2248 4606 2418 4678 gitur,
2467 4607 2678 4663 Christi
2730 4610 2957 4664 verbum
2996 4619 3102 4666 est.
3162 4609 3316 4668 Unde
3357 4611 3523 4667 David
3559 4626 3575 4666 :
3607 4613 3867 4668 Audiam

2247 4698 2374 4767 quid
2404 4697 2651 4768 loquatur
2687 4700 2744 4752 in
2784 4716 2867 4754 me
2916 4699 3058 4756 Deus
3103 4701 3277 4773 (Psal.
3308 4718 3529 4768 antv,
3561 4702 3640 4768 9).
3688 4701 3866 4761 Tunc

2250 4790 2393 4844 enim
2422 4798 2569 4845 recte
2623 4791 2675 4844 in
2714 4791 2870 4846 nobis
2898 4792 3160 4863 loquitur,
3191 4809 3338 4859 cum,
3361 4795 3600 4849 exterius
3633 4808 3864 4864 organo

2247 4883 2399 4938 'vocis
2427 4894 2675 4950 sonante,
2700 4885 2931 4942 interius
2972 4889 3040 4943 ad
3067 4901 3252 4943 vocem
3279 4889 3480 4944 Christi
3512 4889 3860 4956 excitamur,

2255 4974 2510 5029 divinitus
2564 4975 2978 5045 colloquentem.
3047 4977 3386 5049 Quapropter
3432 4978 3632 5034 clamat
3675 4977 3861 5050 380

2253 5064 2540 5135 Apostolus
2591 5084 2604 5120 :
2664 5065 2725 5122 Si
2767 5067 2882 5136 quis
2934 5068 3185 5139 loquitur,
3234 5071 3385 5140 quasi
3427 5085 3692 5125 sermones
3755 5070 3859 5124 Dei

2256 5156 2305 5226 (1
2330 5154 2477 5210 Petr.
2508 5173 2586 5222 tv,
2626 5159 2733 5229 10).
2763 5158 2913 5225 Quod
2943 5161 2990 5216 si
3019 5176 3298 5218 sermones
3317 5163 3413 5219 Dei
3439 5163 3542 5218 iste
3580 5162 3856 5234 loquitur,

2254 5247 2344 5303 ille
2390 5248 2616 5304 interius
2655 5250 2786 5318 quid
2814 5250 2962 5306 aliud
3005 5254 3194 5310 audire
3243 5256 3420 5320 debet,
3470 5255 3573 5310 nisi
3618 5256 3858 5310 eosdem

2253 5343 2568 5397 sermones?
2614 5341 2733 5398 Non
2783 5345 2948 5411 enim,
2981 5347 3078 5413 ait,
3120 5350 3298 5404 omnis
3348 5351 3440 5420 qui
3488 5351 3646 5405 docet
3672 5352 3860 5406 verba
3923 5342 3928 5344 ⁷

2257 5451 2400 5501 mea,
2441 5437 2536 5491 sed
2575 5438 2667 5508 qui
2721 5438 2890 5493 audit.
2923 5440 3114 5496 Tutius
3153 5457 3287 5513 ergo
3339 5453 3426 5498 est
3459 5441 3651 5496 audire
3677 5457 3862 5511 quam

2255 5528 2480 5594 docere;
2532 5529 2625 5584 sed
2656 5540 2836 5587 tamen
2865 5543 2921 5587 et
2951 5533 3040 5588 ille
3075 5536 3166 5604 qui
3194 5537 3368 5600 docet,
3413 5549 3458 5588 st
3489 5547 3636 5590 reete
3659 5537 3865 5605 docet,

2256 5623 2443 5692 utique
2478 5624 2626 5693 prior
2648 5627 2700 5677 in
2732 5625 2894 5679 corde
2925 5627 3075 5682 audit
3099 5627 3240 5696 quod
3272 5627 3447 5682 docet.
3491 5627 3569 5682 Ac
3612 5642 3716 5698 per
3745 5630 3872 5690 hoc

2256 5713 2505 5773 Christus
2532 5725 2616 5772 est
2644 5716 2736 5790 (μή
2774 5717 2931 5774 docet
2977 5732 3196 5786 omnes;
3227 5728 3284 5776 et
3310 5733 3446 5792 quos
3472 5719 3655 5800 docet,
3689 5722 3879 5786 audi-
