  <div class='ocr_page' id='page_1' title='image "/cluster/home/n/w/nwhite01/storage/ocr_20150623/120/hvd.32044015466923/170.png"; bbox 0 0 4016 6360; ppageno 0'>
   <div class='ocr_carea' id='block_1_1' title="bbox 154 281 3438 380">
    <p class='ocr_par' dir='ltr' id='par_1_1' title="bbox 154 281 3438 380">
     <span class='ocr_line' id='line_1_1' title="bbox 154 281 3438 380; baseline -0.006 0"><span class='ocrx_word' id='word_1_1' title='bbox 154 323 264 380; x_wconf 74' lang='lat' dir='ltr'><strong>sse</strong></span> <span class='ocrx_word' id='word_1_2' title='bbox 948 315 1311 375; x_wconf 78' lang='lat' dir='ltr'><strong>exrosmo</strong></span> <span class='ocrx_word' id='word_1_3' title='bbox 1349 315 1418 372; x_wconf 79' lang='lat' dir='ltr'><strong>IN</strong></span> <span class='ocrx_word' id='word_1_4' title='bbox 1457 315 1897 373; x_wconf 68' lang='lat' dir='ltr'><strong>MATTHAEUM.</strong></span> <span class='ocrx_word' id='word_1_5' title='bbox 1936 281 2173 369; x_wconf 51' lang='grc' dir='ltr'>-ἰὶιλ</span> <span class='ocrx_word' id='word_1_6' title='bbox 2214 312 2314 378; x_wconf 75' lang='lat' dir='ltr'><strong>IV,</strong></span> <span class='ocrx_word' id='word_1_7' title='bbox 2348 312 2500 369; x_wconf 84' lang='lat' dir='ltr'><strong>CAP.</strong></span> <span class='ocrx_word' id='word_1_8' title='bbox 2545 311 2648 366; x_wconf 86' lang='lat' dir='ltr'><strong>vn.</strong></span> <span class='ocrx_word' id='word_1_9' title='bbox 3330 313 3438 373; x_wconf 58' lang='grc' dir='ltr'>ξω</span> 
     </span>
    </p>
   </div>
   <div class='ocr_carea' id='block_1_2' title="bbox 154 427 3433 504">
    <p class='ocr_par' dir='ltr' id='par_1_2' title="bbox 154 427 3433 504">
     <span class='ocr_line' id='line_1_2' title="bbox 154 427 3433 504; baseline -0.002 -10"><span class='ocrx_word' id='word_1_10' title='bbox 154 448 306 494; x_wconf 84' lang='lat' dir='ltr'><strong>tores</strong></span> <span class='ocrx_word' id='word_1_11' title='bbox 362 434 550 504; x_wconf 93' lang='lat' dir='ltr'><strong>utique</strong></span> <span class='ocrx_word' id='word_1_12' title='bbox 599 433 888 489; x_wconf 80' lang='lat' dir='ltr'><strong>verborum</strong></span> <span class='ocrx_word' id='word_1_13' title='bbox 940 434 1036 490; x_wconf 87' lang='lat' dir='ltr'><strong>Dei</strong></span> <span class='ocrx_word' id='word_1_14' title='bbox 1084 444 1230 502; x_wconf 88' lang='lat' dir='ltr'><strong>sunt,</strong></span> <span class='ocrx_word' id='word_1_15' title='bbox 1261 434 1456 492; x_wconf 90' lang='lat' dir='ltr'><strong>deinde</strong></span> <span class='ocrx_word' id='word_1_16' title='bbox 1495 433 1746 490; x_wconf 81' lang='lat' dir='ltr'><strong>factores.</strong></span> <span class='ocrx_word' id='word_1_17' title='bbox 1779 441 1827 500; x_wconf 79' lang='grc' dir='ltr'>Α</span> <span class='ocrx_word' id='word_1_18' title='bbox 1855 433 2046 488; x_wconf 88' lang='lat' dir='ltr'><strong>domus</strong></span> <span class='ocrx_word' id='word_1_19' title='bbox 2069 440 2124 488; x_wconf 91' lang='lat' dir='ltr'><strong>et</strong></span> <span class='ocrx_word' id='word_1_20' title='bbox 2151 430 2504 486; x_wconf 90' lang='lat' dir='ltr'><strong>fundamento</strong></span> <span class='ocrx_word' id='word_1_21' title='bbox 2532 427 2735 484; x_wconf 78' lang='lat' dir='ltr'><strong>Christi</strong></span> <span class='ocrx_word' id='word_1_22' title='bbox 2771 429 3178 484; x_wconf 85' lang='lat' dir='ltr'><strong>corroboratur.</strong></span> <span class='ocrx_word' id='word_1_23' title='bbox 3201 429 3433 487; x_wconf 84' lang='lat' dir='ltr'><strong>Omnem</strong></span> 
     </span>
    </p>
   </div>
   <div class='ocr_carea' id='block_1_3' title="bbox 160 521 3434 598">
    <p class='ocr_par' dir='ltr' id='par_1_3' title="bbox 160 521 3434 598">
     <span class='ocr_line' id='line_1_3' title="bbox 160 521 3434 598; baseline -0.002 -12"><span class='ocrx_word' id='word_1_24' title='bbox 160 529 547 586; x_wconf 80' lang='lat' dir='ltr'><strong>Verumtamen</strong></span> <span class='ocrx_word' id='word_1_25' title='bbox 574 526 679 582; x_wconf 89' lang='lat' dir='ltr'><strong>etsi</strong></span> <span class='ocrx_word' id='word_1_26' title='bbox 701 525 991 596; x_wconf 83' lang='lat' dir='ltr'><strong>perfectius</strong></span> <span class='ocrx_word' id='word_1_27' title='bbox 1027 527 1099 583; x_wconf 89' lang='lat' dir='ltr'><strong>sit</strong></span> <span class='ocrx_word' id='word_1_28' title='bbox 1125 527 1306 584; x_wconf 90' lang='lat' dir='ltr'><strong>facere</strong></span> <span class='ocrx_word' id='word_1_29' title='bbox 1326 543 1490 598; x_wconf 87' lang='lat' dir='ltr'><strong>quam</strong></span> <span class='ocrx_word' id='word_1_30' title='bbox 1513 525 1747 593; x_wconf 85' lang='lat' dir='ltr'><strong>discere,</strong></span> <span class='ocrx_word' id='word_1_31' title='bbox 1851 525 2016 594; x_wconf 79' lang='lat' dir='ltr'><strong>igitur</strong></span> <span class='ocrx_word' id='word_1_32' title='bbox 2059 533 2411 590; x_wconf 87' lang='lat' dir='ltr'><strong>structuram,</strong></span> <span class='ocrx_word' id='word_1_33' title='bbox 2457 522 2514 578; x_wconf 88' lang='lat' dir='ltr'><strong>id</strong></span> <span class='ocrx_word' id='word_1_34' title='bbox 2539 529 2624 578; x_wconf 89' lang='lat' dir='ltr'><strong>est</strong></span> <span class='ocrx_word' id='word_1_35' title='bbox 2672 535 2835 578; x_wconf 91' lang='lat' dir='ltr'><strong>omne</strong></span> <span class='ocrx_word' id='word_1_36' title='bbox 2878 536 3014 592; x_wconf 89' lang='lat' dir='ltr'><strong>opus</strong></span> <span class='ocrx_word' id='word_1_37' title='bbox 3052 521 3197 594; x_wconf 90' lang='lat' dir='ltr'><strong>quod</strong></span> <span class='ocrx_word' id='word_1_38' title='bbox 3239 521 3294 578; x_wconf 92' lang='lat' dir='ltr'><strong>in</strong></span> <span class='ocrx_word' id='word_1_39' title='bbox 3324 523 3434 582; x_wconf 85' lang='lat' dir='ltr'><strong>ﬁde</strong></span> 
     </span>
    </p>
   </div>
   <div class='ocr_carea' id='block_1_4' title="bbox 155 607 3438 692">
    <p class='ocr_par' dir='ltr' id='par_1_4' title="bbox 155 607 3438 692">
     <span class='ocr_line' id='line_1_4' title="bbox 155 607 3438 692; baseline 0 -16"><span class='ocrx_word' id='word_1_40' title='bbox 155 621 310 692; x_wconf 89' lang='lat' dir='ltr'><strong>prius</strong></span> <span class='ocrx_word' id='word_1_41' title='bbox 331 627 516 674; x_wconf 89' lang='lat' dir='ltr'><strong>tamen</strong></span> <span class='ocrx_word' id='word_1_42' title='bbox 541 626 757 689; x_wconf 87' lang='lat' dir='ltr'><strong>oportet</strong></span> <span class='ocrx_word' id='word_1_43' title='bbox 785 617 972 674; x_wconf 88' lang='lat' dir='ltr'><strong>audire</strong></span> <span class='ocrx_word' id='word_1_44' title='bbox 1001 627 1062 674; x_wconf 95' lang='lat' dir='ltr'><strong>ut</strong></span> <span class='ocrx_word' id='word_1_45' title='bbox 1093 618 1265 676; x_wconf 88' lang='lat' dir='ltr'><strong>facias</strong></span> <span class='ocrx_word' id='word_1_46' title='bbox 1283 617 1624 691; x_wconf 91' lang='lat' dir='ltr'><strong>disciplinam</strong></span> <span class='ocrx_word' id='word_1_47' title='bbox 1654 618 1745 690; x_wconf 79' lang='lat' dir='ltr'><strong>ju-</strong></span> <span class='ocrx_word' id='word_1_48' title='bbox 1849 607 2052 676; x_wconf 79' lang='lat' dir='ltr'><strong>Christi</strong></span> <span class='ocrx_word' id='word_1_49' title='bbox 2085 635 2152 676; x_wconf 92' lang='lat' dir='ltr'><strong>eo</strong></span> <span class='ocrx_word' id='word_1_50' title='bbox 2173 621 2230 675; x_wconf 91' lang='lat' dir='ltr'><strong>in</strong></span> <span class='ocrx_word' id='word_1_51' title='bbox 2261 617 2494 675; x_wconf 88' lang='lat' dir='ltr'><strong>sublime</strong></span> <span class='ocrx_word' id='word_1_52' title='bbox 2529 619 2856 685; x_wconf 84' lang='lat' dir='ltr'><strong>excreverit,</strong></span> <span class='ocrx_word' id='word_1_53' title='bbox 2889 617 3096 675; x_wconf 83' lang='lat' dir='ltr'><strong>moveri</strong></span> <span class='ocrx_word' id='word_1_54' title='bbox 3137 635 3246 676; x_wconf 86' lang='lat' dir='ltr'><strong>non</strong></span> <span class='ocrx_word' id='word_1_55' title='bbox 3274 635 3438 692; x_wconf 85' lang='lat' dir='ltr'><strong>posse</strong></span> 
     </span>
    </p>
   </div>
   <div class='ocr_carea' id='block_1_5' title="bbox 153 708 3440 783">
    <p class='ocr_par' dir='ltr' id='par_1_5' title="bbox 153 708 3440 783">
     <span class='ocr_line' id='line_1_5' title="bbox 153 708 3440 783; baseline -0 -15"><span class='ocrx_word' id='word_1_56' title='bbox 153 712 360 777; x_wconf 83' lang='lat' dir='ltr'><strong>beatis,</strong></span> <span class='ocrx_word' id='word_1_57' title='bbox 391 710 588 767; x_wconf 87' lang='lat' dir='ltr'><strong>deinde</strong></span> <span class='ocrx_word' id='word_1_58' title='bbox 633 708 934 766; x_wconf 84' lang='lat' dir='ltr'><strong>doctrinam</strong></span> <span class='ocrx_word' id='word_1_59' title='bbox 965 726 1130 782; x_wconf 89' lang='lat' dir='ltr'><strong>quam</strong></span> <span class='ocrx_word' id='word_1_60' title='bbox 1173 711 1446 778; x_wconf 88' lang='lat' dir='ltr'><strong>didiceris,</strong></span> <span class='ocrx_word' id='word_1_61' title='bbox 1494 711 1751 781; x_wconf 86' lang='lat' dir='ltr'><strong>operibus</strong></span> <span class='ocrx_word' id='word_1_62' title='bbox 1849 711 1973 768; x_wconf 91' lang='lat' dir='ltr'><strong>ullis</strong></span> <span class='ocrx_word' id='word_1_63' title='bbox 2034 709 2453 783; x_wconf 89' lang='lat' dir='ltr'><strong>impulsiouibus</strong></span> <span class='ocrx_word' id='word_1_64' title='bbox 2515 709 2804 768; x_wconf 84' lang='lat' dir='ltr'><strong>manifeste</strong></span> <span class='ocrx_word' id='word_1_65' title='bbox 2861 712 3042 768; x_wconf 89' lang='lat' dir='ltr'><strong>docet.</strong></span> <span class='ocrx_word' id='word_1_66' title='bbox 3107 709 3248 768; x_wconf 82' lang='lat' dir='ltr'><strong>Hinc</strong></span> <span class='ocrx_word' id='word_1_67' title='bbox 3301 727 3440 782; x_wconf 88' lang='lat' dir='ltr'><strong>quo-</strong></span> 
     </span>
    </p>
   </div>
   <div class='ocr_carea' id='block_1_6' title="bbox 155 800 2109 876">
    <p class='ocr_par' dir='ltr' id='par_1_6' title="bbox 155 800 2109 876">
     <span class='ocr_line' id='line_1_6' title="bbox 155 800 2109 876; baseline -0.001 -17"><span class='ocrx_word' id='word_1_68' title='bbox 155 817 467 874; x_wconf 62' lang='lat' dir='ltr'><strong>exaquare.</strong></span> <span class='ocrx_word' id='word_1_69' title='bbox 499 801 568 856; x_wconf 89' lang='lat' dir='ltr'><strong>Et</strong></span> <span class='ocrx_word' id='word_1_70' title='bbox 594 801 641 857; x_wconf 90' lang='lat' dir='ltr'><strong>si</strong></span> <span class='ocrx_word' id='word_1_71' title='bbox 663 800 803 857; x_wconf 89' lang='lat' dir='ltr'><strong>forte</strong></span> <span class='ocrx_word' id='word_1_72' title='bbox 831 801 1003 859; x_wconf 90' lang='lat' dir='ltr'><strong>semel</strong></span> <span class='ocrx_word' id='word_1_73' title='bbox 1021 801 1242 870; x_wconf 90' lang='lat' dir='ltr'><strong>audisti,</strong></span> <span class='ocrx_word' id='word_1_74' title='bbox 1271 803 1435 860; x_wconf 88' lang='lat' dir='ltr'><strong>debes</strong></span> <span class='ocrx_word' id='word_1_75' title='bbox 1469 802 1748 870; x_wconf 91' lang='lat' dir='ltr'><strong>delectari,</strong></span> <span class='ocrx_word' id='word_1_76' title='bbox 1853 803 2109 876; x_wconf 49' lang='lat' dir='ltr'><strong>quevait&#39;:</strong></span> 
     </span>
    </p>
   </div>
   <div class='ocr_carea' id='block_1_7' title="bbox 155 893 3443 967">
    <p class='ocr_par' dir='ltr' id='par_1_7' title="bbox 155 893 3443 967">
     <span class='ocr_line' id='line_1_7' title="bbox 155 893 3443 967; baseline 0.001 -15"><span class='ocrx_word' id='word_1_77' title='bbox 155 896 534 952; x_wconf 87' lang='lat' dir='ltr'><strong>indesinenter</strong></span> <span class='ocrx_word' id='word_1_78' title='bbox 561 901 622 950; x_wconf 91' lang='lat' dir='ltr'><strong>ut</strong></span> <span class='ocrx_word' id='word_1_79' title='bbox 653 893 846 951; x_wconf 86' lang='lat' dir='ltr'><strong>audias</strong></span> <span class='ocrx_word' id='word_1_80' title='bbox 887 895 1073 952; x_wconf 88' lang='lat' dir='ltr'><strong>tubam</strong></span> <span class='ocrx_word' id='word_1_81' title='bbox 1110 895 1397 964; x_wconf 87' lang='lat' dir='ltr'><strong>salutaris;</strong></span> <span class='ocrx_word' id='word_1_82' title='bbox 1441 897 1571 966; x_wconf 87' lang='lat' dir='ltr'><strong>quia</strong></span> <span class='ocrx_word' id='word_1_83' title='bbox 1607 912 1750 952; x_wconf 87' lang='lat' dir='ltr'><strong>nun—</strong></span> <span class='ocrx_word' id='word_1_84' title='bbox 1922 896 2199 952; x_wconf 86' lang='lat' dir='ltr'><strong>Descendit</strong></span> <span class='ocrx_word' id='word_1_85' title='bbox 2218 896 2415 967; x_wconf 78' lang='lat' dir='ltr'><strong>pluvia,</strong></span> <span class='ocrx_word' id='word_1_86' title='bbox 2439 906 2685 952; x_wconf 80' lang='lat' dir='ltr'><strong>venerunt</strong></span> <span class='ocrx_word' id='word_1_87' title='bbox 2704 897 2947 967; x_wconf 79' lang='lat' dir='ltr'><strong>flumina,</strong></span> <span class='ocrx_word' id='word_1_88' title='bbox 2975 897 3234 967; x_wconf 75' lang='lat' dir='ltr'><strong>ﬂaverant</strong></span> <span class='ocrx_word' id='word_1_89' title='bbox 3281 901 3443 965; x_wconf 84' lang='lat' dir='ltr'><strong>venti,</strong></span> 
     </span>
    </p>
   </div>
   <div class='ocr_carea' id='block_1_8' title="bbox 155 985 3440 1062">
    <p class='ocr_par' dir='ltr' id='par_1_8' title="bbox 155 985 3440 1062">
     <span class='ocr_line' id='line_1_8' title="bbox 155 985 3440 1062; baseline 0.001 -20"><span class='ocrx_word' id='word_1_90' title='bbox 155 1003 323 1057; x_wconf 88' lang='lat' dir='ltr'><strong>quam</strong></span> <span class='ocrx_word' id='word_1_91' title='bbox 356 987 555 1042; x_wconf 85' lang='lat' dir='ltr'><strong>desunt</strong></span> <span class='ocrx_word' id='word_1_92' title='bbox 600 985 808 1054; x_wconf 85' lang='lat' dir='ltr'><strong>hostes,</strong></span> <span class='ocrx_word' id='word_1_93' title='bbox 855 996 1049 1044; x_wconf 88' lang='lat' dir='ltr'><strong>contra</strong></span> <span class='ocrx_word' id='word_1_94' title='bbox 1090 1005 1227 1060; x_wconf 93' lang='lat' dir='ltr'><strong>quos</strong></span> <span class='ocrx_word' id='word_1_95' title='bbox 1254 989 1609 1062; x_wconf 69' lang='lat' dir='ltr'><strong>praeliandum</strong></span> <span class='ocrx_word' id='word_1_96' title='bbox 1645 999 1748 1047; x_wconf 88' lang='lat' dir='ltr'><strong>est.</strong></span> <span class='ocrx_word' id='word_1_97' title='bbox 1853 999 1902 1043; x_wconf 89' lang='lat' dir='ltr'><strong>et</strong></span> <span class='ocrx_word' id='word_1_98' title='bbox 1925 988 2193 1044; x_wconf 85' lang='lat' dir='ltr'><strong>irruerunt</strong></span> <span class='ocrx_word' id='word_1_99' title='bbox 2221 989 2277 1042; x_wconf 88' lang='lat' dir='ltr'><strong>in</strong></span> <span class='ocrx_word' id='word_1_100' title='bbox 2305 989 2517 1044; x_wconf 88' lang='lat' dir='ltr'><strong>domum</strong></span> <span class='ocrx_word' id='word_1_101' title='bbox 2539 988 2711 1055; x_wconf 89' lang='lat' dir='ltr'><strong>illam,</strong></span> <span class='ocrx_word' id='word_1_102' title='bbox 2743 999 2791 1044; x_wconf 87' lang='lat' dir='ltr'><strong>et</strong></span> <span class='ocrx_word' id='word_1_103' title='bbox 2815 1006 2920 1044; x_wconf 86' lang='lat' dir='ltr'><strong>non</strong></span> <span class='ocrx_word' id='word_1_104' title='bbox 2943 989 3147 1044; x_wconf 88' lang='lat' dir='ltr'><strong>cecidit.</strong></span> <span class='ocrx_word' id='word_1_105' title='bbox 3190 989 3294 1046; x_wconf 86' lang='lat' dir='ltr'><strong>Per</strong></span> <span class='ocrx_word' id='word_1_106' title='bbox 3319 990 3440 1061; x_wconf 86' lang='lat' dir='ltr'><strong>plu-</strong></span> 
     </span>
    </p>
   </div>
   <div class='ocr_carea' id='block_1_9' title="bbox 155 1080 3447 1155">
    <p class='ocr_par' dir='ltr' id='par_1_9' title="bbox 155 1080 3447 1155">
     <span class='ocr_line' id='line_1_9' title="bbox 155 1080 3447 1155; baseline -0 -19"><span class='ocrx_word' id='word_1_107' title='bbox 155 1080 346 1152; x_wconf 79' lang='lat' dir='ltr'><strong>Neque</strong></span> <span class='ocrx_word' id='word_1_108' title='bbox 368 1080 524 1137; x_wconf 86' lang='lat' dir='ltr'><strong>cibus</strong></span> <span class='ocrx_word' id='word_1_109' title='bbox 541 1081 702 1136; x_wconf 89' lang='lat' dir='ltr'><strong>unius</strong></span> <span class='ocrx_word' id='word_1_110' title='bbox 721 1080 828 1136; x_wconf 90' lang='lat' dir='ltr'><strong>diei</strong></span> <span class='ocrx_word' id='word_1_111' title='bbox 857 1080 1053 1138; x_wconf 78' lang='lat' dir='ltr'><strong>sufﬁcit</strong></span> <span class='ocrx_word' id='word_1_112' title='bbox 1081 1082 1150 1139; x_wconf 90' lang='lat' dir='ltr'><strong>ad</strong></span> <span class='ocrx_word' id='word_1_113' title='bbox 1176 1097 1394 1139; x_wconf 90' lang='lat' dir='ltr'><strong>omnem</strong></span> <span class='ocrx_word' id='word_1_114' title='bbox 1421 1083 1593 1139; x_wconf 89' lang='lat' dir='ltr'><strong>vitam</strong></span> <span class='ocrx_word' id='word_1_115' title='bbox 1618 1098 1754 1155; x_wconf 79' lang='lat' dir='ltr'><strong>prae-</strong></span> <span class='ocrx_word' id='word_1_116' title='bbox 1851 1083 1970 1139; x_wconf 90' lang='lat' dir='ltr'><strong>vias</strong></span> <span class='ocrx_word' id='word_1_117' title='bbox 1991 1097 2139 1154; x_wconf 85' lang='lat' dir='ltr'><strong>ergo,</strong></span> <span class='ocrx_word' id='word_1_118' title='bbox 2162 1081 2390 1140; x_wconf 89' lang='lat' dir='ltr'><strong>blandas</strong></span> <span class='ocrx_word' id='word_1_119' title='bbox 2417 1080 2753 1151; x_wconf 86' lang='lat' dir='ltr'><strong>voluptatum</strong></span> <span class='ocrx_word' id='word_1_120' title='bbox 2791 1080 3094 1146; x_wconf 88' lang='lat' dir='ltr'><strong>illecebras,</strong></span> <span class='ocrx_word' id='word_1_121' title='bbox 3148 1088 3203 1136; x_wconf 89' lang='lat' dir='ltr'><strong>et</strong></span> <span class='ocrx_word' id='word_1_122' title='bbox 3245 1081 3447 1137; x_wconf 86' lang='lat' dir='ltr'><strong>sensim</strong></span> 
     </span>
    </p>
   </div>
   <div class='ocr_carea' id='block_1_10' title="bbox 3489 881 3518 894">
    <p class='ocr_par' dir='ltr' id='par_1_10' title="bbox 3489 881 3518 894">
     <span class='ocr_line' id='line_1_10' title="bbox 3489 881 3518 894; baseline 0 -2"><span class='ocrx_word' id='word_1_123' title='bbox 3489 881 3518 894; x_wconf 62' lang='grc' dir='ltr'><strong>ρ</strong></span> 
     </span>
    </p>
   </div>
   <div class='ocr_carea' id='block_1_11' title="bbox 156 1172 1752 1246">
    <p class='ocr_par' dir='ltr' id='par_1_11' title="bbox 156 1172 1752 1246">
     <span class='ocr_line' id='line_1_11' title="bbox 156 1172 1752 1246; baseline -0.001 -14"><span class='ocrx_word' id='word_1_124' title='bbox 156 1175 332 1232; x_wconf 89' lang='lat' dir='ltr'><strong>sentis</strong></span> <span class='ocrx_word' id='word_1_125' title='bbox 361 1172 575 1242; x_wconf 62' lang='lat' dir='ltr'><strong>saeculi;</strong></span> <span class='ocrx_word' id='word_1_126' title='bbox 605 1181 664 1228; x_wconf 92' lang='lat' dir='ltr'><strong>et</strong></span> <span class='ocrx_word' id='word_1_127' title='bbox 691 1172 816 1230; x_wconf 89' lang='lat' dir='ltr'><strong>ideo</strong></span> <span class='ocrx_word' id='word_1_128' title='bbox 847 1173 1053 1246; x_wconf 85' lang='lat' dir='ltr'><strong>jugiter</strong></span> <span class='ocrx_word' id='word_1_129' title='bbox 1081 1174 1392 1231; x_wconf 90' lang='lat' dir='ltr'><strong>meditanda</strong></span> <span class='ocrx_word' id='word_1_130' title='bbox 1419 1183 1549 1231; x_wconf 91' lang='lat' dir='ltr'><strong>sunt</strong></span> <span class='ocrx_word' id='word_1_131' title='bbox 1584 1175 1752 1232; x_wconf 89' lang='lat' dir='ltr'><strong>verba</strong></span> 
     </span>
    </p>
   </div>
   <div class='ocr_carea' id='block_1_12' title="bbox 156 1265 1784 1339">
    <p class='ocr_par' dir='ltr' id='par_1_12' title="bbox 156 1265 1784 1339">
     <span class='ocr_line' id='line_1_12' title="bbox 156 1265 1784 1339; baseline -0.002 -16"><span class='ocrx_word' id='word_1_132' title='bbox 156 1267 589 1339; x_wconf 89' lang='lat' dir='ltr'><strong>Scripturarum,</strong></span> <span class='ocrx_word' id='word_1_133' title='bbox 621 1274 887 1336; x_wconf 87' lang='lat' dir='ltr'><strong>quatenus</strong></span> <span class='ocrx_word' id='word_1_134' title='bbox 911 1281 980 1322; x_wconf 83' lang='lat' dir='ltr'><strong>ex</strong></span> <span class='ocrx_word' id='word_1_135' title='bbox 1009 1266 1096 1322; x_wconf 90' lang='lat' dir='ltr'><strong>his</strong></span> <span class='ocrx_word' id='word_1_136' title='bbox 1133 1266 1306 1321; x_wconf 88' lang='lat' dir='ltr'><strong>vitam</strong></span> <span class='ocrx_word' id='word_1_137' title='bbox 1333 1265 1650 1329; x_wconf 85' lang='lat' dir='ltr'><strong>habeamus,</strong></span> <span class='ocrx_word' id='word_1_138' title='bbox 1669 1274 1752 1339; x_wconf 80' lang='lat' dir='ltr'><strong>et,</strong></span> <span class='ocrx_word' id='word_1_139' title='bbox 1777 1327 1784 1334; x_wconf 50' lang='grc'><em>,</em></span> 
     </span>
    </p>
   </div>
   <div class='ocr_carea' id='block_1_13' title="bbox 156 1334 1748 1428">
    <p class='ocr_par' dir='ltr' id='par_1_13' title="bbox 156 1334 1748 1428">
     <span class='ocr_line' id='line_1_13' title="bbox 156 1334 1748 1428; baseline 0.001 -16"><span class='ocrx_word' id='word_1_140' title='bbox 156 1334 302 1414; x_wconf 78' lang='lat' dir='ltr'><strong>unde</strong></span> <span class='ocrx_word' id='word_1_141' title='bbox 327 1356 584 1424; x_wconf 84' lang='lat' dir='ltr'><strong>vivimus,</strong></span> <span class='ocrx_word' id='word_1_142' title='bbox 611 1334 1005 1414; x_wconf 74' lang='lat' dir='ltr'><strong>exercitatione</strong></span> <span class='ocrx_word' id='word_1_143' title='bbox 1030 1357 1214 1427; x_wconf 87' lang='lat' dir='ltr'><strong>operis</strong></span> <span class='ocrx_word' id='word_1_144' title='bbox 1242 1373 1555 1428; x_wconf 90' lang='lat' dir='ltr'><strong>pascamur.</strong></span> <span class='ocrx_word' id='word_1_145' title='bbox 1596 1334 1748 1414; x_wconf 80' lang='lat' dir='ltr'><strong>Alio-</strong></span> 
     </span>
    </p>
   </div>
   <div class='ocr_carea' id='block_1_14' title="bbox 155 1454 1752 1527">
    <p class='ocr_par' dir='ltr' id='par_1_14' title="bbox 155 1454 1752 1527">
     <span class='ocr_line' id='line_1_14' title="bbox 155 1454 1752 1527; baseline 0.002 -18"><span class='ocrx_word' id='word_1_146' title='bbox 155 1456 292 1526; x_wconf 87' lang='lat' dir='ltr'><strong>quin</strong></span> <span class='ocrx_word' id='word_1_147' title='bbox 347 1470 449 1511; x_wconf 90' lang='lat' dir='ltr'><strong>nec</strong></span> <span class='ocrx_word' id='word_1_148' title='bbox 475 1466 626 1511; x_wconf 89' lang='lat' dir='ltr'><strong>recte</strong></span> <span class='ocrx_word' id='word_1_149' title='bbox 672 1455 968 1511; x_wconf 90' lang='lat' dir='ltr'><strong>audiuntur</strong></span> <span class='ocrx_word' id='word_1_150' title='bbox 990 1456 1154 1512; x_wconf 87' lang='lat' dir='ltr'><strong>verba</strong></span> <span class='ocrx_word' id='word_1_151' title='bbox 1183 1456 1302 1512; x_wconf 89' lang='lat' dir='ltr'><strong>sine</strong></span> <span class='ocrx_word' id='word_1_152' title='bbox 1329 1454 1508 1512; x_wconf 90' lang='lat' dir='ltr'><strong>fructu</strong></span> <span class='ocrx_word' id='word_1_153' title='bbox 1549 1455 1752 1527; x_wconf 91' lang='lat' dir='ltr'><strong>operis,</strong></span> 
     </span>
    </p>
   </div>
   <div class='ocr_carea' id='block_1_15' title="bbox 155 1546 1753 1618">
    <p class='ocr_par' dir='ltr' id='par_1_15' title="bbox 155 1546 1753 1618">
     <span class='ocr_line' id='line_1_15' title="bbox 155 1546 1753 1618; baseline 0.001 -17"><span class='ocrx_word' id='word_1_154' title='bbox 155 1563 266 1604; x_wconf 89' lang='lat' dir='ltr'><strong>nec</strong></span> <span class='ocrx_word' id='word_1_155' title='bbox 328 1556 476 1604; x_wconf 90' lang='lat' dir='ltr'><strong>recte</strong></span> <span class='ocrx_word' id='word_1_156' title='bbox 536 1555 795 1618; x_wconf 89' lang='lat' dir='ltr'><strong>operatur</strong></span> <span class='ocrx_word' id='word_1_157' title='bbox 849 1546 969 1604; x_wconf 92' lang='lat' dir='ltr'><strong>sine</strong></span> <span class='ocrx_word' id='word_1_158' title='bbox 1019 1549 1143 1604; x_wconf 92' lang='lat' dir='ltr'><strong>cibo</strong></span> <span class='ocrx_word' id='word_1_159' title='bbox 1211 1557 1378 1605; x_wconf 66' lang='lat' dir='ltr'><strong>tantae</strong></span> <span class='ocrx_word' id='word_1_160' title='bbox 1431 1548 1753 1605; x_wconf 88' lang='lat' dir='ltr'><strong>dulcedinis.</strong></span> 
     </span>
    </p>
   </div>
   <div class='ocr_carea' id='block_1_16' title="bbox 160 1636 1758 1708">
    <p class='ocr_par' dir='ltr' id='par_1_16' title="bbox 160 1636 1758 1708">
     <span class='ocr_line' id='line_1_16' title="bbox 160 1636 1758 1708; baseline 0.002 -17"><span class='ocrx_word' id='word_1_161' title='bbox 160 1637 323 1705; x_wconf 84' lang='lat' dir='ltr'><strong>Quod</strong></span> <span class='ocrx_word' id='word_1_162' title='bbox 344 1637 436 1708; x_wconf 89' lang='lat' dir='ltr'><strong>qui</strong></span> <span class='ocrx_word' id='word_1_163' title='bbox 458 1645 754 1708; x_wconf 89' lang='lat' dir='ltr'><strong>utrumque</strong></span> <span class='ocrx_word' id='word_1_164' title='bbox 793 1636 976 1704; x_wconf 89' lang='lat' dir='ltr'><strong>simul,</strong></span> <span class='ocrx_word' id='word_1_165' title='bbox 999 1638 1095 1704; x_wconf 90' lang='lat' dir='ltr'><strong>ait,</strong></span> <span class='ocrx_word' id='word_1_166' title='bbox 1133 1646 1189 1693; x_wconf 91' lang='lat' dir='ltr'><strong>et</strong></span> <span class='ocrx_word' id='word_1_167' title='bbox 1210 1647 1358 1694; x_wconf 90' lang='lat' dir='ltr'><strong>recte</strong></span> <span class='ocrx_word' id='word_1_168' title='bbox 1384 1638 1636 1694; x_wconf 87' lang='lat' dir='ltr'><strong>videlicet</strong></span> <span class='ocrx_word' id='word_1_169' title='bbox 1661 1653 1758 1694; x_wconf 87' lang='lat' dir='ltr'><strong>au-</strong></span> 
     </span>
    </p>
   </div>
   <div class='ocr_carea' id='block_1_17' title="bbox 158 1729 1757 1802">
    <p class='ocr_par' dir='ltr' id='par_1_17' title="bbox 158 1729 1757 1802">
     <span class='ocr_line' id='line_1_17' title="bbox 158 1729 1757 1802; baseline 0.002 -17"><span class='ocrx_word' id='word_1_170' title='bbox 158 1731 262 1796; x_wconf 91' lang='lat' dir='ltr'><strong>dit,</strong></span> <span class='ocrx_word' id='word_1_171' title='bbox 290 1731 483 1787; x_wconf 91' lang='lat' dir='ltr'><strong>deinde</strong></span> <span class='ocrx_word' id='word_1_172' title='bbox 529 1729 664 1787; x_wconf 80' lang='lat' dir='ltr'><strong>facit</strong></span> <span class='ocrx_word' id='word_1_173' title='bbox 689 1731 851 1788; x_wconf 90' lang='lat' dir='ltr'><strong>verba</strong></span> <span class='ocrx_word' id='word_1_174' title='bbox 879 1747 1001 1802; x_wconf 69' lang='lat' dir='ltr'><strong>quae</strong></span> <span class='ocrx_word' id='word_1_175' title='bbox 1042 1732 1214 1800; x_wconf 85' lang='lat' dir='ltr'><strong>audit,</strong></span> <span class='ocrx_word' id='word_1_176' title='bbox 1243 1731 1497 1788; x_wconf 88' lang='lat' dir='ltr'><strong>videlicet</strong></span> <span class='ocrx_word' id='word_1_177' title='bbox 1523 1748 1586 1788; x_wconf 89' lang='lat' dir='ltr'><strong>ea</strong></span> <span class='ocrx_word' id='word_1_178' title='bbox 1611 1733 1757 1788; x_wconf 92' lang='lat' dir='ltr'><strong>intus</strong></span> 
     </span>
    </p>
   </div>
   <div class='ocr_carea' id='block_1_18' title="bbox 1855 1171 3442 1245">
    <p class='ocr_par' dir='ltr' id='par_1_18' title="bbox 1855 1171 3442 1245">
     <span class='ocr_line' id='line_1_18' title="bbox 1855 1171 3442 1245; baseline -0.003 -15"><span class='ocrx_word' id='word_1_179' title='bbox 1855 1175 2191 1232; x_wconf 85' lang='lat' dir='ltr'><strong>illabentium</strong></span> <span class='ocrx_word' id='word_1_180' title='bbox 2257 1174 2818 1245; x_wconf 87' lang='lat' dir='ltr'><strong>concupiscentiarum</strong></span> <span class='ocrx_word' id='word_1_181' title='bbox 2892 1172 3096 1230; x_wconf 88' lang='lat' dir='ltr'><strong>imbres</strong></span> <span class='ocrx_word' id='word_1_182' title='bbox 3151 1171 3442 1244; x_wconf 77' lang='lat' dir='ltr'><strong>significat.</strong></span> 
     </span>
    </p>
   </div>
   <div class='ocr_carea' id='block_1_19' title="bbox 1857 1265 3444 1340">
    <p class='ocr_par' dir='ltr' id='par_1_19' title="bbox 1857 1265 3444 1340">
     <span class='ocr_line' id='line_1_19' title="bbox 1857 1265 3444 1340; baseline -0.003 -16"><span class='ocrx_word' id='word_1_183' title='bbox 1857 1268 2062 1338; x_wconf 85' lang='lat' dir='ltr'><strong>Quibus</strong></span> <span class='ocrx_word' id='word_1_184' title='bbox 2084 1267 2320 1340; x_wconf 87' lang='lat' dir='ltr'><strong>primum</strong></span> <span class='ocrx_word' id='word_1_185' title='bbox 2345 1267 2502 1334; x_wconf 90' lang='lat' dir='ltr'><strong>ﬁdes,</strong></span> <span class='ocrx_word' id='word_1_186' title='bbox 2552 1267 2708 1322; x_wconf 92' lang='lat' dir='ltr'><strong>rimis</strong></span> <span class='ocrx_word' id='word_1_187' title='bbox 2731 1267 3041 1338; x_wconf 89' lang='lat' dir='ltr'><strong>patentibus</strong></span> <span class='ocrx_word' id='word_1_188' title='bbox 3085 1265 3444 1336; x_wconf 79' lang='lat' dir='ltr'><strong>negligentia-</strong></span> 
     </span>
    </p>
   </div>
   <div class='ocr_carea' id='block_1_20' title="bbox 1857 1360 3448 1433">
    <p class='ocr_par' dir='ltr' id='par_1_20' title="bbox 1857 1360 3448 1433">
     <span class='ocr_line' id='line_1_20' title="bbox 1857 1360 3448 1433; baseline -0.004 -11"><span class='ocrx_word' id='word_1_189' title='bbox 1857 1382 2000 1432; x_wconf 90' lang='lat' dir='ltr'><strong>rum,</strong></span> <span class='ocrx_word' id='word_1_190' title='bbox 2036 1364 2319 1430; x_wconf 89' lang='lat' dir='ltr'><strong>madescit,</strong></span> <span class='ocrx_word' id='word_1_191' title='bbox 2341 1372 2397 1420; x_wconf 90' lang='lat' dir='ltr'><strong>et</strong></span> <span class='ocrx_word' id='word_1_192' title='bbox 2418 1361 2732 1419; x_wconf 87' lang='lat' dir='ltr'><strong>dissolvitur</strong></span> <span class='ocrx_word' id='word_1_193' title='bbox 2756 1361 2903 1433; x_wconf 88' lang='lat' dir='ltr'><strong>rigor</strong></span> <span class='ocrx_word' id='word_1_194' title='bbox 2931 1361 3078 1427; x_wconf 88' lang='lat' dir='ltr'><strong>ﬁdei,</strong></span> <span class='ocrx_word' id='word_1_195' title='bbox 3114 1369 3169 1415; x_wconf 91' lang='lat' dir='ltr'><strong>et</strong></span> <span class='ocrx_word' id='word_1_196' title='bbox 3187 1360 3448 1416; x_wconf 87' lang='lat' dir='ltr'><strong>fortitudo</strong></span> 
     </span>
    </p>
   </div>
   <div class='ocr_carea' id='block_1_21' title="bbox 1858 1451 3489 1531">
    <p class='ocr_par' dir='ltr' id='par_1_21' title="bbox 1858 1451 3489 1531">
     <span class='ocr_line' id='line_1_21' title="bbox 1858 1451 3489 1531; baseline -0.006 -16"><span class='ocrx_word' id='word_1_197' title='bbox 1858 1458 2140 1515; x_wconf 86' lang='lat' dir='ltr'><strong>charitatis</strong></span> <span class='ocrx_word' id='word_1_198' title='bbox 2187 1457 2572 1527; x_wconf 86' lang='lat' dir='ltr'><strong>corrumpitur.</strong></span> <span class='ocrx_word' id='word_1_199' title='bbox 2653 1454 2809 1512; x_wconf 89' lang='lat' dir='ltr'><strong>Unde</strong></span> <span class='ocrx_word' id='word_1_200' title='bbox 2853 1453 3087 1510; x_wconf 69' lang='lat' dir='ltr'><strong>Iacobus</strong></span> <span class='ocrx_word' id='word_1_201' title='bbox 3132 1471 3145 1506; x_wconf 89' lang='lat'>:</span> <span class='ocrx_word' id='word_1_202' title='bbox 3196 1451 3489 1531; x_wconf 38' lang='lat' dir='ltr'><strong>Tentatur‘</strong></span> 
     </span>
    </p>
   </div>
   <div class='ocr_carea' id='block_1_22' title="bbox 1858 1545 3452 1623">
    <p class='ocr_par' dir='ltr' id='par_1_22' title="bbox 1858 1545 3452 1623">
     <span class='ocr_line' id='line_1_22' title="bbox 1858 1545 3452 1623; baseline -0.006 -17"><span class='ocrx_word' id='word_1_203' title='bbox 1858 1551 2212 1623; x_wconf 75' lang='lat' dir='ltr'><strong>unusquisque</strong></span> <span class='ocrx_word' id='word_1_204' title='bbox 2231 1567 2265 1604; x_wconf 92' lang='lat' dir='ltr'><strong>a</strong></span> <span class='ocrx_word' id='word_1_205' title='bbox 2289 1548 2707 1620; x_wconf 76' lang='lat' dir='ltr'><strong>concupiscentia</strong></span> <span class='ocrx_word' id='word_1_206' title='bbox 2732 1563 2832 1602; x_wconf 84' lang='lat' dir='ltr'><strong>sua</strong></span> <span class='ocrx_word' id='word_1_207' title='bbox 2860 1545 3064 1601; x_wconf 80' lang='lat' dir='ltr'><strong>illectus</strong></span> <span class='ocrx_word' id='word_1_208' title='bbox 3085 1553 3135 1600; x_wconf 85' lang='lat' dir='ltr'><strong>et</strong></span> <span class='ocrx_word' id='word_1_209' title='bbox 3157 1545 3452 1599; x_wconf 82' lang='lat' dir='ltr'><strong>abstractus</strong></span> 
     </span>
    </p>
   </div>
   <div class='ocr_carea' id='block_1_23' title="bbox 1860 1635 3452 1714">
    <p class='ocr_par' dir='ltr' id='par_1_23' title="bbox 1860 1635 3452 1714">
     <span class='ocr_line' id='line_1_23' title="bbox 1860 1635 3452 1714; baseline -0.006 -15"><span class='ocrx_word' id='word_1_210' title='bbox 1860 1644 2002 1714; x_wconf 84' lang='lat' dir='ltr'><strong>(Jac.</strong></span> <span class='ocrx_word' id='word_1_211' title='bbox 2031 1660 2074 1710; x_wconf 90' lang='grc' dir='ltr'>ι,</span> <span class='ocrx_word' id='word_1_212' title='bbox 2098 1644 2208 1714; x_wconf 70' lang='grc'><strong>14).</strong></span> <span class='ocrx_word' id='word_1_213' title='bbox 2238 1642 2374 1698; x_wconf 88' lang='lat' dir='ltr'><strong>Cum</strong></span> <span class='ocrx_word' id='word_1_214' title='bbox 2413 1642 2557 1698; x_wconf 91' lang='lat' dir='ltr'><strong>enim</strong></span> <span class='ocrx_word' id='word_1_215' title='bbox 2596 1655 2752 1698; x_wconf 90' lang='lat' dir='ltr'><strong>mens</strong></span> <span class='ocrx_word' id='word_1_216' title='bbox 2793 1639 2972 1696; x_wconf 89' lang='lat' dir='ltr'><strong>carnis</strong></span> <span class='ocrx_word' id='word_1_217' title='bbox 3015 1635 3452 1708; x_wconf 87' lang='lat' dir='ltr'><strong>concupiscentia</strong></span> 
     </span>
    </p>
   </div>
   <div class='ocr_carea' id='block_1_24' title="bbox 1861 1727 3454 1806">
    <p class='ocr_par' dir='ltr' id='par_1_24' title="bbox 1861 1727 3454 1806">
     <span class='ocr_line' id='line_1_24' title="bbox 1861 1727 3454 1806; baseline -0.005 -16"><span class='ocrx_word' id='word_1_218' title='bbox 1861 1735 2180 1802; x_wconf 87' lang='lat' dir='ltr'><strong>inebriatur,</strong></span> <span class='ocrx_word' id='word_1_219' title='bbox 2205 1734 2362 1805; x_wconf 89' lang='lat' dir='ltr'><strong>quasi</strong></span> <span class='ocrx_word' id='word_1_220' title='bbox 2391 1734 2589 1806; x_wconf 89' lang='lat' dir='ltr'><strong>pluviis</strong></span> <span class='ocrx_word' id='word_1_221' title='bbox 2608 1749 2641 1788; x_wconf 91' lang='lat' dir='ltr'><strong>a</strong></span> <span class='ocrx_word' id='word_1_222' title='bbox 2666 1734 2846 1804; x_wconf 83' lang='lat' dir='ltr'><strong>rigore</strong></span> <span class='ocrx_word' id='word_1_223' title='bbox 2867 1731 2951 1789; x_wconf 91' lang='lat' dir='ltr'><strong>sui</strong></span> <span class='ocrx_word' id='word_1_224' title='bbox 2983 1739 3160 1787; x_wconf 89' lang='lat' dir='ltr'><strong>status</strong></span> <span class='ocrx_word' id='word_1_225' title='bbox 3206 1727 3454 1785; x_wconf 87' lang='lat' dir='ltr'><strong>dissolvi-</strong></span> 
     </span>
    </p>
   </div>
   <div class='ocr_carea' id='block_1_25' title="bbox 156 1812 3453 1895">
    <p class='ocr_par' dir='ltr' id='par_1_25' title="bbox 156 1812 3453 1895">
     <span class='ocr_line' id='line_1_25' title="bbox 156 1812 3453 1895; baseline -0.001 -19"><span class='ocrx_word' id='word_1_226' title='bbox 156 1837 283 1890; x_wconf 72' lang='lat' dir='ltr'><strong>qum</strong></span> <span class='ocrx_word' id='word_1_227' title='bbox 307 1821 474 1878; x_wconf 89' lang='lat' dir='ltr'><strong>verba</strong></span> <span class='ocrx_word' id='word_1_228' title='bbox 531 1821 686 1877; x_wconf 90' lang='lat' dir='ltr'><strong>audit</strong></span> <span class='ocrx_word' id='word_1_229' title='bbox 728 1839 742 1878; x_wconf 91' lang='lat'><strong>:</strong></span> <span class='ocrx_word' id='word_1_230' title='bbox 798 1820 1057 1878; x_wconf 83' lang='lat' dir='ltr'><strong>Similabo</strong></span> <span class='ocrx_word' id='word_1_231' title='bbox 1109 1840 1250 1888; x_wconf 87' lang='lat' dir='ltr'><strong>eum,</strong></span> <span class='ocrx_word' id='word_1_232' title='bbox 1279 1823 1476 1894; x_wconf 84' lang='lat' dir='ltr'><strong>inquit,</strong></span> <span class='ocrx_word' id='word_1_233' title='bbox 1526 1825 1636 1880; x_wconf 85' lang='lat' dir='ltr'><strong>viro</strong></span> <span class='ocrx_word' id='word_1_234' title='bbox 1672 1843 1760 1880; x_wconf 86' lang='lat' dir='ltr'><strong>sa-</strong></span> <span class='ocrx_word' id='word_1_235' title='bbox 1785 1812 1834 1873; x_wconf 86' lang='grc' dir='ltr'><strong>Β</strong></span> <span class='ocrx_word' id='word_1_236' title='bbox 1861 1832 1968 1880; x_wconf 91' lang='lat' dir='ltr'><strong>tur.</strong></span> <span class='ocrx_word' id='word_1_237' title='bbox 2009 1826 2088 1880; x_wconf 90' lang='lat' dir='ltr'><strong>De</strong></span> <span class='ocrx_word' id='word_1_238' title='bbox 2117 1823 2314 1895; x_wconf 92' lang='lat' dir='ltr'><strong>quibus</strong></span> <span class='ocrx_word' id='word_1_239' title='bbox 2349 1823 2594 1894; x_wconf 86' lang='lat' dir='ltr'><strong>profecto</strong></span> <span class='ocrx_word' id='word_1_240' title='bbox 2617 1822 2832 1894; x_wconf 90' lang='lat' dir='ltr'><strong>pluviis,</strong></span> <span class='ocrx_word' id='word_1_241' title='bbox 2877 1821 2934 1877; x_wconf 76' lang='lat' dir='ltr'><strong>in</strong></span> <span class='ocrx_word' id='word_1_242' title='bbox 2975 1833 3208 1891; x_wconf 89' lang='lat' dir='ltr'><strong>persona</strong></span> <span class='ocrx_word' id='word_1_243' title='bbox 3263 1831 3453 1873; x_wconf 88' lang='lat' dir='ltr'><strong>eorum</strong></span> 
     </span>
    </p>
   </div>
   <div class='ocr_carea' id='block_1_26' title="bbox 152 1913 1753 1986">
    <p class='ocr_par' dir='ltr' id='par_1_26' title="bbox 152 1913 1753 1986">
     <span class='ocr_line' id='line_1_26' title="bbox 152 1913 1753 1986; baseline 0.003 -20"><span class='ocrx_word' id='word_1_244' title='bbox 152 1915 344 1984; x_wconf 82' lang='lat' dir='ltr'><strong>pienti,</strong></span> <span class='ocrx_word' id='word_1_245' title='bbox 384 1915 474 1985; x_wconf 85' lang='lat' dir='ltr'><strong>qui</strong></span> <span class='ocrx_word' id='word_1_246' title='bbox 516 1913 799 1982; x_wconf 67' lang='lat' dir='ltr'><strong>aediﬁcavit</strong></span> <span class='ocrx_word' id='word_1_247' title='bbox 848 1914 1064 1970; x_wconf 83' lang='lat' dir='ltr'><strong>domum</strong></span> <span class='ocrx_word' id='word_1_248' title='bbox 1111 1933 1264 1970; x_wconf 88' lang='lat' dir='ltr'><strong>suam</strong></span> <span class='ocrx_word' id='word_1_249' title='bbox 1318 1929 1481 1986; x_wconf 88' lang='lat' dir='ltr'><strong>supra</strong></span> <span class='ocrx_word' id='word_1_250' title='bbox 1530 1928 1753 1986; x_wconf 87' lang='lat' dir='ltr'><strong>petram.</strong></span> 
     </span>
    </p>
   </div>
   <div class='ocr_carea' id='block_1_27' title="bbox 157 2007 1758 2081">
    <p class='ocr_par' dir='ltr' id='par_1_27' title="bbox 157 2007 1758 2081">
     <span class='ocr_line' id='line_1_27' title="bbox 157 2007 1758 2081; baseline 0.002 -19"><span class='ocrx_word' id='word_1_251' title='bbox 157 2007 525 2075; x_wconf 64' lang='lat' dir='ltr'><strong>Quaerendum</strong></span> <span class='ocrx_word' id='word_1_252' title='bbox 581 2007 764 2080; x_wconf 82' lang='lat' dir='ltr'><strong>igitur,</strong></span> <span class='ocrx_word' id='word_1_253' title='bbox 823 2007 946 2077; x_wconf 92' lang='lat' dir='ltr'><strong>quis</strong></span> <span class='ocrx_word' id='word_1_254' title='bbox 997 2008 1069 2064; x_wconf 86' lang='lat' dir='ltr'><strong>sit</strong></span> <span class='ocrx_word' id='word_1_255' title='bbox 1107 2008 1211 2065; x_wconf 88' lang='lat' dir='ltr'><strong>iste</strong></span> <span class='ocrx_word' id='word_1_256' title='bbox 1261 2009 1624 2076; x_wconf 85' lang='lat' dir='ltr'><strong>architectus,</strong></span> <span class='ocrx_word' id='word_1_257' title='bbox 1666 2010 1758 2081; x_wconf 93' lang='lat' dir='ltr'><strong>qui</strong></span> 
     </span>
    </p>
   </div>
   <div class='ocr_carea' id='block_1_28' title="bbox 156 2097 1756 2171">
    <p class='ocr_par' dir='ltr' id='par_1_28' title="bbox 156 2097 1756 2171">
     <span class='ocr_line' id='line_1_28' title="bbox 156 2097 1756 2171; baseline 0.003 -17"><span class='ocrx_word' id='word_1_258' title='bbox 156 2097 452 2154; x_wconf 62' lang='lat' dir='ltr'><strong>adificavit</strong></span> <span class='ocrx_word' id='word_1_259' title='bbox 474 2099 692 2155; x_wconf 89' lang='lat' dir='ltr'><strong>domum</strong></span> <span class='ocrx_word' id='word_1_260' title='bbox 720 2113 875 2154; x_wconf 92' lang='lat' dir='ltr'><strong>suam</strong></span> <span class='ocrx_word' id='word_1_261' title='bbox 899 2114 1062 2170; x_wconf 88' lang='lat' dir='ltr'><strong>supra</strong></span> <span class='ocrx_word' id='word_1_262' title='bbox 1091 2108 1324 2171; x_wconf 87' lang='lat' dir='ltr'><strong>petram,</strong></span> <span class='ocrx_word' id='word_1_263' title='bbox 1349 2101 1438 2157; x_wconf 90' lang='lat' dir='ltr'><strong>cui</strong></span> <span class='ocrx_word' id='word_1_264' title='bbox 1463 2102 1756 2158; x_wconf 90' lang='lat' dir='ltr'><strong>assimilari</strong></span> 
     </span>
    </p>
   </div>
   <div class='ocr_carea' id='block_1_29' title="bbox 164 2187 1760 2260">
    <p class='ocr_par' dir='ltr' id='par_1_29' title="bbox 164 2187 1760 2260">
     <span class='ocr_line' id='line_1_29' title="bbox 164 2187 1760 2260; baseline 0.004 -18"><span class='ocrx_word' id='word_1_265' title='bbox 164 2187 368 2244; x_wconf 89' lang='lat' dir='ltr'><strong>debeat</strong></span> <span class='ocrx_word' id='word_1_266' title='bbox 414 2188 461 2244; x_wconf 91' lang='lat' dir='ltr'><strong>is</strong></span> <span class='ocrx_word' id='word_1_267' title='bbox 485 2188 577 2260; x_wconf 93' lang='lat' dir='ltr'><strong>qui</strong></span> <span class='ocrx_word' id='word_1_268' title='bbox 618 2187 769 2243; x_wconf 91' lang='lat' dir='ltr'><strong>audit</strong></span> <span class='ocrx_word' id='word_1_269' title='bbox 796 2196 852 2244; x_wconf 90' lang='lat' dir='ltr'><strong>et</strong></span> <span class='ocrx_word' id='word_1_270' title='bbox 901 2187 1032 2245; x_wconf 89' lang='lat' dir='ltr'><strong>facit</strong></span> <span class='ocrx_word' id='word_1_271' title='bbox 1066 2190 1231 2246; x_wconf 87' lang='lat' dir='ltr'><strong>verba</strong></span> <span class='ocrx_word' id='word_1_272' title='bbox 1263 2189 1598 2248; x_wconf 83' lang='lat' dir='ltr'><strong>Salvatoris?</strong></span> <span class='ocrx_word' id='word_1_273' title='bbox 1641 2191 1760 2247; x_wconf 86' lang='lat' dir='ltr'><strong>Non</strong></span> 
     </span>
    </p>
   </div>
   <div class='ocr_carea' id='block_1_30' title="bbox 167 2278 1758 2350">
    <p class='ocr_par' dir='ltr' id='par_1_30' title="bbox 167 2278 1758 2350">
     <span class='ocr_line' id='line_1_30' title="bbox 167 2278 1758 2350; baseline 0.003 -17"><span class='ocrx_word' id='word_1_274' title='bbox 167 2278 323 2333; x_wconf 89' lang='lat' dir='ltr'><strong>enim</strong></span> <span class='ocrx_word' id='word_1_275' title='bbox 353 2278 664 2348; x_wconf 83' lang='lat' dir='ltr'><strong>simpliciter</strong></span> <span class='ocrx_word' id='word_1_276' title='bbox 686 2278 754 2334; x_wconf 88' lang='lat' dir='ltr'><strong>de</strong></span> <span class='ocrx_word' id='word_1_277' title='bbox 780 2278 1026 2350; x_wconf 91' lang='lat' dir='ltr'><strong>quolibet</strong></span> <span class='ocrx_word' id='word_1_278' title='bbox 1064 2280 1276 2337; x_wconf 79' lang='lat' dir='ltr'><strong>artifice</strong></span> <span class='ocrx_word' id='word_1_279' title='bbox 1302 2282 1585 2338; x_wconf 87' lang='lat' dir='ltr'><strong>domorum</strong></span> <span class='ocrx_word' id='word_1_280' title='bbox 1613 2283 1758 2338; x_wconf 89' lang='lat' dir='ltr'><strong>acci-</strong></span> 
     </span>
    </p>
   </div>
   <div class='ocr_carea' id='block_1_31' title="bbox 159 2370 1761 2445">
    <p class='ocr_par' dir='ltr' id='par_1_31' title="bbox 159 2370 1761 2445">
     <span class='ocr_line' id='line_1_31' title="bbox 159 2370 1761 2445; baseline 0.004 -21"><span class='ocrx_word' id='word_1_281' title='bbox 159 2370 430 2442; x_wconf 85' lang='lat' dir='ltr'><strong>piendum</strong></span> <span class='ocrx_word' id='word_1_282' title='bbox 479 2379 625 2441; x_wconf 92' lang='lat' dir='ltr'><strong>puto,</strong></span> <span class='ocrx_word' id='word_1_283' title='bbox 675 2386 798 2442; x_wconf 65' lang='lat' dir='ltr'><strong>quae</strong></span> <span class='ocrx_word' id='word_1_284' title='bbox 841 2387 985 2443; x_wconf 80' lang='lat' dir='ltr'><strong>saepe</strong></span> <span class='ocrx_word' id='word_1_285' title='bbox 1038 2388 1202 2444; x_wconf 89' lang='lat' dir='ltr'><strong>supra</strong></span> <span class='ocrx_word' id='word_1_286' title='bbox 1253 2382 1438 2445; x_wconf 89' lang='lat' dir='ltr'><strong>petras</strong></span> <span class='ocrx_word' id='word_1_287' title='bbox 1482 2373 1761 2432; x_wconf 66' lang='lat' dir='ltr'><strong>aedificatae</strong></span> 
     </span>
    </p>
   </div>
   <div class='ocr_carea' id='block_1_32' title="bbox 157 2460 1760 2534">
    <p class='ocr_par' dir='ltr' id='par_1_32' title="bbox 157 2460 1760 2534">
     <span class='ocr_line' id='line_1_32' title="bbox 157 2460 1760 2534; baseline 0.004 -19"><span class='ocrx_word' id='word_1_288' title='bbox 157 2460 403 2531; x_wconf 86' lang='lat' dir='ltr'><strong>impulsu</strong></span> <span class='ocrx_word' id='word_1_289' title='bbox 434 2471 718 2516; x_wconf 87' lang='lat' dir='ltr'><strong>ventorum</strong></span> <span class='ocrx_word' id='word_1_290' title='bbox 743 2461 1152 2534; x_wconf 66' lang='lat' dir='ltr'><strong>praecipitanter</strong></span> <span class='ocrx_word' id='word_1_291' title='bbox 1180 2471 1364 2530; x_wconf 92' lang='lat' dir='ltr'><strong>ruunt,</strong></span> <span class='ocrx_word' id='word_1_292' title='bbox 1413 2464 1510 2520; x_wconf 90' lang='lat' dir='ltr'><strong>sed</strong></span> <span class='ocrx_word' id='word_1_293' title='bbox 1532 2463 1672 2520; x_wconf 90' lang='lat' dir='ltr'><strong>forte</strong></span> <span class='ocrx_word' id='word_1_294' title='bbox 1693 2465 1760 2521; x_wconf 90' lang='lat' dir='ltr'><strong>de</strong></span> 
     </span>
    </p>
   </div>
   <div class='ocr_carea' id='block_1_33' title="bbox 155 2551 1762 2626">
    <p class='ocr_par' dir='ltr' id='par_1_33' title="bbox 155 2551 1762 2626">
     <span class='ocr_line' id='line_1_33' title="bbox 155 2551 1762 2626; baseline 0.002 -18"><span class='ocrx_word' id='word_1_295' title='bbox 155 2553 256 2609; x_wconf 87' lang='lat' dir='ltr'><strong>illo</strong></span> <span class='ocrx_word' id='word_1_296' title='bbox 306 2553 400 2625; x_wconf 93' lang='lat' dir='ltr'><strong>qui</strong></span> <span class='ocrx_word' id='word_1_297' title='bbox 430 2554 556 2609; x_wconf 86' lang='lat' dir='ltr'><strong>ait:</strong></span> <span class='ocrx_word' id='word_1_298' title='bbox 615 2551 686 2608; x_wconf 90' lang='lat' dir='ltr'><strong>Ut</strong></span> <span class='ocrx_word' id='word_1_299' title='bbox 731 2555 940 2626; x_wconf 84' lang='lat' dir='ltr'><strong>sapiens</strong></span> <span class='ocrx_word' id='word_1_300' title='bbox 986 2556 1303 2610; x_wconf 84' lang='lat' dir='ltr'><strong>architectus</strong></span> <span class='ocrx_word' id='word_1_301' title='bbox 1356 2556 1762 2626; x_wconf 79' lang='lat' dir='ltr'><strong>fundamentum</strong></span> 
     </span>
    </p>
   </div>
   <div class='ocr_carea' id='block_1_34' title="bbox 153 2645 1760 2719">
    <p class='ocr_par' dir='ltr' id='par_1_34' title="bbox 153 2645 1760 2719">
     <span class='ocr_line' id='line_1_34' title="bbox 153 2645 1760 2719; baseline -0.001 -17"><span class='ocrx_word' id='word_1_302' title='bbox 153 2647 314 2717; x_wconf 77' lang='lat' dir='ltr'><strong>posui</strong></span> <span class='ocrx_word' id='word_1_303' title='bbox 336 2645 389 2716; x_wconf 87' lang='grc'><strong>(1</strong></span> <span class='ocrx_word' id='word_1_304' title='bbox 418 2645 542 2702; x_wconf 87' lang='lat' dir='ltr'><strong>Cor.</strong></span> <span class='ocrx_word' id='word_1_305' title='bbox 571 2661 659 2712; x_wconf 88' lang='grc' dir='ltr'>ιιι,</span> <span class='ocrx_word' id='word_1_306' title='bbox 685 2645 796 2717; x_wconf 76' lang='grc'><strong>10).</strong></span> <span class='ocrx_word' id='word_1_307' title='bbox 831 2645 1083 2718; x_wconf 79' lang='lat' dir='ltr'><strong>Magnum</strong></span> <span class='ocrx_word' id='word_1_308' title='bbox 1120 2647 1304 2718; x_wconf 89' lang='lat' dir='ltr'><strong>itaque</strong></span> <span class='ocrx_word' id='word_1_309' title='bbox 1343 2654 1428 2703; x_wconf 92' lang='lat' dir='ltr'><strong>est</strong></span> <span class='ocrx_word' id='word_1_310' title='bbox 1449 2647 1760 2719; x_wconf 89' lang='lat' dir='ltr'><strong>quempiam</strong></span> 
     </span>
    </p>
   </div>
   <div class='ocr_carea' id='block_1_35' title="bbox 155 2729 1764 2807">
    <p class='ocr_par' dir='ltr' id='par_1_35' title="bbox 155 2729 1764 2807">
     <span class='ocr_line' id='line_1_35' title="bbox 155 2729 1764 2807; baseline 0.001 -15"><span class='ocrx_word' id='word_1_311' title='bbox 155 2736 332 2793; x_wconf 84' lang='lat' dir='ltr'><strong>Paulo</strong></span> <span class='ocrx_word' id='word_1_312' title='bbox 357 2737 672 2793; x_wconf 87' lang='lat' dir='ltr'><strong>assimilari.</strong></span> <span class='ocrx_word' id='word_1_313' title='bbox 703 2735 820 2807; x_wconf 85' lang='lat' dir='ltr'><strong>Ipse</strong></span> <span class='ocrx_word' id='word_1_314' title='bbox 838 2737 985 2792; x_wconf 88' lang='lat' dir='ltr'><strong>enim</strong></span> <span class='ocrx_word' id='word_1_315' title='bbox 1017 2738 1122 2793; x_wconf 90' lang='lat' dir='ltr'><strong>hoc</strong></span> <span class='ocrx_word' id='word_1_316' title='bbox 1145 2729 1255 2806; x_wconf 68' lang='lat' dir='ltr'><strong>ai&#39;t;</strong></span> <span class='ocrx_word' id='word_1_317' title='bbox 1287 2739 1382 2795; x_wconf 91' lang='lat' dir='ltr'><strong>sed</strong></span> <span class='ocrx_word' id='word_1_318' title='bbox 1414 2739 1460 2794; x_wconf 87' lang='lat' dir='ltr'><strong>sl</strong></span> <span class='ocrx_word' id='word_1_319' title='bbox 1488 2739 1764 2794; x_wconf 90' lang='lat' dir='ltr'><strong>veraciter</strong></span> 
     </span>
    </p>
   </div>
   <div class='ocr_carea' id='block_1_36' title="bbox 159 2827 1761 2900">
    <p class='ocr_par' dir='ltr' id='par_1_36' title="bbox 159 2827 1761 2900">
     <span class='ocr_line' id='line_1_36' title="bbox 159 2827 1761 2900; baseline 0 -16"><span class='ocrx_word' id='word_1_320' title='bbox 159 2829 512 2900; x_wconf 89' lang='lat' dir='ltr'><strong>inspicimus,</strong></span> <span class='ocrx_word' id='word_1_321' title='bbox 531 2827 704 2899; x_wconf 85' lang='lat' dir='ltr'><strong>magis</strong></span> <span class='ocrx_word' id='word_1_322' title='bbox 729 2828 906 2884; x_wconf 90' lang='lat' dir='ltr'><strong>adhuc</strong></span> <span class='ocrx_word' id='word_1_323' title='bbox 939 2838 1024 2884; x_wconf 88' lang='lat' dir='ltr'><strong>est</strong></span> <span class='ocrx_word' id='word_1_324' title='bbox 1043 2828 1189 2898; x_wconf 92' lang='lat' dir='ltr'><strong>quod</strong></span> <span class='ocrx_word' id='word_1_325' title='bbox 1218 2828 1576 2900; x_wconf 90' lang='lat' dir='ltr'><strong>promittitur.</strong></span> <span class='ocrx_word' id='word_1_326' title='bbox 1623 2829 1761 2897; x_wconf 84' lang='lat' dir='ltr'><strong>Quia</strong></span> 
     </span>
    </p>
   </div>
   <div class='ocr_carea' id='block_1_37' title="bbox 157 2920 1764 2990">
    <p class='ocr_par' dir='ltr' id='par_1_37' title="bbox 157 2920 1764 2990">
     <span class='ocr_line' id='line_1_37' title="bbox 157 2920 1764 2990; baseline -0.001 -10"><span class='ocrx_word' id='word_1_327' title='bbox 157 2925 274 2980; x_wconf 84' lang='lat' dir='ltr'><strong>nisi</strong></span> <span class='ocrx_word' id='word_1_328' title='bbox 333 2923 600 2979; x_wconf 89' lang='lat' dir='ltr'><strong>Dominus</strong></span> <span class='ocrx_word' id='word_1_329' title='bbox 623 2920 976 2978; x_wconf 65' lang='lat' dir='ltr'><strong>mdificaverit</strong></span> <span class='ocrx_word' id='word_1_330' title='bbox 1019 2923 1259 2990; x_wconf 90' lang='lat' dir='ltr'><strong>domum,</strong></span> <span class='ocrx_word' id='word_1_331' title='bbox 1295 2923 1350 2979; x_wconf 90' lang='lat' dir='ltr'><strong>in</strong></span> <span class='ocrx_word' id='word_1_332' title='bbox 1373 2939 1572 2979; x_wconf 91' lang='lat' dir='ltr'><strong>vanum</strong></span> <span class='ocrx_word' id='word_1_333' title='bbox 1613 2921 1764 2979; x_wconf 88' lang='lat' dir='ltr'><strong>labo-</strong></span> 
     </span>
    </p>
   </div>
   <div class='ocr_carea' id='block_1_38' title="bbox 155 3014 1764 3087">
    <p class='ocr_par' dir='ltr' id='par_1_38' title="bbox 155 3014 1764 3087">
     <span class='ocr_line' id='line_1_38' title="bbox 155 3014 1764 3087; baseline 0 -14"><span class='ocrx_word' id='word_1_334' title='bbox 155 3021 291 3073; x_wconf 85' lang='lat' dir='ltr'><strong>rant</strong></span> <span class='ocrx_word' id='word_1_335' title='bbox 315 3032 506 3074; x_wconf 89' lang='lat' dir='ltr'><strong>omnes</strong></span> <span class='ocrx_word' id='word_1_336' title='bbox 529 3015 622 3087; x_wconf 89' lang='lat' dir='ltr'><strong>qui</strong></span> <span class='ocrx_word' id='word_1_337' title='bbox 671 3014 943 3071; x_wconf 87' lang='lat' dir='ltr'><strong>aediﬁcant</strong></span> <span class='ocrx_word' id='word_1_338' title='bbox 970 3030 1115 3072; x_wconf 88' lang='lat' dir='ltr'><strong>eam.</strong></span> <span class='ocrx_word' id='word_1_339' title='bbox 1159 3015 1369 3073; x_wconf 87' lang='lat' dir='ltr'><strong>Idcirco</strong></span> <span class='ocrx_word' id='word_1_340' title='bbox 1409 3017 1536 3073; x_wconf 91' lang='lat' dir='ltr'><strong>licet</strong></span> <span class='ocrx_word' id='word_1_341' title='bbox 1565 3015 1764 3074; x_wconf 84' lang='lat' dir='ltr'><strong>Petrus</strong></span> 
     </span>
    </p>
   </div>
   <div class='ocr_carea' id='block_1_39' title="bbox 154 3107 1762 3179">
    <p class='ocr_par' dir='ltr' id='par_1_39' title="bbox 154 3107 1762 3179">
     <span class='ocr_line' id='line_1_39' title="bbox 154 3107 1762 3179; baseline 0.001 -13"><span class='ocrx_word' id='word_1_342' title='bbox 154 3109 418 3176; x_wconf 69' lang='lat' dir='ltr'><strong>aediﬁcet,</strong></span> <span class='ocrx_word' id='word_1_343' title='bbox 471 3109 602 3165; x_wconf 87' lang='lat' dir='ltr'><strong>licet</strong></span> <span class='ocrx_word' id='word_1_344' title='bbox 641 3107 862 3173; x_wconf 89' lang='lat' dir='ltr'><strong>Paulus,</strong></span> <span class='ocrx_word' id='word_1_345' title='bbox 894 3108 1024 3164; x_wconf 87' lang='lat' dir='ltr'><strong>licet</strong></span> <span class='ocrx_word' id='word_1_346' title='bbox 1047 3108 1272 3179; x_wconf 88' lang='lat' dir='ltr'><strong>quilibet</strong></span> <span class='ocrx_word' id='word_1_347' title='bbox 1315 3119 1629 3167; x_wconf 87' lang='lat' dir='ltr'><strong>sanctorum</strong></span> <span class='ocrx_word' id='word_1_348' title='bbox 1664 3127 1762 3168; x_wconf 87' lang='lat' dir='ltr'><strong>seu</strong></span> 
     </span>
    </p>
   </div>
   <div class='ocr_carea' id='block_1_40' title="bbox 155 3180 1835 3274">
    <p class='ocr_par' dir='ltr' id='par_1_40' title="bbox 155 3180 1835 3274">
     <span class='ocr_line' id='line_1_40' title="bbox 155 3180 1835 3274; baseline 0.002 -15"><span class='ocrx_word' id='word_1_349' title='bbox 155 3203 473 3269; x_wconf 89' lang='lat' dir='ltr'><strong>doctorum,</strong></span> <span class='ocrx_word' id='word_1_350' title='bbox 499 3201 753 3259; x_wconf 88' lang='lat' dir='ltr'><strong>Christus</strong></span> <span class='ocrx_word' id='word_1_351' title='bbox 774 3210 860 3259; x_wconf 90' lang='lat' dir='ltr'><strong>est</strong></span> <span class='ocrx_word' id='word_1_352' title='bbox 885 3202 971 3257; x_wconf 90' lang='lat' dir='ltr'><strong>vir</strong></span> <span class='ocrx_word' id='word_1_353' title='bbox 993 3203 1210 3274; x_wconf 87' lang='lat' dir='ltr'><strong>sapiens</strong></span> <span class='ocrx_word' id='word_1_354' title='bbox 1241 3204 1333 3274; x_wconf 89' lang='lat' dir='ltr'><strong>qui</strong></span> <span class='ocrx_word' id='word_1_355' title='bbox 1359 3204 1624 3274; x_wconf 82' lang='lat' dir='ltr'><strong>aediﬁcat;</strong></span> <span class='ocrx_word' id='word_1_356' title='bbox 1653 3222 1762 3264; x_wconf 91' lang='lat' dir='ltr'><strong>non</strong></span> <span class='ocrx_word' id='word_1_357' title='bbox 1789 3180 1835 3244; x_wconf 62' lang='grc' dir='ltr'><strong>(ἶ</strong></span> 
     </span>
    </p>
   </div>
   <div class='ocr_carea' id='block_1_41' title="bbox 155 3290 1761 3370">
    <p class='ocr_par' dir='ltr' id='par_1_41' title="bbox 155 3290 1761 3370">
     <span class='ocr_line' id='line_1_41' title="bbox 155 3290 1761 3370; baseline 0.004 -18"><span class='ocrx_word' id='word_1_358' title='bbox 155 3311 524 3368; x_wconf 83' lang='lat' dir='ltr'><strong>quascunque</strong></span> <span class='ocrx_word' id='word_1_359' title='bbox 572 3296 788 3363; x_wconf 90' lang='lat' dir='ltr'><strong>domos,</strong></span> <span class='ocrx_word' id='word_1_360' title='bbox 821 3296 917 3352; x_wconf 90' lang='lat' dir='ltr'><strong>sed</strong></span> <span class='ocrx_word' id='word_1_361' title='bbox 958 3313 1124 3352; x_wconf 89' lang='lat' dir='ltr'><strong>unam</strong></span> <span class='ocrx_word' id='word_1_362' title='bbox 1167 3298 1448 3356; x_wconf 65' lang='lat' dir='ltr'><strong>caelestem</strong></span> <span class='ocrx_word' id='word_1_363' title='bbox 1494 3300 1550 3356; x_wconf 93' lang='lat' dir='ltr'><strong>in</strong></span> <span class='ocrx_word' id='word_1_364' title='bbox 1587 3290 1761 3370; x_wconf 64' lang='lat' dir='ltr'><strong>caelis,</strong></span> 
     </span>
    </p>
   </div>
   <div class='ocr_carea' id='block_1_42' title="bbox 159 3388 1765 3462">
    <p class='ocr_par' dir='ltr' id='par_1_42' title="bbox 159 3388 1765 3462">
     <span class='ocr_line' id='line_1_42' title="bbox 159 3388 1765 3462; baseline 0.002 -16"><span class='ocrx_word' id='word_1_365' title='bbox 159 3406 334 3462; x_wconf 87' lang='lat' dir='ltr'><strong>supra</strong></span> <span class='ocrx_word' id='word_1_366' title='bbox 391 3404 472 3455; x_wconf 89' lang='lat' dir='ltr'><strong>se,</strong></span> <span class='ocrx_word' id='word_1_367' title='bbox 521 3388 616 3460; x_wconf 91' lang='lat' dir='ltr'><strong>qui</strong></span> <span class='ocrx_word' id='word_1_368' title='bbox 665 3395 813 3445; x_wconf 89' lang='lat' dir='ltr'><strong>recte</strong></span> <span class='ocrx_word' id='word_1_369' title='bbox 848 3397 1004 3460; x_wconf 81' lang='lat' dir='ltr'><strong>petra</strong></span> <span class='ocrx_word' id='word_1_370' title='bbox 1056 3397 1142 3446; x_wconf 91' lang='lat' dir='ltr'><strong>est</strong></span> <span class='ocrx_word' id='word_1_371' title='bbox 1192 3391 1512 3461; x_wconf 88' lang='lat' dir='ltr'><strong>appellatus,</strong></span> <span class='ocrx_word' id='word_1_372' title='bbox 1563 3391 1765 3449; x_wconf 87' lang='lat' dir='ltr'><strong>funda-</strong></span> 
     </span>
    </p>
   </div>
   <div class='ocr_carea' id='block_1_43' title="bbox 161 3478 1766 3540">
    <p class='ocr_par' dir='ltr' id='par_1_43' title="bbox 161 3478 1766 3540">
     <span class='ocr_line' id='line_1_43' title="bbox 161 3478 1766 3540; baseline 0.002 -3"><span class='ocrx_word' id='word_1_373' title='bbox 161 3490 359 3537; x_wconf 84' lang='lat' dir='ltr'><strong>mento</strong></span> <span class='ocrx_word' id='word_1_374' title='bbox 405 3479 528 3535; x_wconf 86' lang='lat' dir='ltr'><strong>ﬁdei</strong></span> <span class='ocrx_word' id='word_1_375' title='bbox 576 3478 920 3536; x_wconf 81' lang='lat' dir='ltr'><strong>collocatam.</strong></span> <span class='ocrx_word' id='word_1_376' title='bbox 949 3479 1106 3538; x_wconf 87' lang='lat' dir='ltr'><strong>Unde</strong></span> <span class='ocrx_word' id='word_1_377' title='bbox 1134 3481 1192 3536; x_wconf 93' lang='lat' dir='ltr'><strong>in</strong></span> <span class='ocrx_word' id='word_1_378' title='bbox 1232 3481 1335 3538; x_wconf 85' lang='lat' dir='ltr'><strong>hoc</strong></span> <span class='ocrx_word' id='word_1_379' title='bbox 1363 3483 1554 3540; x_wconf 89' lang='lat' dir='ltr'><strong>eodem</strong></span> <span class='ocrx_word' id='word_1_380' title='bbox 1583 3483 1766 3540; x_wconf 87' lang='lat' dir='ltr'><strong>Evan-</strong></span> 
     </span>
    </p>
   </div>
   <div class='ocr_carea' id='block_1_44' title="bbox 167 3571 1770 3646">
    <p class='ocr_par' dir='ltr' id='par_1_44' title="bbox 167 3571 1770 3646">
     <span class='ocr_line' id='line_1_44' title="bbox 167 3571 1770 3646; baseline 0.001 -18"><span class='ocrx_word' id='word_1_381' title='bbox 167 3572 325 3646; x_wconf 78' lang='lat' dir='ltr'><strong>gelio</strong></span> <span class='ocrx_word' id='word_1_382' title='bbox 369 3572 533 3628; x_wconf 89' lang='lat' dir='ltr'><strong>Petro</strong></span> <span class='ocrx_word' id='word_1_383' title='bbox 582 3571 820 3628; x_wconf 90' lang='lat' dir='ltr'><strong>dicitur:</strong></span> <span class='ocrx_word' id='word_1_384' title='bbox 865 3571 943 3626; x_wconf 87' lang='lat' dir='ltr'><strong>Tu</strong></span> <span class='ocrx_word' id='word_1_385' title='bbox 985 3589 1039 3628; x_wconf 87' lang='lat' dir='ltr'><strong>cs</strong></span> <span class='ocrx_word' id='word_1_386' title='bbox 1086 3572 1302 3640; x_wconf 78' lang='lat' dir='ltr'><strong>Petrus,</strong></span> <span class='ocrx_word' id='word_1_387' title='bbox 1345 3583 1395 3628; x_wconf 88' lang='lat' dir='ltr'><strong>et</strong></span> <span class='ocrx_word' id='word_1_388' title='bbox 1429 3591 1587 3646; x_wconf 86' lang='lat' dir='ltr'><strong>super</strong></span> <span class='ocrx_word' id='word_1_389' title='bbox 1632 3575 1770 3630; x_wconf 79' lang='lat' dir='ltr'><strong>hanc</strong></span> 
     </span>
    </p>
   </div>
   <div class='ocr_carea' id='block_1_45' title="bbox 161 3664 1769 3739">
    <p class='ocr_par' dir='ltr' id='par_1_45' title="bbox 161 3664 1769 3739">
     <span class='ocr_line' id='line_1_45' title="bbox 161 3664 1769 3739; baseline 0.001 -19"><span class='ocrx_word' id='word_1_390' title='bbox 161 3675 378 3737; x_wconf 76' lang='lat' dir='ltr'><strong>petram</strong></span> <span class='ocrx_word' id='word_1_391' title='bbox 415 3665 690 3735; x_wconf 64' lang='lat' dir='ltr'><strong>aediﬁcabo</strong></span> <span class='ocrx_word' id='word_1_392' title='bbox 734 3664 1034 3720; x_wconf 85' lang='lat' dir='ltr'><strong>Ecclesiam</strong></span> <span class='ocrx_word' id='word_1_393' title='bbox 1072 3683 1244 3722; x_wconf 88' lang='lat' dir='ltr'><strong>meam</strong></span> <span class='ocrx_word' id='word_1_394' title='bbox 1272 3666 1490 3738; x_wconf 81' lang='lat' dir='ltr'><strong>(Matth.</strong></span> <span class='ocrx_word' id='word_1_395' title='bbox 1517 3667 1769 3739; x_wconf 73' lang='lat' dir='ltr'><strong>xv1,18),</strong></span> 
     </span>
    </p>
   </div>
   <div class='ocr_carea' id='block_1_46' title="bbox 163 3759 1772 3834">
    <p class='ocr_par' dir='ltr' id='par_1_46' title="bbox 163 3759 1772 3834">
     <span class='ocr_line' id='line_1_46' title="bbox 163 3759 1772 3834; baseline 0.002 -20"><span class='ocrx_word' id='word_1_396' title='bbox 163 3759 228 3815; x_wconf 90' lang='lat' dir='ltr'><strong>id</strong></span> <span class='ocrx_word' id='word_1_397' title='bbox 263 3769 394 3816; x_wconf 89' lang='lat' dir='ltr'><strong>est:</strong></span> <span class='ocrx_word' id='word_1_398' title='bbox 427 3759 474 3816; x_wconf 78' lang='grc' dir='ltr'><strong>Α</strong></span> <span class='ocrx_word' id='word_1_399' title='bbox 499 3775 603 3832; x_wconf 91' lang='lat' dir='ltr'><strong>qua</strong></span> <span class='ocrx_word' id='word_1_400' title='bbox 635 3769 693 3818; x_wconf 90' lang='lat' dir='ltr'><strong>tu</strong></span> <span class='ocrx_word' id='word_1_401' title='bbox 737 3761 933 3819; x_wconf 90' lang='lat' dir='ltr'><strong>Petrus</strong></span> <span class='ocrx_word' id='word_1_402' title='bbox 960 3763 1177 3820; x_wconf 83' lang='lat' dir='ltr'><strong>sortiris</strong></span> <span class='ocrx_word' id='word_1_403' title='bbox 1221 3778 1440 3829; x_wconf 90' lang='lat' dir='ltr'><strong>nomen,</strong></span> <span class='ocrx_word' id='word_1_404' title='bbox 1467 3779 1569 3834; x_wconf 90' lang='lat' dir='ltr'><strong>pro</strong></span> <span class='ocrx_word' id='word_1_405' title='bbox 1598 3762 1772 3818; x_wconf 87' lang='lat' dir='ltr'><strong>ﬁrmi-</strong></span> 
     </span>
    </p>
   </div>
   <div class='ocr_carea' id='block_1_47' title="bbox 163 3851 1773 3926">
    <p class='ocr_par' dir='ltr' id='par_1_47' title="bbox 163 3851 1773 3926">
     <span class='ocr_line' id='line_1_47' title="bbox 163 3851 1773 3926; baseline 0.003 -21"><span class='ocrx_word' id='word_1_406' title='bbox 163 3861 296 3908; x_wconf 86' lang='lat' dir='ltr'><strong>tate</strong></span> <span class='ocrx_word' id='word_1_407' title='bbox 357 3851 506 3918; x_wconf 91' lang='lat' dir='ltr'><strong>ﬁdei,</strong></span> <span class='ocrx_word' id='word_1_408' title='bbox 538 3869 698 3924; x_wconf 90' lang='lat' dir='ltr'><strong>supra</strong></span> <span class='ocrx_word' id='word_1_409' title='bbox 748 3854 922 3926; x_wconf 87' lang='lat' dir='ltr'><strong>ipsam</strong></span> <span class='ocrx_word' id='word_1_410' title='bbox 957 3855 1312 3926; x_wconf 88' lang='lat' dir='ltr'><strong>eamdemque</strong></span> <span class='ocrx_word' id='word_1_411' title='bbox 1351 3863 1563 3926; x_wconf 89' lang='lat' dir='ltr'><strong>petram</strong></span> <span class='ocrx_word' id='word_1_412' title='bbox 1605 3854 1773 3910; x_wconf 66' lang='lat' dir='ltr'><strong>aedifi-</strong></span> 
     </span>
    </p>
   </div>
   <div class='ocr_carea' id='block_1_48' title="bbox 166 3938 1774 4016">
    <p class='ocr_par' dir='ltr' id='par_1_48' title="bbox 166 3938 1774 4016">
     <span class='ocr_line' id='line_1_48' title="bbox 166 3938 1774 4016; baseline 0.003 -19"><span class='ocrx_word' id='word_1_413' title='bbox 166 3941 324 3997; x_wconf 87' lang='lat' dir='ltr'><strong>cabo</strong></span> <span class='ocrx_word' id='word_1_414' title='bbox 370 3938 712 4000; x_wconf 89' lang='lat' dir='ltr'><strong>fundamento</strong></span> <span class='ocrx_word' id='word_1_415' title='bbox 761 3943 886 4001; x_wconf 86' lang='lat' dir='ltr'><strong>ﬁdei</strong></span> <span class='ocrx_word' id='word_1_416' title='bbox 927 3945 1253 4012; x_wconf 88' lang='lat' dir='ltr'><strong>Ecclesiam,</strong></span> <span class='ocrx_word' id='word_1_417' title='bbox 1301 3959 1422 4016; x_wconf 88' lang='lat' dir='ltr'><strong>quae</strong></span> <span class='ocrx_word' id='word_1_418' title='bbox 1468 3954 1554 4002; x_wconf 92' lang='lat' dir='ltr'><strong>est</strong></span> <span class='ocrx_word' id='word_1_419' title='bbox 1581 3946 1774 4002; x_wconf 87' lang='lat' dir='ltr'><strong>domus</strong></span> 
     </span>
    </p>
   </div>
   <div class='ocr_carea' id='block_1_49' title="bbox 162 4032 1770 4110">
    <p class='ocr_par' dir='ltr' id='par_1_49' title="bbox 162 4032 1770 4110">
     <span class='ocr_line' id='line_1_49' title="bbox 162 4032 1770 4110; baseline 0.006 -23"><span class='ocrx_word' id='word_1_420' title='bbox 162 4033 278 4088; x_wconf 85' lang='lat' dir='ltr'><strong>Dei</strong></span> <span class='ocrx_word' id='word_1_421' title='bbox 333 4032 440 4088; x_wconf 85' lang='lat' dir='ltr'><strong>vivi</strong></span> <span class='ocrx_word' id='word_1_422' title='bbox 485 4043 792 4092; x_wconf 87' lang='lat' dir='ltr'><strong>constructa</strong></span> <span class='ocrx_word' id='word_1_423' title='bbox 839 4037 895 4092; x_wconf 90' lang='lat' dir='ltr'><strong>in</strong></span> <span class='ocrx_word' id='word_1_424' title='bbox 927 4036 1241 4094; x_wconf 72' lang='lat' dir='ltr'><strong>cmlestibus</strong></span> <span class='ocrx_word' id='word_1_425' title='bbox 1292 4036 1561 4108; x_wconf 91' lang='lat' dir='ltr'><strong>lapidibus</strong></span> <span class='ocrx_word' id='word_1_426' title='bbox 1607 4037 1770 4110; x_wconf 78' lang='lat'><strong>381</strong></span> 
     </span>
    </p>
   </div>
   <div class='ocr_carea' id='block_1_50' title="bbox 159 4112 1776 4198">
    <p class='ocr_par' dir='ltr' id='par_1_50' title="bbox 159 4112 1776 4198">
     <span class='ocr_line' id='line_1_50' title="bbox 159 4112 1776 4198; baseline 0.005 -18"><span class='ocrx_word' id='word_1_427' title='bbox 159 4125 457 4198; x_wconf 86' lang='lat' dir='ltr'><strong>pretiosis.</strong></span> <span class='ocrx_word' id='word_1_428' title='bbox 506 4125 612 4184; x_wconf 85' lang='lat' dir='ltr'><strong>Ubi</strong></span> <span class='ocrx_word' id='word_1_429' title='bbox 657 4128 838 4184; x_wconf 88' lang='lat' dir='ltr'><strong>nullus</strong></span> <span class='ocrx_word' id='word_1_430' title='bbox 879 4112 1262 4185; x_wconf 66' lang='lat' dir='ltr'><strong>haereticorum</strong></span> <span class='ocrx_word' id='word_1_431' title='bbox 1295 4129 1550 4197; x_wconf 72' lang='lat' dir='ltr'><strong>aediﬁcat,</strong></span> <span class='ocrx_word' id='word_1_432' title='bbox 1597 4130 1776 4187; x_wconf 89' lang='lat' dir='ltr'><strong>nullus</strong></span> 
     </span>
    </p>
   </div>
   <div class='ocr_carea' id='block_1_51' title="bbox 164 4218 1774 4292">
    <p class='ocr_par' dir='ltr' id='par_1_51' title="bbox 164 4218 1774 4292">
     <span class='ocr_line' id='line_1_51' title="bbox 164 4218 1774 4292; baseline 0.001 -16"><span class='ocrx_word' id='word_1_433' title='bbox 164 4218 467 4292; x_wconf 81' lang='lat' dir='ltr'><strong>hypocrita</strong></span> <span class='ocrx_word' id='word_1_434' title='bbox 499 4259 517 4286; x_wconf 89' lang='lat'><strong>,</strong></span> <span class='ocrx_word' id='word_1_435' title='bbox 577 4220 762 4277; x_wconf 88' lang='lat' dir='ltr'><strong>nullus</strong></span> <span class='ocrx_word' id='word_1_436' title='bbox 825 4230 1169 4278; x_wconf 88' lang='lat' dir='ltr'><strong>terrenarum</strong></span> <span class='ocrx_word' id='word_1_437' title='bbox 1241 4221 1730 4279; x_wconf 83' lang='lat' dir='ltr'><strong>thesaurizatorum</strong></span> <span class='ocrx_word' id='word_1_438' title='bbox 1759 4264 1774 4289; x_wconf 98' lang='lat'><strong>,</strong></span> 
     </span>
    </p>
   </div>
   <div class='ocr_carea' id='block_1_52' title="bbox 165 4313 1779 4388">
    <p class='ocr_par' dir='ltr' id='par_1_52' title="bbox 165 4313 1779 4388">
     <span class='ocr_line' id='line_1_52' title="bbox 165 4313 1779 4388; baseline 0.004 -21"><span class='ocrx_word' id='word_1_439' title='bbox 165 4313 362 4369; x_wconf 84' lang='lat' dir='ltr'><strong>nullus</strong></span> <span class='ocrx_word' id='word_1_440' title='bbox 425 4313 679 4370; x_wconf 88' lang='lat' dir='ltr'><strong>vitiorum</strong></span> <span class='ocrx_word' id='word_1_441' title='bbox 748 4324 1020 4381; x_wconf 87' lang='lat' dir='ltr'><strong>sectator,</strong></span> <span class='ocrx_word' id='word_1_442' title='bbox 1089 4317 1186 4373; x_wconf 91' lang='lat' dir='ltr'><strong>sed</strong></span> <span class='ocrx_word' id='word_1_443' title='bbox 1245 4316 1347 4374; x_wconf 89' lang='lat' dir='ltr'><strong>soli</strong></span> <span class='ocrx_word' id='word_1_444' title='bbox 1402 4317 1495 4388; x_wconf 90' lang='lat' dir='ltr'><strong>qui</strong></span> <span class='ocrx_word' id='word_1_445' title='bbox 1551 4319 1779 4374; x_wconf 89' lang='lat' dir='ltr'><strong>audiunt</strong></span> 
     </span>
    </p>
   </div>
   <div class='ocr_carea' id='block_1_53' title="bbox 163 4405 1779 4477">
    <p class='ocr_par' dir='ltr' id='par_1_53' title="bbox 163 4405 1779 4477">
     <span class='ocr_line' id='line_1_53' title="bbox 163 4405 1779 4477; baseline 0.003 -17"><span class='ocrx_word' id='word_1_446' title='bbox 163 4405 327 4477; x_wconf 88' lang='lat' dir='ltr'><strong>quod</strong></span> <span class='ocrx_word' id='word_1_447' title='bbox 354 4406 562 4473; x_wconf 91' lang='lat' dir='ltr'><strong>docuit,</strong></span> <span class='ocrx_word' id='word_1_448' title='bbox 591 4414 648 4463; x_wconf 90' lang='lat' dir='ltr'><strong>et</strong></span> <span class='ocrx_word' id='word_1_449' title='bbox 687 4405 896 4464; x_wconf 88' lang='lat' dir='ltr'><strong>faciunt</strong></span> <span class='ocrx_word' id='word_1_450' title='bbox 917 4416 977 4462; x_wconf 92' lang='lat' dir='ltr'><strong>ut</strong></span> <span class='ocrx_word' id='word_1_451' title='bbox 1015 4407 1220 4464; x_wconf 90' lang='lat' dir='ltr'><strong>docuit.</strong></span> <span class='ocrx_word' id='word_1_452' title='bbox 1259 4407 1326 4463; x_wconf 80' lang='lat' dir='ltr'><strong>lli</strong></span> <span class='ocrx_word' id='word_1_453' title='bbox 1365 4409 1624 4465; x_wconf 88' lang='lat' dir='ltr'><strong>nimirum</strong></span> <span class='ocrx_word' id='word_1_454' title='bbox 1651 4409 1779 4465; x_wconf 67' lang='lat' dir='ltr'><strong>aedi-</strong></span> 
     </span>
    </p>
   </div>
   <div class='ocr_carea' id='block_1_54' title="bbox 166 4497 1781 4570">
    <p class='ocr_par' dir='ltr' id='par_1_54' title="bbox 166 4497 1781 4570">
     <span class='ocr_line' id='line_1_54' title="bbox 166 4497 1781 4570; baseline 0.004 -19"><span class='ocrx_word' id='word_1_455' title='bbox 166 4497 352 4552; x_wconf 85' lang='lat' dir='ltr'><strong>ﬁcant</strong></span> <span class='ocrx_word' id='word_1_456' title='bbox 377 4497 576 4554; x_wconf 82' lang='lat' dir='ltr'><strong>domos</strong></span> <span class='ocrx_word' id='word_1_457' title='bbox 611 4512 741 4555; x_wconf 89' lang='lat' dir='ltr'><strong>suas</strong></span> <span class='ocrx_word' id='word_1_458' title='bbox 764 4514 927 4570; x_wconf 87' lang='lat' dir='ltr'><strong>supra</strong></span> <span class='ocrx_word' id='word_1_459' title='bbox 969 4508 1203 4570; x_wconf 89' lang='lat' dir='ltr'><strong>petram.</strong></span> <span class='ocrx_word' id='word_1_460' title='bbox 1230 4500 1392 4570; x_wconf 85' lang='lat' dir='ltr'><strong>Quia,</strong></span> <span class='ocrx_word' id='word_1_461' title='bbox 1420 4501 1546 4558; x_wconf 91' lang='lat' dir='ltr'><strong>licet</strong></span> <span class='ocrx_word' id='word_1_462' title='bbox 1575 4518 1682 4558; x_wconf 88' lang='lat' dir='ltr'><strong>una</strong></span> <span class='ocrx_word' id='word_1_463' title='bbox 1707 4502 1781 4558; x_wconf 92' lang='lat' dir='ltr'><strong>sit</strong></span> 
     </span>
    </p>
   </div>
   <div class='ocr_carea' id='block_1_55' title="bbox 167 4592 1779 4669">
    <p class='ocr_par' dir='ltr' id='par_1_55' title="bbox 167 4592 1779 4669">
     <span class='ocr_line' id='line_1_55' title="bbox 167 4592 1779 4669; baseline 0.003 -22"><span class='ocrx_word' id='word_1_464' title='bbox 167 4592 378 4648; x_wconf 89' lang='lat' dir='ltr'><strong>domus</strong></span> <span class='ocrx_word' id='word_1_465' title='bbox 403 4607 568 4662; x_wconf 86' lang='lat' dir='ltr'><strong>quam</strong></span> <span class='ocrx_word' id='word_1_466' title='bbox 614 4593 669 4648; x_wconf 93' lang='lat' dir='ltr'><strong>in</strong></span> <span class='ocrx_word' id='word_1_467' title='bbox 710 4609 769 4649; x_wconf 90' lang='lat' dir='ltr'><strong>se</strong></span> <span class='ocrx_word' id='word_1_468' title='bbox 798 4593 1052 4651; x_wconf 86' lang='lat' dir='ltr'><strong>Christus</strong></span> <span class='ocrx_word' id='word_1_469' title='bbox 1095 4595 1344 4661; x_wconf 64' lang='lat' dir='ltr'><strong>aediﬁcat,</strong></span> <span class='ocrx_word' id='word_1_470' title='bbox 1376 4595 1574 4667; x_wconf 76' lang='lat' dir='ltr'><strong>singuli</strong></span> <span class='ocrx_word' id='word_1_471' title='bbox 1613 4611 1779 4669; x_wconf 89' lang='lat' dir='ltr'><strong>supra</strong></span> 
     </span>
    </p>
   </div>
   <div class='ocr_carea' id='block_1_56' title="bbox 171 4685 1780 4750">
    <p class='ocr_par' dir='ltr' id='par_1_56' title="bbox 171 4685 1780 4750">
     <span class='ocr_line' id='line_1_56' title="bbox 171 4685 1780 4750; baseline 0.006 -10"><span class='ocrx_word' id='word_1_472' title='bbox 171 4685 603 4742; x_wconf 86' lang='lat' dir='ltr'><strong>fundamentum</strong></span> <span class='ocrx_word' id='word_1_473' title='bbox 631 4687 738 4743; x_wconf 90' lang='lat' dir='ltr'><strong>ﬁde</strong></span> <span class='ocrx_word' id='word_1_474' title='bbox 766 4690 1105 4746; x_wconf 72' lang='lat' dir='ltr'><strong>coaedificant</strong></span> <span class='ocrx_word' id='word_1_475' title='bbox 1129 4706 1350 4747; x_wconf 91' lang='lat' dir='ltr'><strong>suorum</strong></span> <span class='ocrx_word' id='word_1_476' title='bbox 1377 4693 1591 4749; x_wconf 91' lang='lat' dir='ltr'><strong>merita.</strong></span> <span class='ocrx_word' id='word_1_477' title='bbox 1627 4693 1780 4750; x_wconf 90' lang='lat' dir='ltr'><strong>Unde</strong></span> 
     </span>
    </p>
   </div>
   <div class='ocr_carea' id='block_1_57' title="bbox 171 4783 1781 4845">
    <p class='ocr_par' dir='ltr' id='par_1_57' title="bbox 171 4783 1781 4845">
     <span class='ocr_line' id='line_1_57' title="bbox 171 4783 1781 4845; baseline 0.001 -5"><span class='ocrx_word' id='word_1_478' title='bbox 171 4784 320 4840; x_wconf 83' lang='lat' dir='ltr'><strong>alibi</strong></span> <span class='ocrx_word' id='word_1_479' title='bbox 369 4798 385 4837; x_wconf 89' lang='lat'><strong>:</strong></span> <span class='ocrx_word' id='word_1_480' title='bbox 426 4783 496 4840; x_wconf 88' lang='lat' dir='ltr'><strong>In</strong></span> <span class='ocrx_word' id='word_1_481' title='bbox 521 4785 677 4840; x_wconf 83' lang='lat' dir='ltr'><strong>domo</strong></span> <span class='ocrx_word' id='word_1_482' title='bbox 724 4784 901 4842; x_wconf 87' lang='lat' dir='ltr'><strong>Patris</strong></span> <span class='ocrx_word' id='word_1_483' title='bbox 938 4788 1040 4842; x_wconf 89' lang='lat' dir='ltr'><strong>mei</strong></span> <span class='ocrx_word' id='word_1_484' title='bbox 1092 4789 1389 4844; x_wconf 86' lang='lat' dir='ltr'><strong>mansiones</strong></span> <span class='ocrx_word' id='word_1_485' title='bbox 1437 4789 1615 4845; x_wconf 73' lang='lat' dir='ltr'><strong>multa:</strong></span> <span class='ocrx_word' id='word_1_486' title='bbox 1659 4798 1781 4844; x_wconf 86' lang='lat' dir='ltr'><strong>sunt</strong></span> 
     </span>
    </p>
   </div>
   <div class='ocr_carea' id='block_1_58' title="bbox 175 4862 1784 4949">
    <p class='ocr_par' dir='ltr' id='par_1_58' title="bbox 175 4862 1784 4949">
     <span class='ocr_line' id='line_1_58' title="bbox 175 4862 1784 4949; baseline 0.005 -21"><span class='ocrx_word' id='word_1_487' title='bbox 175 4872 380 4944; x_wconf 79' lang='lat' dir='ltr'><strong>(Joan.</strong></span> <span class='ocrx_word' id='word_1_488' title='bbox 410 4862 526 4943; x_wconf 64' lang='lat' dir='ltr'><strong>inv,</strong></span> <span class='ocrx_word' id='word_1_489' title='bbox 552 4875 643 4946; x_wconf 74' lang='lat'><strong>2);</strong></span> <span class='ocrx_word' id='word_1_490' title='bbox 693 4893 832 4948; x_wconf 89' lang='lat' dir='ltr'><strong>quas</strong></span> <span class='ocrx_word' id='word_1_491' title='bbox 877 4880 970 4949; x_wconf 89' lang='lat' dir='ltr'><strong>qui</strong></span> <span class='ocrx_word' id='word_1_492' title='bbox 1017 4879 1308 4946; x_wconf 65' lang='lat' dir='ltr'><strong>aedificant,</strong></span> <span class='ocrx_word' id='word_1_493' title='bbox 1360 4880 1784 4937; x_wconf 69' lang='lat' dir='ltr'><strong>coaediﬁcatores</strong></span> 
     </span>
    </p>
   </div>
   <div class='ocr_carea' id='block_1_59' title="bbox 171 4964 1782 5043">
    <p class='ocr_par' dir='ltr' id='par_1_59' title="bbox 171 4964 1782 5043">
     <span class='ocr_line' id='line_1_59' title="bbox 171 4964 1782 5043; baseline 0.004 -21"><span class='ocrx_word' id='word_1_494' title='bbox 171 4964 398 5022; x_wconf 82' lang='lat' dir='ltr'><strong>Christi</strong></span> <span class='ocrx_word' id='word_1_495' title='bbox 436 4977 582 5035; x_wconf 91' lang='lat' dir='ltr'><strong>sunt,</strong></span> <span class='ocrx_word' id='word_1_496' title='bbox 615 4969 710 5040; x_wconf 91' lang='lat' dir='ltr'><strong>qui</strong></span> <span class='ocrx_word' id='word_1_497' title='bbox 757 4986 883 5027; x_wconf 91' lang='lat' dir='ltr'><strong>cum</strong></span> <span class='ocrx_word' id='word_1_498' title='bbox 928 4971 1030 5039; x_wconf 90' lang='lat' dir='ltr'><strong>eis,</strong></span> <span class='ocrx_word' id='word_1_499' title='bbox 1063 4972 1209 5043; x_wconf 86' lang='lat' dir='ltr'><strong>ipsas</strong></span> <span class='ocrx_word' id='word_1_500' title='bbox 1236 4971 1505 5038; x_wconf 70' lang='lat' dir='ltr'><strong>aedificat;</strong></span> <span class='ocrx_word' id='word_1_501' title='bbox 1558 4982 1615 5028; x_wconf 91' lang='lat' dir='ltr'><strong>et</strong></span> <span class='ocrx_word' id='word_1_502' title='bbox 1662 4973 1782 5029; x_wconf 90' lang='lat' dir='ltr'><strong>ideo</strong></span> 
     </span>
    </p>
   </div>
   <div class='ocr_carea' id='block_1_60' title="bbox 167 5054 1786 5134">
    <p class='ocr_par' dir='ltr' id='par_1_60' title="bbox 167 5054 1786 5134">
     <span class='ocr_line' id='line_1_60' title="bbox 167 5054 1786 5134; baseline 0.008 -26"><span class='ocrx_word' id='word_1_503' title='bbox 167 5054 310 5126; x_wconf 78' lang='lat' dir='ltr'><strong>iure</strong></span> <span class='ocrx_word' id='word_1_504' title='bbox 339 5055 419 5112; x_wconf 93' lang='lat' dir='ltr'><strong>illi</strong></span> <span class='ocrx_word' id='word_1_505' title='bbox 447 5057 840 5116; x_wconf 89' lang='lat' dir='ltr'><strong>assimilantur.</strong></span> <span class='ocrx_word' id='word_1_506' title='bbox 891 5060 1027 5129; x_wconf 86' lang='lat' dir='ltr'><strong>Quia</strong></span> <span class='ocrx_word' id='word_1_507' title='bbox 1067 5063 1158 5119; x_wconf 91' lang='lat' dir='ltr'><strong>ubi</strong></span> <span class='ocrx_word' id='word_1_508' title='bbox 1193 5063 1305 5131; x_wconf 91' lang='lat' dir='ltr'><strong>ille,</strong></span> <span class='ocrx_word' id='word_1_509' title='bbox 1335 5071 1391 5120; x_wconf 91' lang='lat' dir='ltr'><strong>et</strong></span> <span class='ocrx_word' id='word_1_510' title='bbox 1419 5063 1528 5130; x_wconf 89' lang='lat' dir='ltr'><strong>illi;</strong></span> <span class='ocrx_word' id='word_1_511' title='bbox 1561 5072 1616 5120; x_wconf 91' lang='lat' dir='ltr'><strong>et</strong></span> <span class='ocrx_word' id='word_1_512' title='bbox 1642 5064 1786 5134; x_wconf 92' lang='lat' dir='ltr'><strong>quod</strong></span> 
     </span>
    </p>
   </div>
   <div class='ocr_carea' id='block_1_61' title="bbox 178 5147 1788 5232">
    <p class='ocr_par' dir='ltr' id='par_1_61' title="bbox 178 5147 1788 5232">
     <span class='ocr_line' id='line_1_61' title="bbox 178 5147 1788 5232; baseline 0.005 -29"><span class='ocrx_word' id='word_1_513' title='bbox 178 5147 301 5209; x_wconf 88' lang='lat' dir='ltr'><strong>ille,</strong></span> <span class='ocrx_word' id='word_1_514' title='bbox 339 5147 446 5204; x_wconf 89' lang='lat' dir='ltr'><strong>hoc</strong></span> <span class='ocrx_word' id='word_1_515' title='bbox 466 5158 520 5204; x_wconf 91' lang='lat' dir='ltr'><strong>et</strong></span> <span class='ocrx_word' id='word_1_516' title='bbox 547 5151 648 5221; x_wconf 91' lang='lat' dir='ltr'><strong>ipsi</strong></span> <span class='ocrx_word' id='word_1_517' title='bbox 687 5152 960 5232; x_wconf 88' lang='lat' dir='ltr'><strong>operibus</strong></span> <span class='ocrx_word' id='word_1_518' title='bbox 996 5153 1228 5226; x_wconf 80' lang='lat' dir='ltr'><strong>erigere,</strong></span> <span class='ocrx_word' id='word_1_519' title='bbox 1278 5163 1334 5211; x_wconf 91' lang='lat' dir='ltr'><strong>et</strong></span> <span class='ocrx_word' id='word_1_520' title='bbox 1388 5155 1611 5212; x_wconf 91' lang='lat' dir='ltr'><strong>domum</strong></span> <span class='ocrx_word' id='word_1_521' title='bbox 1652 5169 1788 5211; x_wconf 86' lang='lat' dir='ltr'><strong>con-</strong></span> 
     </span>
    </p>
   </div>
   <div class='ocr_carea' id='block_1_62' title="bbox 175 5242 1790 5319">
    <p class='ocr_par' dir='ltr' id='par_1_62' title="bbox 175 5242 1790 5319">
     <span class='ocr_line' id='line_1_62' title="bbox 175 5242 1790 5319; baseline 0.005 -24"><span class='ocrx_word' id='word_1_522' title='bbox 175 5247 422 5296; x_wconf 79' lang='lat' dir='ltr'><strong>struere</strong></span> <span class='ocrx_word' id='word_1_523' title='bbox 453 5248 725 5313; x_wconf 77' lang='lat' dir='ltr'><strong>satagunt.</strong></span> <span class='ocrx_word' id='word_1_524' title='bbox 759 5242 874 5300; x_wconf 82' lang='lat' dir='ltr'><strong>Hoc</strong></span> <span class='ocrx_word' id='word_1_525' title='bbox 902 5245 1102 5317; x_wconf 88' lang='lat' dir='ltr'><strong>quippe</strong></span> <span class='ocrx_word' id='word_1_526' title='bbox 1130 5255 1214 5302; x_wconf 86' lang='lat' dir='ltr'><strong>est</strong></span> <span class='ocrx_word' id='word_1_527' title='bbox 1255 5247 1421 5304; x_wconf 86' lang='lat' dir='ltr'><strong>verba</strong></span> <span class='ocrx_word' id='word_1_528' title='bbox 1451 5247 1569 5319; x_wconf 87' lang='lat' dir='ltr'><strong>ejus</strong></span> <span class='ocrx_word' id='word_1_529' title='bbox 1604 5247 1790 5303; x_wconf 87' lang='lat' dir='ltr'><strong>audire</strong></span> 
     </span>
    </p>
   </div>
   <div class='ocr_carea' id='block_1_63' title="bbox 179 5331 1789 5398">
    <p class='ocr_par' dir='ltr' id='par_1_63' title="bbox 179 5331 1789 5398">
     <span class='ocr_line' id='line_1_63' title="bbox 179 5331 1789 5398; baseline 0.006 -11"><span class='ocrx_word' id='word_1_530' title='bbox 179 5342 247 5388; x_wconf 86' lang='lat' dir='ltr'><strong>et</strong></span> <span class='ocrx_word' id='word_1_531' title='bbox 274 5347 341 5387; x_wconf 82' lang='lat' dir='ltr'><strong>ea</strong></span> <span class='ocrx_word' id='word_1_532' title='bbox 391 5331 591 5398; x_wconf 87' lang='lat' dir='ltr'><strong>facere,</strong></span> <span class='ocrx_word' id='word_1_533' title='bbox 622 5335 844 5392; x_wconf 91' lang='lat' dir='ltr'><strong>domum</strong></span> <span class='ocrx_word' id='word_1_534' title='bbox 874 5336 1021 5393; x_wconf 89' lang='lat' dir='ltr'><strong>illam</strong></span> <span class='ocrx_word' id='word_1_535' title='bbox 1069 5338 1127 5394; x_wconf 91' lang='lat' dir='ltr'><strong>in</strong></span> <span class='ocrx_word' id='word_1_536' title='bbox 1153 5339 1466 5397; x_wconf 67' lang='lat' dir='ltr'><strong>coelestibus</strong></span> <span class='ocrx_word' id='word_1_537' title='bbox 1495 5339 1789 5397; x_wconf 85' lang='lat' dir='ltr'><strong>fabricare.</strong></span> 
     </span>
    </p>
   </div>
   <div class='ocr_carea' id='block_1_64' title="bbox 181 5423 1788 5500">
    <p class='ocr_par' dir='ltr' id='par_1_64' title="bbox 181 5423 1788 5500">
     <span class='ocr_line' id='line_1_64' title="bbox 181 5423 1788 5500; baseline 0.006 -19"><span class='ocrx_word' id='word_1_538' title='bbox 181 5423 368 5496; x_wconf 88' lang='lat' dir='ltr'><strong>Cujus</strong></span> <span class='ocrx_word' id='word_1_539' title='bbox 390 5424 644 5481; x_wconf 88' lang='lat' dir='ltr'><strong>nimirum</strong></span> <span class='ocrx_word' id='word_1_540' title='bbox 675 5425 1090 5486; x_wconf 90' lang='lat' dir='ltr'><strong>fundamentum</strong></span> <span class='ocrx_word' id='word_1_541' title='bbox 1136 5430 1272 5488; x_wconf 88' lang='lat' dir='ltr'><strong>ﬁdes</strong></span> <span class='ocrx_word' id='word_1_542' title='bbox 1323 5431 1528 5488; x_wconf 87' lang='lat' dir='ltr'><strong>Christi</strong></span> <span class='ocrx_word' id='word_1_543' title='bbox 1556 5443 1660 5500; x_wconf 91' lang='lat' dir='ltr'><strong>est,</strong></span> <span class='ocrx_word' id='word_1_544' title='bbox 1693 5450 1788 5490; x_wconf 87' lang='lat' dir='ltr'><strong>ca-</strong></span> 
     </span>
    </p>
   </div>
   <div class='ocr_carea' id='block_1_65' title="bbox 1861 1907 3456 1988">
    <p class='ocr_par' dir='ltr' id='par_1_65' title="bbox 1861 1907 3456 1988">
     <span class='ocr_line' id='line_1_65' title="bbox 1861 1907 3456 1988; baseline -0.006 -17"><span class='ocrx_word' id='word_1_545' title='bbox 1861 1915 1954 1988; x_wconf 93' lang='lat' dir='ltr'><strong>qui</strong></span> <span class='ocrx_word' id='word_1_546' title='bbox 1982 1914 2364 1986; x_wconf 90' lang='lat' dir='ltr'><strong>reprobantur,</strong></span> <span class='ocrx_word' id='word_1_547' title='bbox 2395 1913 2568 1969; x_wconf 89' lang='lat' dir='ltr'><strong>David</strong></span> <span class='ocrx_word' id='word_1_548' title='bbox 2594 1913 2836 1968; x_wconf 89' lang='lat' dir='ltr'><strong>minatur</strong></span> <span class='ocrx_word' id='word_1_549' title='bbox 2887 1911 3074 1967; x_wconf 91' lang='lat' dir='ltr'><strong>dicens</strong></span> <span class='ocrx_word' id='word_1_550' title='bbox 3110 1929 3122 1964; x_wconf 93' lang='lat'>:</span> <span class='ocrx_word' id='word_1_551' title='bbox 3171 1907 3316 1963; x_wconf 87' lang='lat' dir='ltr'><strong>Pluit</strong></span> <span class='ocrx_word' id='word_1_552' title='bbox 3363 1924 3456 1962; x_wconf 85' lang='lat' dir='ltr'><strong>su-</strong></span> 
     </span>
    </p>
   </div>
   <div class='ocr_carea' id='block_1_66' title="bbox 1861 2000 3454 2079">
    <p class='ocr_par' dir='ltr' id='par_1_66' title="bbox 1861 2000 3454 2079">
     <span class='ocr_line' id='line_1_66' title="bbox 1861 2000 3454 2079; baseline -0.006 -15"><span class='ocrx_word' id='word_1_553' title='bbox 1861 2025 1950 2079; x_wconf 86' lang='lat' dir='ltr'><strong>per</strong></span> <span class='ocrx_word' id='word_1_554' title='bbox 1971 2016 2267 2077; x_wconf 87' lang='lat' dir='ltr'><strong>peccatores</strong></span> <span class='ocrx_word' id='word_1_555' title='bbox 2305 2005 2520 2078; x_wconf 83' lang='lat' dir='ltr'><strong>laqueos</strong></span> <span class='ocrx_word' id='word_1_556' title='bbox 2561 2004 2736 2078; x_wconf 83' lang='lat' dir='ltr'><strong>(Psal.</strong></span> <span class='ocrx_word' id='word_1_557' title='bbox 2765 2021 2821 2072; x_wconf 77' lang='grc' dir='ltr'>ιι,</span> <span class='ocrx_word' id='word_1_558' title='bbox 2853 2003 2928 2076; x_wconf 88' lang='grc'><strong>6).</strong></span> <span class='ocrx_word' id='word_1_559' title='bbox 2967 2003 3215 2074; x_wconf 84' lang='lat' dir='ltr'><strong>Laqueos</strong></span> <span class='ocrx_word' id='word_1_560' title='bbox 3247 2000 3454 2070; x_wconf 89' lang='lat' dir='ltr'><strong>utique,</strong></span> 
     </span>
    </p>
   </div>
   <div class='ocr_carea' id='block_1_67' title="bbox 1863 2087 3454 2170">
    <p class='ocr_par' dir='ltr' id='par_1_67' title="bbox 1863 2087 3454 2170">
     <span class='ocr_line' id='line_1_67' title="bbox 1863 2087 3454 2170; baseline -0.005 -18"><span class='ocrx_word' id='word_1_561' title='bbox 1863 2098 1989 2170; x_wconf 86' lang='lat' dir='ltr'><strong>quia</strong></span> <span class='ocrx_word' id='word_1_562' title='bbox 2019 2087 2391 2169; x_wconf 84' lang='lat' dir='ltr'><strong>unusquisque</strong></span> <span class='ocrx_word' id='word_1_563' title='bbox 2413 2113 2445 2152; x_wconf 90' lang='lat' dir='ltr'><strong>a</strong></span> <span class='ocrx_word' id='word_1_564' title='bbox 2470 2111 2569 2152; x_wconf 91' lang='lat' dir='ltr'><strong>sua</strong></span> <span class='ocrx_word' id='word_1_565' title='bbox 2590 2094 3055 2166; x_wconf 90' lang='lat' dir='ltr'><strong>concupiscentia,</strong></span> <span class='ocrx_word' id='word_1_566' title='bbox 3099 2093 3147 2148; x_wconf 91' lang='lat' dir='ltr'><strong>si</strong></span> <span class='ocrx_word' id='word_1_567' title='bbox 3187 2090 3454 2160; x_wconf 86' lang='lat' dir='ltr'><strong>relinqui-</strong></span> 
     </span>
    </p>
   </div>
   <div class='ocr_carea' id='block_1_68' title="bbox 1864 2181 3458 2259">
    <p class='ocr_par' dir='ltr' id='par_1_68' title="bbox 1864 2181 3458 2259">
     <span class='ocr_line' id='line_1_68' title="bbox 1864 2181 3458 2259; baseline -0.005 -13"><span class='ocrx_word' id='word_1_568' title='bbox 1864 2199 1952 2246; x_wconf 89' lang='lat' dir='ltr'><strong>tur</strong></span> <span class='ocrx_word' id='word_1_569' title='bbox 1981 2189 2184 2246; x_wconf 81' lang='lat' dir='ltr'><strong>auxilio</strong></span> <span class='ocrx_word' id='word_1_570' title='bbox 2212 2189 2329 2254; x_wconf 89' lang='lat' dir='ltr'><strong>Dei,</strong></span> <span class='ocrx_word' id='word_1_571' title='bbox 2363 2188 2702 2259; x_wconf 86' lang='lat' dir='ltr'><strong>illaqueatur.</strong></span> <span class='ocrx_word' id='word_1_572' title='bbox 2735 2186 2890 2255; x_wconf 86' lang='lat' dir='ltr'><strong>Quod</strong></span> <span class='ocrx_word' id='word_1_573' title='bbox 2914 2186 2960 2242; x_wconf 93' lang='lat' dir='ltr'><strong>si</strong></span> <span class='ocrx_word' id='word_1_574' title='bbox 2991 2185 3188 2242; x_wconf 90' lang='lat' dir='ltr'><strong>talibus</strong></span> <span class='ocrx_word' id='word_1_575' title='bbox 3211 2199 3318 2238; x_wconf 91' lang='lat' dir='ltr'><strong>non</strong></span> <span class='ocrx_word' id='word_1_576' title='bbox 3343 2181 3458 2238; x_wconf 84' lang='lat' dir='ltr'><strong>fue-</strong></span> 
     </span>
    </p>
   </div>
   <div class='ocr_carea' id='block_1_69' title="bbox 1864 2275 3460 2355">
    <p class='ocr_par' dir='ltr' id='par_1_69' title="bbox 1864 2275 3460 2355">
     <span class='ocr_line' id='line_1_69' title="bbox 1864 2275 3460 2355; baseline -0.007 -15"><span class='ocrx_word' id='word_1_577' title='bbox 1864 2285 1934 2340; x_wconf 89' lang='lat' dir='ltr'><strong>rit</strong></span> <span class='ocrx_word' id='word_1_578' title='bbox 1962 2293 2239 2355; x_wconf 90' lang='lat' dir='ltr'><strong>permotus</strong></span> <span class='ocrx_word' id='word_1_579' title='bbox 2254 2281 2462 2351; x_wconf 89' lang='lat' dir='ltr'><strong>majora</strong></span> <span class='ocrx_word' id='word_1_580' title='bbox 2481 2289 2937 2338; x_wconf 89' lang='lat' dir='ltr'><strong>tentamentorum</strong></span> <span class='ocrx_word' id='word_1_581' title='bbox 2961 2277 3184 2333; x_wconf 85' lang='lat' dir='ltr'><strong>flumina</strong></span> <span class='ocrx_word' id='word_1_582' title='bbox 3207 2275 3460 2332; x_wconf 82' lang='lat' dir='ltr'><strong>relaxan—</strong></span> 
     </span>
    </p>
   </div>
   <div class='ocr_carea' id='block_1_70' title="bbox 1864 2369 3460 2447">
    <p class='ocr_par' dir='ltr' id='par_1_70' title="bbox 1864 2369 3460 2447">
     <span class='ocr_line' id='line_1_70' title="bbox 1864 2369 3460 2447; baseline -0.008 -15"><span class='ocrx_word' id='word_1_583' title='bbox 1864 2385 1975 2443; x_wconf 88' lang='lat' dir='ltr'><strong>tur,</strong></span> <span class='ocrx_word' id='word_1_584' title='bbox 2044 2384 2103 2431; x_wconf 90' lang='lat' dir='ltr'><strong>ut</strong></span> <span class='ocrx_word' id='word_1_585' title='bbox 2145 2375 2428 2447; x_wconf 86' lang='lat' dir='ltr'><strong>graviores</strong></span> <span class='ocrx_word' id='word_1_586' title='bbox 2471 2373 2785 2444; x_wconf 78' lang='lat' dir='ltr'><strong>experiatur</strong></span> <span class='ocrx_word' id='word_1_587' title='bbox 2836 2369 3106 2425; x_wconf 89' lang='lat' dir='ltr'><strong>undarum</strong></span> <span class='ocrx_word' id='word_1_588' title='bbox 3151 2373 3353 2431; x_wconf 87' lang='lat' dir='ltr'><strong>motus,</strong></span> <span class='ocrx_word' id='word_1_589' title='bbox 3403 2371 3460 2420; x_wconf 91' lang='lat' dir='ltr'><strong>et</strong></span> 
     </span>
    </p>
   </div>
   <div class='ocr_carea' id='block_1_71' title="bbox 1864 2461 3458 2538">
    <p class='ocr_par' dir='ltr' id='par_1_71' title="bbox 1864 2461 3458 2538">
     <span class='ocr_line' id='line_1_71' title="bbox 1864 2461 3458 2538; baseline -0.007 -15"><span class='ocrx_word' id='word_1_590' title='bbox 1864 2467 2018 2538; x_wconf 90' lang='lat' dir='ltr'><strong>quasi</strong></span> <span class='ocrx_word' id='word_1_591' title='bbox 2061 2474 2237 2523; x_wconf 91' lang='lat' dir='ltr'><strong>tractu</strong></span> <span class='ocrx_word' id='word_1_592' title='bbox 2275 2465 2580 2530; x_wconf 86' lang='lat' dir='ltr'><strong>ﬂuminum,</strong></span> <span class='ocrx_word' id='word_1_593' title='bbox 2636 2462 3014 2519; x_wconf 89' lang='lat' dir='ltr'><strong>vehementius</strong></span> <span class='ocrx_word' id='word_1_594' title='bbox 3033 2461 3298 2516; x_wconf 88' lang='lat' dir='ltr'><strong>obruatur</strong></span> <span class='ocrx_word' id='word_1_595' title='bbox 3325 2474 3458 2514; x_wconf 92' lang='lat' dir='ltr'><strong>con-</strong></span> 
     </span>
    </p>
   </div>
   <div class='ocr_carea' id='block_1_72' title="bbox 1865 2551 3460 2632">
    <p class='ocr_par' dir='ltr' id='par_1_72' title="bbox 1865 2551 3460 2632">
     <span class='ocr_line' id='line_1_72' title="bbox 1865 2551 3460 2632; baseline -0.008 -16"><span class='ocrx_word' id='word_1_596' title='bbox 1865 2559 2322 2632; x_wconf 88' lang='lat' dir='ltr'><strong>cupiscentiarum</strong></span> <span class='ocrx_word' id='word_1_597' title='bbox 2355 2557 2625 2613; x_wconf 85' lang='lat' dir='ltr'><strong>fluctibus.</strong></span> <span class='ocrx_word' id='word_1_598' title='bbox 2669 2554 2818 2610; x_wconf 85' lang='lat' dir='ltr'><strong>Nihil</strong></span> <span class='ocrx_word' id='word_1_599' title='bbox 2843 2553 3114 2608; x_wconf 85' lang='lat' dir='ltr'><strong>infirmius</strong></span> <span class='ocrx_word' id='word_1_600' title='bbox 3143 2552 3197 2606; x_wconf 91' lang='lat' dir='ltr'><strong>in</strong></span> <span class='ocrx_word' id='word_1_601' title='bbox 3217 2551 3329 2606; x_wconf 86' lang='lat' dir='ltr'><strong>vita</strong></span> <span class='ocrx_word' id='word_1_602' title='bbox 3359 2551 3460 2604; x_wconf 89' lang='lat' dir='ltr'><strong>hu-</strong></span> 
     </span>
    </p>
   </div>
   <div class='ocr_carea' id='block_1_73' title="bbox 1865 2640 3463 2723">
    <p class='ocr_par' dir='ltr' id='par_1_73' title="bbox 1865 2640 3463 2723">
     <span class='ocr_line' id='line_1_73' title="bbox 1865 2640 3463 2723; baseline -0.007 -15"><span class='ocrx_word' id='word_1_603' title='bbox 1865 2669 2046 2720; x_wconf 90' lang='lat' dir='ltr'><strong>mana,</strong></span> <span class='ocrx_word' id='word_1_604' title='bbox 2079 2667 2242 2723; x_wconf 90' lang='lat' dir='ltr'><strong>quam</strong></span> <span class='ocrx_word' id='word_1_605' title='bbox 2271 2651 2368 2722; x_wconf 91' lang='lat' dir='ltr'><strong>qui</strong></span> <span class='ocrx_word' id='word_1_606' title='bbox 2393 2666 2491 2706; x_wconf 89' lang='lat' dir='ltr'><strong>sua</strong></span> <span class='ocrx_word' id='word_1_607' title='bbox 2523 2647 2966 2719; x_wconf 85' lang='lat' dir='ltr'><strong>concupiscentia</strong></span> <span class='ocrx_word' id='word_1_608' title='bbox 3011 2645 3250 2701; x_wconf 83' lang='lat' dir='ltr'><strong>vincitur</strong></span> <span class='ocrx_word' id='word_1_609' title='bbox 3279 2662 3292 2697; x_wconf 77' lang='grc' dir='ltr'><strong>ε</strong></span> <span class='ocrx_word' id='word_1_610' title='bbox 3323 2640 3463 2698; x_wconf 87' lang='lat' dir='ltr'><strong>nihil</strong></span> 
     </span>
    </p>
   </div>
   <div class='ocr_carea' id='block_1_74' title="bbox 1863 2737 3463 2819">
    <p class='ocr_par' dir='ltr' id='par_1_74' title="bbox 1863 2737 3463 2819">
     <span class='ocr_line' id='line_1_74' title="bbox 1863 2737 3463 2819; baseline -0.009 -14"><span class='ocrx_word' id='word_1_611' title='bbox 1863 2750 2095 2806; x_wconf 85' lang='lat' dir='ltr'><strong>validius</strong></span> <span class='ocrx_word' id='word_1_612' title='bbox 2117 2763 2280 2819; x_wconf 89' lang='lat' dir='ltr'><strong>quam</strong></span> <span class='ocrx_word' id='word_1_613' title='bbox 2300 2747 2394 2818; x_wconf 91' lang='lat' dir='ltr'><strong>qui</strong></span> <span class='ocrx_word' id='word_1_614' title='bbox 2416 2761 2518 2802; x_wconf 92' lang='lat' dir='ltr'><strong>nec</strong></span> <span class='ocrx_word' id='word_1_615' title='bbox 2541 2760 2573 2800; x_wconf 92' lang='lat' dir='ltr'><strong>a</strong></span> <span class='ocrx_word' id='word_1_616' title='bbox 2596 2743 2815 2800; x_wconf 88' lang='lat' dir='ltr'><strong>diabolo</strong></span> <span class='ocrx_word' id='word_1_617' title='bbox 2841 2749 3146 2814; x_wconf 88' lang='lat' dir='ltr'><strong>superatur.</strong></span> <span class='ocrx_word' id='word_1_618' title='bbox 3175 2738 3283 2794; x_wconf 92' lang='lat' dir='ltr'><strong>Sed</strong></span> <span class='ocrx_word' id='word_1_619' title='bbox 3303 2737 3463 2792; x_wconf 89' lang='lat' dir='ltr'><strong>aliter</strong></span> 
     </span>
    </p>
   </div>
   <div class='ocr_carea' id='block_1_75' title="bbox 1865 2827 3463 2911">
    <p class='ocr_par' dir='ltr' id='par_1_75' title="bbox 1865 2827 3463 2911">
     <span class='ocr_line' id='line_1_75' title="bbox 1865 2827 3463 2911; baseline -0.009 -13"><span class='ocrx_word' id='word_1_620' title='bbox 1865 2850 2108 2898; x_wconf 86' lang='lat' dir='ltr'><strong>tentatur</strong></span> <span class='ocrx_word' id='word_1_621' title='bbox 2135 2857 2262 2897; x_wconf 91' lang='lat' dir='ltr'><strong>vere</strong></span> <span class='ocrx_word' id='word_1_622' title='bbox 2293 2855 2459 2911; x_wconf 88' lang='lat' dir='ltr'><strong>supra</strong></span> <span class='ocrx_word' id='word_1_623' title='bbox 2487 2847 2702 2909; x_wconf 87' lang='lat' dir='ltr'><strong>petram</strong></span> <span class='ocrx_word' id='word_1_624' title='bbox 2739 2835 3020 2901; x_wconf 85' lang='lat' dir='ltr'><strong>fundatus,</strong></span> <span class='ocrx_word' id='word_1_625' title='bbox 3077 2842 3133 2888; x_wconf 88' lang='lat' dir='ltr'><strong>et</strong></span> <span class='ocrx_word' id='word_1_626' title='bbox 3169 2830 3328 2886; x_wconf 89' lang='lat' dir='ltr'><strong>aliter</strong></span> <span class='ocrx_word' id='word_1_627' title='bbox 3367 2827 3463 2900; x_wconf 88' lang='lat' dir='ltr'><strong>qui</strong></span> 
     </span>
    </p>
   </div>
   <div class='ocr_carea' id='block_1_76' title="bbox 1864 2923 3464 3008">
    <p class='ocr_par' dir='ltr' id='par_1_76' title="bbox 1864 2923 3464 3008">
     <span class='ocr_line' id='line_1_76' title="bbox 1864 2923 3464 3008; baseline -0.01 -14"><span class='ocrx_word' id='word_1_628' title='bbox 1864 2953 2029 3008; x_wconf 88' lang='lat' dir='ltr'><strong>super</strong></span> <span class='ocrx_word' id='word_1_629' title='bbox 2055 2951 2278 2991; x_wconf 87' lang='lat' dir='ltr'><strong>arenam</strong></span> <span class='ocrx_word' id='word_1_630' title='bbox 2310 2933 2564 2990; x_wconf 87' lang='lat' dir='ltr'><strong>aediﬁcat.</strong></span> <span class='ocrx_word' id='word_1_631' title='bbox 2619 2932 2729 2988; x_wconf 88' lang='lat' dir='ltr'><strong>Iste</strong></span> <span class='ocrx_word' id='word_1_632' title='bbox 2762 2929 2983 3002; x_wconf 91' lang='lat' dir='ltr'><strong>quidem</strong></span> <span class='ocrx_word' id='word_1_633' title='bbox 3036 2934 3099 2982; x_wconf 93' lang='lat' dir='ltr'><strong>ut</strong></span> <span class='ocrx_word' id='word_1_634' title='bbox 3142 2925 3320 2992; x_wconf 90' lang='lat' dir='ltr'><strong>cadat,</strong></span> <span class='ocrx_word' id='word_1_635' title='bbox 3371 2923 3464 2979; x_wconf 93' lang='lat' dir='ltr'><strong>ille</strong></span> 
     </span>
    </p>
   </div>
   <div class='ocr_carea' id='block_1_77' title="bbox 1864 3021 3464 3098">
    <p class='ocr_par' dir='ltr' id='par_1_77' title="bbox 1864 3021 3464 3098">
     <span class='ocr_line' id='line_1_77' title="bbox 1864 3021 3464 3098; baseline -0.009 -13"><span class='ocrx_word' id='word_1_636' title='bbox 1864 3044 1996 3085; x_wconf 88' lang='lat' dir='ltr'><strong>vero</strong></span> <span class='ocrx_word' id='word_1_637' title='bbox 2025 3037 2085 3084; x_wconf 93' lang='lat' dir='ltr'><strong>ut</strong></span> <span class='ocrx_word' id='word_1_638' title='bbox 2106 3036 2401 3084; x_wconf 90' lang='lat' dir='ltr'><strong>coronetur</strong></span> <span class='ocrx_word' id='word_1_639' title='bbox 2433 3034 2491 3082; x_wconf 88' lang='lat' dir='ltr'><strong>et</strong></span> <span class='ocrx_word' id='word_1_640' title='bbox 2520 3025 2686 3098; x_wconf 74' lang='lat'><strong>382</strong></span> <span class='ocrx_word' id='word_1_641' title='bbox 2721 3023 2924 3079; x_wconf 87' lang='lat' dir='ltr'><strong>vincat.</strong></span> <span class='ocrx_word' id='word_1_642' title='bbox 2969 3021 3052 3077; x_wconf 83' lang='lat' dir='ltr'><strong>Ad</strong></span> <span class='ocrx_word' id='word_1_643' title='bbox 3075 3028 3337 3090; x_wconf 88' lang='lat' dir='ltr'><strong>utrosque</strong></span> <span class='ocrx_word' id='word_1_644' title='bbox 3381 3026 3464 3072; x_wconf 89' lang='lat' dir='ltr'><strong>ta-</strong></span> 
     </span>
    </p>
   </div>
   <div class='ocr_carea' id='block_1_78' title="bbox 1866 3109 3462 3194">
    <p class='ocr_par' dir='ltr' id='par_1_78' title="bbox 1866 3109 3462 3194">
     <span class='ocr_line' id='line_1_78' title="bbox 1866 3109 3462 3194; baseline -0.009 -15"><span class='ocrx_word' id='word_1_645' title='bbox 1866 3139 1992 3179; x_wconf 89' lang='lat' dir='ltr'><strong>men</strong></span> <span class='ocrx_word' id='word_1_646' title='bbox 2016 3122 2213 3194; x_wconf 69' lang='lat' dir='ltr'><strong>pluvite</strong></span> <span class='ocrx_word' id='word_1_647' title='bbox 2237 3121 2754 3178; x_wconf 89' lang='lat' dir='ltr'><strong>oblectamentorum</strong></span> <span class='ocrx_word' id='word_1_648' title='bbox 2779 3115 3134 3178; x_wconf 87' lang='lat' dir='ltr'><strong>descendunt,</strong></span> <span class='ocrx_word' id='word_1_649' title='bbox 3165 3120 3221 3168; x_wconf 92' lang='lat' dir='ltr'><strong>et</strong></span> <span class='ocrx_word' id='word_1_650' title='bbox 3241 3109 3462 3166; x_wconf 76' lang='lat' dir='ltr'><strong>ﬁumina</strong></span> 
     </span>
    </p>
   </div>
   <div class='ocr_carea' id='block_1_79' title="bbox 1865 3205 3467 3290">
    <p class='ocr_par' dir='ltr' id='par_1_79' title="bbox 1865 3205 3467 3290">
     <span class='ocr_line' id='line_1_79' title="bbox 1865 3205 3467 3290; baseline -0.009 -18"><span class='ocrx_word' id='word_1_651' title='bbox 1865 3215 2091 3290; x_wconf 83' lang='lat' dir='ltr'><strong>prolixae</strong></span> <span class='ocrx_word' id='word_1_652' title='bbox 2120 3213 2437 3271; x_wconf 88' lang='lat' dir='ltr'><strong>tentationis</strong></span> <span class='ocrx_word' id='word_1_653' title='bbox 2461 3211 2790 3267; x_wconf 90' lang='lat' dir='ltr'><strong>inundanter</strong></span> <span class='ocrx_word' id='word_1_654' title='bbox 2813 3209 3060 3266; x_wconf 87' lang='lat' dir='ltr'><strong>veniunt.</strong></span> <span class='ocrx_word' id='word_1_655' title='bbox 3089 3206 3194 3264; x_wconf 91' lang='lat' dir='ltr'><strong>Sed</strong></span> <span class='ocrx_word' id='word_1_656' title='bbox 3237 3205 3296 3260; x_wconf 89' lang='lat' dir='ltr'><strong>bi</strong></span> <span class='ocrx_word' id='word_1_657' title='bbox 3344 3218 3467 3260; x_wconf 33' lang='lat' dir='ltr'><strong>cor!</strong></span> 
     </span>
    </p>
   </div>
   <div class='ocr_carea' id='block_1_80' title="bbox 1866 3295 3463 3375">
    <p class='ocr_par' dir='ltr' id='par_1_80' title="bbox 1866 3295 3463 3375">
     <span class='ocr_line' id='line_1_80' title="bbox 1866 3295 3463 3375; baseline -0.009 -12"><span class='ocrx_word' id='word_1_658' title='bbox 1866 3316 2063 3374; x_wconf 89' lang='lat' dir='ltr'><strong>ruunt;</strong></span> <span class='ocrx_word' id='word_1_659' title='bbox 2089 3307 2144 3363; x_wconf 92' lang='lat' dir='ltr'><strong>hi</strong></span> <span class='ocrx_word' id='word_1_660' title='bbox 2165 3323 2319 3373; x_wconf 90' lang='lat' dir='ltr'><strong>vero,</strong></span> <span class='ocrx_word' id='word_1_661' title='bbox 2349 3306 2403 3362; x_wconf 90' lang='lat' dir='ltr'><strong>in</strong></span> <span class='ocrx_word' id='word_1_662' title='bbox 2427 3304 2625 3375; x_wconf 90' lang='lat' dir='ltr'><strong>quibus</strong></span> <span class='ocrx_word' id='word_1_663' title='bbox 2645 3301 2898 3359; x_wconf 87' lang='lat' dir='ltr'><strong>Christus</strong></span> <span class='ocrx_word' id='word_1_664' title='bbox 2945 3317 3013 3358; x_wconf 84' lang='lat' dir='ltr'><strong>ex</strong></span> <span class='ocrx_word' id='word_1_665' title='bbox 3041 3313 3162 3356; x_wconf 90' lang='lat' dir='ltr'><strong>sese</strong></span> <span class='ocrx_word' id='word_1_666' title='bbox 3208 3295 3463 3362; x_wconf 89' lang='lat' dir='ltr'><strong>aediﬁcat,</strong></span> 
     </span>
    </p>
   </div>
   <div class='ocr_carea' id='block_1_81' title="bbox 1867 3391 3467 3471">
    <p class='ocr_par' dir='ltr' id='par_1_81' title="bbox 1867 3391 3467 3471">
     <span class='ocr_line' id='line_1_81' title="bbox 1867 3391 3467 3471; baseline -0.008 -15"><span class='ocrx_word' id='word_1_667' title='bbox 1867 3401 2089 3457; x_wconf 91' lang='lat' dir='ltr'><strong>stabiles</strong></span> <span class='ocrx_word' id='word_1_668' title='bbox 2108 3407 2448 3471; x_wconf 87' lang='lat' dir='ltr'><strong>permanent,</strong></span> <span class='ocrx_word' id='word_1_669' title='bbox 2481 3407 2538 3453; x_wconf 92' lang='lat' dir='ltr'><strong>et</strong></span> <span class='ocrx_word' id='word_1_670' title='bbox 2569 3413 2705 3467; x_wconf 89' lang='lat' dir='ltr'><strong>opus</strong></span> <span class='ocrx_word' id='word_1_671' title='bbox 2725 3410 2913 3452; x_wconf 91' lang='lat' dir='ltr'><strong>eorum</strong></span> <span class='ocrx_word' id='word_1_672' title='bbox 2955 3394 3011 3450; x_wconf 92' lang='lat' dir='ltr'><strong>in</strong></span> <span class='ocrx_word' id='word_1_673' title='bbox 3051 3391 3204 3448; x_wconf 82' lang='lat' dir='ltr'><strong>caelis</strong></span> <span class='ocrx_word' id='word_1_674' title='bbox 3253 3404 3467 3460; x_wconf 88' lang='lat' dir='ltr'><strong>semper</strong></span> 
     </span>
    </p>
   </div>
   <div class='ocr_carea' id='block_1_82' title="bbox 1868 3480 3462 3558">
    <p class='ocr_par' dir='ltr' id='par_1_82' title="bbox 1868 3480 3462 3558">
     <span class='ocr_line' id='line_1_82' title="bbox 1868 3480 3462 3558; baseline -0.009 -10"><span class='ocrx_word' id='word_1_675' title='bbox 1868 3491 2268 3548; x_wconf 89' lang='lat' dir='ltr'><strong>constabilitur.</strong></span> <span class='ocrx_word' id='word_1_676' title='bbox 2310 3487 2466 3546; x_wconf 90' lang='lat' dir='ltr'><strong>Unde</strong></span> <span class='ocrx_word' id='word_1_677' title='bbox 2494 3481 2798 3558; x_wconf 80' lang='lat' dir='ltr'><strong>propheta:</strong></span> <span class='ocrx_word' id='word_1_678' title='bbox 2831 3484 3092 3539; x_wconf 86' lang='lat' dir='ltr'><strong>Dominus</strong></span> <span class='ocrx_word' id='word_1_679' title='bbox 3132 3483 3189 3536; x_wconf 86' lang='lat' dir='ltr'><strong>in</strong></span> <span class='ocrx_word' id='word_1_680' title='bbox 3233 3480 3462 3546; x_wconf 82' lang='lat' dir='ltr'><strong>turbine,</strong></span> 
     </span>
    </p>
   </div>
   <div class='ocr_carea' id='block_1_83' title="bbox 1869 3571 3464 3652">
    <p class='ocr_par' dir='ltr' id='par_1_83' title="bbox 1869 3571 3464 3652">
     <span class='ocr_line' id='line_1_83' title="bbox 1869 3571 3464 3652; baseline -0.006 -15"><span class='ocrx_word' id='word_1_681' title='bbox 1869 3591 1918 3637; x_wconf 89' lang='lat' dir='ltr'><strong>et</strong></span> <span class='ocrx_word' id='word_1_682' title='bbox 1940 3583 1996 3638; x_wconf 86' lang='lat' dir='ltr'><strong>in</strong></span> <span class='ocrx_word' id='word_1_683' title='bbox 2016 3589 2314 3652; x_wconf 86' lang='lat' dir='ltr'><strong>tempestate</strong></span> <span class='ocrx_word' id='word_1_684' title='bbox 2338 3580 2434 3634; x_wconf 71' lang='lat' dir='ltr'><strong>via:</strong></span> <span class='ocrx_word' id='word_1_685' title='bbox 2452 3579 2599 3633; x_wconf 85' lang='lat' dir='ltr'><strong>illius</strong></span> <span class='ocrx_word' id='word_1_686' title='bbox 2615 3576 2856 3649; x_wconf 84' lang='lat' dir='ltr'><strong>(Na/mm</strong></span> <span class='ocrx_word' id='word_1_687' title='bbox 2887 3592 2924 3641; x_wconf 91' lang='grc' dir='ltr'>ι,</span> <span class='ocrx_word' id='word_1_688' title='bbox 2949 3576 3028 3645; x_wconf 78' lang='lat'><strong>5).</strong></span> <span class='ocrx_word' id='word_1_689' title='bbox 3059 3573 3196 3642; x_wconf 86' lang='lat' dir='ltr'><strong>Quia</strong></span> <span class='ocrx_word' id='word_1_690' title='bbox 3221 3571 3464 3644; x_wconf 83' lang='lat' dir='ltr'><strong>profecto</strong></span> 
     </span>
    </p>
   </div>
   <div class='ocr_carea' id='block_1_84' title="bbox 1870 3666 3467 3742">
    <p class='ocr_par' dir='ltr' id='par_1_84' title="bbox 1870 3666 3467 3742">
     <span class='ocr_line' id='line_1_84' title="bbox 1870 3666 3467 3742; baseline -0.005 -14"><span class='ocrx_word' id='word_1_691' title='bbox 1870 3680 2061 3730; x_wconf 86' lang='lat' dir='ltr'><strong>contra</strong></span> <span class='ocrx_word' id='word_1_692' title='bbox 2090 3687 2186 3728; x_wconf 90' lang='lat' dir='ltr'><strong>eos</strong></span> <span class='ocrx_word' id='word_1_693' title='bbox 2211 3671 2381 3742; x_wconf 91' lang='lat' dir='ltr'><strong>quiin</strong></span> <span class='ocrx_word' id='word_1_694' title='bbox 2429 3669 2648 3726; x_wconf 89' lang='lat' dir='ltr'><strong>Christo</strong></span> <span class='ocrx_word' id='word_1_695' title='bbox 2692 3668 3099 3724; x_wconf 89' lang='lat' dir='ltr'><strong>coaediﬁcantur</strong></span> <span class='ocrx_word' id='word_1_696' title='bbox 3151 3666 3344 3723; x_wconf 62' lang='lat' dir='ltr'><strong>saevior</strong></span> <span class='ocrx_word' id='word_1_697' title='bbox 3402 3681 3467 3721; x_wconf 92' lang='lat' dir='ltr'><strong>ac</strong></span> 
     </span>
    </p>
   </div>
   <div class='ocr_carea' id='block_1_85' title="bbox 1871 3759 3468 3835">
    <p class='ocr_par' dir='ltr' id='par_1_85' title="bbox 1871 3759 3468 3835">
     <span class='ocr_line' id='line_1_85' title="bbox 1871 3759 3468 3835; baseline -0.003 -16"><span class='ocrx_word' id='word_1_698' title='bbox 1871 3765 2165 3820; x_wconf 89' lang='lat' dir='ltr'><strong>vehemens</strong></span> <span class='ocrx_word' id='word_1_699' title='bbox 2185 3762 2421 3835; x_wconf 89' lang='lat' dir='ltr'><strong>procella</strong></span> <span class='ocrx_word' id='word_1_700' title='bbox 2449 3762 2622 3818; x_wconf 87' lang='lat' dir='ltr'><strong>saevit.</strong></span> <span class='ocrx_word' id='word_1_701' title='bbox 2649 3760 2750 3817; x_wconf 91' lang='lat' dir='ltr'><strong>Ubi</strong></span> <span class='ocrx_word' id='word_1_702' title='bbox 2796 3761 2924 3816; x_wconf 89' lang='lat' dir='ltr'><strong>licet</strong></span> <span class='ocrx_word' id='word_1_703' title='bbox 2971 3760 3184 3816; x_wconf 91' lang='lat' dir='ltr'><strong>minora</strong></span> <span class='ocrx_word' id='word_1_704' title='bbox 3229 3759 3468 3815; x_wconf 87' lang='lat' dir='ltr'><strong>oblecta-</strong></span> 
     </span>
    </p>
   </div>
   <div class='ocr_carea' id='block_1_86' title="bbox 1875 3849 3467 3926">
    <p class='ocr_par' dir='ltr' id='par_1_86' title="bbox 1875 3849 3467 3926">
     <span class='ocr_line' id='line_1_86' title="bbox 1875 3849 3467 3926; baseline -0.004 -15"><span class='ocrx_word' id='word_1_705' title='bbox 1875 3862 2058 3912; x_wconf 88' lang='lat' dir='ltr'><strong>menta</strong></span> <span class='ocrx_word' id='word_1_706' title='bbox 2084 3854 2340 3910; x_wconf 88' lang='lat' dir='ltr'><strong>vitiorum</strong></span> <span class='ocrx_word' id='word_1_707' title='bbox 2374 3853 2605 3926; x_wconf 87' lang='lat' dir='ltr'><strong>pulsent,</strong></span> <span class='ocrx_word' id='word_1_708' title='bbox 2638 3851 2862 3908; x_wconf 85' lang='lat' dir='ltr'><strong>ﬁumina</strong></span> <span class='ocrx_word' id='word_1_709' title='bbox 2885 3851 3181 3908; x_wconf 91' lang='lat' dir='ltr'><strong>elationum</strong></span> <span class='ocrx_word' id='word_1_710' title='bbox 3227 3849 3315 3906; x_wconf 88' lang='lat' dir='ltr'><strong>vel</strong></span> <span class='ocrx_word' id='word_1_711' title='bbox 3371 3863 3467 3904; x_wconf 88' lang='lat' dir='ltr'><strong>su-</strong></span> 
     </span>
    </p>
   </div>
   <div class='ocr_carea' id='block_1_87' title="bbox 1874 3945 3468 4020">
    <p class='ocr_par' dir='ltr' id='par_1_87' title="bbox 1874 3945 3468 4020">
     <span class='ocr_line' id='line_1_87' title="bbox 1874 3945 3468 4020; baseline -0.004 -16"><span class='ocrx_word' id='word_1_712' title='bbox 1874 3949 2079 4020; x_wconf 88' lang='lat' dir='ltr'><strong>perbiae</strong></span> <span class='ocrx_word' id='word_1_713' title='bbox 2108 3947 2297 4015; x_wconf 83' lang='lat' dir='ltr'><strong>fluant,</strong></span> <span class='ocrx_word' id='word_1_714' title='bbox 2320 3946 2519 4002; x_wconf 90' lang='lat' dir='ltr'><strong>deinde</strong></span> <span class='ocrx_word' id='word_1_715' title='bbox 2547 3945 2794 4002; x_wconf 86' lang='lat' dir='ltr'><strong>diabolus</strong></span> <span class='ocrx_word' id='word_1_716' title='bbox 2814 3960 3005 4001; x_wconf 89' lang='lat' dir='ltr'><strong>omnes</strong></span> <span class='ocrx_word' id='word_1_717' title='bbox 3046 3951 3237 4002; x_wconf 88' lang='lat' dir='ltr'><strong>ventos</strong></span> <span class='ocrx_word' id='word_1_718' title='bbox 3289 3951 3468 3998; x_wconf 83' lang='lat' dir='ltr'><strong>tenta—</strong></span> 
     </span>
    </p>
   </div>
   <div class='ocr_carea' id='block_1_88' title="bbox 1877 4035 3472 4102">
    <p class='ocr_par' dir='ltr' id='par_1_88' title="bbox 1877 4035 3472 4102">
     <span class='ocr_line' id='line_1_88' title="bbox 1877 4035 3472 4102; baseline -0.005 -4"><span class='ocrx_word' id='word_1_719' title='bbox 1877 4042 2083 4098; x_wconf 90' lang='lat' dir='ltr'><strong>tionum</strong></span> <span class='ocrx_word' id='word_1_720' title='bbox 2111 4039 2470 4096; x_wconf 90' lang='lat' dir='ltr'><strong>circumcirca</strong></span> <span class='ocrx_word' id='word_1_721' title='bbox 2498 4038 2693 4094; x_wconf 88' lang='lat' dir='ltr'><strong>fortius</strong></span> <span class='ocrx_word' id='word_1_722' title='bbox 2713 4045 2908 4102; x_wconf 87' lang='lat' dir='ltr'><strong>movet,</strong></span> <span class='ocrx_word' id='word_1_723' title='bbox 2950 4045 3026 4102; x_wconf 91' lang='lat' dir='ltr'><strong>et,</strong></span> <span class='ocrx_word' id='word_1_724' title='bbox 3083 4036 3130 4092; x_wconf 92' lang='lat' dir='ltr'><strong>si</strong></span> <span class='ocrx_word' id='word_1_725' title='bbox 3162 4035 3472 4093; x_wconf 89' lang='lat' dir='ltr'><strong>inconcussi</strong></span> 
     </span>
    </p>
   </div>
   <div class='ocr_carea' id='block_1_89' title="bbox 1879 4129 3474 4200">
    <p class='ocr_par' dir='ltr' id='par_1_89' title="bbox 1879 4129 3474 4200">
     <span class='ocr_line' id='line_1_89' title="bbox 1879 4129 3474 4200; baseline -0.005 -10"><span class='ocrx_word' id='word_1_726' title='bbox 1879 4135 2053 4191; x_wconf 90' lang='lat' dir='ltr'><strong>adhuc</strong></span> <span class='ocrx_word' id='word_1_727' title='bbox 2079 4141 2306 4200; x_wconf 90' lang='lat' dir='ltr'><strong>stamus,</strong></span> <span class='ocrx_word' id='word_1_728' title='bbox 2333 4133 2470 4188; x_wconf 89' lang='lat' dir='ltr'><strong>satis</strong></span> <span class='ocrx_word' id='word_1_729' title='bbox 2487 4131 2763 4187; x_wconf 89' lang='lat' dir='ltr'><strong>timendus</strong></span> <span class='ocrx_word' id='word_1_730' title='bbox 2787 4137 2874 4186; x_wconf 92' lang='lat' dir='ltr'><strong>est</strong></span> <span class='ocrx_word' id='word_1_731' title='bbox 2896 4129 3159 4185; x_wconf 90' lang='lat' dir='ltr'><strong>Dominus</strong></span> <span class='ocrx_word' id='word_1_732' title='bbox 3182 4129 3235 4184; x_wconf 93' lang='lat' dir='ltr'><strong>in</strong></span> <span class='ocrx_word' id='word_1_733' title='bbox 3259 4129 3474 4185; x_wconf 84' lang='lat' dir='ltr'><strong>turbine</strong></span> 
     </span>
    </p>
   </div>
   <div class='ocr_carea' id='block_1_90' title="bbox 1879 4220 3471 4296">
    <p class='ocr_par' dir='ltr' id='par_1_90' title="bbox 1879 4220 3471 4296">
     <span class='ocr_line' id='line_1_90' title="bbox 1879 4220 3471 4296; baseline -0.004 -13"><span class='ocrx_word' id='word_1_734' title='bbox 1879 4236 2166 4284; x_wconf 88' lang='lat' dir='ltr'><strong>ventorum</strong></span> <span class='ocrx_word' id='word_1_735' title='bbox 2203 4226 2334 4281; x_wconf 87' lang='lat' dir='ltr'><strong>etin</strong></span> <span class='ocrx_word' id='word_1_736' title='bbox 2367 4232 2711 4296; x_wconf 89' lang='lat' dir='ltr'><strong>tempestate,</strong></span> <span class='ocrx_word' id='word_1_737' title='bbox 2743 4237 2814 4278; x_wconf 89' lang='lat' dir='ltr'><strong>ne</strong></span> <span class='ocrx_word' id='word_1_738' title='bbox 2837 4221 2979 4278; x_wconf 90' lang='lat' dir='ltr'><strong>forte</strong></span> <span class='ocrx_word' id='word_1_739' title='bbox 3003 4237 3103 4278; x_wconf 87' lang='lat' dir='ltr'><strong>nos</strong></span> <span class='ocrx_word' id='word_1_740' title='bbox 3151 4220 3471 4278; x_wconf 87' lang='lat' dir='ltr'><strong>imbecillio-</strong></span> 
     </span>
    </p>
   </div>
   <div class='ocr_carea' id='block_1_91' title="bbox 1881 4315 3476 4386">
    <p class='ocr_par' dir='ltr' id='par_1_91' title="bbox 1881 4315 3476 4386">
     <span class='ocr_line' id='line_1_91' title="bbox 1881 4315 3476 4386; baseline -0.006 -8"><span class='ocrx_word' id='word_1_741' title='bbox 1881 4337 1969 4378; x_wconf 88' lang='lat' dir='ltr'><strong>res</strong></span> <span class='ocrx_word' id='word_1_742' title='bbox 2000 4315 2256 4376; x_wconf 83' lang='lat' dir='ltr'><strong>inveniat.</strong></span> <span class='ocrx_word' id='word_1_743' title='bbox 2295 4317 2679 4374; x_wconf 86' lang='lat' dir='ltr'><strong>Verumtamen</strong></span> <span class='ocrx_word' id='word_1_744' title='bbox 2702 4315 2840 4372; x_wconf 78' lang='lat' dir='ltr'><strong>fixos</strong></span> <span class='ocrx_word' id='word_1_745' title='bbox 2869 4330 2991 4372; x_wconf 88' lang='lat' dir='ltr'><strong>esse</strong></span> <span class='ocrx_word' id='word_1_746' title='bbox 3009 4323 3244 4386; x_wconf 88' lang='lat' dir='ltr'><strong>oportet,</strong></span> <span class='ocrx_word' id='word_1_747' title='bbox 3280 4329 3476 4386; x_wconf 88' lang='lat' dir='ltr'><strong>quam-</strong></span> 
     </span>
    </p>
   </div>
   <div class='ocr_carea' id='block_1_92' title="bbox 1881 4408 3472 4482">
    <p class='ocr_par' dir='ltr' id='par_1_92' title="bbox 1881 4408 3472 4482">
     <span class='ocr_line' id='line_1_92' title="bbox 1881 4408 3472 4482; baseline -0.003 -15"><span class='ocrx_word' id='word_1_748' title='bbox 1881 4414 1964 4469; x_wconf 91' lang='lat' dir='ltr'><strong>vis</strong></span> <span class='ocrx_word' id='word_1_749' title='bbox 1991 4412 2162 4468; x_wconf 91' lang='lat' dir='ltr'><strong>tribus</strong></span> <span class='ocrx_word' id='word_1_750' title='bbox 2183 4410 2302 4467; x_wconf 91' lang='lat' dir='ltr'><strong>istis</strong></span> <span class='ocrx_word' id='word_1_751' title='bbox 2330 4409 2616 4482; x_wconf 90' lang='lat' dir='ltr'><strong>generibus</strong></span> <span class='ocrx_word' id='word_1_752' title='bbox 2637 4417 2826 4464; x_wconf 90' lang='lat' dir='ltr'><strong>contra</strong></span> <span class='ocrx_word' id='word_1_753' title='bbox 2849 4423 2949 4464; x_wconf 92' lang='lat' dir='ltr'><strong>nos</strong></span> <span class='ocrx_word' id='word_1_754' title='bbox 2978 4408 3187 4475; x_wconf 87' lang='lat' dir='ltr'><strong>saeviat,</strong></span> <span class='ocrx_word' id='word_1_755' title='bbox 3242 4415 3298 4464; x_wconf 90' lang='lat' dir='ltr'><strong>et</strong></span> <span class='ocrx_word' id='word_1_756' title='bbox 3350 4423 3472 4463; x_wconf 90' lang='lat' dir='ltr'><strong>om-</strong></span> 
     </span>
    </p>
   </div>
   <div class='ocr_carea' id='block_1_93' title="bbox 1885 4499 3478 4572">
    <p class='ocr_par' dir='ltr' id='par_1_93' title="bbox 1885 4499 3478 4572">
     <span class='ocr_line' id='line_1_93' title="bbox 1885 4499 3478 4572; baseline -0.002 -12"><span class='ocrx_word' id='word_1_757' title='bbox 1885 4505 1975 4560; x_wconf 86' lang='lat' dir='ltr'><strong>nia</strong></span> <span class='ocrx_word' id='word_1_758' title='bbox 2011 4509 2469 4560; x_wconf 89' lang='lat' dir='ltr'><strong>tentamentorum</strong></span> <span class='ocrx_word' id='word_1_759' title='bbox 2505 4515 2703 4571; x_wconf 86' lang='lat' dir='ltr'><strong>genera</strong></span> <span class='ocrx_word' id='word_1_760' title='bbox 2749 4500 2804 4554; x_wconf 88' lang='lat' dir='ltr'><strong>in</strong></span> <span class='ocrx_word' id='word_1_761' title='bbox 2851 4499 2937 4556; x_wconf 89' lang='lat' dir='ltr'><strong>his</strong></span> <span class='ocrx_word' id='word_1_762' title='bbox 2985 4500 3278 4572; x_wconf 84' lang='lat' dir='ltr'><strong>expendat,</strong></span> <span class='ocrx_word' id='word_1_763' title='bbox 3333 4499 3478 4570; x_wconf 91' lang='lat' dir='ltr'><strong>quod</strong></span> 
     </span>
    </p>
   </div>
   <div class='ocr_carea' id='block_1_94' title="bbox 1888 4592 3479 4666">
    <p class='ocr_par' dir='ltr' id='par_1_94' title="bbox 1888 4592 3479 4666">
     <span class='ocr_line' id='line_1_94' title="bbox 1888 4592 3479 4666; baseline -0.003 -14"><span class='ocrx_word' id='word_1_764' title='bbox 1888 4594 2026 4652; x_wconf 88' lang='lat' dir='ltr'><strong>nihil</strong></span> <span class='ocrx_word' id='word_1_765' title='bbox 2063 4594 2236 4666; x_wconf 89' lang='lat' dir='ltr'><strong>possit</strong></span> <span class='ocrx_word' id='word_1_766' title='bbox 2261 4601 2449 4649; x_wconf 89' lang='lat' dir='ltr'><strong>contra</strong></span> <span class='ocrx_word' id='word_1_767' title='bbox 2471 4607 2591 4659; x_wconf 93' lang='lat' dir='ltr'><strong>nos,</strong></span> <span class='ocrx_word' id='word_1_768' title='bbox 2613 4592 2718 4647; x_wconf 90' lang='lat' dir='ltr'><strong>nisi</strong></span> <span class='ocrx_word' id='word_1_769' title='bbox 2747 4607 2910 4662; x_wconf 89' lang='lat' dir='ltr'><strong>super</strong></span> <span class='ocrx_word' id='word_1_770' title='bbox 2933 4607 3155 4648; x_wconf 89' lang='lat' dir='ltr'><strong>arenam</strong></span> <span class='ocrx_word' id='word_1_771' title='bbox 3187 4608 3287 4648; x_wconf 91' lang='lat' dir='ltr'><strong>nos</strong></span> <span class='ocrx_word' id='word_1_772' title='bbox 3311 4593 3479 4648; x_wconf 87' lang='lat' dir='ltr'><strong>aediﬁ-</strong></span> 
     </span>
    </p>
   </div>
   <div class='ocr_carea' id='block_1_95' title="bbox 1889 4685 3480 4761">
    <p class='ocr_par' dir='ltr' id='par_1_95' title="bbox 1889 4685 3480 4761">
     <span class='ocr_line' id='line_1_95' title="bbox 1889 4685 3480 4761; baseline -0.001 -16"><span class='ocrx_word' id='word_1_773' title='bbox 1889 4704 2046 4746; x_wconf 90' lang='lat' dir='ltr'><strong>casse</strong></span> <span class='ocrx_word' id='word_1_774' title='bbox 2073 4687 2334 4744; x_wconf 82' lang='lat' dir='ltr'><strong>inveniat.</strong></span> <span class='ocrx_word' id='word_1_775' title='bbox 2364 4685 2574 4759; x_wconf 90' lang='lat' dir='ltr'><strong>Quippe</strong></span> <span class='ocrx_word' id='word_1_776' title='bbox 2605 4687 2778 4742; x_wconf 89' lang='lat' dir='ltr'><strong>tribus</strong></span> <span class='ocrx_word' id='word_1_777' title='bbox 2808 4687 2982 4744; x_wconf 89' lang='lat' dir='ltr'><strong>hostis</strong></span> <span class='ocrx_word' id='word_1_778' title='bbox 3009 4703 3282 4744; x_wconf 91' lang='lat' dir='ltr'><strong>armorum</strong></span> <span class='ocrx_word' id='word_1_779' title='bbox 3317 4704 3480 4761; x_wconf 88' lang='lat' dir='ltr'><strong>gene-</strong></span> 
     </span>
    </p>
   </div>
   <div class='ocr_carea' id='block_1_96' title="bbox 1889 4781 3481 4854">
    <p class='ocr_par' dir='ltr' id='par_1_96' title="bbox 1889 4781 3481 4854">
     <span class='ocr_line' id='line_1_96' title="bbox 1889 4781 3481 4854; baseline -0.001 -16"><span class='ocrx_word' id='word_1_780' title='bbox 1889 4784 2041 4838; x_wconf 88' lang='lat' dir='ltr'><strong>ribus</strong></span> <span class='ocrx_word' id='word_1_781' title='bbox 2071 4796 2284 4854; x_wconf 90' lang='lat' dir='ltr'><strong>semper</strong></span> <span class='ocrx_word' id='word_1_782' title='bbox 2311 4781 2562 4837; x_wconf 90' lang='lat' dir='ltr'><strong>diabolus</strong></span> <span class='ocrx_word' id='word_1_783' title='bbox 2589 4790 2828 4852; x_wconf 82' lang='lat' dir='ltr'><strong>pugnat;</strong></span> <span class='ocrx_word' id='word_1_784' title='bbox 2857 4781 3038 4837; x_wconf 89' lang='lat' dir='ltr'><strong>carnis</strong></span> <span class='ocrx_word' id='word_1_785' title='bbox 3065 4782 3319 4838; x_wconf 87' lang='lat' dir='ltr'><strong>videlicet</strong></span> <span class='ocrx_word' id='word_1_786' title='bbox 3351 4797 3481 4837; x_wconf 88' lang='lat' dir='ltr'><strong>con-</strong></span> 
     </span>
    </p>
   </div>
   <div class='ocr_carea' id='block_1_97' title="bbox 1891 4871 3483 4944">
    <p class='ocr_par' dir='ltr' id='par_1_97' title="bbox 1891 4871 3483 4944">
     <span class='ocr_line' id='line_1_97' title="bbox 1891 4871 3483 4944; baseline -0.001 -15"><span class='ocrx_word' id='word_1_787' title='bbox 1891 4873 2238 4944; x_wconf 88' lang='lat' dir='ltr'><strong>cupiscentiis</strong></span> <span class='ocrx_word' id='word_1_788' title='bbox 2287 4879 2383 4927; x_wconf 92' lang='lat' dir='ltr'><strong>aut</strong></span> <span class='ocrx_word' id='word_1_789' title='bbox 2431 4871 2792 4928; x_wconf 84' lang='lat' dir='ltr'><strong>exterioribus</strong></span> <span class='ocrx_word' id='word_1_790' title='bbox 2839 4872 3024 4927; x_wconf 92' lang='lat' dir='ltr'><strong>mundi</strong></span> <span class='ocrx_word' id='word_1_791' title='bbox 3069 4872 3483 4928; x_wconf 88' lang='lat' dir='ltr'><strong>oblectamentis</strong></span> 
     </span>
    </p>
   </div>
   <div class='ocr_carea' id='block_1_98' title="bbox 1893 4966 3481 5038">
    <p class='ocr_par' dir='ltr' id='par_1_98' title="bbox 1893 4966 3481 5038">
     <span class='ocr_line' id='line_1_98' title="bbox 1893 4966 3481 5038; baseline -0.001 -16"><span class='ocrx_word' id='word_1_792' title='bbox 1893 4978 2056 5038; x_wconf 84' lang='lat' dir='ltr'><strong>atque</strong></span> <span class='ocrx_word' id='word_1_793' title='bbox 2075 4966 2370 5033; x_wconf 88' lang='lat' dir='ltr'><strong>favoribus,</strong></span> <span class='ocrx_word' id='word_1_794' title='bbox 2395 4973 2486 5021; x_wconf 90' lang='lat' dir='ltr'><strong>aut</strong></span> <span class='ocrx_word' id='word_1_795' title='bbox 2513 4981 2610 5036; x_wconf 91' lang='lat' dir='ltr'><strong>per</strong></span> <span class='ocrx_word' id='word_1_796' title='bbox 2629 4967 2892 5037; x_wconf 90' lang='lat' dir='ltr'><strong>seipsum,</strong></span> <span class='ocrx_word' id='word_1_797' title='bbox 2911 4982 3034 5022; x_wconf 91' lang='lat' dir='ltr'><strong>cum</strong></span> <span class='ocrx_word' id='word_1_798' title='bbox 3053 4966 3335 5022; x_wconf 91' lang='lat' dir='ltr'><strong>universos</strong></span> <span class='ocrx_word' id='word_1_799' title='bbox 3356 4967 3481 5022; x_wconf 90' lang='lat' dir='ltr'><strong>hinc</strong></span> 
     </span>
    </p>
   </div>
   <div class='ocr_carea' id='block_1_99' title="bbox 1894 5058 3482 5132">
    <p class='ocr_par' dir='ltr' id='par_1_99' title="bbox 1894 5058 3482 5132">
     <span class='ocr_line' id='line_1_99' title="bbox 1894 5058 3482 5132; baseline -0.001 -16"><span class='ocrx_word' id='word_1_800' title='bbox 1894 5061 2020 5117; x_wconf 90' lang='lat' dir='ltr'><strong>inde</strong></span> <span class='ocrx_word' id='word_1_801' title='bbox 2063 5072 2254 5118; x_wconf 90' lang='lat' dir='ltr'><strong>ventos</strong></span> <span class='ocrx_word' id='word_1_802' title='bbox 2284 5059 2669 5132; x_wconf 82' lang='lat' dir='ltr'><strong>impulsionum</strong></span> <span class='ocrx_word' id='word_1_803' title='bbox 2700 5059 2982 5126; x_wconf 77' lang='lat' dir='ltr'><strong>laxaverit,</strong></span> <span class='ocrx_word' id='word_1_804' title='bbox 3025 5074 3213 5115; x_wconf 90' lang='lat' dir='ltr'><strong>eorum</strong></span> <span class='ocrx_word' id='word_1_805' title='bbox 3263 5058 3332 5114; x_wconf 90' lang='lat' dir='ltr'><strong>ad</strong></span> <span class='ocrx_word' id='word_1_806' title='bbox 3373 5059 3482 5114; x_wconf 90' lang='lat' dir='ltr'><strong>rui-</strong></span> 
     </span>
    </p>
   </div>
   <div class='ocr_carea' id='block_1_100' title="bbox 1897 5152 3483 5228">
    <p class='ocr_par' dir='ltr' id='par_1_100' title="bbox 1897 5152 3483 5228">
     <span class='ocr_line' id='line_1_100' title="bbox 1897 5152 3483 5228; baseline -0.001 -18"><span class='ocrx_word' id='word_1_807' title='bbox 1897 5171 2023 5212; x_wconf 87' lang='lat' dir='ltr'><strong>nam</strong></span> <span class='ocrx_word' id='word_1_808' title='bbox 2049 5171 2184 5228; x_wconf 90' lang='lat' dir='ltr'><strong>quos</strong></span> <span class='ocrx_word' id='word_1_809' title='bbox 2212 5171 2377 5226; x_wconf 88' lang='lat' dir='ltr'><strong>super</strong></span> <span class='ocrx_word' id='word_1_810' title='bbox 2404 5169 2625 5211; x_wconf 89' lang='lat' dir='ltr'><strong>arenam</strong></span> <span class='ocrx_word' id='word_1_811' title='bbox 2677 5155 2978 5212; x_wconf 86' lang='lat' dir='ltr'><strong>aediﬁcasse</strong></span> <span class='ocrx_word' id='word_1_812' title='bbox 3032 5152 3322 5208; x_wconf 85' lang='lat' dir='ltr'><strong>invenerit.</strong></span> <span class='ocrx_word' id='word_1_813' title='bbox 3376 5152 3483 5208; x_wconf 88' lang='lat' dir='ltr'><strong>Sed</strong></span> 
     </span>
    </p>
   </div>
   <div class='ocr_carea' id='block_1_101' title="bbox 1898 5245 3486 5320">
    <p class='ocr_par' dir='ltr' id='par_1_101' title="bbox 1898 5245 3486 5320">
     <span class='ocr_line' id='line_1_101' title="bbox 1898 5245 3486 5320; baseline -0.004 -12"><span class='ocrx_word' id='word_1_814' title='bbox 1898 5263 2079 5308; x_wconf 88' lang='lat' dir='ltr'><strong>tamen</strong></span> <span class='ocrx_word' id='word_1_815' title='bbox 2111 5265 2210 5306; x_wconf 93' lang='lat' dir='ltr'><strong>cur</strong></span> <span class='ocrx_word' id='word_1_816' title='bbox 2243 5249 2348 5305; x_wconf 88' lang='lat' dir='ltr'><strong>iste</strong></span> <span class='ocrx_word' id='word_1_817' title='bbox 2371 5248 2599 5320; x_wconf 87' lang='lat' dir='ltr'><strong>quilibet</strong></span> <span class='ocrx_word' id='word_1_818' title='bbox 2621 5248 2706 5303; x_wconf 85' lang='lat' dir='ltr'><strong>vir</strong></span> <span class='ocrx_word' id='word_1_819' title='bbox 2729 5265 2835 5303; x_wconf 90' lang='lat' dir='ltr'><strong>non</strong></span> <span class='ocrx_word' id='word_1_820' title='bbox 2860 5247 3140 5313; x_wconf 91' lang='lat' dir='ltr'><strong>ceciderit,</strong></span> <span class='ocrx_word' id='word_1_821' title='bbox 3197 5245 3486 5302; x_wconf 87' lang='lat' dir='ltr'><strong>manifeste</strong></span> 
     </span>
    </p>
   </div>
   <div class='ocr_carea' id='block_1_102' title="bbox 1893 5338 3478 5410">
    <p class='ocr_par' dir='ltr' id='par_1_102' title="bbox 1893 5338 3478 5410">
     <span class='ocr_line' id='line_1_102' title="bbox 1893 5338 3478 5410; baseline -0.004 -10"><span class='ocrx_word' id='word_1_822' title='bbox 1893 5341 2130 5400; x_wconf 84' lang='lat' dir='ltr'><strong>ostendit</strong></span> <span class='ocrx_word' id='word_1_823' title='bbox 2165 5338 2691 5397; x_wconf 78' lang='lat' dir='ltr'><strong>dicenstundatus</strong></span> <span class='ocrx_word' id='word_1_824' title='bbox 2718 5341 2855 5394; x_wconf 86' lang='lat' dir='ltr'><strong>enim</strong></span> <span class='ocrx_word' id='word_1_825' title='bbox 2897 5347 3011 5394; x_wconf 88' lang='lat' dir='ltr'><strong>erat</strong></span> <span class='ocrx_word' id='word_1_826' title='bbox 3059 5355 3218 5410; x_wconf 87' lang='lat' dir='ltr'><strong>supra</strong></span> <span class='ocrx_word' id='word_1_827' title='bbox 3256 5349 3478 5409; x_wconf 83' lang='lat' dir='ltr'><strong>petram.</strong></span> 
     </span>
    </p>
   </div>
   <div class='ocr_carea' id='block_1_103' title="bbox 1897 5432 3486 5506">
    <p class='ocr_par' dir='ltr' id='par_1_103' title="bbox 1897 5432 3486 5506">
     <span class='ocr_line' id='line_1_103' title="bbox 1897 5432 3486 5506; baseline -0.001 -14"><span class='ocrx_word' id='word_1_828' title='bbox 1897 5435 2146 5506; x_wconf 85' lang='lat' dir='ltr'><strong>Alioquin</strong></span> <span class='ocrx_word' id='word_1_829' title='bbox 2178 5434 2283 5488; x_wconf 89' lang='lat' dir='ltr'><strong>nisi</strong></span> <span class='ocrx_word' id='word_1_830' title='bbox 2312 5448 2476 5505; x_wconf 91' lang='lat' dir='ltr'><strong>super</strong></span> <span class='ocrx_word' id='word_1_831' title='bbox 2498 5448 2618 5489; x_wconf 89' lang='lat' dir='ltr'><strong>eam</strong></span> <span class='ocrx_word' id='word_1_832' title='bbox 2647 5432 2900 5487; x_wconf 89' lang='lat' dir='ltr'><strong>fundatus</strong></span> <span class='ocrx_word' id='word_1_833' title='bbox 2934 5439 3101 5499; x_wconf 87' lang='lat' dir='ltr'><strong>esset,</strong></span> <span class='ocrx_word' id='word_1_834' title='bbox 3145 5432 3358 5502; x_wconf 90' lang='lat' dir='ltr'><strong>penitus</strong></span> <span class='ocrx_word' id='word_1_835' title='bbox 3398 5448 3486 5490; x_wconf 89' lang='lat' dir='ltr'><strong>ce-</strong></span> 
     </span>
    </p>
   </div>
   <div class='ocr_carea' id='block_1_104' title="bbox 183 5524 3487 5600">
    <p class='ocr_par' dir='ltr' id='par_1_104' title="bbox 183 5524 3487 5600">
     <span class='ocr_line' id='line_1_104' title="bbox 183 5524 3487 5600; baseline 0.002 -23"><span class='ocrx_word' id='word_1_836' title='bbox 183 5535 400 5577; x_wconf 84' lang='lat' dir='ltr'><strong>cumen</strong></span> <span class='ocrx_word' id='word_1_837' title='bbox 429 5535 582 5590; x_wconf 81' lang='lat' dir='ltr'><strong>vero,</strong></span> <span class='ocrx_word' id='word_1_838' title='bbox 608 5538 732 5595; x_wconf 89' lang='lat' dir='ltr'><strong>spes</strong></span> <span class='ocrx_word' id='word_1_839' title='bbox 764 5535 916 5581; x_wconf 91' lang='lat' dir='ltr'><strong>certa</strong></span> <span class='ocrx_word' id='word_1_840' title='bbox 939 5526 1260 5593; x_wconf 89' lang='lat' dir='ltr'><strong>sustollitur,</strong></span> <span class='ocrx_word' id='word_1_841' title='bbox 1291 5542 1553 5600; x_wconf 89' lang='lat' dir='ltr'><strong>compago</strong></span> <span class='ocrx_word' id='word_1_842' title='bbox 1577 5545 1794 5600; x_wconf 87' lang='lat' dir='ltr'><strong>quoque</strong></span> <span class='ocrx_word' id='word_1_843' title='bbox 1900 5528 2138 5584; x_wconf 87' lang='lat' dir='ltr'><strong>cidisset.</strong></span> <span class='ocrx_word' id='word_1_844' title='bbox 2167 5524 2322 5582; x_wconf 90' lang='lat' dir='ltr'><strong>Unde</strong></span> <span class='ocrx_word' id='word_1_845' title='bbox 2349 5525 2510 5580; x_wconf 86' lang='lat' dir='ltr'><strong>datur</strong></span> <span class='ocrx_word' id='word_1_846' title='bbox 2541 5524 2789 5594; x_wconf 83' lang='lat' dir='ltr'><strong>intelligi,</strong></span> <span class='ocrx_word' id='word_1_847' title='bbox 2817 5524 3127 5596; x_wconf 91' lang='lat' dir='ltr'><strong>quicunque</strong></span> <span class='ocrx_word' id='word_1_848' title='bbox 3155 5534 3321 5581; x_wconf 91' lang='lat' dir='ltr'><strong>ruunt</strong></span> <span class='ocrx_word' id='word_1_849' title='bbox 3343 5529 3487 5598; x_wconf 87' lang='lat' dir='ltr'><strong>quod</strong></span> 
     </span>
    </p>
   </div>
   <div class='ocr_carea' id='block_1_105' title="bbox 183 5609 3492 5692">
    <p class='ocr_par' dir='ltr' id='par_1_105' title="bbox 183 5609 3492 5692">
     <span class='ocr_line' id='line_1_105' title="bbox 183 5609 3492 5692; baseline 0.003 -26"><span class='ocrx_word' id='word_1_850' title='bbox 183 5609 579 5682; x_wconf 80' lang='lat' dir='ltr'><strong>iuncturarum</strong></span> <span class='ocrx_word' id='word_1_851' title='bbox 601 5614 844 5672; x_wconf 86' lang='lat' dir='ltr'><strong>charitas</strong></span> <span class='ocrx_word' id='word_1_852' title='bbox 863 5609 1173 5688; x_wconf 84' lang='lat' dir='ltr'><strong>coaptatur,</strong></span> <span class='ocrx_word' id='word_1_853' title='bbox 1190 5617 1456 5676; x_wconf 68' lang='lat' dir='ltr'><strong>columna:</strong></span> <span class='ocrx_word' id='word_1_854' title='bbox 1475 5633 1608 5677; x_wconf 88' lang='lat' dir='ltr'><strong>vero</strong></span> <span class='ocrx_word' id='word_1_855' title='bbox 1629 5620 1797 5692; x_wconf 88' lang='lat' dir='ltr'><strong>ipsius</strong></span> <span class='ocrx_word' id='word_1_856' title='bbox 1903 5635 2010 5677; x_wconf 91' lang='lat' dir='ltr'><strong>non</strong></span> <span class='ocrx_word' id='word_1_857' title='bbox 2059 5618 2114 5675; x_wconf 92' lang='lat' dir='ltr'><strong>in</strong></span> <span class='ocrx_word' id='word_1_858' title='bbox 2150 5617 2370 5675; x_wconf 83' lang='lat' dir='ltr'><strong>Christo</strong></span> <span class='ocrx_word' id='word_1_859' title='bbox 2427 5616 2804 5673; x_wconf 65' lang='lat' dir='ltr'><strong>aedificantur:</strong></span> <span class='ocrx_word' id='word_1_860' title='bbox 2839 5616 3148 5690; x_wconf 86' lang='lat' dir='ltr'><strong>quicunque</strong></span> <span class='ocrx_word' id='word_1_861' title='bbox 3192 5634 3322 5676; x_wconf 88' lang='lat' dir='ltr'><strong>vero</strong></span> <span class='ocrx_word' id='word_1_862' title='bbox 3365 5635 3492 5692; x_wconf 85' lang='lat' dir='ltr'><strong>per-</strong></span> 
     </span>
    </p>
   </div>
   <div class='ocr_carea' id='block_1_106' title="bbox 187 5703 3494 5785">
    <p class='ocr_par' dir='ltr' id='par_1_106' title="bbox 187 5703 3494 5785">
     <span class='ocr_line' id='line_1_106' title="bbox 187 5703 3494 5785; baseline 0.002 -23"><span class='ocrx_word' id='word_1_863' title='bbox 187 5703 348 5762; x_wconf 87' lang='lat' dir='ltr'><strong>dono</strong></span> <span class='ocrx_word' id='word_1_864' title='bbox 401 5703 590 5762; x_wconf 89' lang='lat' dir='ltr'><strong>Sancti</strong></span> <span class='ocrx_word' id='word_1_865' title='bbox 641 5709 866 5780; x_wconf 84' lang='lat' dir='ltr'><strong>spiritus</strong></span> <span class='ocrx_word' id='word_1_866' title='bbox 919 5712 1224 5783; x_wconf 85' lang='lat' dir='ltr'><strong>eriguntur.</strong></span> <span class='ocrx_word' id='word_1_867' title='bbox 1276 5713 1483 5781; x_wconf 90' lang='lat' dir='ltr'><strong>Quibus</strong></span> <span class='ocrx_word' id='word_1_868' title='bbox 1538 5715 1796 5772; x_wconf 90' lang='lat' dir='ltr'><strong>nimirum</strong></span> <span class='ocrx_word' id='word_1_869' title='bbox 1907 5712 2226 5781; x_wconf 89' lang='lat' dir='ltr'><strong>manserint,</strong></span> <span class='ocrx_word' id='word_1_870' title='bbox 2255 5728 2362 5768; x_wconf 87' lang='lat' dir='ltr'><strong>non</strong></span> <span class='ocrx_word' id='word_1_871' title='bbox 2394 5711 2497 5767; x_wconf 92' lang='lat' dir='ltr'><strong>illis</strong></span> <span class='ocrx_word' id='word_1_872' title='bbox 2519 5711 2612 5766; x_wconf 86' lang='lat' dir='ltr'><strong>sed</strong></span> <span class='ocrx_word' id='word_1_873' title='bbox 2635 5710 2758 5766; x_wconf 89' lang='lat' dir='ltr'><strong>ﬁdei</strong></span> <span class='ocrx_word' id='word_1_874' title='bbox 2789 5710 3035 5769; x_wconf 85' lang='lat' dir='ltr'><strong>ﬁrmitati</strong></span> <span class='ocrx_word' id='word_1_875' title='bbox 3061 5723 3377 5785; x_wconf 66' lang='lat' dir='ltr'><strong>praestatur,</strong></span> <span class='ocrx_word' id='word_1_876' title='bbox 3437 5725 3494 5770; x_wconf 88' lang='lat' dir='ltr'><strong>et</strong></span> 
     </span>
    </p>
   </div>
   <div class='ocr_carea' id='block_1_107' title="bbox 189 5799 3492 5878">
    <p class='ocr_par' dir='ltr' id='par_1_107' title="bbox 189 5799 3492 5878">
     <span class='ocr_line' id='line_1_107' title="bbox 189 5799 3492 5878; baseline 0.001 -20"><span class='ocrx_word' id='word_1_877' title='bbox 189 5806 418 5858; x_wconf 73' lang='lat' dir='ltr'><strong>sentem</strong></span> <span class='ocrx_word' id='word_1_878' title='bbox 461 5799 728 5856; x_wconf 87' lang='lat' dir='ltr'><strong>donorum</strong></span> <span class='ocrx_word' id='word_1_879' title='bbox 769 5801 1060 5870; x_wconf 88' lang='lat' dir='ltr'><strong>columnis,</strong></span> <span class='ocrx_word' id='word_1_880' title='bbox 1109 5811 1222 5864; x_wconf 88' lang='lat' dir='ltr'><strong>tota</strong></span> <span class='ocrx_word' id='word_1_881' title='bbox 1282 5806 1474 5863; x_wconf 89' lang='lat' dir='ltr'><strong>domus</strong></span> <span class='ocrx_word' id='word_1_882' title='bbox 1525 5805 1798 5875; x_wconf 89' lang='lat' dir='ltr'><strong>innititur,</strong></span> <span class='ocrx_word' id='word_1_883' title='bbox 1907 5807 2033 5866; x_wconf 87' lang='lat' dir='ltr'><strong>ﬁdei</strong></span> <span class='ocrx_word' id='word_1_884' title='bbox 2069 5807 2241 5866; x_wconf 89' lang='lat' dir='ltr'><strong>virtus</strong></span> <span class='ocrx_word' id='word_1_885' title='bbox 2309 5807 2364 5864; x_wconf 92' lang='lat' dir='ltr'><strong>in</strong></span> <span class='ocrx_word' id='word_1_886' title='bbox 2407 5801 2780 5862; x_wconf 85' lang='lat' dir='ltr'><strong>cisaChristo</strong></span> <span class='ocrx_word' id='word_1_887' title='bbox 2825 5806 3216 5865; x_wconf 87' lang='lat' dir='ltr'><strong>consolidatur.</strong></span> <span class='ocrx_word' id='word_1_888' title='bbox 3267 5805 3492 5878; x_wconf 83' lang='lat' dir='ltr'><strong>Expleta</strong></span> 
     </span>
    </p>
   </div>
   <div class='ocr_carea' id='block_1_108' title="bbox 615 5893 1768 5975">
    <p class='ocr_par' dir='ltr' id='par_1_108' title="bbox 615 5893 1233 5961">
     <span class='ocr_line' id='line_1_108' title="bbox 615 5893 1233 5961; baseline 0.005 -4"><span class='ocrx_word' id='word_1_889' title='bbox 615 5895 884 5958; x_wconf 60' lang='lat' dir='ltr'><strong>Panos.</strong></span> <span class='ocrx_word' id='word_1_890' title='bbox 922 5897 1119 5961; x_wconf 81' lang='lat' dir='ltr'><strong>CXX.</strong></span> <span class='ocrx_word' id='word_1_891' title='bbox 1219 5893 1233 5907; x_wconf 85' lang='grc'><em>’</em></span> 
     </span>
    </p>
   </div>
   <div class='ocr_carea' id='block_1_109' title="bbox 1872 5893 3050 5975">
    <p class='ocr_par' dir='ltr' id='par_1_109' title="bbox 2274 5900 3050 5975">
     <span class='ocr_line' id='line_1_109' title="bbox 2274 5900 3050 5975; baseline -0.001 -13"><span class='ocrx_word' id='word_1_892' title='bbox 2274 5959 2333 5975; x_wconf 82' lang='grc'><strong>,,</strong></span> <span class='ocrx_word' id='word_1_893' title='bbox 2981 5900 3050 5962; x_wconf 83' lang='grc'>11</span> 
     </span>
    </p>
   </div>
  </div>
