4000 6362
559 292 660 355 831

1375 296 1435 352 S.
1470 292 1823 352 PASCHASII
1863 292 2210 351 RADBERTI
2244 293 2537 351 ABBATIS
2574 292 3024 353 CORBEIENSIS

3742 294 3841 353 εδει

561 416 731 492 igitur
785 411 1179 469 adhortationis
1227 410 1543 480 paradigma
1590 410 1954 467 deterrentis:
1996 408 2151 477 Quod
2178 415 2535 477 Amoveatur
2561 416 2829 481 quatenus
2865 407 3084 477 incipiat
3108 405 3350 471 credere,
3394 414 3451 461 et
3497 406 3565 462 de
3622 406 3717 475 illo
3756 411 3839 466 cui

559 513 729 572 omnis
751 511 843 581 qui
871 509 1097 579 wdiﬁcal
1124 524 1280 576 super
1309 522 1545 571 (tranant,
1602 520 1757 561 versa
1793 504 1934 570 vice,
1988 504 2147 559 stulto

556 606 956 681 comparabitur
980 603 1303 663 architecto.
1332 601 1485 671 cujus
1514 610 1791 657 structura
1815 601 2014 658 nullius
2059 602 2144 656 in-

562 701 755 758 nititur
773 699 1119 755 ﬁrmamento
1146 692 1382 749 virtutis.
1425 691 1559 747 Nam
1596 692 1726 747 vitia
1750 707 1963 763 semper
1985 690 2147 748 ﬂuida

562 802 687 848 sunt
713 800 768 848 et
796 789 941 845 velut
973 803 1140 844 arena
1169 787 1527 843 collahuntur.
1576 785 1755 841 Arena
1777 785 1975 856 quippe
2003 801 2144 840 nun-

557 905 719 962 quam
746 886 963 944 solidari
991 895 1083 941 aut
1105 883 1357 955 conjungi
1382 883 1449 938 ad
1486 882 1715 938 invicem
1743 888 1951 968 potest;
1999 896 2143 937 sem-

555 998 654 1054 per
692 980 883 1036 bibens
912 993 1107 1050 aquas,
1140 986 1196 1033 et
1224 990 1499 1046 nunquam
1525 976 1592 1030 ab
1621 976 1871 1030 ariditate
1900 973 2146 1044 quantis-

564 1088 662 1144 per
687 1072 1030 1129 mollescens.
1063 1069 1156 1125 Sic
1200 1069 1279 1125 sic
1320 1069 1502 1137 itaque
1543 1068 1870 1149 desiderium
1923 1075 1977 1123 et
2015 1082 2145 1123 con-

554 1163 889 1236 cupiscentia
913 1161 1169 1217 vitiorum
1196 1174 1473 1231 nunquam
1503 1159 1751 1229 expletur
1794 1157 1939 1214 ﬂuxu
1988 1158 2143 1213 volu-

554 1257 736 1327 ptatis,
764 1265 821 1311 et
846 1264 1030 1311 tamen
1050 1267 1265 1324 semper
1289 1253 1543 1309 ariditate
1590 1253 1717 1307 mali
1772 1252 1985 1308 ardoris
2026 1252 2144 1308 sine

553 1348 807 1404 satietate
841 1345 1202 1412 conduratur;
1242 1359 1416 1417 neque
1461 1343 1895 1413 conjunctionem
1952 1344 2145 1415 recipit

551 1436 860 1503 charitatis,
884 1444 943 1490 ut
969 1436 1294 1493 soliditatem
1316 1436 1489 1506 possit
1520 1435 1717 1491 habere
1767 1451 1888 1490 cum
1935 1434 2144 1489 venerit

551 1543 737 1595 testas,
761 1531 855 1587 sed
881 1538 1137 1600 tanquam
1161 1529 1358 1601 pulvis,
1411 1543 1571 1601 quem
1604 1528 1825 1600 projicit
1876 1537 2071 1583 ventus
2110 1542 2141 1580 a

552 1626 689 1684 faeie
718 1637 897 1696 terra),
952 1630 1061 1685 huc
1090 1628 1327 1700 illucque
1372 1627 1790 1700 impulsionibus
1848 1635 2093 1697 raptatur
2124 1644 2136 1679 :

547 1720 792 1789 profecto
814 1722 940 1793 quia
961 1737 1068 1778 non
1102 1721 1315 1792 spiritu,
1363 1721 1455 1777 sed
1488 1721 1538 1775 in
1566 1735 1730 1777 carne
1753 1727 2137 1791 propagantur.

2251 502 2384 557 nihil
2401 498 2732 572 impossibile
2759 506 2862 563 est,
2893 498 2946 553 in
2971 495 3118 552 nullo
3141 495 3410 552 dubitare.
3435 495 3840 556 Consummatio

2248 592 2411 665 igitur
2451 590 2718 647 sermonis
2761 589 3039 661 plenitudo
3080 596 3134 645 et
3175 588 3460 660 integritas
3513 588 3842 662 intelligatur

2248 683 2641 748 doctrinarum,
2679 681 2802 752 quia
2826 679 2961 735 nihil
2992 678 3420 750 imperfectionis
3462 679 3626 735 habet
3666 696 3843 738 sermo

2246 778 2468 834 Christi.
2490 778 2643 835 Unde
2667 785 2722 833 et
2753 795 2764 831 :

2320 870 2509 926 Turba:
2556 868 2978 934 admirabantur,
3025 883 3084 921 eo
3123 867 3263 939 quod
3306 876 3439 922 esset
3460 868 3651 924 docens
3692 870 3847 941 quasi

2244 972 2549 1034 potestatem
2572 961 2786 1028 habens,
2810 971 2855 1016 et
2873 977 2976 1016 non
2997 962 3131 1015 sicut
3157 961 3341 1016 scriba:
3363 970 3411 1016 et
3439 962 3709 1032 pharisa’i.
3738 961 3845 1019 Po-

2246 1065 2412 1113 testas
2441 1071 2568 1127 crgo
2602 1071 2706 1109 non
2746 1055 2799 1108 in
2842 1052 3209 1109 dominatione
3251 1053 3585 1119 exactionis,
3641 1055 3740 1111 sed
3790 1055 3847 1112 in

2245 1147 2488 1204 doctrina
2511 1154 2649 1211 erat,
2682 1143 2847 1218 384
2873 1145 3166 1200 ostendens
3189 1160 3246 1201 se
3268 1143 3557 1200 Dominum
3585 1146 3719 1217 legis
3751 1147 3847 1219 qui

2244 1251 2298 1296 et
2324 1256 2388 1295 ea
2420 1255 2539 1310 qum
2562 1240 2784 1295 deerant
2823 1238 3151 1310 potestativc
3199 1237 3279 1292 illi
3334 1238 3402 1293 ad
3452 1238 3849 1308 perfectionem

2217 1326 2494 1401 'addebat,
2528 1342 2581 1388 et
2603 1349 2724 1404 quae
2752 1332 2956 1388 umbrae
2982 1329 3214 1397 fuerant,
3239 1331 3361 1388 luce
3391 1332 3642 1389 veritatis
3692 1350 3847 1390 rese-

2245 1435 2385 1493 rata,
2409 1424 2780 1505 submovebat.
2813 1423 3017 1479 Deinde
3040 1422 3276 1479 indidem
3300 1433 3697 1495 praeceptorum
3725 1441 3850 1496 quin

2246 1520 2314 1574 ad
2343 1519 2565 1591 agendae
2588 1519 2710 1574 vita:
2736 1516 3125 1588 perfectionem
3150 1516 3350 1585 fuerat,
3376 1520 3545 1575 verbo
3571 1530 3627 1575 et
3654 1536 3847 1577 exem-

2245 1610 2345 1681 plis
2382 1609 2756 1666 conﬁrmabat.
2788 1608 2845 1681 In
2875 1609 3128 1666 omnibus
3149 1624 3208 1665 se
3228 1610 3517 1667 Dominum
3547 1613 3845 1681 exhibens,

2245 1718 2376 1768 non,
2409 1702 2547 1757 sicut
2573 1701 2824 1771 pharistei
2848 1718 2912 1757 ac
2944 1701 3157 1769 scribae,
3211 1705 3587 1775 superstitiosa
3618 1706 3851 1773 docens,

549 1810 685 1867 Ilinc
713 1792 843 1885 ergo
872 1813 940 1869 ad
967 1811 1245 1868 Abraham
1269 1810 1520 1867 remissio
1540 1811 1756 1882 generis
1786 1809 2089 1880 duplicatur
2118 1828 2132 1869 ;

2243 1796 2337 1851 sed
2370 1811 2489 1867 quae
2524 1792 2712 1853 Salutis
2739 1810 2895 1852 erant
2934 1806 3380 1868 praemonstrans.
3421 1798 3501 1854 Illi
3523 1800 3749 1872 quidem
3786 1816 3854 1857 ea

546 1900 709 1974 383
734 1896 879 1969 'Erit,
905 1902 1101 1974 inquit,
1137 1919 1311 1958 semen
1333 1914 1482 1957 tuum
1509 1904 1639 1957 sicut
1681 1900 1846 1956 stella:
1903 1901 2037 1965 caeli,
2087 1909 2136 1955 et

545 1994 679 2048 sicut
695 2010 858 2048 arena
869 2011 988 2066 quae
1015 2004 1089 2050 est
1114 1996 1169 2050 in
1183 1994 1355 2050 littore
1371 1995 1553 2050 maris.
1573 1993 1677 2049 Per
1691 2009 1915 2048 arenam
1940 1992 2138 2063 quippe

546 2085 777 2142 carnalis
799 2101 1038 2159 propago
1065 2087 1397 2158 designatur,
1428 2086 1762 2142 inﬁdelitatis
1784 2085 1915 2141 vitio
1946 2087 2000 2139 e‘t
2023 2083 2137 2138 ari-

545 2178 713 2233 ditate
743 2179 981 2234 carnalis
1004 2167 1259 2235 desiderii
1287 2194 1316 2232 a
1339 2177 1556 2235 Christo
1602 2178 1930 2243 dissociata;
1976 2191 2138 2247 super

545 2285 666 2341 quae
688 2270 780 2340 qui
802 2271 1052 2336 aediﬁcat,
1084 2270 1484 2342 qualiacunque
1526 2272 1636 2327 sint
1678 2287 1799 2342 qua:
1847 2271 1979 2343 agit,
2028 2285 2137 2326 non

543 2363 759 2420 culmen
788 2365 1105 2431 erectionis,
1137 2365 1232 2420 sed
1259 2364 1473 2420 ruinam
1496 2363 1816 2434 dejectionis
1835 2370 2138 2434 exspectat.

543 2454 645 2511 Ubi
677 2455 838 2511 simul
867 2456 1081 2527 gentilis
1101 2458 1281 2512 adhuc
1317 2458 1370 2513 in
1393 2472 1579 2521 carne,
1607 2471 1819 2512 necnon
1841 2465 1895 2510 ct
1919 2452 2138 2509 Judaaus

541 2544 771 2602 aediﬁcat
795 2546 916 2603 sine
938 2545 1186 2612 Christo;
1219 2547 1508 2602 haereticus
1556 2547 1610 2601 in
1666 2546 1770 2601 ﬁde
1825 2546 2133 2609 damnatus,

541 2636 825 2709 hypocrita
863 2652 1089 2708 quoque"
1109 2636 1457 2693 simulatione
1478 2637 1757 2707 deceptus,
1782 2635 1953 2692 falsus
1983 2634 2139 2691 Chri-

539 2731 746 2787 stianus
772 2732 1028 2787 vitiorum
1061 2730 1271 2802 laqueis
1299 2730 1592 2799 involutus,
1647 2746 1836 2787 omnes
1891 2730 1981 2786 isti
2030 2744 2136 2783 non

541 2836 705 2892 supra
731 2832 943 2892 petram
975 2824 1068 2879 sed
1100 2838 1262 2892 super
1302 2838 1525 2877 arenam
1579 2823 1871 2889 aediﬁcant,
1924 2831 1978 2876 et
2016 2820 2136 2877 ideo

542 2910 927 2982 diSperguntur
954 2928 983 2966 a
1008 2913 1247 2969 Christo.
1283 2911 1525 2981 Quorum
1554 2913 1713 2967 ruina
1753 2921 1905 2969 tanto
1934 2912 1991 2967 ﬁt
2026 2928 2137 2967 ma—

534 3003 643 3074 jor,
677 3014 882 3074 quanto
906 3005 1069 3061 altius
1091 3022 1252 3078 super
1284 3022 1503 3062 arenam
1529 3005 1829 3063 aediﬁcasse
1852 3007 2135 3063 inveniun-

542 3104 651 3151 tur.
680 3096 937 3154 Profecto
974 3099 1100 3170 quia
1133 3099 1202 3155 de
1248 3099 1332 3154 his
1369 3099 1501 3155 dicit
1543 3101 1635 3171 qui
1690 3099 1920 3154 audiunt
1969 3099 2132 3154 verba

2244 1905 2363 1960 qum
2390 1889 2573 1946 verbis
2611 1890 2893 1955 docebant,
2947 1892 3203 1963 operibus
3232 1893 3588 1964 impossibilia
3614 1894 3821 1953 demon

2243 1983 2523 2049 strabant;
2556 1983 2659 2039 iste
2685 1999 2838 2050 vero,
2871 1984 3198 2056 perfectiora
3226 1986 3450 2052 docens,
3499 1988 3686 2043 omnia
3732 1989 3850 2044 vir-

2243 2088 2357 2137 tute
2386 2088 2442 2136 et
2469 2080 2724 2150 operibus
2747 2080 3001 2135 ﬁrmabat
3077 2080 3243 2151 Cujus
3282 2081 3538 2137 nimirum
3589 2083 3849 2139 doctrina

2244 2171 2620 2227 testimonium
2645 2171 2853 2226 habens
2879 2186 2909 2224 a
2943 2170 3058 2242 lege
3108 2179 3164 2227 et
3204 2171 3505 2242 prophetis,
3555 2172 3851 2244 signorum

2242 2266 2401 2322 etiam
2432 2264 2721 2320 virtutibus
2752 2266 3255 2322 commendabatur.
3308 2265 3424 2321 Non
3441 2268 3590 2322 enim
3640 2269 3857 2326 doctri-

2241 2373 2367 2413 nam
2391 2356 2526 2428 legis
2550 2373 2713 2428 quam
2758 2357 3089 2428 praedicabat
3120 2357 3174 2412 in
3220 2359 3529 2429 synagogis,
3584 2375 3614 2414 a
3645 2360 3856 2418 scribis

2241 2458 2295 2504 ct
2322 2448 2645 2519 legisperitis
2674 2448 2964 2515 didicerat,
3013 2448 3108 2504 sed
3160 2447 3527 2505 famulabatur
3566 2450 3641 2516 ei,
3685 2466 3757 2507 ac
3807 2452 3856 2507 si

2243 2542 2436 2597 ancilla
2460 2541 2573 2612 ipsa
2594 2541 2904 2612 eloquentia
2934 2543 3222 2598 verborum
3251 2553 3305 2600 et
3327 2559 3509 2601 rerum
3536 2547 3851 2602 sententia-

2243 2650 2361 2690 rum
2389 2632 2682 2690 atIluentia.
2735 2635 2812 2689 Ita
2834 2644 2892 2691 ut
2947 2635 3231 2694 manifeste
3288 2637 3414 2695 hinc
3454 2638 3579 2700 inde
3618 2640 3859 2697 daretur

2241 2728 2468 2799 intelligi
2492 2730 2635 2800 quod
2662 2730 2775 2799 ipse
2818 2729 2960 2786 foret
2979 2731 3161 2803 legum
3198 2732 3361 2799 lator,
3397 2728 3555 2801 cujus
3599 2741 3859 2801 potestas

2239 2828 2295 2875 et
2322 2821 2495 2876 virtus
2546 2821 2600 2876 in
2659 2821 2910 2878 omnibus
2955 2824 3295 2893 patescebat.
3350 2824 3549 2879 Fertur
3603 2838 3860 2895 namque

2239 2914 2382 2984 quod
2406 2915 2574 2971 etiam
2605 2916 2661 2971 in
2692 2916 2840 2973 vultu
2870 2916 2987 2986 ejus
3019 2918 3189 2989 gratia
3229 2919 3551 2988 quantocius
3591 2918 3857 2991 resplen-

2239 3006 2509 3073 descebat,
2553 3008 2627 3063 ita
2656 3019 2714 3063 ut
2744 3008 2870 3064 hinc
2925 3010 3051 3065 inde
3092 3019 3302 3065 mentes
3343 3008 3586 3066 alliceret
3625 3010 3862 3067 audito-

2238 3116 2377 3155 rum.
2407 3098 2514 3156 Sed
2540 3100 2665 3156 hinc
2694 3102 2863 3173 magis
2894 3110 3116 3173 propter
3142 3102 3444 3158 doctrinam
3464 3102 3721 3159 dicuntur
3756 3101 3864 3158 ad-

540 3192 679 3257 hazc,
712 3201 766 3249 et
798 3208 904 3248 non
928 3166 1133 3248 faciunt
1163 3208 1246 3249 ea.
1279 3193 1520 3263 Audiunt
1554 3166 1775 3265 quidem
1825 3208 1957 3249 aure
2010 3208 2132 3247 car-
2163 3166 2209 3230 (δ
2247 3184 2461 3259 mirati;
2505 3209 2667 3264 quam
2711 3166 2843 3250 sane
2895 3166 3198 3251 doctrinam
3254 3194 3458 3268 jugiter
3496 3194 3866 3254 intendentes

543 3284 654 3351 nis,
683 3293 740 3339 et
777 3302 883 3342 non
911 3302 1043 3342 aure
1067 3287 1282 3343 mentis.
1317 3287 1559 3342 Audiunt
1583 3286 1766 3357 itaque
1802 3295 1860 3340 ut
1909 3300 2137 3340 excusa-

543 3378 743 3434 tionem
769 3394 874 3436 non
903 3379 1155 3444 habeant,
1180 3390 1235 3435 et
1269 3396 1374 3436 non
1400 3388 1457 3435 ut
1493 3394 1630 3450 opus
1660 3378 1782 3433 ﬁdei
1812 3376 2093 3449 perﬁciant
2117 3394 2136 3443 ;

544 3471 771 3537 idcirco,
803 3480 860 3526 ut
899 3471 950 3527 in
988 3471 1091 3527 line
1114 3472 1477 3537 concluditur,
1508 3471 1571 3525 iit
1600 3470 1755 3525 ruina
1789 3484 1979 3525 eorum
2024 3484 2136 3523 ma-

543 3581 671 3635 gna,
695 3565 785 3635 qui
821 3565 944 3621 talia
991 3564 1189 3622 Christi
1225 3565 1485 3621 salutaria
1536 3563 1744 3620 monita
1789 3572 2135 3635 contempse-

542 3666 687 3712 l'lllll.

621 3751 682 3804 Ιιῖι
709 3752 908 3820 factum
935 3761 1007 3805 est
1054 3768 1173 3805 cunt
1203 3762 1612 3807 consummasset
1634 3749 1793 3806 Iesus
1818 3751 1975 3829 verba
2001 3752 2135 3819 lia'c,

544 3839 1131 3894 admirabanturturbre
1165 3857 1321 3911 super
1353 3841 1647 3895 doctrinam
1701 3841 1835 3912 ejus.
1880 3840 2137 3908 QlliBllilII

548 3932 719 3986 turbae
749 3932 957 3986 mirata:
986 3932 1259 3998 dicuntur,
1290 3949 1412 3988 cum
1460 3935 1708 4005 superius
1748 3936 1813 3988 ad
1868 3950 1991 3989 eum
2036 3934 2137 3989 soli

546 4021 792 4092 discipuli
830 4022 1077 4094 legantur
1100 4025 1429 4079 accessisse?
1460 4024 1570 4079 Nisi
1594 4026 1720 4095 quia
1748 4034 1841 4079 aut
1868 4025 2021 4079 turba
2056 4025 2138 4079 di-

546 4112 899 4184 scipulorum,
950 4132 1014 4170 ex
1062 4117 1259 4187 quibus
1297 4117 1580 4172 duodecim
1637 4116 1897 4187 elegerat,
1940 4116 2135 4171 dicitur

547 4203 836 4271 admirata,
872 4220 1027 4276 quos,
1063 4222 1392 4278 pCl'lIOClallS
1433 4208 1488 4263 in
1533 4207 1804 4272 oratione,
1854 4196 2136 4264 cum'dies

542 4293 725 4352 factus
753 4306 897 4353 esset
927 4299 1408 4366 accersierat;aut
1453 4308 1601 4354 certe
1651 4314 1774 4353 cum
1825 4297 2137 4354 descendis-

545 4395 647 4450 set,
678 4388 969 4443 secumlmn
1007 4389 1226 4455 Lucam,
1259 4401 1315 4447 et
1336 4390 1576 4446 stetisset
1600 4390 1653 4444 in
1673 4388 1792 4445 loco
1819 4391 2131 4460 campestri,

544 4478 637 4535 ubi
668 4490 719 4533 et
748 4480 1031 4538 multitudo
1056 4483 1227 4553 plebis
1277 4482 1443 4539 fuisse
1490 4482 1702 4554 legitur.
1754 4481 1906 4537 Tunc
1950 4484 2136 4552 utique

546 4590 669 4629 cum
699 4576 904 4633 ﬁnisset
929 4581 1177 4634 eumdem
1221 4593 1528 4635 sermonem
1553 4592 1711 4648 quem
1755 4577 1868 4648 jam
1904 4575 2134 4634 forsitan

544 4679 707 4735 supra
742 4665 1023 4733 habuerat,
1060 4670 1267 4723 mirata:
1297 4668 1551 4723 dicuntur
1582 4668 1771 4731 turbre,
1804 4676 1859 4722 ct
1901 4683 2009 4723 non
2054 4667 2134 4723 di-

545 4754 754 4826 SLipllii.
797 4757 1250 4831 Quiardiscipulis
1282 4757 1410 4813 ﬁdes
1436 4757 1613 4828 potius
1657 4766 1710 4811 et
1740 4758 1956 4813 dilectio
2007 4774 2135 4815 con-

452 4913 459 4919 ~
543 4848 768 4917 grttebztt
793 4866 953 4920 quam
988 4848 1292 4903 admiratio.
1314 4849 1616 4905 Admiratio
1641 4866 1770 4921 ergo
1799 4851 2012 4923 signum
2054 4859 2139 4906 est

546 4940 902 5007 infidelitatis,
925 4940 1050 5009 quia
1087 4939 1316 4993 necdum
1361 4956 1514 4997 mens
1540 4943 1676 4998 bene
1702 4943 1765 4998 de
1796 4944 1992 4999 virtute
2037 4944 2135 5003 Dei

547 5031 807 5094 sentiens,
842 5042 1021 5101 stupet
1052 5030 1115 5083 :ul
1145 5046 1207 5086 ea
1235 5046 1354 5099 qua-
1371 5034 1522 5103 prius
1551 5036 1779 5091 necdum
1806 5036 2133 5091 crediderat.

546 5118 778 5178 Prorsus
808 5133 865 5177 et
892 5123 1006 5176 ideo
1034 5122 1165 5175 ﬁunt
1191 5122 1472 5189 miracula,
1505 5134 1562 5179 ut
1591 5142 1747 5181 mens
1770 5126 1834 5180 ad
1875 5141 1938 5181 ea
1986 5141 2135 5183 com-

2244 3300 2351 3339 non
2379 3284 2710 3340 admiremur
2736 3301 2861 3341 cum
2889 3287 3083 3351 turbis,
3115 3286 3211 3342 sed
3232 3300 3524 3357 operemur
3552 3302 3680 3343 cum
3711 3302 3866 3359 apo-

2242 3375 2413 3442 stolis,
2455 3385 2722 3446 quatenus
2773 3386 2897 3448 post
2940 3376 3101 3433 ﬁnem
3157 3377 3284 3432 vitae
3334 3392 3667 3433 coronemur
3713 3394 3863 3435 cum

2241 3466 2392 3535 ipsis.
2428 3465 2534 3523 Sed
2559 3483 2722 3538 quam
2752 3468 2996 3525 infelices
3018 3478 3145 3524 sunt
3175 3468 3423 3527 carnales
3455 3470 3634 3525 adhuc
3679 3470 3866 3528 hodie

2241 3556 2297 3609 in
2324 3554 2590 3623 Ecclesia,
2617 3558 2707 3628 qui
2738 3574 2838 3614 nec
2856 3559 3197 3615 admirantur
3226 3575 3349 3616 cum
3387 3560 3528 3627 istis,
3575 3574 3644 3617 eo
3695 3563 3865 3632 quod

2242 3662 2349 3702 non
2376 3656 2575 3703 curant
2612 3648 2915 3720 intelligere
2950 3665 3072 3720 qute
3123 3650 3409 3716 dicuntur;
3450 3666 3554 3708 nec
3607 3653 3868 3710 credunt

2243 3756 2366 3795 cum
2396 3741 2671 3809 ﬁdelibus,
2712 3752 2770 3798 ut
2818 3744 3110 3800 adhibeant
3166 3744 3572 3801 meditationem
3621 3747 3868 3815 operis;

2240 3847 2341 3889 nec
2371 3843 2538 3905 agunt
2562 3851 2682 3890 cum
2716 3835 2999 3906 apostolis,
3028 3846 3087 3893 ut
3115 3836 3332 3908 possint
3360 3837 3575 3908 assequi
3606 3852 3866 3908 regnum

2240 3925 2382 3994 quod
2409 3926 2735 3994 promissum
2766 3937 2850 3982 est
2874 3936 3018 3984 recte
3068 3929 3471 3998 quaerentibus?
3530 3927 3642 3984 Sed
3688 3931 3866 3998 quia,

2242 4018 2540 4088 remigante
2584 4018 2790 4074 Christi
2837 4021 3032 4091 gratia,
3068 4021 3334 4078 immensa
3374 4021 3609 4092 Spiritus
3665 4024 3868 4080 sancti

2240 4110 2458 4165 flumina
2491 4113 2871 4181 transegimus,
2903 4123 2958 4169 et
2990 4116 3276 4170 cacumina
3300 4115 3500 4171 montis
3531 4114 3870 4186 Olivarum,

2239 4205 2293 4259 in
2320 4221 2427 4276 quo
2453 4205 2570 4261 haec
2598 4206 2737 4262 dicta
2761 4208 3077 4275 creduntur,
3127 4218 3310 4265 mente
3353 4208 3733 4274 lustravimus,
3788 4211 3873 4267 ad

2239 4292 2467 4354 nosmet
2504 4300 2836 4355 redeundum
2890 4309 3007 4368 est,
3062 4313 3330 4372 quatenus
3381 4302 3450 4357 ad
3511 4302 3880 4360 descensum

2238 4392 2437 4446 montis
2465 4407 2587 4447 eum
2612 4392 2826 4461 leproso
2856 4394 3083 4450 vulnera
3116 4404 3302 4452 nostra
3365 4394 3576 4451 medico
3632 4399 3883 4465 panda—

2240 4498 2359 4536 mus
2390 4500 2401 4536 z
2428 4491 2483 4537 et
2506 4483 2632 4553 quia
2654 4484 2767 4539 haec
2794 4500 2915 4555 quae
2945 4485 3200 4549 diximus,
3226 4487 3402 4542 adhuc
3446 4486 3672 4541 minime
3739 4489 3881 4545 im-

2241 4573 2540 4646 plevimus,
2587 4576 2778 4633 saltem
2810 4585 2868 4632 ut
2899 4579 3149 4635 deorsum
3194 4579 3506 4645 adorantes,
3555 4588 3607 4633 et
3661 4582 3888 4650 proci-

2244 4667 2434 4723 dentes
2461 4677 2587 4724 ante
2636 4669 2828 4727 faciem
2883 4671 3073 4743 ipsius,
3128 4673 3180 4727 in
3231 4672 3575 4729 confessione
3618 4675 3889 4733 veniam

2244 4774 2661 4829 consequamur.
2694 4762 2923 4832 Propter
2947 4765 3090 4833 quod
3121 4762 3286 4819 ﬁnem
3318 4762 3443 4820 libri
3478 4771 3533 4820 et
3579 4747 3892 4822 consuin-

2241 4853 2533 4909 malionem
2552 4858 2821 4912 sermonis
2844 4858 3003 4913 simul
3030 4857 3369 4921 claudamus,
3402 4864 3485 4920 ut,
3518 4856 3573 4910 in
3603 4854 3895 4917 alterius

2238 4947 2528 5019 principio,
2559 4966 2589 5004 a
2616 4950 2766 5022 lepra
2795 4966 2900 5021 qua
2929 4950 3373 5021 coinquinamur,
3420 4948 3652 5005 Domino
3671 4963 3901 5009 manu

2241 5047 2513 5111 tangente,
2545 5041 2754 5111 plenius
2782 5058 3093 5114 purgemur.

550 5255 3913 5299 Μὴ

1673 5391 2090 5455 PROLOGUS
2132 5394 2347 5456 LIBRI
2392 5394 2693 5470 QUINTI.

622 5603 786 5678 385
809 5606 1176 5663 Sanctissimis
1200 5606 1254 5661 in
1265 5606 1482 5664 Christo
1498 5606 1779 5675 fratribus,
1794 5623 1931 5679 quos
1950 5609 2135 5666 divina

553 5699 813 5768 sapientia
834 5699 975 5754 satis
1001 5700 1213 5755 abunde
1235 5700 1348 5756 suis
1378 5700 1604 5757 illustrat
1625 5700 1933 5769 virtutibus,
1953 5710 2010 5760 et
2027 5715 2139 5759 c03-

558 5790 705 5854 [estis
739 5789 910 5861 gratia
957 5791 1113 5849 miris
1138 5802 1367 5849 exornat
1413 5793 1758 5862 unmeribus,
1804 5794 1902 5854 sub
1952 5805 2141 5853 saneto

1859 5933 1890 5945 ο-
1929 5938 1935 5943 .

2247 5608 2524 5680 proposito
2562 5611 2874 5665 monasticae
2907 5609 3204 5680 disciplinae
3232 5610 3461 5667 Centulo
3500 5611 3931 5688 degentibus,

2249 5701 2574 5758 ΡΑεςιιΑδιυδ
2601 5702 2948 5767 Ηλυηεκτιεε,
2996 5706 3384 5759 monachorum
3417 5706 3666 5760 onitiium
3699 5714 3931 5777 peri-

2248 5809 2454 5866 psema,
2488 5803 2542 5850 et
2574 5794 2884 5851 μονὴ-δίψη
2912 5796 3152 5851 ultimus.
