4016 6360
87 418 195 481 333

847 400 1217 483 EXPOSITIO
1248 422 1319 481 lN
1357 418 1794 482 nummum.
1833 453 1903 465 -
1941 422 2068 480 ma.
2111 420 2177 480 v.
2219 420 2608 485 raoweus.

3266 431 3379 493 355.

156 537 485 611 Expositum
510 537 567 593 in
607 534 883 603 Matthazo,
907 536 1238 605 charissimi,
1264 539 1407 610 quod
1440 538 1569 596 olim
1594 539 1676 595 in-
1703 539 1755 601 Δ
1780 544 2084 594 rumtamen
2113 553 2221 595 non
2244 538 2380 595 adeo
2398 537 2620 612 ignarus
2647 546 2706 594 ut
2728 539 2966 596 nesciam
2990 541 3135 612 quod
3159 557 3372 617 nequeo

84 632 443 697 choaveram,
470 640 533 686 ut
559 642 626 687 eo
662 628 719 685 in
745 626 921 685 oﬁicio
954 627 1214 688 fratribus
1251 646 1478 703 pensum
1506 633 1681 690 servi-

87 723 225 778 tutis
268 736 408 778 mete
450 736 552 793 pro
592 728 720 777 voto
762 720 1152 792 persolverem,
1207 724 1392 781 multis
1445 724 1681 791 demum,

88 822 347 886 suscepto
396 812 679 885 regiminis
718 812 857 880 loco,
904 816 1231 886 praepeditus
1264 815 1683 872 sollicitudinum

88 908 257 971 euris,
276 914 339 963 et
368 920 660 963 causarum
691 906 1032 963 muluium
1070 908 1237 964 variis
1262 906 1569 979 implicatus
1591 922 1685 965 ne-

90 1000 277 1072 gotiis,
306 1008 519 1057 tantum
550 1016 581 1055 a
608 1012 697 1056 me
720 999 879 1072 longe
907 1000 1190 1069 abductus,
1223 1011 1484 1072 quantum
1511 1017 1543 1057 a
1570 1010 1685 1058 stu-

90 1094 183 1150 dio
200 1092 511 1149 litterarum
533 1101 796 1161 remotus,
823 1108 931 1150 non
950 1095 1126 1151 solum
1148 1094 1281 1153 illud
1306 1095 1685 1167 imperfectum

88 1184 285 1255 reliqui
328 1184 477 1255 quod
505 1197 782 1255 caperem
809 1224 826 1252 ,
855 1196 1045 1241 verum
1087 1186 1253 1241 etiam
1271 1228 1286 1253 ,
1314 1187 1686 1257 prmtermisso

88 1275 293 1346 quietis
318 1273 487 1341 bono,
536 1275 938 1346 memetipsum,
981 1289 1123 1347 pene
1151 1276 1402 1348 plurimis
1427 1292 1686 1334 aurarum

86 1365 279 1421 allisus
304 1364 755 1435 impulsionibus,
786 1365 843 1421 in
873 1364 1217 1439 naufragium
1232 1367 1393 1424 -dedl.
1423 1368 1534 1426 Sed
1558 1369 1686 1440 quia

88 1459 235 1515 Deus
264 1458 445 1525 nobis,
476 1464 538 1515 ut
574 1459 667 1516 ille
711 1469 864 1516 vates
904 1460 1003 1527 ait,
1048 1476 1145 1518 sua
1188 1463 1527 1534 providentia
1571 1466 1686 1523 haec

84 1553 201 1609 otia
230 1551 382 1618 fecit,
406 1551 628 1619 fratres,
654 1553 746 1624 qui
775 1567 807 1608 a
832 1552 985 1609 vobis
1004 1553 1073 1609 ad
1090 1539 1197 1612 nos
1218 1555 1370 1612 missi
1396 1566 1681 1623 venerunt,

85 1644 295 1699 crebro
321 1656 411 1699 me
438 1642 627 1699 solerti
662 1643 904 1716 aggressi
949 1653 1078 1701 sunt
1111 1645 1353 1713 hortatu,
1408 1655 1468 1701 ut
1497 1647 1685 1719 exple-

84 1750 210 1791 rem
233 1751 371 1807 opus
395 1735 538 1808 quod
558 1736 959 1801 inchoaveram,
991 1744 1282 1809 vestroque
1304 1754 1683 1798 consecrarem

88 1826 297 1882 nomini
326 1845 340 1881 :
374 1842 442 1884 ne
470 1827 742 1895 illuderer,
768 1829 924 1902 juxta
956 1829 1087 1885 illud
1111 1846 1182 1886 ex
1213 1831 1527 1905 Evangelio,
1554 1834 1683 1904 quia

1787 629 1945 703 digne
1973 638 2208 702 quatuor
2235 630 2706 705 Evangelistarum
2746 632 3064 705 quadrigam
3091 647 3252 692 sensu
3272 651 3370 709 pe-

1786 729 2007 778 netrare
2030 722 2247 795 exiguo,
2287 738 2465 795 neque
2491 723 2559 779 ad
2603 722 2866 795 liquidum
2889 740 3057 781 unum
3076 740 3264 782 eorum
3287 727 3374 785 in-

1788 811 2061 886 telligere;
2106 829 2212 870 non
2239 814 2418 871 dicam
2441 830 2542 888 ego
2582 814 2824 872 tantillus
2844 857 2860 883 ,
2904 818 3262 874 verumetiam
3292 834 3382 876 ne-

1787 905 1902 962 scio
1928 913 1984 961 et
2010 905 2055 961 si
2084 905 2224 962 ullus
2245 921 2432 963 eorum
2454 906 2547 979 qui
2568 923 2794 980 magnos
2822 923 2945 965 sese
2974 906 3183 966 faciunt
3206 909 3378 967 virtu-

1788 996 1951 1054 tibus.
1978 996 2241 1067 Quoniam
2282 998 2399 1055 bazc
2433 999 2694 1072 quadriga
2723 1015 2917 1057 currus
2942 998 3040 1057 Dei
3081 1010 3167 1058 est
3194 1001 3375 1058 multi-

1785 1088 1934 1161 plex,
1978 1090 2035 1145 in
2062 1106 2169 1163 qua
2208 1089 2459 1149 Christus
2483 1092 2722 1150 caelestis
2751 1094 2939 1166 auriga
2962 1104 3220 1166 peragrat
3237 1112 3374 1168 qua-

1789 1186 2005 1243 dratum
2050 1188 2238 1244 orbem
2271 1189 2430 1247 modo
2474 1188 2827 1247 universum:
2869 1205 3014 1247 nunc
3048 1193 3105 1249 in
3140 1200 3382 1266 tempore

1788 1275 1981 1333 volans
2011 1291 2110 1349 per
2147 1279 2362 1346 omnia;
2394 1294 2541 1337 nunc
2560 1287 2717 1335 extra
2740 1287 2952 1352 tempus
2988 1296 3151 1352 super
3172 1282 3379 1350 omnia,

1772 1364 1845 1426 'et
1870 1367 2013 1425 ultra
2058 1368 2321 1426 caelorum
2354 1370 2568 1428 excelsa
2593 1411 2609 1439 ,
2651 1386 2868 1444 semper
2896 1388 3018 1429 cum
3050 1371 3213 1430 Patre
3238 1374 3382 1433 idem

1790 1459 1845 1515 in
1872 1474 1979 1515 una
2003 1460 2308 1519 aeternitate
2338 1462 2480 1519 Deus
2519 1478 2786 1529 manens;
2822 1479 2966 1521 nunc
2993 1464 3135 1521 inira
3169 1475 3385 1539 tempus

1789 1548 1933 1606 Deus
1958 1551 2121 1608 homo
2150 1553 2445 1623 perlustrat
2470 1554 2762 1621 universa;
2789 1556 2950 1613 modo
2973 1573 3004 1613 a
3030 1573 3244 1615 summo
3264 1572 3383 1616 cte-

1788 1640 1963 1699 lorum
1991 1646 2293 1719 egrediens,
2316 1649 2561 1705 excurrit
2582 1663 2753 1722 usque
2768 1650 2838 1706 ad
2866 1650 3102 1721 inferos;
3127 1655 3289 1711 modo
3311 1655 3380 1712 ab

1788 1733 1980 1793 inferis
2025 1738 2333 1808 regreditur
2374 1756 2546 1813 usque
2604 1743 2673 1799 ad
2717 1758 2965 1816 superos.
3019 1745 3088 1801 Et
3114 1746 3235 1803 ideo
3265 1748 3384 1805 haec

1790 1830 2061 1897 animalia,
2087 1846 2208 1904 quae
2251 1832 2394 1889 hanc
2431 1834 2750 1908 quadrigam
2798 1850 2899 1907 per
2938 1835 3127 1892 orbem
3168 1838 3385 1896 trahere

84 1919 229 1988 coepi
262 1932 329 1973 ac
362 1917 413 1974 si
454 1919 649 1974 turrim
676 1918 971 1987 aediﬁcare,
1004 1936 1107 1977 nec
1139 1923 1411 1991 potuerim
1433 1939 1683 1981 consum—
1717 1914 1763 1976 B
1789 1922 2042 1981 videnlur
2060 1926 2263 1997 ubique
2276 1926 2536 1995 volantia,
2560 1929 2728 1984 etiam
2751 1936 2902 2000 terga
2929 1939 3163 2000 pennata
3180 1931 3384 1989 habere

85 2025 263 2067 mare.
294 2010 450 2069 Unde
492 2011 694 2084 itaque,
720 2026 910 2069 eorum
956 2014 1337 2071 exhortatione
1380 2024 1683 2088 permetus,

86 2117 159 2160 ac
181 2104 231 2160 si
252 2102 440 2161 divino
478 2113 658 2161 tactus
695 2103 883 2170 aifatu,
928 2106 1143 2162 decrevi
1178 2114 1398 2180 rogatus
1437 2106 1637 2164 offerre
1657 2120 1684 2151 ι

90 2199 406 2258 devotionis
447 2201 723 2273 obsequio,
775 2209 887 2256 tam
938 2201 1203 2277 charitati‘
1218 2210 1414 2260 vestra:
1441 2219 1605 2275 quam
1633 2212 1688 2261 et

89 2292 337 2350 fratrum
357 2306 616 2360 meorum,
642 2291 737 2364 qui
768 2306 856 2349 me
880 2300 936 2350 et
966 2293 1067 2365 ipsi
1094 2294 1178 2351 sui
1201 2294 1405 2351 amoris
1430 2295 1595 2351 xenio
1620 2295 1687 2351 ad

85 2388 149 2444 id
178 2386 514 2457 impulerunt
553 2394 607 2440 ut
646 2385 905 2443 facerem.
936 2382 1091 2444 Unde
1142 2388 1404 2444 continuo
1452 2398 1689 2460 quatuor

82 2483 360 2539 librorum
405 2480 658 2553 opuscula
694 2482 749 2537 in
787 2478 979 2538 eodem
1022 2481 1294 2547 Matthaeo,
1336 2498 1459 2554 quae
1484 2481 1688 2538 dudum

82 2572 198 2629 illis
222 2572 571 2628 condideram
592 2587 693 2643 pro
712 2580 862 2638 voto,
885 2572 1052 2628 statui
1082 2580 1330 2629 retexere
1367 2588 1433 2628 ac
1463 2572 1507 2628 si
1540 2572 1688 2644 prin-

85 2667 292 2738 cipium
323 2663 487 2735 huius
502 2664 708 2737 operis,
741 2665 788 2722 si
819 2660 962 2721 forte
983 2678 1146 2737 super
1168 2665 1334 2736 ipsos,
1358 2679 1424 2719 ac
1449 2663 1495 2720 si
1523 2679 1689 2735 super

83 2759 526 2825 fundamentum,
553 2772 766 2829 possem
790 2766 900 2813 tam
938 2756 1092 2812 vobis
1118 2772 1217 2828 pro
1245 2770 1490 2820 munere,
1522 2770 1686 2826 quam

83 2860 145 2907 et
173 2851 283 2906 illis
320 2864 425 2922 pro
457 2866 627 2907 censu
657 2849 955 2914 servitutis,
988 2847 1206 2904 culmen
1260 2847 1423 2903 totius
1449 2855 1687 2903 structu-

84 2958 166 2999 ra:
193 2943 441 3013 erigere;
482 2950 543 2996 ut
567 2954 801 3011 quorum
829 2953 937 2995 una
972 2938 1302 2994 inviolabilis
1337 2946 1393 2993 et
1443 2938 1687 2994 inconta-

86 3034 299 3092 minata
340 3042 525 3090 manet
558 3032 819 3099 charitas,
849 3044 957 3087 una
984 3031 1224 3098 devotio,
1255 3046 1528 3101 unumque
1564 3047 1688 3103 pro-

84 3128 349 3200 positum,
388 3125 544 3181 ﬁeret
583 3125 700 3180 haec
726 3122 888 3180 lectio
921 3137 1028 3177 una
1069 3120 1315 3179 soliditas
1340 3122 1645 3179 dilectionis
1670 3163 1685 3188 ,

84 3232 340 3290 unusque
372 3216 651 3273 funiculus
687 3214 880 3285 triplex
917 3210 1068 3279 ﬁdei,
1118 3214 1234 3284 spei
1291 3221 1346 3270 et
1380 3214 1682 3279 charitatis,

1788 2002 2080 2083 dicuntur;
2111 2033 2345 2089 quorum
2374 2034 2603 2091 corpora
2633 2019 2790 2091 plena
2820 2029 2949 2077 sunt
2966 2021 3138 2078 oculis
3163 2032 3291 2100 ante
3318 2038 3383 2080 ac

1786 2118 1954 2177 retro,
1982 2110 2176 2167 deinde
2198 2111 2344 2168 intus
2371 2119 2427 2167 et
2464 2110 2630 2179 foris;
2669 2128 2737 2169 ex
2757 2112 2955 2184 quibus
2968 2114 3210 2171 emicant
3234 2115 3381 2171 scin-

1787 2200 1916 2258 tilla:
1945 2217 2011 2258 ac
2054 2201 2099 2258 si
2145 2203 2287 2260 aeris
2330 2205 2634 2271 candentis,
2664 2212 2719 2260 et
2747 2205 2912 2279 387
2935 2206 3249 2263 discurrunt
3276 2206 3383 2263 ful-

1788 2292 1942 2365 gura.
1974 2292 2184 2351 Habent
2230 2294 2411 2367 itaque
2461 2295 2659 2368 singuli
2687 2298 2853 2369 pedes
2887 2306 3065 2355 rectos
3093 2308 3147 2356 et
3172 2313 3386 2372 semper

1787 2383 1843 2440 in
1882 2385 2111 2443 sublime
2154 2388 2458 2445 tendentes.
2516 2387 2672 2448 Unde
2718 2406 2826 2447 non
2876 2390 3151 2448 immerito
3190 2399 3247 2447 et
3282 2394 3383 2465 ipsi

1788 2474 2082 2533 Cherubim
2113 2484 2397 2546 vocantur,
2440 2495 2506 2537 eo
2528 2482 2673 2552 quod
2698 2482 2937 2538 habeant
2965 2483 3020 2539 in
3052 2498 3112 2539 se
3142 2484 3383 2539 multitu-

1789 2566 1971 2623 dinem
1999 2568 2242 2625 scientiae
2288 2568 2404 2625 Dei.
2451 2570 2625 2640 Quam
2666 2574 2807 2629 bene
2851 2573 3019 2645 igitur
3066 2575 3270 2631 dictum
3302 2584 3388 2633 est

1788 2672 1888 2729 per
1912 2658 2284 2715 Ezechielem:
2311 2660 2447 2729 Quia
2477 2678 2581 2717 non
2610 2663 2999 2719 revertebantur
3032 2682 3150 2721 cum
3177 2664 3384 2722 incede-

1789 2749 2033 2816 rent,sed
2071 2753 2477 2825 unumquodque
2515 2770 2696 2809 eorum
2720 2765 2842 2810 ante
2876 2754 3066 2826 faciem
3091 2773 3245 2812 suam
3261 2774 3385 2829 gra-

1790 2836 2033 2894 diebatur
2055 2838 2272 2913 (Ezech.
2308 2857 2349 2909 ι,
2384 2842 2463 2914 9),
2492 2844 2620 2916 quia
2658 2844 2726 2901 ad
2751 2853 2956 2901 aeterna
2982 2846 3224 2903 tendunt.
3254 2846 3386 2917 Quae

1789 2928 2049 2984 nimirum
2078 2930 2334 2987 animalia
2366 2932 2549 2989 multis
2596 2934 2651 2990 in
2704 2933 2840 2991 locis
2887 2935 3250 3008 praeﬁgurata,
3291 2947 3382 3007 et,

1791 3022 1933 3092 quod
1962 3024 2163 3079 mirum
2194 3030 2296 3090 est,
2337 3032 2464 3084 ante
2499 3037 2628 3083 sunt
2667 3027 2722 3085 in
2768 3028 2924 3085 caelis
2952 3029 3078 3085 huic
3110 3031 3388 3102 prophetae

1791 3117 1846 3170 in
1895 3115 2088 3185 spiritu
2120 3116 2217 3173 Dei
2265 3125 2504 3185 ostensa,
2547 3132 2712 3190 quam
2746 3130 2933 3177 essent
2962 3122 3016 3177 in
3044 3123 3206 3179 terris
3234 3134 3382 3180 nata.

1792 3204 1998 3262 idcirco
2023 3222 2132 3263 non
2164 3216 2344 3279 potest
2368 3225 2478 3265 non
2505 3226 2628 3267 esse
2664 3210 2956 3279 ineﬁ‘abile,
2984 3230 3159 3285 neque
3183 3215 3387 3272 incom-

88 3312 185 3383 (με
208 3284 489 3382 Mam
518 3284 808 3378 ηωριισίι,
834 3320 1052 3377 unaque
1080 3303 1287 3362 fabrica
1311 3303 1682 3377 perfectionis,
1712 3284 1759 3348 C
1788 3298 2155 3369 prehensibile
2204 3301 2348 3372 quod
2390 3304 2651 3359 sentiunt.
2710 3303 2778 3359 Et
2829 3312 3032 3371 tamen,
3076 3284 3148 3363 ex
3197 3322 3387 3363 eorum

85 3418 212 3477 qua
232 3410 503 3474 nusquam
522 3400 775 3458 violatur.
812 3397 1038 3456 Beatum
1069 3413 1202 3471 ergo
1239 3413 1328 3455 me
1365 3398 1688 3455 existimans

84 3498 233 3565 fore,
254 3496 303 3552 si
326 3493 600 3565 quidpiam
628 3492 795 3567 386
818 3492 955 3548 meis
979 3492 1123 3562 quod
1154 3500 1369 3563 gratum
1396 3499 1559 3556 esset,
1587 3506 1690 3561 pro

86 3604 269 3646 ccum
290 3586 650 3651 exsolverent,
691 3593 747 3639 et
782 3580 1037 3642 oﬂerrem
1074 3582 1230 3639 vobis
1266 3582 1392 3639 licet
1431 3582 1685 3654 exiguum

86 3696 201 3753 pro
225 3693 446 3735 munere
486 3692 595 3734 non
633 3676 813 3749 ignavi
848 3674 1104 3748 pmtderis
1134 3675 1396 3732 talentum
1448 3674 1684 3744 locuple-

84 3777 203 3832 tius
228 3775 376 3846 quod
396 3773 650 3846 placeret.
678 3770 944 3840 Quoniam
966 3778 1027 3826 ut
1049 3769 1324 3840 praesenti,
1351 3784 1418 3825 ex
1436 3766 1689 3824 omnibus

78 3880 145 3928 et
188 3871 249 3925 in
290 3869 543 3924 omnibus
572 3864 877 3937 gratissima
932 3878 1022 3920 me
1065 3861 1354 3919 dilectione
1388 3860 1443 3916 in
1471 3857 1687 3916 Christo

76 3960 387 4031 suscipere
426 3956 623 4030 dignati
668 3958 834 4024 estis,
861 3964 919 4013 et
956 3954 1201 4012 refovete
1236 3955 1357 4009 sinu
1382 3951 1683 4018 charitatis,

78 4056 325 4124 Deoqne
350 4051 684 4108 committere
703 4050 977 4122 precibus,
999 4048 1235 4103 maxime
1254 4062 1321 4103 eo
1342 4046 1395 4101 in
1424 4054 1683 4115 tempore,

78 4150 241 4222 iuxta
280 4146 413 4203 illud
439 4146 722 4217 antiquum
760 4143 1128 4217 proverbium,
1155 4141 1372 4213 quando
1402 4138 1611 4194 amicus
1633 4146 1690 4192 et

80 4240 339 4297 medicus
363 4238 420 4293 in
467 4236 792 4293 necessitate
837 4234 1156 4305 probantur.
1198 4231 1338 4288 Hinc.
1367 4229 1685 4287 estcharis-

82 4332 215 4390 simi
262 4330 415 4402 quod
466 4336 618 4384 tanto
675 4327 853 4384 studio
900 4340 1068 4382 causa
1110 4324 1435 4381 visitationis
1480 4323 1548 4379 ad
1588 4337 1689 4378 vos

81 4438 255 4495 quam
284 4436 432 4492 sepe
456 4420 645 4476 venire
678 4420 916 4485 decrevi,
957 4416 1276 4474 desiderans
1324 4431 1421 4472 vos
1468 4416 1684 4481 videre,

82 4525 141 4571 et
172 4508 537 4584 conigeram
566 4526 657 4567 me
680 4509 827 4583 quod
854 4510 948 4566 diu
973 4508 1333 4581 negligentiae
1358 4508 1683 4571 omiseram;

83 4608 181 4679 qui
204 4622 297 4662 me
333 4604 643 4661 dilectionis
675 4603 875 4659 ail'ectu
908 4610 1098 4659 contra
1133 4601 1317 4657 omnia
1344 4599 1685 4656 adversantia

1791 3392 1949 3449 dictis
1986 3402 2071 3450 est
2106 3403 2158 3449 et
2191 3395 2373 3451 verbis
2398 3396 2659 3468 quidquid
2688 3404 2772 3451 est
2797 3399 2940 3468 quod
2963 3407 3113 3455 recte
3143 3400 3386 3471 sapimus

1790 3484 1876 3544 vel
1895 3484 2279 3560 intelligimus;
2319 3489 2444 3560 quia
2466 3504 2659 3545 eorum
2684 3490 2852 3546 verba
2874 3532 2889 3555 ,
2920 3492 3083 3547 verba
3110 3501 3237 3548 sunt
3266 3491 3386 3548 Dei.

1790 3577 1848 3632 in
1875 3579 2071 3649 quibus
2097 3579 2342 3651 profecto
2364 3579 2546 3637 verbis
2571 3596 2680 3637 non
2703 3581 2937 3641 humana
2961 3582 3225 3653 sapientia
3243 3623 3259 3649 ,
3286 3582 3381 3640 sed

1790 3672 2015 3743 spiritus
2039 3678 2095 3728 et
2120 3674 2230 3735 vita
2267 3673 2429 3731 lucet.
2462 3674 2534 3730 Et
2579 3675 2701 3731 ideo
2732 3675 2846 3746 ipsa
2875 3676 3040 3731 verba
3064 3676 3189 3748 jure
3220 3677 3384 3733 verba

1787 3766 1914 3822 vitae
1963 3768 2246 3837 dicuntur,
2281 3768 2407 3841 quia
2437 3784 2542 3825 non
2568 3770 2621 3826 in
2654 3772 2741 3827 his
2758 3770 2858 3828 ﬂos
2881 3771 3201 3845 eloquentiae
3222 3772 3383 3831 redo-
3450 3808 3455 3823 ι

1789 3859 1865 3916 let
1892 3861 2186 3929 saecularis,
2234 3864 2330 3919 sed
2378 3862 2591 3920 fructus
2616 3864 2762 3920 vitae.
2804 3862 3166 3938 Quapmptcr,
3189 3866 3291 3922 etsi
3319 3866 3387 3922 ad

1788 3954 2006 4028 plenum
2031 3971 2191 4013 nemo
2213 3957 2278 4013 de
2301 3956 2498 4013 talibus
2518 3955 2664 4029 loqui
2687 3967 2889 4030 potest,
2915 3974 3022 4014 non
3054 3959 3174 4014 ideo
3202 3968 3381 4013 tamen

1790 4061 1855 4102 ex
1885 4054 1998 4103 toto
2037 4046 2201 4103 homo
2249 4047 2476 4119 quilibet
2520 4048 2682 4104 silere
2727 4048 2906 4113 debet;
2942 4047 3071 4105 licet
3093 4050 3147 4104 in
3169 4048 3388 4105 elimato

1788 4137 2042 4209 loquendi
2068 4153 2289 4211 genere,
2326 4154 2393 4195 ne
2438 4139 2692 4209 loquatur
2715 4152 2779 4196 ea
2813 4139 3071 4197 divinitus
3095 4141 3389 4212 inspiratus

1788 4245 1911 4301 quae
1939 4231 2120 4286 sentit.
2147 4230 2283 4299 Quia
2324 4230 2680 4303 intelligentia
2717 4230 2995 4303 Evangelii
3034 4248 3143 4289 non
3182 4233 3237 4287 in
3266 4247 3391 4303 per-

1789 4320 2136 4377 suasibilibns
2168 4321 2416 4377 humana:
2437 4321 2718 4393 sapientiae
2744 4322 2927 4378 verbis
2947 4330 3180 4388 constat,
3211 4322 3305 4379 sed
3332 4322 3385 4377 in

1789 4413 2056 4484 sapientia
2098 4413 2299 4470 Christi
2331 4430 2345 4468 :
2384 4428 2551 4485 quam
2602 4414 2801 4471 Paulus
2837 4414 2942 4471 etsi
2972 4414 3253 4486 imperitus
3276 4428 3390 4470 ser-

1788 4519 1969 4570 mone,
2004 4513 2063 4559 ut
2084 4505 2202 4576 ipse
2234 4504 2333 4572 ait,
2361 4520 2469 4560 non
2493 4514 2673 4561 tamen
2701 4505 2926 4561 scientia
2954 4504 3098 4560 inter
3120 4503 3389 4575 perfectos

1789 4597 1936 4670 loqui
1962 4613 2022 4654 se
2040 4600 2236 4671 gaudet
2257 4597 2339 4670 (Il
2366 4597 2487 4654 Cor.
2515 4614 2579 4665 η,
2603 4599 2682 4670 6).
2706 4598 2920 4656 Interea
2943 4600 3044 4656 etsi
3070 4598 3255 4656 senilis
3273 4615 3393 4655 ora-

82 4673 363 4757 consolati
386 4699 524 4755 estis
567 4699 623 4753 in
668 4695 1007 4754 orationibus
1026 4695 1244 4760 vestris,
1275 4695 1351 4750 ita
1391 4692 1526 4748 utin
1556 4708 1693 4763 prae-
1717 4673 1772 4735 D
1799 4691 1875 4746 tio
1899 4705 2000 4761 per
2051 4706 2111 4746 se
2150 4700 2364 4761 compta
2405 4705 2526 4746 esse
2554 4691 2753 4747 debeat
2797 4706 2862 4746 ae
2900 4690 3096 4746 decora
3129 4692 3379 4747 sensibus

81 4796 401 4853 sentiarum
452 4793 589 4848 nihil
622 4791 759 4848 mihi
806 4791 996 4847 deesSe
1048 4796 1329 4860 putarem,
1367 4802 1491 4844 cum
1540 4794 1689 4841 tanta

80 4890 363 4949 beneﬁcia
392 4898 574 4946 vestra
600 4888 855 4973 perlecta:
903 4887 1188 4943 charitatis
1218 4887 1361 4942 circa
1384 4898 1473 4940 me
1494 4881 1690 4956 ﬂagra-

80 4992 238 5048 rent,
274 4982 538 5053 quoniatn
583 4980 857 5036 debitores
911 4977 1039 5034 facti
1096 4976 1231 5033 estis
1272 4976 1546 5039 omnibus,
1597 4973 1691 5045 qui

78 5076 221 5134 nihil
246 5076 400 5131 aliud
429 5074 525 5131 ulli
550 5073 761 5131 debetis
810 5072 956 5146 (quia
991 5070 1234 5127 radicem
1259 5066 1440 5124 contis
1469 5067 1523 5122 in
1553 5064 1711 5121 cmlo'

79 5172 398 5247 posuistis),
432 5171 539 5228 nisi
588 5170 936 5233 charitatem,
978 5182 1141 5238 quam
1181 5179 1398 5236 semper
1444 5161 1690 5220 debendo

80 5266 430 5331 exsolvistis,
462 5272 518 5321 et
543 5264 868 5322 exsolvendo
894 5262 1066 5333 magis
1110 5259 1389 5332 magisque
1415 5254 1691 5312 debitores

78 5357 221 5413 facti
246 5356 408 5413 satis.
450 5354 558 5411 Sed
581 5354 710 5427 quia
744 5350 1044 5409 liberalitas
1069 5357 1250 5406 vestra
1296 5346 1524 5403 multum
1552 5361 1688 5402 exu-

78 5450 247 5505 berat
274 5448 337 5503 in
367 5444 567 5514 dando,
606 5444 770 5502 credo
811 5444 956 5517 quod
990 5452 1043 5498 et
1073 5442 1126 5497 in
1155 5439 1469 5511 accipiendo
1489 5436 1690 5493 libera-

80 5542 215 5608 lius,
256 5550 451 5597 sancta
481 5538 857 5597 benevolentia
881 5544 1064 5595 vestra
1107 5534 1280 5606 magis
1309 5531 1565 5605 gaudebit
1593 5545 1692 5602 pro

80 5648 329 5691 munere
354 5632 529 5700 verbi,
555 5647 719 5704 quam
740 5645 839 5701 pro
864 5630 1026 5687 ullius
1048 5642 1215 5684 censu
1237 5626 1369 5683 dati.
1404 5622 1541 5680 Hinc
1562 5638 1686 5695 gra—

84 5738 205 5784 tum
252 5726 377 5785 fore
423 5727 605 5798 putavi
645 5726 906 5797 quidquid
944 5723 1172 5779 devotus
1198 5720 1461 5785 obtulere,
1493 5718 1690 5789 quibus

84 5823 348 5894 profecto
391 5820 564 5876 debeo
600 5818 860 5891 quidquid
892 5832 1109 5888 possum
1150 5824 1206 5871 et
1231 5813 1373 5886 quod
1410 5827 1549 5867 sum.
1588 5809 1691 5865 Ve-

164 5946 197 5978 ι
226 5905 478 5991 subaudi
504 5930 711 6002 me,vel
737 5938 985 6001 conatus,
1008 5934 1101 5984 aut
1132 5925 1348 5985 labores
1376 5938 1549 5982 meos.

1796 4782 1958 4838 debet
1987 4790 2166 4837 tamen
2196 4797 2318 4839 esse
2345 4789 2401 4837 et
2431 4782 2597 4848 mitis,
2619 4782 2854 4838 maxime
2899 4783 2955 4838 in
2987 4783 3201 4839 talibus.
3226 4782 3394 4854 Cujus

1793 4874 2039 4946 profecto
2060 4890 2241 4931 sermo
2281 4875 2385 4931 etsi
2415 4875 2646 4932 decorus
2687 4876 2779 4943 sit,
2816 4876 2963 4947 quod
3010 4892 3117 4932 non
3148 4877 3390 4945 requiro,

1793 4974 1853 5023 ut
1874 4969 2091 5038 quidam
2123 4968 2217 5035 ait,
2247 4968 2466 5039 quietus
2495 4984 2616 5025 esse
2646 4969 2806 5026 debet
2839 4985 2904 5025 ac
2926 4971 3204 5026 remissus.
3238 4967 3391 5036 Quod

1795 5062 1838 5118 si
1871 5063 1925 5118 in
1947 5062 2299 5120 saecularibus
2326 5062 2519 5120 studiis
2545 5063 2668 5120 talis
2702 5064 2862 5120 debet
2904 5079 3025 5120 esse
3057 5062 3386 5132 eloquentia,

1798 5172 1918 5229 quae
1937 5172 2156 5213 succum
2186 5156 2382 5213 habeat
2407 5156 2717 5225 modestiae;
2744 5165 2948 5229 quanto
2986 5155 3161 5228 magis
3189 5170 3289 5225 ego
3311 5154 3393 5210 En-

1801 5261 1884 5309 ter
1924 5252 2039 5308 haec
2085 5250 2415 5307 flammantia
2463 5252 2727 5309 virtutum
2777 5253 3099 5309 documenta
3144 5248 3392 5321 proferre

1797 5359 1906 5400 non
1950 5344 2133 5410 debui,
2161 5352 2215 5400 et
2243 5344 2289 5400 si
2322 5359 2560 5416 possem,
2599 5346 2834 5400 nitorem
2883 5342 3158 5399 saecularis
3198 5340 3390 5399 facun-

1799 5438 1921 5504 diae,
1949 5453 2070 5509 qua:
2093 5453 2277 5521 secum
2303 5438 2643 5513 splendorem
2668 5435 2808 5494 ferat
2833 5435 3142 5498 verborum.
3167 5435 3260 5491 sed
3289 5451 3392 5507 pu-

1798 5531 2014 5586 ritatem
2042 5547 2236 5589 sensus
2264 5548 2509 5605 quaerere
2551 5541 2605 5589 et
2644 5529 3052 5602 intelligentiam
3103 5530 3393 5587 veritatis?

1798 5623 2064 5692 Quoniam
2102 5624 2219 5679 haec
2258 5612 2521 5696 sapientia
2548 5622 2751 5680 Christi
2788 5624 2840 5677 in
2878 5626 3138 5695 mysterio
3166 5608 3392 5685 abscon-

1797 5716 1909 5772 dita
1937 5722 2018 5772 est
2070 5717 2124 5772 in
2162 5717 2298 5788 ipso,
2334 5719 2385 5772 in
2414 5732 2520 5787 quo
2548 5724 2675 5771 sunt
2703 5729 2893 5770 omnes
2917 5717 3157 5773 thesauri
3184 5718 3395 5789 sapien-

1798 5810 1889 5867 tiae
1908 5818 2070 5881 atque
2089 5813 2329 5868 scientiae
2359 5811 2446 5865 Dei
2483 5808 2762 5865 reconditi.
2789 5808 2855 5864 Et
2895 5810 3015 5866 ideo
3050 5811 3118 5865 ab
3151 5812 3264 5883 ipso
3290 5813 3392 5865 ini—

1714 5998 1735 6017 Β,
1748 5998 1795 6017 ικ⁴
1833 5998 1847 6011 ’ἣ
