4000 6362
599 361 702 420 355

1407 363 1464 420 S.
1507 357 1862 426 PASCHASII
1902 367 2248 427 RADBERTI
2284 370 2576 428 ABBATIS
2613 373 3060 433 CORBEIENSIS

3789 382 3886 440 356

597 482 917 551 petrandum
945 487 1030 536 est
1059 488 1118 534 ut
1143 478 1318 534 oratio
1353 489 1540 537 nostra
1569 485 1993 542 emolumentum
2021 487 2191 558 magis
2217 491 2269 552 Α
2295 489 2396 553 cit;
2429 497 2483 544 et
2512 491 2715 547 vitulus
2749 507 2966 564 quoque
2984 536 2998 561 ,
3027 495 3156 565 quia
3185 493 3498 550 immolatus
3526 505 3614 552 est
3641 497 3697 551 in
3723 501 3887 556 sacri-

600 573 799 629 habeat
842 570 1094 643 perfectae
1142 570 1526 642 intelligentia,
1571 589 1732 643 quam
1785 575 2194 633 incitamentum

597 664 872 719 vanitatis.
905 661 1033 728 Sed,
1081 662 1208 732 quia
1235 663 1351 718 haec
1376 673 1611 733 quatuor
1640 667 1896 722 animalia
1928 669 2076 723 varie
2104 670 2196 724 de-

598 753 928 819 scribuntur,
947 753 1296 822 quzercndum
1331 755 1554 812 omnino
1594 757 1722 826 quid
1755 767 1840 814 est
1875 762 2015 830 quod
2034 760 2195 816 Joan-

597 861 694 902 nes
716 846 946 915 primum
969 845 1170 900 animal
1195 845 1370 902 simile
1395 846 1538 903 leoni
1560 848 1758 906 dixerit
1789 849 1974 923 (Apoc.
2008 870 2081 919 tv,
2116 855 2192 924 7),

594 938 763 1010 388
783 955 902 994 cum
918 939 1170 994 Ezechiel
1191 940 1477 1010 propheta,
1501 958 1609 997 non
1632 942 1801 999 leonis
1819 947 2074 1014 speciem,
2101 947 2195 1001 sed

596 1031 830 1086 hominis
856 1032 1032 1101 primo
1078 1031 1298 1086 animali
1330 1033 1508 1088 inesse
1531 1035 1884 1104 perhibuerit.
1923 1037 2012 1094 Sic
2049 1041 2195 1095 enim

593 1124 838 1179 ordinem
866 1139 1053 1179 eorum
1095 1125 1354 1180 describit
1383 1144 1395 1178 :
1428 1125 1733 1183 Similitudo
1753 1169 1766 1194 ,
1799 1130 1992 1199 inquit,
2023 1131 2195 1186 vultus

594 1233 776 1271 eorum
812 1218 972 1287 facies
1002 1219 1228 1273 hominis
1266 1229 1314 1273 et
1355 1220 1518 1290 facies
1562 1221 1748 1288 leonis,
1787 1242 1819 1276 a
1861 1223 2062 1306 deaitris
2104 1242 2194 1280 eo-

597 1326 709 1364 rum
732 1319 979 1380 quatuor,
1019 1319 1066 1365 et
1104 1311 1265 1381 facies
1317 1312 1456 1368 boris
1483 1331 1514 1366 a
1546 1314 1774 1368 sinistris
1803 1316 2038 1384 ipsorum
2060 1333 2196 1386 qua-

593 1409 733 1465 tuor,
790 1412 838 1456 et
873 1402 1036 1471 facies
1075 1404 1267 1474 aquila:
1304 1405 1527 1480 desuper
1550 1407 1773 1462 volantis
1796 1409 2030 1478 ipsorum
2065 1427 2198 1480 qua-

593 1500 714 1546 tuor
757 1490 976 1564 (Ezecli.
1011 1509 1029 1548 ι
1061 1535 1075 1560 ,
1125 1494 1238 1567 10).
1292 1476 1484 1550 Mirum
1524 1498 1722 1568 quippe
1762 1476 1919 1553 valde
1950 1476 2196 1570 estquod

590 1583 827 1640 Joannes
855 1586 1053 1640 animal
1092 1587 1328 1657 primum
1374 1589 1550 1643 simile
1583 1590 1746 1656 Iconi,
1776 1592 2040 1662 prepheta
2066 1608 2196 1649 vero

589 1675 824 1746 primum
850 1677 1054 1732 homini
1078 1679 1254 1734 simile
1284 1681 1454 1750 ponit.
1481 1680 1539 1734 In
1565 1697 1670 1750 qua
1693 1683 1950 1738 nimirum
1978 1695 2196 1741 senten-

591 1769 664 1824 tia
696 1786 892 1842 magna
922 1772 1081 1828 nobis
1102 1774 1278 1828 oritur
1322 1775 1570 1844 qumstio.
1601 1775 1858 1844 Quamvis
1880 1781 2026 1835 enim
2059 1781 2195 1837 Eze-

2299 583 2480 638 ﬁcium
2513 584 2626 641 Deo
2653 586 2842 652 Patri,
2878 589 3022 643 sicut
3055 588 3157 660 ipsi
3192 596 3427 658 quatuor
3455 597 3759 658 testantur;
3801 595 3889 648 sed

2296 681 2352 729 et
2388 674 2568 744 aquila
2610 675 2873 748 ﬁguratus
2916 688 3038 748 est,
3084 679 3212 751 quia
3242 695 3369 736 mox
3411 691 3472 736 ut
3514 684 3772 739 occubuit
3799 701 3892 756 per

2298 779 2530 824 mortem
2572 769 2826 826 innovata
2869 780 2954 827 est
2985 770 3245 840 juventus
3273 773 3390 844 ejus
3414 814 3430 839 ,
3459 782 3515 829 et
3553 779 3890 844 resurrexit,

2297 865 2460 928 atque
2501 859 2781 916 descendit
2829 861 2992 918 altior
3038 865 3294 921 omnibus
3340 865 3507 921 etiam
3555 868 3767 940 angelis
3799 885 3892 928 suo

2297 952 2500 1022 volatu,
2523 955 2742 1024 quando
2772 956 2934 1012 rediit
2957 959 3048 1014 ubi
3075 967 3194 1014 erat
3217 958 3270 1014 in
3295 958 3562 1030 principio
3586 961 3734 1018 Deus
3757 964 3892 1036 apud

2299 1045 2487 1101 Deum.
2535 1046 2604 1102 Et
2655 1048 2774 1105 ideo
2825 1065 2933 1105 non
3001 1051 3271 1107 immerito
3323 1050 3492 1108 facies
3549 1052 3791 1110 hominis
3842 1065 3894 1111 et

2297 1135 2466 1193 facies
2487 1137 2660 1195 leonis
2686 1154 2718 1194 a
2761 1140 2968 1197 dextris
3016 1142 3256 1212 ipsorum
3310 1151 3584 1214 quatuor,
3633 1156 3690 1201 et
3737 1145 3896 1204 facies

2297 1229 2451 1285 vituli
2483 1245 2514 1284 a
2554 1232 2791 1288 sinistris
2828 1235 3071 1304 ipsorum
3112 1246 3364 1306 quatuor,
3390 1245 3446 1293 et
3486 1235 3661 1295 facies
3705 1241 3895 1311 aquilae

2299 1321 2528 1393 desuper
2554 1321 2794 1394 ipsorum
2823 1335 3059 1396 quatuor
3084 1345 3096 1380 :
3128 1326 3257 1397 quia
3285 1329 3530 1383 omnium
3575 1344 3772 1386 eorum
3796 1349 3895 1388 una

2297 1409 2467 1467 facies
2489 1421 2612 1479 est,
2643 1423 2698 1470 et
2727 1416 2982 1488 pr0pria;
3032 1418 3104 1472 ita
3141 1426 3200 1473 ut
3225 1427 3279 1474 et
3297 1421 3604 1491 proprietas
3634 1423 3894 1494 praedica-

2299 1503 2463 1560 tionis
2499 1505 2826 1562 mirabiliter
2865 1508 3211 1581 resplendeat
3251 1511 3309 1566 in
3349 1511 3608 1582 singulis,
3639 1524 3696 1569 et
3725 1516 3897 1572 unitas

2297 1595 2709 1651 commendetur
2750 1598 2806 1652 in
2845 1600 3119 1656 omnibus.
3152 1600 3292 1668 Quia
3335 1601 3462 1659 licet
3503 1604 3702 1674 singuli
3751 1621 3896 1661 suam

2298 1689 2534 1745 habeant
2559 1692 2894 1762 proprietam
2930 1693 3190 1750 narrandi
3216 1735 3232 1761 ,
3274 1711 3383 1751 non
3415 1704 3597 1752 tamen
3631 1697 3800 1753 aliam
3831 1700 3897 1752 in-

2297 1781 2484 1836 venies
2523 1781 2720 1837 faciem
2771 1782 2826 1837 in
2871 1783 2980 1839 alio
3004 1824 3020 1851 ,
3053 1800 3220 1855 quam
3248 1783 3388 1840 alius
3427 1801 3537 1840 non
3576 1785 3821 1842 habeat:
3851 1798 3899 1842 et

601 1860 744 1917 chiel
773 1863 920 1918 dicat
945 1863 1012 1918 de
1039 1864 1172 1934 ipsis
1202 1866 1550 1933 animalibus,
1577 1870 1720 1938 quod
1744 1880 1928 1926 essent
1959 1883 2191 1944 quatuor
2221 1865 2267 1925 Β
2297 1871 2418 1928 ideo
2440 1873 2570 1937 uni,
2611 1881 2670 1927 ut
2710 1872 2786 1927 ita
2823 1873 3000 1928 dicam
3027 1915 3042 1939 ,
3100 1873 3445 1930 ineffabiliter
3473 1884 3710 1946 quatuor
3740 1876 3900 1932 facies

591 1952 760 2010 facies
787 1957 901 2021 uni,
930 1964 986 2011 et
1018 1965 1254 2026 quatuor
1277 1974 1473 2028 penum
1500 1961 1616 2025 uni,
1650 1961 1985 2029 singulorum
2009 1973 2192 2021 tamen

589 2045 758 2103 facies
810 2048 1177 2104 declarantur.
1238 2051 1394 2107 Unde
1435 2068 1534 2107 cur
1578 2053 1893 2110 immutetur
1938 2059 2070 2112 ordo
2100 2060 2194 2130 qui

591 2138 826 2208 scriptus
882 2148 965 2194 est
1019 2139 1074 2194 in
1129 2143 1390 2212 propheta
1444 2143 1744 2209 Ezechiele,
1796 2154 1852 2201 et
1899 2146 2110 2204 dicatur
2162 2166 2193 2204 a

588 2227 797 2285 Joanne
821 2230 905 2286 leo
928 2247 1026 2301 pro
1050 2234 1289 2299 homine,
1323 2250 1432 2290 non
1474 2236 1680 2305 absque
1711 2253 1908 2310 magno
1933 2240 2194 2310 mysterio

589 2333 690 2378 est.
721 2323 1065 2396 Quapropter
1115 2327 1395 2382 sciendum
1448 2329 1576 2398 quia
1620 2331 1849 2400 mystica
1885 2331 2194 2403 Scriptura—

590 2431 710 2471 rum
732 2417 945 2487 eloquia
967 2434 1076 2472 non
1098 2433 1312 2490 semper
1332 2420 1577 2474 ordinem
1603 2433 1826 2477 servant
1847 2423 2188 2491 historicum;

589 2511 734 2579 quod
775 2511 821 2566 si
867 2509 1133 2577 facerent,
1165 2528 1274 2568 non
1323 2514 1436 2584 jam
1469 2516 1720 2586 mystica,
1753 2518 1848 2572 sed
1881 2526 2087 2573 tantum
2113 2519 2194 2574 hi-

589 2605 793 2662 storica
821 2615 1024 2661 essent.
1051 2605 1191 2662 Hinc
1215 2650 1230 2674 ,
1268 2608 1314 2662 si
1342 2609 1410 2663 ad
1436 2609 1857 2680 descriptionem
1882 2612 2196 2684 Evangelio—

587 2711 708 2750 rum
740 2697 1075 2753 recurrimus
1097 2739 1111 2764 ,
1161 2700 1426 2769 propheta
1463 2717 1524 2756 se
1560 2701 1814 2756 animalia
1863 2703 2064 2758 vidisse
2101 2703 2195 2758 de-

589 2787 857 2854 scribens,
885 2789 1134 2843 ordinem
1174 2790 1428 2855 servavit,
1485 2791 1578 2860 qui
1621 2790 1874 2847 Matthaao
1898 2792 2194 2848 humanam

588 2879 785 2934 faciem
831 2881 1091 2936 habuisse
1123 2892 1351 2949 narrat;
1393 2884 1519 2954 quia
1567 2884 1684 2954 ipse
1719 2885 1954 2954 primum
1995 2885 2062 2939 de
2095 2885 2196 2939 hu-

593 2971 862 3026 manitate
888 2971 1092 3028 Christi
1132 2989 1362 3029 exorsus
1390 2984 1473 3031 est
1506 2975 1766 3030 scribere.
1801 2975 1982 3032 Marco
2011 2986 2192 3032 autem

588 3065 762 3122 leonis
807 3065 981 3121 forma
1029 3053 1308 3134 tribuitur,
1350 3069 1646 3124 secundum
1687 3069 1830 3139 quod
1867 3085 1896 3123 a
1934 3069 2189 3137 clamore,

590 3171 654 3210 ac
681 3156 728 3212 si
771 3157 857 3212 leo
912 3158 967 3212 in
1016 3159 1232 3214 deserto
1279 3159 1524 3231 rugiens,
1572 3161 1758 3230 capit.
1811 3159 2028 3217 Tertius
2062 3177 2193 3217 vero

2295 1974 2440 2021 sunt.
2472 1965 2629 2033 Quia,
2653 1966 2698 2022 si
2726 1966 2977 2036 requiras
3003 1967 3133 2038 quid
3157 1967 3442 2023 Matthaaus
3475 1967 3544 2023 de
3575 1969 3898 2024 incarnatio-

2295 2072 2362 2111 ne
2392 2058 2611 2122 sentiat,
2637 2058 2740 2114 hoc
2780 2058 3038 2117 nimirum
3065 2062 3232 2114 sentit
3261 2060 3407 2130 quod
3436 2059 3682 2127 Marcus,
3708 2061 3897 2127 Lucas,

2295 2155 2350 2200 et
2379 2145 2657 2202 Joannes:
2709 2148 2757 2202 si
2805 2164 3018 2219 quaeras
3060 2149 3191 2220 quid
3244 2148 3520 2219 Joannes,
3565 2152 3674 2207 hoc
3718 2169 3901 2227 procul

2295 2235 2458 2290 dubio
2487 2237 2630 2306 quod
2660 2245 2716 2292 et
2753 2237 2842 2293 alii
2876 2247 2988 2296 tres
3032 2240 3315 2308 similiter;
3349 2250 3406 2296 et
3444 2242 3490 2297 si
3529 2259 3751 2314 quartas
3779 2246 3902 2315 quid

2295 2325 2510 2382 Marcus
2531 2329 2766 2383 sentiat?
2791 2332 2936 2401 quod
2965 2330 3454 2401 Matthteus,Lucas
3482 2342 3538 2390 et
3557 2334 3825 2403 Joannes;
3853 2345 3904 2392 et

2295 2418 2342 2472 si
2393 2433 2605 2487 quaeras
2646 2419 2776 2488 quid
2803 2419 3014 2477 Lucas?
3056 2423 3243 2495 utique
3289 2426 3391 2480 hoc
3441 2426 3587 2496 quod
3616 2426 3861 2484 Joannes
3887 2469 3900 2493 ,

2295 2508 2581 2565 Matthreus
2627 2518 2682 2566 et
2710 2510 2924 2570 Marcus
2952 2515 3210 2572 sentiunt.
3236 2515 3375 2586 Quia
3399 2534 3594 2576 eorum
3634 2537 3747 2576 una
3810 2539 3903 2580 no-

2299 2603 2413 2658 titia
2443 2603 2569 2660 lidei
2597 2614 2708 2671 est,
2745 2621 2853 2677 qua
2898 2619 3300 2680 cognoscuntur
3330 2628 3359 2667 a
3386 2614 3497 2670 Deo
3522 2632 3537 2682 ;
3579 2631 3646 2672 ac
3679 2631 3780 2686 per
3807 2619 3902 2673 hoc

2297 2696 2412 2766 ipsa
2440 2705 2523 2752 est
2560 2698 2615 2752 in
2654 2715 2762 2756 uno
2788 2700 2958 2757 facies
2989 2703 3114 2759 fidei
3141 2704 3226 2761 vel
3255 2707 3530 2777 cognitio,
3560 2725 3684 2778 qua:
3711 2719 3799 2766 est
3844 2712 3905 2766 si-

2297 2790 2409 2844 mul
2434 2799 2489 2846 et
2513 2791 2567 2846 in
2597 2802 2851 2863 quatuor.
2875 2795 3006 2864 Qua:
3033 2813 3156 2853 cum
3183 2799 3256 2854 ita
3288 2801 3400 2856 sint
3420 2842 3436 2869 ,
3466 2802 3780 2861 charissimi
3807 2847 3828 2875 ,
3855 2809 3902 2863 in

2295 2881 2399 2937 hoc
2432 2882 2552 2938 loco
2600 2885 2646 2940 si
2695 2885 2860 2942 alium
2907 2889 3156 2945 ordinem
3197 2907 3426 2963 sequar,
3459 2905 3689 2966 propter
3739 2914 3903 2969 quem

2296 2977 2466 3030 nostri
2498 2976 2642 3032 inter
2669 2994 2728 3035 se
2754 2981 2972 3036 variant
2995 2981 3271 3050 doctores,
3293 3001 3455 3042 nemo
3481 3003 3570 3042 me
3607 2991 3908 3059 reprehen-

2298 3068 2392 3123 dat
2423 3080 2662 3138 temere,
2717 3075 2974 3144 quoniam
3023 3093 3125 3133 nec
3150 3076 3376 3136 Joannis
3427 3081 3712 3151 ordinem,
3765 3087 3907 3142 sicut

2297 3161 2516 3231 quidam
2546 3161 2833 3235 fecerunt,
2873 3183 2977 3224 nec
3001 3169 3305 3228 Ezechielis
3349 3174 3674 3247 impugnare
3703 3194 3908 3252 cogno.

587 3250 766 3306 Lucas
789 3253 1028 3323 speciem
1057 3253 1232 3318 bovis,
1282 3268 1379 3308 seu
1409 3253 1565 3307 vituli
1606 3262 1801 3325 gestat,
1833 3255 1959 3325 quia
2008 3255 2124 3326 ipse
2158 3271 2189 3310 a
2219 3238 2264 3302 C
2297 3268 2443 3320 scor,
2472 3255 2616 3310 sicut
2639 3272 2740 3314 nec
2765 3258 2874 3330 ipsi
2897 3261 3000 3316 sibi
3023 3263 3187 3319 etiam
3213 3265 3270 3319 in
3297 3265 3512 3323 diversa
3539 3269 3752 3326 ordinis
3777 3287 3910 3326 nar-

589 3347 896 3403 sacerdotio
963 3364 1122 3404 suum
1185 3349 1540 3419 Evangelium
1612 3351 1902 3408 inchoavit.
1959 3352 2193 3410 Joannes

586 3456 802 3512 quoque
855 3441 910 3496 in
957 3441 1152 3512 aquila:
1198 3441 1557 3497 similitudine
1602 3444 1870 3516 ﬁguratur
1897 3486 1910 3511 ,
1950 3461 2016 3502 eo
2047 3447 2192 3517 quod

585 3533 747 3589 altius
777 3534 1120 3590 transvolans
1150 3535 1431 3601 universa,
1455 3536 1524 3592 ad
1551 3536 1894 3592 divinitatem
1921 3539 2072 3593 verbi
2103 3555 2192 3594 us-

584 3645 692 3700 que
739 3629 989 3700 pervenit
1034 3629 1370 3696 ascendens;
1426 3631 1480 3684 in
1535 3646 1642 3700 qua
1695 3619 1895 3685 clarius
1943 3631 2191 3686 obtutum

587 3722 870 3778 oculorum
900 3721 1107 3793 deligit,
1153 3731 1209 3778 et
1251 3722 1374 3777 inde
1407 3721 1566 3778 nobis
1587 3722 1776 3776 arcani
1812 3723 1965 3777 verbi
1995 3732 2192 3793 myste-

583 3814 665 3868 ria
712 3814 931 3883 plenius
976 3815 1258 3870 reseravit.
1321 3812 1456 3867 Nam
1499 3821 1554 3868 et
1591 3811 1696 3882 ipsi
1741 3812 1988 3868 doctores
2019 3813 2192 3868 nostri

583 3922 653 3963 ex
685 3908 788 3963 hoc
812 3907 931 3962 loco
959 3908 1172 3962 diversa
1193 3908 1457 3971 sentiunt,
1485 3906 1627 3959 sicut
1651 3912 1705 3960 et
1725 3905 1941 3962 diverse
1969 3917 2190 3962 narrata

583 3998 841 4068 leguntur
871 4017 883 4050 :
918 3998 1063 4067 quod
1115 3998 1182 4052 in~
1197 3997 1352 4052 leone
1385 3996 1692 4062 Mattheus,
1723 3997 1778 4052 in
1809 3998 2028 4055 homine
2055 3998 2190 4053 Mar-

587 4105 688 4145 cus
709 4090 859 4145 visus
894 4088 983 4143 sit.
1013 4087 1140 4153 Sed,
1185 4087 1231 4143 si
1266 4087 1334 4142 ad
1373 4087 1830 4157 dispensationem
1861 4089 2189 4161 Redempto-

587 4185 666 4240 ris
691 4185 864 4240 nostri
916 4183 1115 4238 mentis
1147 4181 1366 4237 oculum
1401 4181 1703 4254 deligimus,
1728 4200 1890 4254 quam
1913 4185 2188 4254 dispensa-

587 4277 795 4333 tionem
824 4275 1014 4331 eadem
1040 4272 1294 4328 animalia
1324 4283 1600 4343 peractam
1626 4275 1923 4339 declarant,
1955 4291 2054 4330 nec
2073 4277 2188 4346 ipse

581 4369 850 4439 propheta
901 4366 1152 4420 ordinem
1210 4366 1416 4431 tenuit,
1476 4367 1568 4436 qui
1616 4368 1855 4423 secundo
1904 4367 2021 4423 loco
2082 4369 2189 4425 leo-

585 4473 711 4513 nem
763 4456 983 4528 posuit;
1037 4471 1161 4511 cum
1222 4455 1364 4511 idem
1409 4456 1738 4528 Redemptor
1791 4468 1977 4514 noster
2028 4469 2188 4515 natus

536 4595 541 4608 .
585 4558 646 4603 ιιι
674 4549 853 4612 homo,
884 4548 1036 4618 prius
1080 4546 1242 4602 fuerit
1284 4556 1344 4602 ut
1393 4548 1590 4603 vitulus
1642 4548 1974 4615 immolatus,
2021 4568 2187 4620 quam

536 4623 540 4633 ί
587 4647 649 4693 ιιι
713 4638 799 4693 leo
870 4652 900 4692 a
958 4638 1188 4693 mortuis
1257 4638 1568 4694 suscitatus.
1640 4638 1937 4708 Propterea
1997 4642 2182 4698 videa-

586 4742 708 4781 mus
760 4742 923 4796 quam
967 4728 1036 4782 ob
1106 4741 1328 4782 causam
1381 4743 1571 4783 eorum
1633 4730 1766 4785 ordo
1828 4743 2185 4803 praepostere-

589 4827 697 4883 tur,
727 4834 848 4872 cum
879 4819 1007 4884 sint,
1055 4828 1115 4873 ut
1143 4819 1348 4875 dictum
1387 4830 1491 4884 est,
1544 4829 1778 4890 quatuor
1835 4823 2002 4880 facies
2049 4828 2141 4882 uni
2170 4870 2183 4894 ,

585 4920 640 4964 et
699 4917 931 4978 quatuor
996 4925 1185 4980 pennae
1248 4911 1362 4965 uni.
1433 4911 1536 4967 Ubi
1607 4923 1858 4983 patenter
1925 4917 2182 4973 nimirum

584 5000 753 5074 389
795 5001 1265 5072 Evangelistarum
1321 5004 1734 5060 demonstratur
1785 5010 2074 5064 concordia
2131 5021 2186 5066 et

588 5096 770 5150 unitas
809 5094 1088 5166 Evangelii
1119 5095 1215 5150 Dei
1244 5112 1257 5149 :
1305 5096 1583 5166 quodlibet
1628 5113 1816 5152 eorum
1859 5110 1913 5154 et
1946 5116 2101 5155 suam
2131 5109 2186 5156 et

587 5190 753 5244 trium
784 5191 1025 5260 possidet
1049 5190 1314 5256 formam,
1341 5190 1416 5244 ita
1445 5197 1504 5244 ut
1531 5192 1584 5244 in
1617 5207 1723 5246 uno
1758 5193 1859 5246 tria
1888 5233 1902 5256 ,
1941 5202 2104 5262 atque
2131 5194 2185 5248 in

585 5279 758 5336 tribus
807 5298 973 5336 unum
1013 5281 1339 5336 inveniatur.
1376 5281 1528 5347 Quod
1565 5281 1610 5337 si
1647 5283 1703 5336 in
1736 5296 2062 5352 unoquoque
2090 5299 2185 5340 e0-

588 5390 708 5430 rum
768 5377 871 5430 tria
919 5377 1271 5431 inveniuntur
1319 5376 1607 5440 animalia,
1666 5377 1944 5446 quodlibet
1993 5381 2183 5436 horum

585 5468 820 5538 primum
867 5478 951 5524 est
972 5509 987 5534 ,
1019 5483 1120 5523 nec
1147 5467 1305 5524 alteri
1340 5467 1560 5523 cuilibet
1588 5470 1895 5538 posteriusk
1927 5476 2180 5543 quoniam

586 5558 920 5633 singulorum
950 5561 1193 5616 oumium
1221 5568 1454 5629 quatuor
1474 5560 1642 5617 facies
1664 5572 1748 5618 est
1774 5580 1912 5631 una,
1938 5567 2098 5623 sicuti
2127 5575 2184 5622 et

586 5650 680 5704 uni
711 5652 950 5722 ipsorum
980 5651 1139 5705 simul
1167 5659 1417 5720 quatuor.
1452 5653 1583 5720 Quia
1612 5655 1866 5715 Christus
1893 5661 2056 5718 homo
2078 5662 2181 5716 fuit

587 5756 749 5812 quem
780 5741 940 5798 simul
976 5741 1273 5810 praedicant
1313 5759 1528 5810 onmes;
1565 5754 1619 5800 et
1664 5746 1746 5804 leo
1780 5758 2002 5820 prepter
2027 5767 2179 5806 suam

589 5833 849 5890 eximiam
883 5832 1287 5902 fortitudinem,
1333 5837 1459 5906 quia
1499 5842 1735 5895 moriens
1765 5851 1995 5899 mortem
2025 5845 2177 5901 devi-

2297 3345 2508 3402 ratione
2545 3347 2726 3406 facere
2748 3353 3082 3421 probantur:
3124 3356 3254 3411 dum
3288 3375 3428 3416 unus
3458 3375 3681 3429 eorum,
3715 3364 3770 3419 id
3804 3373 3909 3430 est,

2299 3441 2558 3516 propbeja
2601 3441 2853 3499 Ezechiel
2917 3447 3173 3502 ordinem
3219 3450 3584 3519 demonstrat,
3634 3463 3696 3508 ut
3743 3455 3909 3521 dixi,

2296 3529 2763 3603 Evangelistarum
2787 3535 2942 3605 juxta
2969 3539 3112 3608 quod
3139 3541 3379 3597 ordinati
3409 3554 3535 3600 sunt
3561 3561 3594 3599 a
3623 3545 3868 3602 Domino
3895 3591 3911 3612 ,

2295 3632 2349 3678 et
2381 3624 2482 3696 ipsi
2521 3628 2962 3700 conscripserunt
2987 3631 3153 3704 390
3185 3633 3478 3707 Evangelia
3528 3641 3914 3711 unusquisque

2296 3716 2350 3772 in
2405 3719 2846 3792 praefiguratione
2903 3740 3000 3780 sua
3043 3734 3098 3781 et
3145 3727 3405 3797 qualitate
3440 3731 3719 3802 principii.
3753 3733 3917 3787 Alter

2295 3826 2425 3868 vero
2450 3853 2466 3878 ,
2498 3813 2554 3868 id
2591 3824 2710 3880 est,
2756 3813 3027 3882 Joannes,
3074 3829 3416 3877 sacramenta
3443 3838 3563 3892 quae
3599 3823 3654 3879 in
3678 3824 3915 3882 Christo

2293 3905 2637 3974 przefigurata
2664 3915 2790 3978 sunt
2817 3918 2874 3964 et
2902 3909 3138 3979 expleta,
3163 3913 3344 3983 potius
3368 3917 3748 3986 persequitur:
3781 3920 3916 3989 quia

2295 3993 2546 4051 Christus
2587 3998 2702 4068 ipse
2742 3999 2826 4054 leo
2880 4009 2964 4057 est
3012 4003 3102 4073 qui
3135 4019 3363 4062 securus
3405 4009 3662 4064 dormivit
3693 4010 3751 4064 in
3786 4029 3914 4081 pas-

2293 4088 2466 4146 sione.
2509 4087 2666 4145 Unde
2690 4089 2858 4148 Jacob
2889 4093 2966 4148 ait
3005 4095 3072 4151 de
3100 4095 3239 4152 Juda
3282 4098 3334 4153 in
3381 4115 3618 4170 persona
3643 4100 3864 4158 Christi
3899 4123 3914 4156 :

2297 4191 2436 4259 Quia
2466 4191 2752 4248 occubuisti
2789 4204 2846 4248 ut
2879 4194 2981 4262 leo,
3032 4207 3081 4252 et
3099 4199 3218 4268 quis
3239 4201 3513 4256 suscitabit
3538 4219 3657 4256 eum
3680 4205 3708 4256 ?
3731 4204 3751 4276 (
3772 4205 3915 4261 Cen.

2292 4301 2440 4351 κως,
2470 4283 2538 4357 9)
2564 4283 2683 4356 lpse
2723 4285 2887 4341 homo
2909 4296 2965 4342 et
2986 4287 3221 4357 vitulus,
3261 4290 3376 4361 ipse
3407 4301 3462 4348 et
3489 4293 3546 4348 in
3570 4294 3758 4365 aquila
3785 4295 3923 4364 jure

2290 4375 2690 4448 praefiguntur.
2725 4375 2832 4432 Sed
2885 4376 3096 4434 leonem
3135 4378 3371 4438 Joannes
3403 4383 3639 4453 primum
3695 4402 3923 4457 ponere

2293 4467 2673 4538 maluit,quia
2722 4479 3126 4527 sacramentum
3171 4475 3588 4532 resurrectionis
3635 4477 3760 4548 ejus
3791 4481 3923 4552 jam

2293 4559 2638 4614 credentibus
2661 4560 2926 4629 scribens,
2956 4563 3159 4620 rectius
3186 4567 3337 4635 prius
3360 4566 3625 4637 judicavit
3654 4569 3923 4627 declam-

2295 4665 2354 4704 re
2380 4665 2477 4720 per
2497 4651 2641 4720 quod
2669 4655 2904 4711 maxime
2927 4658 3160 4713 mundus
3186 4660 3437 4726 credidit,
3465 4676 3629 4731 quam
3659 4663 3929 4722 hominis

2295 4759 2390 4799 seu
2409 4744 2561 4799 vituli
2593 4761 2901 4816 personam.
2928 4751 3062 4818 Quia
3084 4767 3192 4807 non
3230 4753 3352 4810 ideo
3372 4771 3563 4812 omnes
3587 4761 3928 4828 generatio-

2295 4852 2389 4892 nes
2417 4837 2472 4891 in
2493 4853 2616 4892 eum
2646 4841 2988 4897 crediderunt
3013 4845 3139 4914 quia
3167 4845 3332 4902 homo
3353 4855 3513 4904 natus
3541 4859 3626 4904 est
3655 4849 3712 4905 in
3738 4869 3927 4908 mun-

2294 4929 2394 4995 do,
2428 4944 2604 5000 neque
2630 4932 2755 5000 quia
2795 4933 3106 4991 immolatus
3150 4947 3234 4994 est
3271 4949 3332 4994 ut
3358 4939 3597 5007 vitulus,
3641 4943 3741 4998 sed
3774 4947 3930 5014 quia

2293 5029 2414 5092 post
2434 5029 2666 5077 mortem
2701 5024 2873 5078 victor
2904 5029 3203 5084 resurrexit
3241 5040 3300 5085 ut
3325 5030 3442 5098 leo,
3474 5032 3593 5103 ipse
3619 5048 3682 5089 se
3714 5050 3935 5092 resus-

2290 5113 2466 5168 citans
2491 5155 2506 5180 ,
2535 5113 2676 5168 sicut
2717 5114 2927 5188 Moyses
2960 5118 3250 5189 scripserat
3280 5120 3447 5178 Jacob
3479 5123 3612 5178 olim
3658 5128 3938 5198 prophec

2290 5213 2454 5262 tasse.
2485 5208 2635 5263 Alias
2657 5219 2836 5264 autem
2861 5253 2875 5277 ,
2909 5211 2954 5267 si
2981 5212 3318 5270 solummodo
3345 5226 3508 5273 natus
3535 5226 3686 5284 esset
3713 5229 3789 5276 ut
3817 5222 3940 5279 ho-

2293 5316 2414 5367 mo,
2439 5312 2494 5357 et
2540 5318 2764 5373 passus,
2812 5313 2868 5360 et
2903 5320 3011 5360 non
3055 5309 3408 5364 resuscitatus
3451 5312 3887 5380 pradicaretur
3917 5358 3934 5380 ,

2291 5395 2412 5463 quis
2452 5395 2506 5449 in
2537 5411 2660 5450 eum
2703 5396 2990 5454 crederet?
3019 5398 3358 5471 Quapropter
3377 5391 3616 5458 Joannes
3651 5405 3940 5474 primum

2291 5485 2520 5542 solerter
2569 5487 2702 5543 satis
2743 5489 2800 5544 in
2841 5499 3183 5548 sacramento
3223 5494 3642 5550 resurrectionis
3683 5494 3942 5554 Christi

2288 5576 2500 5634 leonem
2548 5581 2766 5650 posuit:
2800 5582 2927 5652 quia
2975 5598 3074 5653 per
3124 5584 3175 5640 id
3225 5586 3371 5656 quod
3404 5596 3656 5642 mortuus
3701 5602 3943 5648 resur-

2290 5668 2466 5734 rexit,
2512 5669 2567 5724 in
2602 5685 2660 5726 se
2689 5673 2949 5728 mundum
2974 5675 3198 5731 credere
3221 5676 3500 5748 compulit.
3529 5677 3741 5735 Idcirco
3800 5681 3947 5740 leo-

2289 5773 2412 5814 nem
2444 5770 2570 5816 ante
2599 5763 2793 5832 posuit.
2824 5762 2988 5831 Nam,
3038 5766 3140 5822 etsi
3169 5767 3380 5836 primus
3409 5777 3494 5824 est
3519 5771 3681 5826 homo
3709 5770 3790 5827 in
3827 5790 3946 5833 or-

2289 5849 2414 5907 dine
2440 5893 2454 5918 ,
2484 5867 2578 5908 seu
2614 5854 2844 5923 vitulus,
2879 5865 3055 5915 tamen
3086 5859 3237 5930 prior
3261 5866 3346 5916 est
3376 5859 3433 5916 in
3455 5863 3661 5919 virtute
3691 5862 3801 5922 leo
3825 5908 3847 5934 ,
3877 5880 3951 5926 et
