4016 6360
208 377 324 432 357
1016 374 1378 439 EXPOSITIO
1415 381 1484 438 IN
1523 379 1964 441 MATTHIEUM.
2002 415 2072 426 -—
2109 384 2235 440 LIB.
2276 384 2343 452 ν,
2380 385 2529 441 CAP.
2580 382 2709 441 VIII.
3406 392 3513 450 558

207 502 269 555 in
311 497 631 555 fortitudine
680 511 777 551 sua
806 496 1072 552 Christus.
1107 498 1244 554 flinc
1279 499 1478 555 Paulus
1508 500 1688 556 aiebat
1733 499 1814 553 di-
1842 505 1892 564 Α
1920 500 2074 568 Quod
2097 502 2139 557 si
2171 516 2260 556 me
2281 501 2566 572 quisquam
2597 502 2732 557 adeo
2762 501 2902 558 ultra
2927 504 3224 573 praefecare
3258 507 3508 578 voluerit,
3530 537 3558 556 ι

208 606 394 649 cens:
429 588 566 645 Etsi
610 605 921 644 noveramus
949 588 1216 646 Christum
1247 593 1535 647 secundum
1565 608 1777 646 carnem
1804 632 1820 658 ,
1927 592 1981 648 id
2017 607 2086 647 ne
2125 592 2352 648 audeam
2395 592 2743 663 ineloquens.
2771 608 2836 650 ac
2883 595 2930 649 si
2974 595 3215 650 omnium
3257 596 3510 656 vitiorum

208 685 306 742 sed
326 686 443 755 jam
473 701 578 738 non
603 682 839 737 novimus
871 680 976 753 (11
1002 680 1127 738 Cor.
1158 700 1222 751 ν,
1250 684 1375 757 16),
1401 701 1463 741 ac
1488 685 1533 739 si
1558 683 1679 739 aliis
1699 698 1823 739 ver-
1925 684 2179 741 illuvione
2215 700 2530 756 reSpersns,
2563 687 2866 757 conspiciat
2893 686 3166 756 leprosum
3195 691 3430 760 primum
3454 695 3510 748 in

208 781 299 835 bis
323 779 560 842 diceret,
585 773 830 844 nomjam
858 773 910 828 in
936 773 1260 831 animalibus
1286 775 1560 831 hominem
1591 775 1820 830 moritu-
1921 777 1978 833 in
2006 777 2108 833 hoc
2143 793 2308 847 opere
2347 787 2719 834 occurrentem
2740 820 2754 845 ,
2787 779 2842 834 in
2877 794 2985 850 quo
3027 789 3083 835 et
3111 797 3233 836 cum
3275 798 3382 852 quo
3424 800 3513 840 me

207 886 371 934 rum,
425 867 520 923 sed
576 866 792 921 leonem
823 873 946 936 post
989 874 1221 921 mortem
1266 866 1596 922 attendimus
1640 881 1821 921 resur-
1923 867 2224 924 sanandum
2273 857 2518 925 confido:
2560 870 2838 927 intueatur
2891 873 3134 928 omnium
3194 877 3511 933 morborum

205 959 424 1017 rexisse
469 961 526 1014 in
563 966 832 1013 aeternum
885 957 1178 1012 victurum.
1224 959 1421 1028 Sicque
1467 959 1573 1015 hoc
1613 959 1776 1014 modo
1801 999 1817 1026 ,
1921 976 2152 1031 genera,
2180 970 2236 1017 et
2262 961 2430 1018 solius
2459 963 2672 1017 Domini
2699 962 3036 1019 voluntatem
3083 981 3292 1020 mecum
3322 967 3512 1024 salutis

207 1063 478 1125 quantum
519 1050 654 1106 mihi
684 1050 922 1114 videtur,
942 1057 997 1104 et
1021 1049 1486 1122 Evangelistarum
1511 1049 1646 1106 ordo
1669 1060 1818 1106 recte
1919 1069 2140 1109 causam
2163 1054 2431 1126 imploret.
2447 1055 2648 1110 Audiat
2672 1071 2800 1127 ergo
2813 1055 3098 1111 Dominum
3127 1058 3506 1128 imperantem,

211 1155 494 1212 servatur,
536 1152 599 1198 ut
633 1142 974 1214 praemissum
1008 1151 1122 1208 est,
1167 1152 1223 1198 et
1265 1143 1381 1198 haec
1405 1142 1777 1213 praeposterati

1919 1147 1963 1204 si
1980 1156 2190 1202 mutum
2215 1163 2302 1203 me
2326 1149 2518 1212 credit,
2549 1149 2603 1203 in
2625 1148 2939 1218 Evangelio,
2965 1147 3275 1220 Ephphetlta
3299 1151 3386 1222 (Μ
3393 1170 3505 1206 arc.

206 1237 578 1302 narrationis,
628 1250 748 1305 quae
775 1233 921 1289 facta
949 1244 1034 1291 est
1071 1236 1127 1290 in
1161 1235 1484 1308 Apocalypsi
1511 1251 1539 1289 a
1568 1233 1775 1291 Joanne
1799 1276 1812 1301 ,
1915 1257 2026 1304 vn,
2061 1241 2163 1312 54)
2196 1283 2211 1308 ,
2259 1241 2402 1312 quod
2445 1249 2559 1307 est,
2612 1241 2918 1312 adaperire.
2961 1241 3030 1295 Et
3071 1242 3198 1312 quia
3242 1243 3308 1299 de
3337 1244 3509 1299 saliva

207 1347 322 1387 non
368 1330 573 1400 absque
601 1341 800 1396 magno
825 1327 1084 1398 mysterio
1123 1335 1227 1384 est.
1263 1327 1369 1383 Sed
1412 1335 1597 1382 utrum
1627 1336 1815 1383 nostra
1918 1331 2030 1387 oris
2070 1331 2188 1400 ejus
2236 1333 2364 1388 olim
2395 1333 2576 1387 infans
2611 1333 2860 1403 gustavi,
2894 1348 3080 1389 verum
3108 1333 3254 1404 loqui
3274 1334 3388 1405 jam
3428 1352 3513 1392 se-

203 1423 462 1496 praefatio
484 1464 500 1488 ,
539 1421 686 1478 salva
727 1421 1053 1476 auctoritate
1090 1421 1330 1492 priorum
1374 1420 1628 1488 Patrum,
1660 1421 1813 1478 debi-
1859 1467 1864 1470 .
1915 1436 2021 1478 nex
2056 1434 2275 1494 rogatus
2315 1441 2345 1479 a
2388 1423 2541 1478 vobis
2565 1440 2671 1478 non
2701 1425 2982 1480 erubesco.
3016 1423 3246 1480 Prorsus
3266 1427 3389 1496 quia
3422 1429 3508 1482 di-

203 1528 328 1574 tam
346 1517 574 1572 rationis
598 1517 1048 1587 consequentiam
1077 1524 1276 1582 servet,
1307 1524 1418 1571 tam
1441 1525 1626 1572 vestro
1648 1532 1810 1588 quam
1914 1517 2054 1588 gitos
2083 1517 2199 1587 ejus
2228 1517 2365 1572 meis
2399 1517 2454 1572 in
2472 1511 2710 1571 .auribus
2740 1516 2884 1571 intus
2909 1518 3113 1584 sentio,
3159 1517 3361 1574 idcirco
3385 1535 3508 1591 quae

203 1611 446 1667 fratrum
475 1627 721 1667 meorum
752 1611 1030 1675 examini,
1075 1611 1273 1680 quibus
1317 1611 1566 1668 laborare
1587 1612 1807 1678 videor,
1913 1609 2074 1665 audio
2117 1609 2394 1676 mihimet,
2427 1619 2484 1666 ct
2513 1611 2649 1666 meis
2681 1617 2861 1666 tacere
2892 1625 3000 1665 non
3040 1610 3228 1666 debeo.
3266 1611 3421 1667 Unde
3448 1621 3504 1668 et

204 1705 544 1774 derelinquo.
574 1703 714 1772 Quia
758 1713 868 1758 tam
913 1703 968 1757 in
992 1703 1094 1757 hac
1120 1702 1384 1757 sententia
1407 1744 1420 1768 ,
1449 1718 1612 1772 quam
1648 1712 1702 1758 et
1752 1703 1808 1758 in
1911 1705 1958 1760 si
1985 1704 2099 1775 ipse
2120 1704 2711 1775 benignissimusJesus
2737 1705 2866 1760 mihi
2892 1706 3209 1775 prmcipcret
3231 1721 3297 1761 ne
3322 1706 3508 1777 loque-

198 1798 356 1853 omni
385 1812 547 1869 opere
577 1798 704 1860 isto,
727 1797 771 1851 si
803 1804 985 1851 vestro
1003 1803 1361 1866 utrorumque
1381 1797 1586 1867 judicio
1606 1811 1806 1868 apprn-
1911 1811 2002 1850 rer
2025 1837 2040 1862 ,
2075 1797 2208 1851 satis
2235 1812 2322 1851 me
2351 1796 2426 1851 illi
2460 1797 2770 1861 invitarent,
2804 1813 2873 1852 ne
2909 1806 3148 1852 tacerem
3185 1799 3276 1868 qui
3303 1809 3506 1869 quanto

197 1897 396 1961 batus,
443 1903 734 1965 vestraque
778 1892 1045 1950 defensus
1095 1892 1363 1948 sententia
1389 1891 1562 1958 fuero,
1609 1890 1810 1948 nullius
1839 1910 1886 1971 Β
1912 1887 2088 1956 magis
2116 1887 2197 1941 eis
2225 1887 2605 1957 praecipiebat,
2657 1895 2806 1942 tanto
2845 1887 2964 1957 plus
2992 1888 3398 1958 praedicabant,
3452 1898 3510 1945 et

197 1987 532 2043 temeritatis
565 1985 915 2056 supercilium
940 1985 1299 2056 pertimesco;
1328 1981 1810 2056 nequereprehcn-
1913 1993 1980 2034 eo
2046 1979 2276 2050 amplius
2342 1979 2753 2034 admirabantur
2789 1980 3070 2035 dicentes:
3119 1979 3258 2035 Bene
3326 1983 3506 2036 omnia

197 2079 419 2134 sionem
449 2080 746 2134 indebitam
772 2078 1076 2134 formidabo
1101 2118 1115 2145 ,
1159 2077 1252 2148 qui
1293 2077 1482 2133 talium
1509 2086 1812 2134 tantorum-
1913 2077 2058 2146 fecit,
2084 2079 2208 2147 quia
2235 2078 2423 2132 surdos
2451 2077 2573 2148 fecit
2608 2077 2814 2144 audire,
2847 2088 2896 2132 et
2923 2089 3095 2133 mutos
3124 2077 3266 2150 loqui
3292 2078 3499 2151 (Marc.

205 2184 324 2239 que
347 2170 662 2224 auctoritate
681 2168 860 2224 fulciri
885 2185 971 2225 me
993 2184 1316 2241 cognoscam
1342 2181 1398 2226 et
1420 2169 1650 2237 firmari,
1677 2186 1810 2241 quo-
1911 2185 2008 2235 vn,
2041 2171 2164 2242 57).
2196 2170 2363 2236 Hinc,
2393 2186 2577 2242 quaeso
2599 2213 2614 2237 ,
2644 2187 2806 2226 nemo
2835 2172 2969 2227 mihi
2995 2171 3256 2228 molestus
3285 2173 3386 2233 sit.
3414 2188 3505 2228 ne-

205 2277 336 2315 rum
362 2262 604 2318 doctrina
629 2263 680 2317 in
707 2263 857 2319 omni
883 2264 1110 2319 scientia
1127 2263 1222 2320 Dei
1247 2263 1404 2337 longe
1427 2264 1642 2336 lateque
1668 2282 1806 2337 pras-
1910 2278 2001 2317 mo
2022 2279 2108 2318 me
2139 2263 2522 2335 reprehendat,
2540 2265 2586 2320 si
2613 2265 2776 2337 392
2799 2265 3021 2335 loquar;
3055 2281 3123 2321 ne
3152 2265 3292 2322 forte
3316 2267 3494 2322 videa-
3535 2291 3552 2300 θ

197 2353 426 2409 dicatur
447 2396 462 2420 ,
525 2365 578 2409 et
617 2355 883 2426 sapientia
943 2356 1114 2427 pollet
1138 2399 1152 2423 ,
1203 2373 1314 2411 non
1363 2356 1487 2413 dico
1535 2358 1588 2412 in
1637 2359 1807 2414 verbo
1910 2367 2002 2412 tur
2027 2358 2230 2415 Christi
2262 2359 2516 2431 Operibus
2542 2361 2818 2430 ingratus,
2849 2361 2941 2431 qui
2971 2362 3116 2416 bono
3143 2376 3273 2428 suo,
3302 2369 3359 2416 et
3379 2376 3502 2416 sur-

193 2457 415 2503 tantum
441 2489 455 2512 ,
488 2463 674 2503 verum
709 2449 876 2503 etiam
905 2448 960 2502 in
992 2448 1138 2503 omni
1169 2447 1328 2520 391
1365 2464 1530 2520 opere
1552 2450 1695 2505 bono
1725 2459 1806 2505 at-
1911 2450 1993 2506 dis
2027 2460 2250 2521 praestat
2277 2452 2463 2508 audire
2492 2460 2834 2508 sacramenta
2865 2453 2990 2508 vitae
3014 2495 3028 2520 ,
3061 2463 3116 2508 et
3140 2452 3304 2509 mutis
3331 2453 3500 2525 loqui,

192 2556 308 2613 que
342 2541 623 2612 disciplina
669 2542 951 2597 virtutum.
983 2541 1122 2610 Qui,
1158 2541 1422 2612 quidquid
1462 2541 1517 2597 in
1553 2542 1802 2598 doctrina
1909 2556 2017 2611 quo
2039 2542 2257 2616 possint
2285 2557 2512 2598 narrare
2542 2543 2808 2613 magnalia
2837 2542 2955 2597 Dei.
2975 2543 3053 2598 De
3085 2552 3283 2598 caetero
3306 2559 3502 2614 precor

191 2634 465 2690 didicistis
487 2633 810 2705 locupletius
838 2634 996 2690 factis
1025 2633 1319 2697 exhibetis,
1369 2633 1444 2687 ita
1473 2642 1533 2688 ut
1554 2633 1805 2689 Christus
1910 2633 2170 2688 lectorem
2196 2649 2377 2690 meum
2401 2649 2470 2690 ne
2500 2649 2787 2705 processus
2813 2635 3083 2690 sermonis
3110 2635 3198 2689 vix
3227 2635 3497 2692 sufliciens

189 2727 400 2796 ubique
434 2726 773 2798 glorificetur
809 2727 864 2781 in
906 2726 1081 2781 vobis.
1107 2724 1248 2781 Hinc
1271 2741 1358 2780 me
1389 2741 1496 2780 non
1529 2725 1805 2780 immerito
1907 2726 2158 2782 sensibus
2208 2725 2648 2797 Seripturarum,
2699 2725 2982 2782 fastidiosa
3030 2734 3326 2781 censeatur
3373 2741 3501 2797 pro-

191 2818 412 2876 felicem
446 2833 670 2885 censeo,
705 2820 750 2874 si
776 2819 978 2889 aliquid
1003 2818 1223 2890 dignum
1251 2817 1406 2873 vobis
1435 2817 1489 2872 in
1518 2817 1621 2872 hoc
1639 2832 1804 2888 opere
1907 2817 2108 2883 lixitas,
2127 2818 2342 2888 quando
2367 2835 2476 2875 non
2505 2819 2681 2874 oratio
2707 2827 2892 2875 nostra
2918 2818 3101 2874 verbis
3128 2819 3224 2874 sed
3250 2819 3500 2875 sensibus

187 2925 364 2966 senex
387 2911 629 2977 edidere,
653 2911 845 2966 saltem
860 2909 1004 2981 quod
1029 2909 1289 2980 prodesse
1312 2918 1474 2979 queat
1492 2906 1799 2976 juvenibus,
1905 2908 2180 2964 dilatatur.
2227 2909 2379 2965 Licet
2411 2909 2554 2964 enim
2585 2909 2859 2980 plerisque
2897 2909 3190 2978 legentium
3233 2909 3354 2980 plus
3384 2909 3500 2980 pla-

185 3005 254 3057 ad
289 3003 717 3058 emolumentum
748 3004 1041 3068 doctrina},
1103 3009 1158 3056 et
1187 3001 1255 3056 ad
1281 3001 1518 3056 studium
1561 3001 1799 3071 pietatis.
1903 3011 2028 3060 ceat
2047 2991 2248 3059 sterilis
2282 3003 2520 3058 brevitas
2545 3002 2838 3068 interdum,
2868 3017 3030 3072 quam
3062 3001 3212 3056 utilis
3241 3001 3499 3074 explana-

182 3096 633 3164 Quoniam,sicut
655 3097 873 3167 quidam
891 3097 984 3160 ait,
1007 3106 1066 3150 ut
1096 3094 1527 3150 adolescentibus
1556 3095 1696 3150 bona
1719 3095 1802 3149 in-
1903 3095 2112 3150 tionum
2164 3091 2478 3166 prolixitas;
2537 3101 2718 3148 tamen
2765 3093 3085 3163 locupletior
3140 3107 3331 3148 sensus
3374 3093 3498 3164 jure

187 3191 318 3246 dole
347 3191 592 3261 prmditis
619 3191 894 3261 sapientes
918 3204 1078 3245 senes
1111 3189 1482 3254 delectantur,
1517 3189 1800 3260 leviorque
1904 3186 2165 3241 studiosis
2193 3185 2315 3256 plus
2343 3193 2566 3255 priestat
2599 3199 2764 3254 quam
2796 3192 3164 3239 commentum
3190 3183 3492 3239 brevitatis:

181 3283 246 3340 fit
275 3293 532 3340 senectus
555 3299 743 3340 eorum
776 3283 868 3354 qui
899 3299 929 3337 a
971 3283 1256 3355 iuventute
1293 3282 1546 3338 coluntur
1575 3291 1635 3337 et
1674 3281 1794 3337 dili-
1821 3280 1866 3344 C
1901 3279 2004 3336 Ubi
2034 3294 2134 3336 nos
2168 3294 2270 3334 nec
2320 3278 2650 3349 tropologias
2697 3277 2868 3332 secuti
2903 3294 3090 3336 sumus
3119 3277 3394 3348 Evangelii
3439 3278 3496 3332 in

177 3385 429 3448 guntur:
473 3377 553 3432 sic
599 3385 655 3432 et
677 3377 1049 3432 adolescentes
1099 3374 1227 3430 boni
1273 3389 1462 3430 senum
1504 3375 1792 3446 praeceptis

181 3471 450 3542 gaudent,
497 3470 695 3541 quibus
723 3469 790 3523 ad
827 3469 1089 3523 virtutum
1121 3467 1299 3523 studia
1324 3467 1613 3522 ducantur.
1645 3466 1790 3534 Qua-

183 3571 427 3633 propter,
455 3561 789 3627 charissimi,
823 3568 1076 3617 senectus
1106 3575 1226 3616 mea
1255 3574 1362 3615 non
1391 3560 1552 3614 modo
1582 3558 1792 3631 langui-

183 3654 254 3709 da
306 3654 445 3708 circa
470 3669 568 3709 vos
598 3662 654 3709 et
679 3653 825 3709 circa
855 3651 1052 3708 fratres
1075 3667 1226 3709 meos
1253 3667 1376 3709 esse
1399 3652 1615 3718 debuit;
1655 3667 1792 3722 quos

177 3748 466 3802 exhortari
497 3747 655 3801 debui
686 3761 810 3800 cum
837 3759 1124 3815 pratessem
1147 3785 1161 3810 ,
1193 3759 1368 3814 neque
1396 3743 1578 3808 iners,
1601 3757 1790 3796 verum

178 3854 294 3893 nec
319 3839 488 3893 otiosa
515 3839 567 3892 in
593 3838 711 3909 ipso
732 3838 844 3892 otio
861 3879 875 3904 ,
930 3836 1023 3892 sed
1050 3850 1278 3907 operosa
1306 3843 1360 3890 et
1384 3849 1602 3908 semper
1624 3848 1790 3905 agens

184 3929 400 3999 aliquid
427 3971 441 3995 ,
467 3939 522 3984 et
554 3931 778 3985 moliens
805 3929 941 3994 tale,
976 3944 1084 3998 quo
1107 3937 1162 3984 et
1198 3928 1310 3983 vita
1337 3925 1606 3982 formetur
1648 3940 1788 3996 prte-

177 4021 457 4086 sentium,
490 4031 543 4077 et
566 4020 873 4090 exemplum
901 4021 1212 4091 przebeatur
1234 4019 1572 4074 futurorum.
1598 4016 1676 4071 Ne
1706 4014 1791 4072 sa'

179 4125 531 4169 cramentum
561 4114 724 4180 salis,
751 4113 881 4169 olim
915 4113 971 4168 in
1000 4127 1096 4168 ore
1126 4112 1385 4184 puerulus
1411 4110 1556 4182 quod
1579 4110 1784 4181 accepi,

171 4215 478 4264 evacuetur
505 4207 558 4262 in
591 4216 869 4263 senectute
909 4206 994 4261 vel
1037 4205 1093 4261 in
1143 4207 1314 4262 senio.
1337 4204 1448 4260 Fac
1470 4219 1602 4276 ergo
1639 4202 1785 4273 quod

173 4315 282 4355 nec
309 4308 457 4353 tanta
482 4299 741 4370 praeditus
762 4298 864 4354 sim
889 4298 1198 4362 sanctitate,
1232 4312 1332 4353 nec
1358 4305 1512 4352 tanto
1537 4294 1786 4350 conditus

177 4392 467 4462 sapientia:
516 4391 650 4456 sale,
683 4406 782 4446 nec
824 4400 973 4445 tanta
997 4391 1246 4446 eruditus
1273 4389 1558 4460 disciplina
1581 4388 1786 4444 littera-

177 4499 308 4538 rum
326 4524 339 4545 ,
368 4491 427 4536 ut
461 4482 532 4539 sit
559 4493 814 4539 senectus
842 4498 960 4538 mea
985 4483 1039 4537 in
1064 4483 1435 4539 misericordia
1459 4473 1613 4536 uberi
1638 4521 1654 4546 ,
1681 4495 1784 4536 nec

170 4584 327 4630 tanta
352 4575 650 4632 illustratus
676 4576 967 4641 virtutum,
993 4575 1246 4631 claritate
1277 4616 1292 4642 ,
1332 4589 1442 4647 quo
1469 4573 1665 4645 dignus
1700 4572 1782 4626 vie-

1894 3373 2274 3446 explanatione
2295 3415 2312 3440 ,
2364 3388 2468 3429 nec
2489 3372 2752 3444 mysticae
2776 3372 3166 3427 sententiarum
3193 3371 3496 3442 intelligen-

1895 3467 2029 3533 tias;
2076 3466 2171 3521 sed
2205 3465 2541 3520 solummodo
2589 3465 2890 3535 simplicem
2946 3479 3166 3520 sensum
3195 3464 3491 3519 dictionum

1895 3559 1947 3611 in
1981 3557 2163 3622 brevi,
2214 3566 2376 3626 prout
2402 3556 2674 3626 oportuit,
2705 3555 3115 3624 explicavimus.
3155 3554 3362 3609 Idcirco
3390 3557 3490 3609 ha-

1894 3653 2060 3706 beant
2089 3649 2359 3704 fastidiosi
2395 3648 2608 3716 regulas
2631 3647 2876 3703 veritatis
2905 3661 2972 3702 ex
2995 3656 3324 3711 commento,
3353 3663 3492 3717 quas

1893 3748 1949 3803 in
1969 3743 2261 3814 Evangelio
2281 3743 2432 3812 prius
2453 3742 2675 3798 dictavit
2699 3741 2994 3797 auctoritas
3010 3741 3250 3811 priorum
3267 3741 3510 3796 Patrum-

1892 3846 1948 3894 et
1973 3837 2212 3892 efﬁcacia
2240 3835 2469 3901 mentis,
2503 3851 2570 3890 ne
2590 3834 2886 3905 prolixiora
2928 3832 3229 3889 fastidiant.
3264 3833 3486 3888 Studio-

1890 3933 2065 3989 siores
2106 3947 2256 3994 vero,
2289 3945 2493 4001 quaeso,
2519 3929 2808 4001 dignentur
2836 3936 3024 3984 nostra
3064 3926 3264 3998 legere,
3289 3927 3488 3998 quibus

1891 4023 2213 4082 satisfacere
2257 4024 2402 4079 volui
2453 4022 2855 4092 requirentibus
2902 4019 3187 4090 ampliora.
3220 4017 3375 4087 Quod
3433 4018 3481 4073 si

1891 4135 1992 4174 nec
2040 4119 2146 4174 ista
2195 4133 2295 4173 nec
2351 4115 2441 4172 illa
2505 4115 2810 4186 placuerint
2871 4113 3204 4184 quibuslibet
3263 4112 3480 4184 ignavia

1887 4212 2124 4282 pressis,
2169 4211 2352 4281 legant
2395 4223 2517 4280 quae
2542 4207 2645 4263 sibi
2678 4205 2912 4262 dormitu
2952 4205 3238 4275 somnique
3267 4203 3482 4260 silentio

1889 4303 2126 4375 ﬁngunt;
2160 4311 2254 4357 aut
2280 4303 2324 4358 si
2353 4316 2511 4356 secus
2536 4299 2903 4366 delectantur,
2937 4298 3164 4369 siliquas
3189 4312 3478 4370 porcorum

1886 4397 2226 4455 sacularium
2256 4395 2562 4451 litterarum
2595 4393 2773 4448 adhuc
2801 4394 2992 4462 pueri,
3019 4391 3104 4446 vel
3129 4391 3362 4447 cortices
3383 4405 3474 4444 ro-
3533 4430 3538 4438 .

1886 4495 2033 4547 dant.
2051 4490 2216 4547 Nobis
2229 4500 2434 4553 tamen,
2449 4503 2587 4558 quos
2599 4487 2814 4544 divinus
2828 4485 3053 4556 spiritus
3069 4483 3322 4548 instituit,
3339 4496 3476 4551 prae-

1888 4585 2292 4641 termittendum
2323 4597 2430 4637 non
2458 4581 2580 4646 fuit,
2610 4594 2679 4635 ne
2707 4579 3056 4649 loqueremur
3074 4575 3248 4640 vobis,
3280 4589 3471 4629 aman-

166 4665 312 4723 dear
339 4667 536 4723 talibus
565 4675 621 4724 et
647 4668 714 4722 de
743 4667 944 4724 talibus
970 4666 1208 4722 scribere
1225 4707 1240 4733 ,
1283 4665 1452 4722 vestri
1491 4672 1670 4719 tamen
1690 4671 1776 4720 est
1801 4647 1855 4708 Ῑ)
1881 4675 2047 4739 tibus,
2068 4672 2331 4744 quidquid
2345 4688 2414 4728 ex
2436 4671 2748 4727 doctoribus
2770 4647 2974 4725 sanctis
2992 4665 3300 4724 confectum
3316 4679 3472 4736 ;pro-

167 4758 356 4814 meriti
378 4766 433 4814 et
455 4758 645 4830 gratia:
667 4758 965 4816 obediendo
987 4759 1292 4815 immeritus
1309 4757 1455 4829 quod
1477 4770 1768 4827 praesumo.

1879 4769 2039 4825 desse
2060 4765 2286 4830 credidi,
2307 4772 2362 4818 et
2378 4760 2807 4834 diligentioribus
2833 4759 3048 4830 placere
3073 4772 3182 4814 non
3203 4751 3467 4812 dubitavi.

191 4916 3446 4961 ________________________________

1389 5077 1689 5156 LIBER
1749 5070 2246 5171 QUINTUS.

239 5327 398 5402 (Car.
440 5326 596 5396 VIII).
640 5326 708 5384 In
735 5327 831 5383 illo
882 5338 1130 5399 tempore,
1160 5328 1476 5383 descendens
1517 5326 1674 5415 Jgsus
1702 5327 1768 5382 de

155 5435 364 5491 monte,
411 5439 527 5478 ecce
561 5423 796 5494 leprosus
835 5424 1064 5477 veniens.
1093 5421 1332 5475 adoravit
1381 5435 1500 5473 eum
1539 5417 1760 5490 (Matth.

155 5536 286 5582 nu.
307 5518 386 5592 2).
420 5518 558 5588 Quia
580 5519 646 5573 de
667 5524 848 5572 monte
870 5515 1098 5572 Domino
1119 5513 1497 5576 descendente,
1515 5512 1760 5582 leprosus

153 5613 314 5686 prior
338 5611 600 5676 occurrit,
638 5609 1000 5666 festinandum
1026 5609 1200 5673 nobis,
1227 5615 1288 5663 ut
1309 5618 1364 5664 et
1389 5622 1487 5663 nos
1499 5621 1621 5662 cum
1643 5607 1759 5676 ipso

151 5706 579 5780 perveniamus;
615 5703 741 5774 quia
765 5712 822 5758 et
868 5703 920 5758 in
951 5702 1041 5758 illo
1084 5701 1306 5767 fuimus,
1332 5701 1459 5757 dum
1487 5716 1588 5770 per
1632 5716 1753 5756 eum

155 5814 337 5874 genus
371 5797 667 5852 humanum
699 5804 756 5850 et
787 5810 916 5850 cura
960 5794 1150 5850 salutis
1171 5802 1373 5849 nostrae
1418 5793 1750 5863 designatur.

155 5893 552 5950 Verumtamen
575 5890 705 5947 hinc
720 5889 957 5962 prudens
983 5888 1154 5944 lector
1167 5886 1450 5959 intelligat,
1477 5897 1534 5943 et
1558 5887 1613 5942 in
1631 5885 1754 5942 aliis

1875 5325 2211 5396 quibuslibet
2269 5324 2442 5381 sancti
2500 5321 2778 5394 Evangelii
2832 5318 3005 5385 locis,
3057 5315 3459 5388 allegoriamm,

1871 5419 2033 5492 393
2063 5419 2264 5492 figuras
2315 5419 2382 5474 de
2425 5418 2652 5473 veritate
2699 5415 2777 5470 rei
2817 5421 2984 5485 gestae
3017 5410 3151 5468 nihil
3201 5411 3268 5466 ad
3298 5411 3461 5467 ﬁdem

1869 5490 2131 5566 minueﬁ
2166 5511 2302 5578 Quia
2345 5511 2399 5565 in
2439 5510 2525 5565 his
2573 5505 2972 5578 dispensatione
3009 5503 3188 5559 divina
3223 5503 3298 5559 ita
3334 5513 3459 5559 sunt

1865 5606 2046 5660 omnia
2079 5612 2390 5674 procurata,
2437 5609 2498 5656 ut
2522 5608 2578 5656 et
2605 5599 2738 5654 fides
2769 5605 3026 5652 nascatur
3064 5612 3129 5653 ex
3172 5596 3454 5661 miraculo,

1861 5706 1918 5754 et
1946 5697 2189 5753 doctrina
2229 5695 2352 5752 fidei
2379 5710 2446 5749 ex
2476 5695 2596 5764 ipso
2622 5694 2923 5762 eodemque
2949 5706 3113 5762 opere
3141 5691 3210 5745 ad
3239 5690 3455 5745 institu-

1861 5790 2061 5845 tionem
2087 5805 2294 5845 morum
2323 5787 2572 5858 proficiat
2591 5787 2644 5841 in
2666 5785 2946 5858 mysterio.
2972 5786 3311 5858 Quapropter
3331 5783 3451 5838 ubi-

1859 5898 1966 5955 que
1987 5884 2126 5950 loca,
2151 5891 2384 5954 tempus,
2422 5889 2478 5938 et
2513 5881 2667 5950 ordo,
2689 5887 2854 5952 atque
2877 5881 3056 5937 omnis
3090 5881 3449 5939 circumstanv
