4000 6362
563 366 669 424 339

1348 357 1404 413 s.
1445 356 1801 416 rxscnxsn
1845 356 2192 413 BADBERTI
2236 356 2528 413 seems
2563 355 3012 415 consmsusrs

3748 363 3849 421 540

560 486 640 539 tia
678 480 919 539 historia:
958 475 1348 534 consideranda
1378 484 1482 539 est,
1531 482 1591 528 ut
1630 482 1686 528 et
1714 474 1915 528 veritas
1954 472 2028 527 rei
2060 485 2151 543 ge-
2178 474 2227 536 Α
2257 470 2375 524 lius.
2411 469 2548 537 Quid
2605 486 2735 542 ergo
2783 470 2838 526 in
2882 470 3135 525 omnibus
3162 470 3464 542 disciplinis
3500 479 3608 526 tam
3659 470 3852 531 eﬁica-x

566 589 663 635 sta).
692 583 874 648 pateat
912 574 977 628 ad
1015 571 1195 638 ﬁdem,
1233 577 1287 647 et
1312 569 1607 639 spiritualis
1633 567 1983 638 intelligentia
2014 566 2156 620 reni-

571 680 685 725 teat
733 669 799 723 ad
850 664 1175 721 doctrinam.
1220 659 1360 715 Hinc
1404 667 1487 714 est
1531 673 1660 715 sane
1683 658 1826 728 quod
1874 658 1928 712 in
1974 663 2157 712 monte

567 762 833 818 excelsius
883 755 1156 828 spiritales
1202 752 1492 823 discipulos
1542 750 1826 821 spiritalia,
1884 749 2036 819 quasi
2087 748 2156 804 ad

565 855 809 914 coelestia
872 849 1163 917 subjectos,
1218 847 1394 902 docet.
1447 845 1707 898 Deorsum
1760 858 1890 897 vero
1939 842 2157 896 descen-

567 947 713 1003 denti
754 920 905 1015 prior
946 942 1193 1011 leprosus
1238 936 1497 992 occurrit.
1531 935 1589 989 in
1632 950 1741 1005 quo
1786 932 2041 988 nimirum
2086 931 2155 987 le-

565 1054 731 1110 proso
768 1035 1057 1107 allegorice
1087 1034 1381 1087 humanum
1412 1045 1601 1101 genus,
1632 1038 1691 1084 ut
1717 1027 1854 1093 dixi,
1899 1026 2152 1097 designa-

569 1138 676 1193 tur,
718 1127 843 1198 quia
892 1127 1175 1181 universos
1216 1122 1362 1192 lepra
1393 1120 1682 1177 maculosae
1724 1120 1847 1175 vita
1889 1131 2156 1188 respersc-

566 1230 694 1287 rat;
734 1229 898 1289 atque
929 1218 1049 1272 ideo
1092 1216 1159 1270 ad
1189 1213 1424 1284 paradisi
1452 1220 1628 1268 castra
1660 1209 1996 1265 commeandi
2023 1207 2155 1263 nulli

563 1324 846 1380 regressus
876 1316 1014 1361 erat.
1049 1306 1362 1361 Divinarum
1389 1313 1569 1358 autem
1619 1300 2021 1371 Scripturarum
2060 1298 2151 1354 al-

559 1403 779 1475 legoria:
805 1399 1171 1455 usitatissimis:
1210 1396 1421 1451 duobus
1449 1392 1822 1465 principaliter
1849 1390 2155 1448 formantur

563 1497 763 1563 modis,
795 1496 958 1550 rebus
993 1492 1265 1558 videlicet,
1316 1498 1477 1560 atque
1512 1488 1730 1543 verbis:
1767 1486 1930 1541 aliter
1970 1494 2153 1540 tamen

561 1588 745 1651 rebus,
778 1587 937 1641 aliter
962 1584 1157 1639 verbis.
1192 1582 1300 1637 Sed
1328 1580 1510 1636 verbis
1532 1594 1653 1649 qua:
1688 1577 1769 1642 ﬁt,
1798 1575 2153 1648 proverbialis

561 1680 882 1752 appellatur,
931 1686 986 1733 et
1014 1686 1248 1747 quatuor
1287 1673 1632 1746 cognoscitur
1680 1670 1871 1726 modis.
1916 1669 2023 1724 Aut
2052 1684 2153 1740 per

562 1771 976 1826 translationem
1012 1768 1218 1823 scilicet
1261 1767 1584 1829 verborum,
1639 1771 1701 1819 ut
1749 1772 1871 1817 est:
1898 1761 2149 1831 Apertum

2258 565 2531 636 negotium
2582 581 2743 635 quam
2788 565 3036 620 voluntas
3084 564 3217 620 Dei?
3248 565 3419 621 Porro
3466 567 3716 622 voluntas
3757 567 3848 625 Dei

2257 676 2419 716 causa
2446 672 2529 717 est
2566 671 2621 716 et
2646 662 2824 731 origo,
2867 669 3026 730 atque
3056 660 3345 716 existentia
3373 661 3614 716 omnium
3645 676 3847 729 rerum,

2254 752 2384 821 quia
2414 760 2610 806 cuncta
2642 749 3045 825 voluntateDei
3077 759 3337 805 creantur
3364 766 3430 813 ex
3474 751 3668 816 nihilo,
3701 762 3755 807 et
3784 754 3852 810 de

2257 841 2590 897 iul‘ormitate
2622 857 2717 897 sua
2751 841 3126 912 producuntur
3154 841 3222 895 ad
3265 839 3518 897 formam.
3550 840 3692 897 Hinc
3720 858 3851 900 sane

2252 933 2466 1003 peccati
2511 932 2832 1004 contagione
2868 932 3009 988 male
3035 931 3387 997 deformibus,
3428 933 3851 1003 prudentissime

2253 1024 2343 1081 hic
2378 1025 2590 1094 aperuit
2633 1039 2851 1080 causam
2880 1024 3106 1096 originis
3150 1033 3313 1095 atque
3360 1025 3687 1091 existentim,
3722 1027 3851 1081 dum

2255 1116 2508 1173 universa
2539 1116 2789 1172 Christus
2825 1132 2944 1187 qua:
2993 1116 3184 1183 voluit,
3229 1116 3382 1181 fecit,
3411 1126 3468 1171 et
3511 1117 3850 1172 solummodo

2255 1207 2511 1271 voluisse,
2541 1206 2736 1263 fecisse
2773 1216 2875 1263 est.
2923 1207 3368 1278 Quandoquidem
3402 1208 3585 1264 unitas
3623 1209 3846 1265 credenv

2255 1301 2391 1356 tium
2430 1301 2485 1356 in
2532 1302 2639 1358 isto
2668 1303 3204 1372 praemonstrabatur,
3227 1303 3595 1373 justissimum
3642 1314 3765 1359 erat
3793 1314 3852 1361 ut

2253 1406 2319 1448 ex
2347 1394 2592 1450 doctrina
2621 1394 2810 1464 ipsius,
2841 1411 3006 1452 causa
3031 1396 3299 1463 omnium,
3324 1396 3574 1452 voluntas
3596 1397 3694 1452 Dei
3725 1414 3852 1455 cum

2254 1485 2361 1540 ﬁde
2417 1485 2820 1557 deprecaretur.
2857 1488 3124 1555 Quoniam
3172 1503 3281 1544 non
3324 1497 3409 1544 est
3442 1488 3599 1554 ﬁdes,
3650 1498 3849 1546 cuncta

2253 1595 2471 1636 creasse
2511 1582 2774 1647 credere;
2811 1582 2915 1637 nisi
2966 1582 3254 1638 credamus
3283 1582 3470 1648 etiam,
3501 1598 3568 1638 ea
3608 1584 3727 1656 ipsa
3757 1599 3850 1641 vo-

2252 1676 2461 1731 luntate
2490 1692 2596 1746 qua
2629 1676 2831 1731 conditi
2858 1691 3065 1742 sumus,
3098 1692 3286 1733 rursus
3316 1677 3383 1732 ad
3414 1678 3645 1733 formam
3692 1687 3851 1734 κίειν-
3884 1697 3892 1709 ο

2253 1783 2336 1823 na:
2362 1767 2638 1824 felicitatis
2676 1768 2730 1823 in
2761 1768 2957 1824 melius
2988 1782 3145 1838 posse
3183 1770 3446 1839 reparari.
3478 1768 3651 1836 Quam
3683 1785 3849 1842 arguo

456 1878 459 1887 λ
557 1874 633 1919 est
658 1863 843 1919 curtum
869 1872 918 1916 et
939 1848 1204 1915 descendit
1230 1857 1457 1929 Spiritus
1491 1865 1703 1912 εαηειιιε
1734 1854 1887 1927 (Luco
1912 1870 1999 1920 ιιι,
2029 1852 2144 1924 21);
2174 1852 2223 1915 B
2250 1862 2420 1916 menti
2446 1861 2735 1917 materiam
2783 1860 2911 1916 olim
2944 1877 3104 1916 nemo
3132 1861 3573 1934 pliilOSOphorum
3616 1863 3849 1933 invenit,

557 1963 613 2010 et
652 1954 817 2009 illud:
862 1954 1019 2008 Exivi
1045 1971 1076 2006 a
1124 1951 1303 2014 Patre,
1337 1959 1385 2003 et
1428 1949 1542 2003 veni
1581 1949 1637 2001 in
1679 1946 1931 2001 mundum
1960 1944 2144 2018 (Joan.

558 2064 670 2113 xvi,
699 2048 826 2118 28);
875 2062 996 2117 quae
1040 2046 1108 2101 ad
1158 2043 1510 2099 iusinuaudas
1559 2040 1923 2110 metaphorice
1965 2054 2147 2094 rerum

557 2156 753 2197 causas
785 2153 852 2194 ex
883 2138 1136 2195 humanis
1165 2136 1400 2193 motibus
1430 2132 1831 2189 transferuntur
1859 2133 1926 2188 ad
1953 2130 2141 2202 Deum.

564 2232 671 2287 Aut
723 2233 1018 2288 secundum
1069 2229 1331 2301 imagines
1382 2226 1784 2299 parabolarum,
1834 2226 1975 2281 sicut
2019 2233 2141 2281 est:

564 2324 739 2379 Homo
779 2324 995 2396 quidam
1054 2322 1393 2377 descendebat
1436 2320 1501 2375 ab
1549 2319 1883 2375 Hierusalem
1924 2320 1977 2373 in
2007 2317 2148 2373 Jeri—

553 2417 669 2477 cito,
705 2425 753 2471 et
778 2416 965 2470 incidit
1009 2416 1065 2469 in
1091 2413 1319 2468 latrones
1348 2411 1500 2485 (Luc.
1539 2428 1593 2477 x,
1625 2410 1739 2483 50),
1780 2420 1833 2464 et
1876 2407 2145 2480 parabolae

554 2508 743 2573 vineae,
787 2506 1256 2579 agricolarumque
1299 2504 1417 2574 ejus
1465 2501 1709 2557 narratio
1756 2499 1969 2572 (Matth.
2028 2515 2141 2565 χχι,

550 2601 663 2671 33).
694 2601 773 2655 Ex
802 2600 1000 2670 quibus
1041 2597 1285 2668 profecto
1319 2612 1426 2653 non
1457 2611 1547 2650 res
1573 2603 1726 2667 gesta
1755 2593 2016 2665 exigitur,
2047 2593 2144 2648 sed

550 2707 905 2765 personarum
945 2706 1009 2747 ac
1039 2690 1378 2761 negotiorum
1423 2686 1837 2742 transformatio
1884 2684 1951 2739 ad
1998 2684 2144 2740 aliud

548 2784 801 2840 refertur.
831 2783 939 2837 Aut
964 2790 1113 2839 certe
1144 2780 1517 2851 comparative
1542 2792 1641 2848 per
1666 2776 1927 2833 similium
1957 2790 2167 2859 rerum.

550 2876 865 2931 collationrs
890 2894 901 2928 :
924 2874 1032 2929 etsi
1080 2871 1171 2928 vix
1204 2873 1261 2927 in
1293 2871 1475 2941 aliquo
1503 2868 1803 2936 differatur,
1849 2869 1952 2925 nisi
1998 2865 2141 2938 quod

553 2982 661 3022 non
701 2965 965 3030 narratio,
998 2965 1139 3020 sicut
1179 2964 1234 3018 in
1264 2961 1654 3032 superioribus,
1679 2960 2007 3024 contexitur,
2043 2958 2139 3014 sed

550 3074 839 3115 causarum
864 3058 1240 3114 tantummodo
1259 3064 1581 3126 eooperatur
1605 3053 1846 3110 eﬁ'ectus.
1880 3052 1988 3108 Aut
2014 3060 2136 3107 tan-

552 3154 831 3208 tummodo
856 3150 1291 3223 proverbialiter,
1320 3150 1460 3205 sicut
1484 3158 1601 3205 est:
1636 3148 1720 3204 Ne
1740 3148 1960 3203 mittatis
1988 3163 2135 3201 mar-

2250 1954 2345 2010 sed
2378 1955 2496 2023 ipse
2537 1954 2681 2009 illam
2711 1955 2898 2010 docuit
2921 1956 3013 2024 qui
3042 1954 3265 2009 creavit.
3298 1954 3452 2010 Unde
3492 1954 3637 2011 dicat
3675 1954 3850 2011 ﬁdelis

2249 2048 2481 2118 quisque
2506 2064 2518 2100 :
2550 2045 2790 2113 Domine,
2814 2047 2861 2102 si
2899 2047 2998 2113 vis,
3027 2048 3313 2117 requirens
3338 2061 3560 2102 causam
3591 2062 3707 2102 sua:
3740 2047 3852 2103 ori-

2248 2139 2410 2212 ginis,
2443 2138 2581 2195 nihil
2609 2139 2869 2196 haasitans
2895 2139 2963 2195 de
2991 2149 3278 2211 proventu,
3312 2155 3377 2196 eo
3410 2143 3554 2210 quod
3578 2141 3699 2196 vult
3728 2155 3849 2196 om-

2248 2249 2346 2289 nes
2386 2233 2634 2289 homines
2673 2234 2856 2291 salvos
2886 2233 3004 2289 ﬁeri
3035 2252 3048 2287 :
3074 2243 3217 2304 potes
3260 2250 3340 2289 me
3379 2234 3662 2300 mundare,
3690 2242 3747 2289 et
3782 2235 3851 2290 ad

2248 2326 2481 2382 formam
2508 2327 2701 2383 salutis
2749 2327 3055 2382 restituere.
3096 2324 3206 2381 Nec
3237 2325 3457 2382 dubium
3484 2327 3555 2381 ob
3596 2327 3726 2394 hoc,
3759 2342 3849 2383 se-

2245 2421 2485 2477 cundum
2534 2421 2777 2477 historia:
2823 2419 3128 2486 veritatem,
3176 2418 3402 2474 Domino
3462 2419 3847 2488 descendente,

2250 2512 2397 2566 hunc
2422 2512 2656 2582 primum
2691 2511 2841 2582 lepra
2885 2509 3164 2581 perfusum
3204 2492 3507 2566 occurrisse
3537 2528 3548 2564 :
3575 2511 3726 2582 quia,
3755 2527 3850 2567 cu-

2246 2622 2361 2660 rant
2393 2604 2697 2675 suscipiens
2737 2605 2928 2659 beatus
2963 2603 3250 2659 Matthzeus
3277 2613 3333 2660 et
3373 2603 3741 2675 apostolatum
3783 2606 3851 2660 de

2246 2695 2649 2765 peccatoribus,
2684 2695 2919 2750 instituit
2947 2710 3063 2761 eos,
3092 2705 3148 2751 et
3189 2694 3419 2751 formam
3451 2697 3718 2752 doctrina:
3743 2697 3850 2753 im-

2245 2788 2453 2858 primit,
2485 2803 2644 2858 quos,
2674 2787 2891 2843 exsules
2929 2804 2957 2841 a
3008 2788 3227 2844 civitate
3274 2786 3427 2854 Sion,
3458 2787 3616 2858 cujus
3646 2788 3847 2847 funda-

2246 2890 2424 2936 menta
2474 2881 2528 2936 in
2581 2881 2854 2937 montibus
2898 2882 3121 2945 sanctis,
3173 2882 3320 2953 lepra
3368 2882 3846 2947 immunditiarum

2242 2974 2656 3044 peregrinantes
2699 2972 2926 3028 fecerat.
2967 2972 3131 3046 395
3160 2973 3228 3029 Et
3272 2974 3409 3030 bene
3452 2990 3483 3029 a
3539 2975 3847 3046 primordio

2243 3066 2541 3121 curationis
2566 3079 2673 3120 non
2720 3064 2887 3121 alium
2928 3081 3035 3121 una
3071 3082 3197 3122 cum
3244 3066 3438 3133 turbis,
3465 3082 3627 3137 quam
3665 3067 3850 3137 lepro-

2246 3173 2386 3217 sum.
2432 3158 2741 3213 occurrisse
2771 3167 3182 3224 commemorat,
3216 3158 3319 3214 ﬁde
3350 3160 3602 3230 probum,
3631 3161 3859 3217 ιεοιιίέεςιΔ

546 3247 746 3317 garitas
777 3255 974 3301 vestras
999 3254 1119 3299 ante
1149 3260 1333 3314 porcos
1361 3225 1584 3315 (Matth.
1622 3258 1717 3307 vn,
1752 3240 1831 3313 6).
1861 3240 2031 3296 Porro
2059 3239 2138 3295 al—

2246 3249 2400 3305 sione
2422 3249 2696 3315 devotum,
2731 3249 2978 3305 doctrina
3006 3250 3212 3307 caelesti
3241 3225 3548 3322 praeditum,
3588 3252 3683 3322 qui
3716 3268 3850 3325 pro-

547 3329 755 3412 legoria
782 3355 964 3396 rerum
1002 3339 1090 3395 illa
1123 3341 1188 3395 de
1229 3354 1335 3410 qua
1367 3338 1625 3402 diximus,
1651 3350 1867 3406 semper
1908 3336 1983 3390 ita
2028 3349 2140 3407 my-

547 3436 682 3492 stice
735 3435 997 3508 ﬁguratur
1028 3445 1087 3491 ut
1130 3435 1195 3490 de
1228 3434 1391 3490 rebus
1432 3433 1600 3503 gestis
1648 3430 1781 3486 nihil
1820 3429 2138 3485 subtrahere

539 3527 663 3597 jure
706 3529 981 3593 credatur,
1010 3527 1136 3598 quia
1174 3540 1281 3581 non
1313 3539 1494 3580 rerum
1526 3521 1792 3578 factarum
1823 3521 2000 3592 typica
2049 3535 2139 3574 au-

546 3620 725 3676 ferunt
761 3619 1069 3685 veritatem,
1112 3618 1270 3675 sicuti
1303 3632 1545 3689 praesens
1584 3616 1737 3671 locus
1757 3615 1979 3692 probat,
2010 3628 2134 3670 cum

498 3717 507 3727 ‘
540 3710 812 3782 leprosus,
846 3710 1075 3766 Domino
1098 3708 1460 3765 descendente
1489 3706 1555 3762 de
1590 3714 1793 3770 monte,
1817 3714 2040 3759 curatus
2070 3704 2135 3758 il-

546 3802 651 3855 lico
674 3801 1014 3870 perhibetur,
1043 3798 1331 3869 dcsignans
1364 3798 1659 3852 humanum
1685 3808 1879 3866 genus,
1909 3793 2136 3849 Domino

541 3895 609 3949 de
636 3894 949 3948 caelestibus
969 3893 1355 3956 descendente,
1380 3891 1528 3959 lepra
1556 3889 1762 3959 peccati
1792 3889 2128 3944 mandatum.

542 3984 654 4040 Nec
687 3983 1134 4039 inconvenieuter
1155 3997 1253 4052 per
1282 3996 1448 4036 unum
1473 3979 1760 4037 multitudo
1792 3980 2131 4039 credentium

540 4077 897 4147 signiﬁcatur,
932 4091 1054 4130 cum
1096 4074 1151 4128 in
1179 4072 1294 4128 solo
1330 4088 1439 4128 uno
1488 4073 1722 4129 hominis
1762 4073 1979 4131 nomine
2007 4072 2126 4126 uni«

540 4181 769 4235 versitas
794 4177 959 4250 395
983 4176 1205 4232 humani
1237 4175 1452 4247 generis
1480 4191 1510 4229 a
1540 4176 1852 4232 doctoribus
1885 4189 2133 4246 compre-

541 4271 813 4327 henditur.
848 4270 1004 4336 Nam,
1035 4285 1157 4324 cum
1185 4268 1385 4324 dicitur
1414 4269 1597 4334 homo,
1625 4269 1886 4340 quidquid
1923 4284 1993 4325 ex
2035 4283 2131 4323 no-

536 4370 649 4417 stra
680 4361 1014 4415 humanitate
1044 4366 1388 4430 procreatum
1417 4367 1520 4424 est,
1560 4359 1722 4415 etiam
1779 4375 1844 4414 ex
1886 4373 1986 4413 usu
2034 4375 2130 4413 ste-

539 4455 807 4510 cularium
840 4454 1160 4526 intelligitur
1192 4452 1620 4525 disciplinarum.
1653 4455 1720 4511 Et
1746 4457 1867 4512 ideo
1893 4459 2125 4527 apertis-

536 4548 674 4604 sime
727 4563 825 4619 per
878 4564 1043 4602 unum
1088 4548 1252 4618 lepra:
1298 4547 1529 4604 maculis
1565 4564 1895 4621 respersum,
1943 4551 2126 4606 unitas

534 4639 868 4694 credentium
897 4640 1201 4697 ostenditur
1237 4650 1587 4712 peccatorum
1620 4642 1848 4697 maculis
1883 4643 2127 4714 coinqui-

532 4740 809 4798 natorum,
861 4741 917 4788 et
972 4732 1439 4789 immunditiamm
1496 4734 1838 4804 squalorihus
1889 4736 2128 4805 abjecto—

538 4842 679 4881 rum.
728 4825 959 4897 Propter
986 4828 1129 4896 quod
1164 4842 1322 4883 nemo
1366 4828 1432 4883 de
1460 4828 1573 4883 suis
1597 4829 1858 4901 glorietur
1896 4830 2124 4895 meritis,

537 4919 664 4987 quia
690 4933 880 4973 omnes
908 4935 1125 4976 eramus
1154 4921 1247 4975 ira:
1271 4920 1387 4985 ﬁlii,
1420 4930 1475 4975 et
1503 4936 1532 4975 a
1566 4921 1876 4976 caelestibus
1918 4922 2125 4979 exclusi

537 5012 849 5067 consortiis.
892 5010 1043 5079 Quod
1075 5013 1330 5068 nimirum
1360 5029 1549 5085 genus,
1579 5029 1699 5068 cum
1730 5014 2122 5079 descendisset,

538 5120 665 5160 mox
715 5106 1020 5162 occurrisse
1055 5106 1111 5160 in
1157 5122 1267 5161 uno
1315 5115 1787 5176 prtemonstratur.
1846 5106 2121 5176 Alioquin,

533 5199 637 5255 nisi
679 5200 1033 5256 descenderet
1074 5199 1185 5265 ille,
1211 5214 1312 5270 per
1340 5199 1769 5253 incarnationem
1814 5198 2002 5253 habitu
2043 5200 2124 5253 in-

534 5303 731 5348 ventus
776 5300 837 5347 ut
880 5291 1065 5355 homo,
1124 5292 1227 5345 iste
1276 5304 1381 5344 non
1440 5289 1777 5353 ascenderet,
1822 5304 1854 5343 a
1887 5290 2123 5359 paradisi

533 5383 746 5455 gaudiis
782 5382 1039 5453 expulsus
1066 5380 1312 5452 leprosus
1335 5387 1393 5433 ut
1423 5380 1606 5434 homo.
1635 5378 1779 5450 Ergo
1813 5380 1976 5435 simul
2003 5395 2122 5436 om-

539 5489 638 5529 nes
659 5490 782 5530 cum
807 5475 913 5530 isto
944 5458 1174 5546 mystice
1203 5473 1564 5536 occurrimus,
1592 5472 1753 5526 simul
1783 5460 1974 5528 omniss
1998 5488 2123 5528 cum

534 5566 641 5622 isto
669 5567 916 5622 dicamus
952 5567 1153 5623 corde:
1178 5563 1422 5626 Domine,
1451 5563 1497 5617 si
1536 5564 1633 5627 vis,
1671 5573 1814 5633 potes
1857 5569 1938 5619 me
1977 5581 2126 5619 mun-

526 5658 686 5713 ‘dare.
724 5657 927 5714 Omnes
973 5656 1190 5726 quidem
1243 5655 1528 5721 immundi,
1562 5662 1769 5721 tamen,
1819 5655 1924 5712 ﬁde
1968 5672 2125 5712 acce-

528 5749 741 5811 dentes,
783 5747 1141 5809 voluntatem,
1174 5745 1240 5800 de
1290 5746 1444 5817 cujus
1469 5746 1708 5817 potentia
1756 5761 1861 5802 non
1908 5748 2123 5805 dubita-

535 5860 671 5903 ntus,
721 5855 995 5914 rogemus.
1026 5840 1093 5895 Et
1134 5848 1284 5896 tanto
1324 5842 1700 5915 propinquius,
1752 5849 1956 5912 quanto
1984 5842 2119 5901 ﬁde-

2246 3345 2392 3401 fecto
2432 3354 2589 3417 rogat
2618 3364 2629 3398 :
2660 3345 2904 3412 Domine,
2931 3346 2976 3399 si
3004 3345 3093 3409 vis,
3128 3356 3273 3417 potes
3314 3361 3395 3401 me
3440 3346 3720 3409 mundare,
3752 3346 3850 3403 do-

2241 3455 2373 3495 cens
2398 3439 2695 3509 prudenter
2734 3455 2955 3496 causam
2988 3449 3042 3495 et
3071 3438 3413 3495 efﬁcientiam
3458 3440 3704 3495 omnium
3751 3455 3846 3496 re-

2241 3549 2385 3598 rum,
2425 3533 2759 3588 voluntatem
2805 3533 2920 3591 Dei.
2956 3532 3129 3600 Quam
3176 3532 3514 3603 disciplinam
3553 3549 3657 3589 nec
3684 3532 3846 3589 Plato

2238 3627 2598 3697 philosophus
2653 3626 2801 3683 aliud
2851 3627 3154 3696 praedicans
3206 3627 3477 3699 attigerat.
3534 3624 3845 3685 Couﬁtetur

2239 3735 2368 3792 ergo
2422 3719 2719 3791 potentiam
2770 3718 2995 3784 Christi,
3042 3727 3098 3775 et
3162 3719 3415 3791 implorat
3468 3719 3841 3789 voluntatem,-

2237 3813 2492 3882 quoniam
2530 3822 2733 3883 quanta
2770 3810 2889 3882 ejus
2915 3811 3169 3867 voluntas
3214 3821 3318 3878 est,
3354 3820 3501 3867 tanta
3544 3820 3599 3868 et
3642 3820 3846 3885 poten-

2239 3905 2336 3969 tia,
2370 3886 2485 3959 imo.
2508 3904 2624 3974 ipsa
2650 3902 2904 3959 voluntas
2936 3903 3180 3974 potentia
3210 3912 3313 3958 est.
3345 3903 3551 3959 Idcirco
3583 3902 3843 3975 religiose

2235 3996 2487 4050 obsecrat
2531 3995 2685 4060 satis,
2715 4002 2830 4050 uta
2873 4010 2980 4064 quo
3013 4003 3098 4050 est
3140 3994 3207 4050 de
3257 3994 3450 4058 nihilo,
3497 3994 3623 4050 inde
3662 3993 3843 4050 refor-

2234 4100 2413 4145 metur
2442 4106 2630 4146 rursus
2676 4090 2741 4145 ad
2772 4090 3055 4162 pristinam
3091 4098 3297 4145 natura:
3350 4105 3461 4145 suae
3494 4087 3730 4145 formam
3771 4092 3842 4147 de

2234 4183 2565 4240 informitate
2608 4183 2836 4252 peccati.
2873 4182 3019 4237 Tunc
3044 4182 3223 4250 Jesus,
3269 4183 3549 4237 extendens
3589 4199 3840 4253 manum,

2232 4277 2393 4347 tetigit
2418 4292 2536 4330 eum
2562 4276 2739 4330 dicens
2758 4289 2787 4328 :'
2809 4273 2959 4329 Volo.
2980 4274 3232 4330 Extendit
3257 4289 3386 4330 vero
3411 4290 3653 4339 manum,
3694 4292 3836 4344 quo-

2232 4371 2374 4424 niam
2404 4370 2490 4425 ille
2519 4370 2677 4441 longe
2708 4379 3024 4425 recesserat.
3058 4369 3124 4423 Et
3162 4370 3262 4424 nisi
3291 4370 3442 4440 prius
3470 4369 3839 4425 misereretur

2229 4471 2290 4517 ut
2315 4461 2633 4516 extenderet
2654 4476 2895 4523 manum,
2927 4460 3017 4515 hic
3041 4476 3316 4530 nunquam
3346 4460 3525 4515 redire
3554 4476 3619 4515 ac
3645 4460 3839 4515 sanari

2228 4561 2430 4625 posset.
2464 4552 2569 4607 Pro
2605 4566 2713 4623 quo
2763 4550 3029 4620 Propheta
3062 4566 3286 4621 gemens
3313 4551 3532 4606 aiebat:
3576 4548 3644 4603 Ut
3678 4552 3836 4621 quid,

2234 4646 2473 4709 Domine,
2507 4646 2740 4700 avertisti
2769 4661 2982 4699 manum
3008 4653 3153 4699 tuam
3187 4654 3233 4699 et
3272 4644 3541 4700 dexteram
3574 4654 3721 4698 tuam
3764 4647 3839 4703 de

2231 4740 2402 4794 medio
2423 4739 2541 4793 sinu
2569 4748 2660 4792 tuo
2678 4740 2730 4792 in
2756 4737 2915 4806 linem
2940 4736 3111 4807 (Psal.
3146 4753 3337 4802 Lxxm,
3364 4736 3487 4807 12)?
3512 4737 3643 4804 Quae
3668 4737 3838 4792 uimi-

2232 4845 2352 4884 rum
2379 4844 2573 4882 manus
2608 4828 2709 4883 nisi
2740 4836 2957 4882 extenta
2988 4835 3153 4892 esset,
3184 4828 3308 4897 quia
3354 4828 3406 4881 in
3438 4828 3702 4882 extremis
3735 4829 3839 4883 de-

2234 4919 2399 4974 mersi
2432 4932 2670 4983 eramus,
2703 4933 2977 4987 nunquam
3008 4934 3106 4972 nos
3150 4917 3416 4988 tangenda
3462 4928 3699 4971 curaret.
3752 4918 3840 4975 De

2233 5012 2385 5083 cujus
2425 5012 2679 5066 nimirum
2715 5011 2954 5089 potentia
3004 5026 3194 5065 rursus
3225 5011 3354 5065 alibi
3405 5010 3785 5080 conquirendo
3817 5032 3833 5066 :

2230 5102 2479 5174 Nunquid
2502 5103 2834 5167 abbreviata,
2862 5120 2955 5158 seu
2983 5105 3202 5174 parvula
3228 5103 3366 5159 facta
3390 5114 3473 5163 est
3500 5119 3694 5161 manus
3735 5115 3836 5163 tua

2231 5212 2299 5252 ne
2336 5197 2511 5266 possis
2541 5195 2785 5249 salvere?
2812 5194 2946 5266 (Isa.
2973 5214 3023 5260 1.,
3053 5196 3134 5265 2.)
3163 5196 3293 5264 Qum
3319 5200 3503 5268 utique
3548 5200 3595 5254 si
3639 5199 3837 5257 brevis

2229 5297 2374 5346 esset
2418 5289 2485 5342 ad
2520 5288 2965 5353 misericordiam,
2999 5289 3083 5343 vel
3126 5292 3349 5360 parvula
3394 5293 3458 5347 ad
3500 5295 3831 5362 potentiam,

2232 5363 2505 5451 nunqu'ant
2545 5380 2610 5435 ad
2642 5379 2748 5451 ima
2797 5395 3004 5436 mersos
3045 5381 3245 5437 levaret
3299 5385 3461 5440 tantis
3498 5384 3833 5442 delictorum

2232 5472 2560 5544 ponderibus
2588 5481 2970 5543 praegravatus.
3003 5472 3109 5528 Sed
3148 5476 3270 5544 quia
3307 5474 3419 5544 jam
3446 5486 3708 5531 extensus
3740 5494 3837 5535 ve-

2235 5564 2313 5619 nit
2350 5563 2618 5627 Christus,
2649 5564 2859 5620 scilicet
2909 5565 3085 5620 Patris
3132 5567 3354 5623 dextera
3404 5584 3567 5623 carne
3600 5569 3835 5627 indutus

2234 5656 2298 5709 ad
2337 5657 2785 5717 misericordiam,
2826 5668 2971 5711 recte
3016 5661 3323 5716 extendisse
3351 5678 3568 5715 manum
3605 5677 3668 5716 ac
3701 5665 3836 5719 tetio

2232 5749 2614 5818 gissedicitur.
2660 5749 2913 5819 Alioquin
2943 5751 3072 5820 quid
3121 5768 3342 5807 necesse
3372 5765 3507 5821 erat,
3541 5753 3699 5823 juxta
3742 5755 3837 5811 lit-

2233 5853 2428 5905 lerunt,
2473 5853 2529 5897 ut
2570 5858 2786 5899 manum
2830 5846 3143 5902 extenderet
3171 5855 3224 5903 et
3255 5857 3497 5922 tangeret
3521 5848 3834 5924 leprosum,
