4000 6362
171 374 246 432 Sil

924 365 1289 425 EXPOSI‘I'IO
1325 365 1397 424 IN
1437 363 1874 425 MATTIIEUH.
1915 395 1986 409 -
2025 364 2261 436 ιιι-γ,
2297 365 2453 426 CAP.
2503 365 2631 424 VIII.

3308 369 3416 426 342

171 495 258 566 qui,
282 489 386 548 solo
415 499 670 544 sermone
695 494 757 544 ut
777 486 1007 553 creavit,
1036 487 1146 543 imo
1171 487 1474 551 voluntate,
1505 494 1718 541 restau-
1746 485 1802 549 Α
1826 483 1970 540 diam
2016 483 2238 541 inclinat
2267 493 2326 539 ut
2365 483 2571 541 relevet
2617 483 2965 544 inﬁrmitates
3007 495 3242 546 nostras.
3277 489 3410 544 Nam

175 597 238 648 rat
265 585 504 642 universa
532 601 546 638 :
576 581 684 638 nisi
727 582 855 652 quia
903 581 1029 638 fecit
1077 583 1130 637 in
1179 597 1286 638 uno
1324 580 1717 649 efficacissime,

175 679 284 753 quod
307 675 464 734 simul
497 677 550 732 in
573 687 775 748 genere
807 689 870 731 se
895 673 1189 739 facturum,
1218 675 1402 732 multis
1425 677 1718 746 propheta-

176 791 266 833 nuo
295 770 520 842 eloquiis
556 769 687 826 olim
717 769 1144 840 repromiserat?
1195 768 1490 840 Propterea
1533 777 1721 826 exten-

177 870 284 926 disse
313 879 532 922 manum
557 863 684 934 jure
711 861 929 927 dicitur,
963 875 1029 916 ac
1067 859 1328 934 tetigisse,
1360 861 1486 932 quia
1522 862 1566 918 si
1611 877 1719 916 non

176 959 370 1020 namlas
397 965 621 1012 nostras
659 955 750 1011 ille
789 954 1106 1011 incarnatus
1133 955 1405 1025 tangendo
1431 955 1732 1010 emundas—

176 1065 254 1113 set,
273 1052 438 1106 adhuc
478 1048 584 1104 sub
615 1046 768 1118 lepra
795 1045 1004 1117 peccati
1032 1061 1296 1112 essemus,
1328 1046 1558 1101 necdum
1590 1045 1725 1100 deli-

177 1129 343 1201 ctorum
376 1140 706 1212 contagione
746 1137 970 1208 espiati.
1026 1136 1257 1209 Propter
1306 1137 1448 1208 quod
1501 1151 1720 1192 manum

176 1237 392 1300 extundit,
439 1241 505 1288 ut
553 1231 806 1304 quamvis
850 1230 1271 1302 profundissime
1314 1231 1590 1286 demersos
1635 1245 1726 1302 ap-

178 1329 530 1402 prehenderet;
560 1325 742 1398 tetigit
775 1337 907 1380 vero
932 1339 1030 1396 per
1059 1323 1487 1380 incarnationem
1527 1330 1727 1394 myste—

178 1424 230 1478 rii
250 1421 368 1476 male
409 1418 652 1483 saucios,
683 1424 745 1472 ut
779 1425 1021 1472 sanaret.
1049 1415 1337 1481 Cieterum,
1385 1415 1541 1486 juxta
1583 1415 1726 1470 litte-

179 1521 358 1576 ram,ut
385 1527 442 1567 se
469 1510 762 1566 Dominum
792 1509 958 1580 lepra:
986 1523 1051 1565 ac
1079 1509 1212 1579 legis
1235 1508 1564 1574 ostenderet,
1603 1523 1726 1562 cum

183 1602 520 1674 lexproliibeat
538 1618 570 1657 a
601 1601 978 1658 sacerdotibus
1005 1616 1124 1656 eam
1153 1601 1323 1673 tangi,
1347 1601 1466 1657 ideo
1487 1599 1730 1672 tetigisse

190 1695 406 1760 creditur,
433 1695 687 1766 quoniam
729 1694 879 1766 lepra
911 1693 1002 1749 illa
1047 1693 1181 1766 legis
1223 1709 1330 1748 non
1363 1701 1575 1764 poterat
1601 1707 1727 1747 cum

180 1789 435 1845 sordidare.
493 1788 627 1842 Erat
669 1787 814 1842 enim
861 1787 1074 1852 umbra,
1108 1785 1235 1841 licet
1281 1786 1472 1840 vitium
1521 1785 1722 1840 carnis.

179 1879 340 1934 Tamen
369 1879 510 1934 bene
534 1894 565 1933 a
597 1879 977 1934 sacerdotibus
1006 1876 1316 1933 Iudaeorum
1346 1877 1590 1946 leprosos
1621 1891 1727 1931 non
1757 1848 1804 1911 Β

175 1969 672 2041 396tangebatur,
719 1969 845 2040 quia
894 1968 971 2024 illi
1015 1969 1274 2024 maculari
1317 1976 1592 2039 poterant,
1631 1981 1734 2025 nec

177 2077 332 2118 sanare
349 2061 689 2132 quempiam.
737 2043 845 2116 Sed
873 2068 994 2114 erat
1033 2075 1172 2114 unus
1200 2059 1464 2115 mediator
1510 2060 1652 2114 Deus
1679 2064 1736 2114 et

179 2155 322 2218 horno,
349 2154 732 2226 promulgator
769 2153 920 2225 legis,
947 2154 1034 2209 cui
1067 2152 1150 2208 fas
1177 2161 1296 2208 erat
1329 2161 1382 2208 et
1411 2167 1510 2224 per
1548 2153 1738 2209 huma—

177 2245 358 2300 nitatem
385 2256 642 2318 tangere,
681 2255 737 2302 et
773 2261 876 2316 per
910 2245 1248 2301 divinitatem
1300 2247 1608 2316 imperare:
1641 2260 1738 2300 cu-

170 2335 238 2405 jus
255 2339 498 2409 nequiret
539 2337 883 2407 coinquinari
907 2336 1192 2402 munditia,
1234 2335 1376 2391 sicut
1402 2348 1500 2391 nec
1533 2336 1738 2390 sanitas

176 2431 425 2486 inﬁrmari.
465 2431 534 2487 Et
559 2431 684 2487 ideo
711 2432 838 2502 quia
869 2431 1128 2486 Dominus
1153 2430 1287 2504 legis
1326 2445 1465 2496 erat,
1497 2437 1742 2486 removet

173 2539 225 2578 es
248 2524 567 2581 auctoritate
611 2525 842 2596 lepram,
887 2532 943 2580 et
988 2524 1140 2596 fugat
1180 2539 1246 2579 ex
1296 2524 1547 2594 imperio,
1580 2523 1738 2580 sicuti

173 2613 268 2672 luce
293 2617 554 2690 fugantur
582 2617 836 2675 tenebrae.
871 2616 1023 2674 Unde
1049 2625 1180 2687 puto
1216 2633 1435 2672 manum
1467 2617 1613 2672 illam
1660 2616 1740 2671 le-

172 2721 296 2777 prsm
321 2723 436 2766 non
461 2708 726 2778 tetigisse,
755 2709 850 2764 sed
871 2716 932 2762 ut
962 2709 1216 2764 tenebras
1251 2723 1281 2762 a
1318 2709 1456 2764 facie
1483 2707 1642 2774 locis,
1665 2707 1741 2763 ita

175 2799 343 2870 lepram
368 2816 398 2855 a
438 2799 584 2856 facie
615 2816 810 2856 manus
834 2800 1090 2856 continuo
1123 2800 1434 2870 disperisse.
1473 2799 1740 2868 Quoniam

173 2906 256 2948 nec
279 2893 488 2965 lepram
519 2892 732 2964 peccati
769 2893 1005 2964 tetigisse
1035 2891 1116 2948 fas
1155 2901 1240 2947 est
1264 2891 1508 2954 credere,
1552 2906 1741 2946 verum

173 2985 264 3041 sola
289 2985 678 3043 incarnatione
702 3001 799 3042 sua
823 2993 881 3042 et
919 2983 1072 3041 verbi
1101 2985 1342 3057 potentia
1398 2983 1580 3040 omnia
1620 2997 1778 3055 per--

172 3077 353 3134 emisse.
383 3079 513 3149 Qua
539 3079 608 3134 de
627 3093 792 3135 causa
820 3079 987 3134 verbo
1011 3087 1250 3142 curatur,
1273 3077 1416 3147 quod
1436 3091 1599 3132 manu
1622 3085 1743 3131 tan—

173 3169 309 3239 gitur.
339 3171 487 3228 Hinc
514 3186 734 3242 quoque
766 3179 891 3241 post
932 3177 1135 3227 tactum
1180 3167 1431 3240 imperat,
1463 3169 1740 3235 mundare,

1822 577 2008 650 aegroti
2057 577 2208 649 prius
2245 578 2312 633 ad
2364 585 2654 644 montana,
2708 579 2962 637 videlicet
3016 581 3082 637 ad
3133 583 3411 651 coelestia,

1823 688 1922 744 per
1942 671 2451 743 contemplationem
2484 674 2778 729 ascendere
2818 676 3140 746 nequimus;
3196 679 3290 735 sed
3324 694 3414 737 so-

1824 767 1908 822 lus
1964 767 2207 840 Moyses,
2269 778 2322 823 et
2383 768 2539 838 pauci
2595 768 2840 825 seniores
2881 785 3007 825 cum
3057 787 3125 828 eo
3167 788 3235 829 ex
3290 790 3412 831 om-

1824 859 1983 914 nibus
2011 859 2174 932 397
2199 859 2502 932 eliguntur;
2550 874 2762 916 necnon
2795 869 2850 916 et
2900 863 2996 916 soli
3044 863 3292 938 discipuli
3347 867 3417 922 ad

1825 951 2076 1009 sublimia
2107 953 2398 1009 ducuntur.
2433 953 2697 1009 Deorsum
2727 970 2857 1010 vero
2885 955 3036 1027 plebs
3083 957 3319 1016 invalida
3364 970 3420 1017 et

1825 1045 2070 1118 leprosos
2091 1047 2340 1110 adorans,
2391 1062 2498 1100 non
2531 1046 2776 1102 volentes
2813 1049 3079 1104 tlieoriam
3111 1053 3330 1119 sectari,
3355 1067 3419 1108 eo

1825 1137 1968 1208 quod
2021 1137 2206 1192 multis
2252 1137 2655 1208 praipediuntur
2697 1138 2947 1210 laqueis,
3001 1150 3286 1196 curantur.
3339 1141 3422 1196 Ad

1827 1244 1965 1300 quos
1989 1231 2168 1300 itaque
2199 1229 2460 1284 Dominus
2487 1229 2801 1299 frequenter
2843 1247 2902 1287 se
2959 1231 3248 1299 inclinans,
3304 1243 3421 1289 tan-

1827 1323 1905 1395 git
1927 1338 2087 1376 manu
2119 1322 2423 1377 clementiae
2449 1337 2579 1386 suae,
2613 1331 2667 1377 et
2707 1324 2878 1378 verbo
2909 1324 3142 1395 imperat
3169 1324 3422 1396 majesta-

1827 1418 1916 1473 tis.
1947 1417 2028 1472 Ex
2055 1433 2162 1487 quo
2187 1416 2357 1488 liquet
2400 1431 2618 1472 manum
2665 1415 2882 1472 Domini
2915 1433 3020 1472 non
3067 1417 3298 1489 lepram,
3326 1417 3420 1474 sed

1829 1509 2087 1563 mundum
2113 1507 2305 1579 leprosi
2321 1507 2564 1581 tetigisse
2589 1523 2808 1578 corpus,
2837 1508 2996 1563 sicuti
3015 1517 3071 1564 et
3096 1525 3196 1566 nos
3209 1511 3423 1580 quoties

1829 1608 2052 1670 tangere
2073 1599 2310 1671 disponit
2348 1609 2568 1670 aspectu
2599 1600 3012 1667 misericordiae,
3042 1617 3169 1657 mox
3217 1602 3424 1657 scelera

1829 1693 2107 1764 fugantur,
2131 1703 2186 1747 et
2213 1694 2412 1749 munda
2442 1693 2751 1749 restituitur
2775 1694 2979 1749 anima.
3005 1694 3144 1762 Quia
3172 1694 3424 1765 profecto

1829 1787 1920 1841 ubi
1942 1787 2088 1841 salus
2117 1799 2278 1857 agere
2311 1785 2588 1852 dignatur,
2625 1785 2769 1840 nulla
2819 1785 3105 1842 inﬁrmitas
3150 1802 3273 1842 esse
3327 1802 3424 1857 po-

1836 1886 1970 1942 test;
2003 1878 2094 1932 ubi
2142 1879 2264 1943 lux,
2313 1877 2457 1932 nulla
2507 1877 2793 1934 offuscatio
2847 1878 3095 1948 peccati;
3141 1877 3234 1933 ubi
3286 1877 3420 1941 vita,

1835 1972 1979 2026 nulla
2005 1971 2233 2040 irruptio
2263 1971 2478 2035 mortis;
2523 1969 2612 2025 ubi
2633 1979 2901 2040 potestas,
2947 1970 3097 2025 nulla
3127 1967 3425 2026 diﬁicultas

1836 2062 2081 2120 sanandi.
2117 2061 2322 2116 Idcirco
2345 2061 2434 2116 hic
2473 2061 2733 2134 magister
2761 2061 3100 2132 supplicandi
3152 2061 3421 2133 egregius,

1837 2153 2201 2208 devoluntate
2237 2151 2448 2207 Domini
2505 2168 2610 2206 non
2649 2152 2805 2221 quasi
2849 2152 3068 2221 pietatis
3117 2150 3428 2208 incredulus

1838 2247 2065 2312 dubitat,
2095 2248 2188 2301 sed
2212 2247 2366 2316 quasi
2399 2245 2736 2300 immanitate
2762 2259 2982 2300 suorum
3006 2245 3269 2301 scelerum
3301 2259 3428 2300 con-

1839 2338 1984 2394 scius
2010 2349 2116 2393 non
2141 2337 2440 2407 priesumit.
2480 2336 2597 2392 Imo
2627 2337 2769 2408 quod
2817 2338 2988 2408 possit
3031 2353 3156 2394 eum
3207 2337 3430 2393 abluere

1840 2430 1884 2487 si
1912 2431 2072 2492 velit,
2107 2438 2166 2485 ut
2194 2431 2246 2484 in
2273 2429 2502 2484 Domino
2521 2430 2808 2500 potestatis
2838 2431 3240 2495 auctoritatem,
3277 2431 3350 2486 ita
3373 2429 3431 2485 in

1841 2524 1947 2579 isto
1981 2522 2342 2578 constantiam
2379 2521 2500 2577 ﬁdei
2541 2521 2870 2576 declaratum
2918 2521 3226 2577 laudamus.
3279 2521 3428 2591 Quo-

1841 2616 1986 2671 niam
2013 2615 2222 2686 integra
2251 2621 2307 2669 et
2339 2629 2467 2670 vera
2499 2613 2629 2668 ﬁdes
2656 2614 2790 2668 tanti
2820 2612 3077 2682 esscjure
3134 2615 3292 2669 debet
3333 2628 3432 2687 pro

1841 2721 2088 2772 munere,
2122 2706 2307 2778 quanti
2348 2713 2432 2760 est
2477 2713 2532 2761 et
2557 2705 2798 2776 potentia
2840 2706 3227 2763 misericordia:
3269 2704 3436 2763 Crea-

1845 2800 1978 2855 toris
2026 2800 2079 2855 in
2103 2800 2435 2870 operatione.
2487 2798 2738 2870 Alioquin
2777 2799 2908 2855 fides
2955 2816 3077 2872 quae
3125 2800 3436 2856 infirmatur

1843 2894 1957 2964 ipsa
1986 2893 2137 2963 prius
2162 2891 2426 2954 sananda,
2455 2901 2511 2948 et
2554 2891 2634 2948 sic
2689 2891 2906 2948 demum
2947 2895 3155 2950 sanitas
3191 2895 3438 2966 corporis

1845 2995 1938 3042 aut
1969 2988 2163 3041 animus
2208 2983 2479 3041 efﬁcacius
2521 3000 2619 3056 per
2649 3000 2770 3041 eam
2813 2995 2899 3044 est
2950 2987 3307 3059 impetranda.
3363 2988 3442 3045 De

1846 3093 1952 3148 qua
1975 3091 2108 3134 sane
2136 3077 2240 3132 ﬁde
2262 3076 2556 3150 Apostolus
2583 3096 2595 3132 ε
2629 3075 2780 3144 Fide,
2805 3078 3003 3150 inquit,
3025 3095 3258 3151 purgans
3279 3080 3442 3136 corda

1847 3185 2028 3224 eorum
2057 3169 2195 3238 (Act.
2242 3185 2330 3233 xv,
2359 3170 2434 3242 9).
2468 3168 2622 3237 Quod
2675 3169 2720 3225 si
2767 3168 2872 3225 ﬁde
2917 3180 3222 3244 purgantur
3279 3172 3444 3228 corda

175 3270 285 3317 utet
311 3227 576 3318 divinitas
605 3227 663 3318 ἰιί
701 3227 867 3318 verbo
892 3262 1130 3333 imperii,
1158 3270 1214 3317 et
1239 3227 1551 3318 humanitas
1581 3261 1634 3316 in
1665 3271 1745 3316 ta-
1772 3227 1819 3292 θ’
1852 3261 2210 3325 credentium,
2239 3227 2522 3332 cogitanda
2565 3271 2648 3317 est
2691 3263 2866 3319 virtus
2887 3227 3052 3328 ﬁ'dei,v
3075 3266 3200 3335 quia
3226 3265 3318 3336 qui
3337 3265 3444 3322 du-

175 3363 252 3408 ctu
286 3357 468 3412 carnis
509 3354 881 3427 intelligatur;
932 3356 1057 3426 quia
1105 3370 1283 3428 neque
1323 3357 1582 3413 divinitas
1624 3355 1744 3412 sine

176 3460 342 3513 carne,
371 3464 548 3520 neque
582 3449 896 3504 humanitas
922 3449 1040 3505 sine
1078 3449 1362 3506 divinitate
1389 3450 1670 3521 quidpiam
1693 3449 1746 3504 in

179 3539 280 3592 hoc
303 3541 554 3610 mysterio
575 3541 762 3612 gessit.
791 3531 1079 3607 Continuo,
1111 3540 1310 3612 inquit,
1346 3540 1631 3596 mundatus
1651 3550 1746 3597 est.

185 3628 440 3687 Continuo
490 3647 616 3702 ergo
643 3633 958 3698 mandatur,
1003 3635 1128 3704 quia
1176 3649 1394 3706 semper
1419 3635 1750 3690 voluntatem

179 3721 268 3776 Dei
299 3732 350 3777 et
391 3725 676 3797 imperium
721 3725 948 3781 eﬁ‘ectus
992 3726 1365 3797 consequitur.
1399 3726 1570 3794 Quem
1622 3741 1752 3782 sane

182 3813 338 3870 locum
376 3819 474 3872 etsi
501 3816 662 3887 juxta
691 3817 1044 3888 tropologiam
1073 3817 1248 3874 lector
1293 3818 1525 3874 voluerit
1570 3819 1751 3875 discu-

187 3916 313 3974 tere,
335 3913 617 3982 pmstabit
637 3927 748 3967 non
777 3913 1044 3968 modicam
1067 3912 1396 3969 moralitatis
1427 3915 1753 3970 doctrinam.

186 4000 304 4066 Liuia
324 4003 574 4074 proiecto
600 4019 818 4076 semper
852 4005 1165 4078 tropologiae
1185 4007 1396 4078 species
1422 4007 1474 4062 iu
1511 4008 1760 4079 Scriptu-

177 4094 245 4150 ris
268 4098 429 4154 sacris
457 4099 688 4170 gemina
714 4105 818 4162 est,
849 4097 1057 4154 scilicet
1084 4107 1180 4154 aut
1205 4099 1454 4170 mystica,
1487 4107 1580 4154 aut
1615 4100 1758 4155 nuda

176 4189 490 4262 etsimplex.
545 4189 661 4247 Sed
709 4190 959 4263 mystica,
990 4205 1111 4262 qua:
1155 4190 1222 4246 de
1270 4191 1432 4248 rebus
1475 4193 1641 4264 gestis
1691 4193 1760 4250 ad

175 4282 586 4341 adiﬁcationem
617 4299 828 4340 morum
866 4284 1108 4339 trahitur
1135 4303 1148 4337 ι
1184 4284 1258 4339 ita
1287 4291 1348 4340 ut
1378 4300 1476 4356 per
1506 4288 1649 4340 hunc
1679 4286 1758 4340 le-

171 4388 376 4444 prosum
407 4375 852 4446 uniuscujusque
875 4375 1054 4432 anima
1080 4375 1318 4431 humana
1348 4386 1536 4431 curata
1564 4376 1764 4432 intelli-

170 4477 338 4536 gatur;
363 4469 517 4524 nuda
553 4481 710 4532 vero,
753 4467 880 4522 dum
928 4466 1213 4539 Scriptura
1263 4482 1420 4523 sacra
1447 4467 1766 4538 simpliciter

1853 3353 2005 3418 bitat,
2033 3351 2219 3407 similis
2245 3363 2341 3417 est,
2374 3362 2430 3407 ut
2453 3352 2858 3424 aitApostolus,
2885 3355 3072 3424 ﬂuctui
3099 3356 3262 3411 maris
3300 3353 3442 3428 (Jac.

1855 3463 1908 3513 ι,
1973 3448 2048 3520 6).
2083 3447 2295 3519 Integra
2346 3463 2476 3503 vero
2525 3448 2658 3503 ﬁdes
2709 3449 2759 3503 in
2814 3448 3102 3505 dilectione
3131 3491 3146 3515 ,
3192 3459 3450 3506 constans

1856 3540 1911 3596 in
1941 3541 2368 3610 perseverantia,
2409 3540 2624 3609 patiens
2673 3539 2725 3593 in
2785 3539 3066 3604 dilatione,
3123 3540 3345 3599 humilis
3397 3542 3449 3596 in

1855 3631 2220 3696 confessione,
2248 3631 2404 3686 fortis
2430 3632 2482 3686 in
2504 3631 2720 3696 ﬁducia,
2743 3631 2936 3686 devota
2953 3632 3005 3686 in
3035 3632 3448 3703 supplicatione,

1856 3723 2079 3798 provida
2109 3724 2160 3778 in
2188 3724 2468 3794 petitionis
2497 3723 2746 3788 consilio,
2763 3722 3008 3794 profecto
3041 3723 3240 3796 ubique
3265 3723 3454 3779 audiat

1859 3815 2146 3870 Dominum
2177 3814 2446 3869 dicentem
2483 3833 2495 3868 :
2543 3814 2688 3868 l'olo.
2718 3814 2799 3870 Ob
2823 3814 2966 3884 quod
3007 3814 3276 3880 mirabile,
3325 3827 3451 3870 ver-

1859 3915 2051 3969 borum
2083 3913 2468 3983 consequentia
2500 3910 2880 3982 coujungatur.
2912 3909 3045 3965 Nam
3071 3910 3146 3965 illi
3177 3908 3456 3982 prtcmise-

1862 4011 1946 4060 rat
1974 4021 1988 4058 :
2021 4002 2265 4066 Domine,
2295 4004 2342 4078 si
2365 4001 2457 4066 ris,
2479 4011 2528 4054 et
2561 4001 2839 4056 Salvator:
2877 3999 3027 4055 Volo.
3059 3999 3176 4065 Ille,
3201 4009 3346 4072 potes
3367 4016 3452 4055 me

1859 4096 2141 4161 mundare,
2182 4103 2238 4150 et
2271 4094 2527 4148 Dominus
2561 4093 2724 4148 verbo
2767 4093 3022 4162 potentiae
3048 4108 3160 4148 siue
3197 4092 3454 4162 imperat,

1861 4187 2137 4242 mundare.
2168 4183 2435 4254 Quidquid
2482 4183 2626 4237 enim
2678 4197 2801 4238 vera
2842 4183 3144 4253 peccatoris
3171 4181 3448 4238 confessio

1865 4281 1918 4336 in
1947 4282 2051 4336 lidc
2077 4280 2266 4342 tenuit,
2292 4279 2395 4333 hoc
2421 4288 2586 4332 totum
2619 4279 2794 4348 pietas
2820 4287 2874 4332 et
2907 4277 3147 4349 potentia
3199 4292 3328 4333 mox
3373 4275 3458 4331 in-

1867 4375 2133 4446 dulgendo
2153 4374 2420 4428 exhibuit.
2457 4373 2522 4428 Et
2576 4387 2641 4427 ne
2695 4373 2759 4427 de
2803 4373 3147 4428 immanitate
3194 4370 3462 4428 scelerum

1870 4483 2090 4524 suorum
2117 4467 2310 4536 aliquis
2359 4464 2637 4528 diﬁidcrct,
2675 4466 2763 4520 hic
2803 4465 2916 4536 ipse
2969 4465 3059 4536 qui
3119 4471 3364 4528 curatur,
3393 4462 3463 4518 ab

173 4574 335 4616 mres
371 4561 596 4625 erudit,
632 4560 711 4615 uti
747 4566 832 4613 est
861 4577 873 4614 :
902 4559 1006 4626 Qui
1034 4559 1188 4614 habet
1230 4560 1368 4614 duas
1408 4561 1633 4625 tunicas,
1679 4559 1766 4615 det
1795 4600 1846 4660 ι)
1874 4561 1979 4614 alio
2019 4559 2359 4628 Evangelista
2409 4557 2597 4626 plenus
2659 4557 2806 4628 lepra
2855 4556 3202 4612 describitur.
3255 4553 3462 4612 Omnes

171 4668 262 4706 non
287 4654 536 4720 habenti,
563 4661 615 4706 et
637 4652 730 4722 qui
764 4651 916 4704 habet
945 4666 1090 4705 escas
1133 4651 1380 4706 similiter
1399 4651 1563 4722 faciat
1605 4651 1756 4725 (Luc.

175 4758 245 4810 In,
293 4747 404 4821 ll).
463 4748 624 4818 Ergo
670 4745 930 4815 cujusque
981 4743 1160 4798 anima
1201 4744 1464 4815 quotidie,
1515 4747 1766 4815 quamvis

171 4843 458 4908 peccatrix,
498 4857 534 4895 a
588 4829 816 4893 Domino
842 4846 1084 4901 curatur,
1125 4835 1171 4890 si
1213 4836 1434 4906 supplex
1469 4854 1532 4892 ac
1574 4839 1764 4893 devota

173 4930 304 4988 illum
325 4937 587 4990 adorans
608 4930 811 5000 ubique
835 4929 1161 4986 conﬁteatur
1188 4943 1254 4985 ex
1287 4929 1388 4984 ﬁde
1410 4931 1597 4985 dicens
1621 4945 1635 4984 :
1661 4929 1767 4984 Do-

170 5027 312 5091 mine,
335 5029 385 5082 si
411 5028 522 5092 eis,
554 5031 704 5096 potes
729 5039 812 5077 me
847 5021 1124 5076 mundare.
1153 5019 1328 5102 corde
1359 5023 1507 5076 enim
1530 5023 1772 5076 creditur

171 5119 230 5172 ad
260 5119 570 5188 justitiam.
606 5115 764 5173 Unde
803 5129 1028 5170 necesse
1069 5122 1153 5170 est
1184 5113 1444 5169 ﬁdissime
1493 5113 1771 5184 deposcat,

169 5214 383 5270 nihilex
416 5211 680 5286 potentia
708 5209 984 5264 dubitans.
1017 5207 1086 5262 Et
1111 5208 1155 5263 si
1198 5219 1295 5278 per
1323 5207 1483 5262 fidem
1529 5223 1649 5278 qua:
1679 5223 1778 5279 per

171 5306 519 5366 dilectionem
576 5311 678 5371 est,
713 5302 976 5366 oraverit,
1013 5302 1118 5358 erit
1161 5311 1357 5372 pncsto
1400 5299 1777 5356 indubitanter

167 5399 414 5457 voluntas
457 5399 657 5456 divina
703 5396 772 5452 ad
813 5394 1065 5460 salutem,
1109 5391 1298 5450 efﬁcax
1347 5395 1414 5450 ad
1466 5395 1776 5464 imperium,

169 5503 355 5566 potens
383 5497 456 5550 ad
509 5491 790 5548 eﬁ'ectum.
830 5489 982 5546 Unde
1031 5505 1152 5544 mox
1196 5487 1411 5559 leproso
1449 5488 1770 5560 supplicanti

171 5588 404 5643 dicitur:
454 5584 615 5640 Volo.
659 5583 821 5652 Quia,
869 5582 996 5636 dum
1043 5582 1222 5636 anima
1269 5582 1348 5637 sic
1397 5581 1619 5637 inchoat
1659 5596 1776 5638 cre-

171 5677 340 5734 dendo
392 5691 662 5742 exorare,
691 5674 808 5744 jam
851 5673 1044 5745 incipit
1082 5673 1264 5728 curari
1314 5687 1344 5727 a
1383 5671 1530 5744 lepra
1567 5688 1664 5728 sua
1712 5688 1780 5730 ex

170 5786 326 5826 manu
361 5769 702 5826 Salvatoris.
735 5769 858 5840 ipse
885 5765 1032 5822 enim
1061 5765 1302 5837 quotidie
1333 5767 1674 5822 descendens
1703 5767 1784 5823 in-

174 5864 329 5920 spicit
360 5872 422 5918 et
450 5861 639 5930 tangit
660 5871 884 5932 peccata
910 5867 1120 5926 nostra,
1151 5860 1280 5916 dum
1301 5876 1360 5916 se
1384 5860 1453 5916 ad
1471 5859 1783 5918 misericor-

1871 4653 2016 4708 enim
2053 4659 2415 4722 peccaverunt
2444 4657 2497 4704 et
2523 4659 2682 4720 egent
2735 4649 2905 4722 gloria
2944 4649 3060 4704 Dei.
3113 4647 3270 4717 Quia,
3323 4647 3467 4702 sicut

1873 4757 2116 4819 potestas
2147 4747 2238 4801 Dci
2263 4745 2386 4814 jure
2441 4745 2642 4820 ubique
2674 4746 2936 4811 creditur,
2980 4744 3056 4798 ita
3107 4751 3161 4798 ct
3215 4741 3468 4798 voluntas

1876 4843 1994 4913 ejus
2031 4853 2252 4895 necesse
2284 4847 2368 4894 est
2387 4838 2663 4894 credatur.
2695 4836 2982 4892 antenim
3007 4849 3197 4892 omnes
3220 4834 3469 4890 homines

1879 4934 2058 4991 salvos
2089 4931 2227 4997 ﬁeri,
2251 4940 2307 4986 et
2331 4931 2397 4984 ad
2428 4930 2758 5002 agnitionem
2785 4929 3031 4985 veritatis
3063 4927 3270 4982 venire.
3296 4923 3467 4995 Agni—

1883 5027 1958 5081 tio
1980 5025 2179 5095 quippe
2221 5021 2468 5077 veritatis
2488 5029 2570 5077 est
2597 5021 2776 5077 Patris
2799 5037 2861 5077 ac
2885 5021 3005 5076 Filii
3039 5020 3180 5074 sicut
3204 5033 3307 5072 una
3337 5015 3468 5070 Dei-

1881 5131 1983 5186 tas,
2024 5119 2093 5174 ita
2125 5129 2174 5174 et
2201 5117 2485 5183 voluntas;
2512 5125 2566 5172 et
2593 5132 2714 5188 qum
2759 5115 2926 5188 398
2954 5113 3202 5168 voluntas
3229 5110 3468 5182 utrique,

1881 5217 1997 5284 ipsa
2026 5225 2080 5268 et
2107 5223 2387 5284 potestas:
2420 5221 2751 5283 quapropter
2767 5226 2872 5265 non
2905 5207 3086 5262 minus
3113 5220 3237 5260 eum
3279 5210 3473 5274 poten-

1885 5318 1991 5362 tem
2022 5321 2183 5377 quam
2209 5305 2477 5360 volentem
2507 5304 2733 5359 credere
2773 5301 2854 5355 fas
2891 5309 2992 5355 est.
3033 5297 3183 5354 Unde
3205 5295 3473 5365 scriptum

1885 5409 1965 5455 cst
1995 5417 2006 5451 :
2033 5396 2224 5452 Omnia
2255 5413 2579 5468 qua'cunque
2604 5393 2789 5456 voluit,
2831 5391 3086 5446 Dominus
3119 5387 3240 5458 fecit
3265 5392 3319 5440 in
3345 5384 3473 5441 cazlo

1887 5491 2010 5544 etin
2037 5495 2174 5542 terra
2234 5485 2408 5558 (Psal.
2465 5499 2684 5551 cxxxrv,
2735 5483 2810 5554 ﬁ).
2865 5482 3158 5552 Propterea
3211 5495 3342 5551 ergo
3387 5478 3477 5534 hic

1888 5580 2134 5652 egregius
2163 5578 2494 5633 voluntatem
2521 5576 2766 5646 requirit,
2798 5573 2866 5630 de
2894 5580 3163 5645 potestate
3200 5569 3334 5628 nihil
3377 5569 3476 5625 du-

1889 5673 2088 5738 bitans,
2116 5673 2180 5727 de
2209 5672 2408 5742 pietate
2428 5684 2782 5741 praesumens.
2805 5667 2902 5724 Cui
2935 5668 3071 5724 dixit
3098 5667 3288 5723 Jesus:
3323 5663 3472 5730 Vide,

1892 5763 2086 5821 nemini
2115 5765 2332 5819 dixeris.
2381 5763 2491 5818 Cur
2519 5777 2651 5834 ergo
2696 5761 3009 5832 praecipitur
3049 5759 3252 5815 nemini
3296 5757 3479 5813 dicere

1893 5860 2038 5934 quod
2063 5860 2317 5916 omnibus
2353 5857 2567 5914 volebat
2613 5857 2962 5916 manifestum
3010 5871 3164 5924 esse,
3212 5853 3314 5909 nisi
3350 5850 3480 5930 quia
