4000 6362
595 331 700 392 345

590 454 769 507 factus
800 457 882 505 est
915 448 1031 520 ipse
1059 447 1216 504 nobis
1233 447 1322 502 via
1351 463 1382 502 a
1410 447 1546 513 Deo,
1575 455 1635 503 ut
1667 449 1862 504 doceat
1887 451 2032 519 quod
2073 463 2181 504 non

589 541 701 596 sint
730 539 996 611 vulganda
1051 553 1176 593 mox
1233 546 1437 594 nostra:
1466 537 1686 594 virtutis
1733 553 1923 610 opera,
1973 539 2067 595 sed
2111 539 2181 594 ob

589 635 897 691 custodiam
921 633 1246 690 humilitatis
1271 633 1545 688 interdum
1596 633 1813 690 silentio
1844 634 2096 705 tegenda,
2123 643 2185 689 ut

589 743 700 783 non
729 726 901 782 solum
927 741 957 780 a
987 725 1237 781 mercede
1265 741 1364 781 nos
1394 719 1764 780 abstineamus
1793 725 2058 790 muneris,
2088 740 2182 781 ve-

594 836 718 875 rum
743 820 907 876 etiam
943 819 1133 890 gratiae
1166 834 1232 874 ac
1279 818 1474 874 laudis.
1509 817 1860 890 Nequaquam
1894 819 2059 889 igitur
2085 833 2178 875 ce-

587 914 810 969 landum
836 913 980 985 quod
1003 928 1103 984 pro
1141 913 1314 968 salute
1343 913 1586 969 omnium
1613 913 1808 986 gessit;
1840 915 1933 968 sed
1973 911 2029 966 in
2073 927 2182 968 uno

587 1006 888 1076 eodemque
919 1020 1085 1076 opere
1108 1004 1307 1062 docere
1331 1005 1518 1061 volens
1538 1006 1666 1076 quid
1710 1005 1868 1062 nobis
1914 1005 2181 1075 agendum

586 1099 691 1166 sit;
725 1108 780 1155 et
809 1099 864 1155 in
883 1101 1087 1156 nostris
1111 1100 1275 1156 etiam
1323 1116 1486 1171 quam
1541 1101 1686 1158 cauti
1712 1115 1835 1157 esse
1863 1099 2180 1167 debeamus,

583 1189 872 1247 insinuat:
919 1205 989 1246 ne
1045 1191 1188 1246 unde
1235 1190 1593 1247 sublimamur
1635 1191 1702 1246 ad
1757 1189 2009 1257 culmen,
2056 1190 2182 1246 inde

587 1298 909 1339 corruamus
957 1282 1175 1354 gravius
1206 1283 1276 1338 ad
1324 1283 1550 1338 crimen.
1590 1281 1727 1338 Hinc
1757 1291 1841 1338 est
1879 1297 2012 1338 sane
2036 1283 2181 1354 quod

587 1380 804 1436 Marcus
829 1382 925 1446 ait,
957 1395 1081 1436 mox
1096 1395 1222 1436 eum
1247 1380 1477 1451 coepisse
1503 1380 1801 1450 praedicare
1823 1389 1878 1436 et
1903 1379 2182 1437 dilfamare

588 1488 930 1536 sermonem,
953 1472 1025 1527 ita
1055 1480 1113 1526 ut
1146 1471 1260 1543 jam
1286 1487 1396 1528 non
1445 1482 1630 1542 posset
1681 1471 1840 1528 Jesus
1889 1471 2181 1529 manifeste

587 1565 642 1620 in
666 1565 943 1621 civitatem
974 1566 1222 1620 introire.
1254 1565 1505 1623 Profecto
1527 1568 1655 1637 quia
1687 1567 1868 1623 divina
1898 1567 2180 1637 pandenda

588 1667 716 1714 sunt
734 1672 918 1729 opera,
946 1669 1003 1714 et
1034 1675 1156 1730 qua:
1185 1659 1238 1715 in
1259 1660 1416 1716 nobis
1443 1670 1724 1732 geruntur,
1751 1676 1819 1716 ne
1832 1660 2182 1731 prolabamur

589 1751 861 1808 interdum
894 1754 1146 1824 tegenda.
1174 1753 1343 1810 Nobis
1381 1755 1598 1826 quidem
1628 1755 1937 1826 prmeipitur
1990 1755 2046 1810 in
2090 1755 2184 1811 illo

589 1855 649 1900 ut
682 1847 886 1903 nemini
920 1848 1202 1914 dicamus;
1236 1847 1326 1904 ille
1367 1864 1498 1904 vero
1541 1849 1860 1914 absolvitur,
1888 1858 1949 1904 ut
1977 1849 2184 1919 absque

589 1939 769 2010 culpa,
795 1940 847 1994 in
872 1939 1032 1995 laude
1049 1939 1374 2005 Salvatoris,
1393 1941 1559 1996 etiam
1574 1941 1846 1997 sacerdoti
1865 1942 2185 1997 mandatum

591 2045 652 2086 se
673 2030 948 2085 exhibeat.
976 2030 1083 2087 Sed
1113 2032 1264 2096 vade,
1311 2031 1510 2103 inquit,
1565 2032 1774 2086 ostende
1800 2043 1848 2086 te
1903 2033 2182 2086 sacerdoti.

591 2120 846 2192 Alioquin
890 2123 1163 2193 quomodo
1193 2123 1398 2178 nemini
1455 2124 1683 2192 diceret,
1734 2125 1827 2196 qui
1871 2135 1928 2180 ct
1952 2141 2051 2197 pro
2091 2141 2189 2183 sua

593 2211 982 2268 emnndatione
1017 2213 1284 2269 sacerdoti
1314 2215 1367 2268 in
1393 2215 1595 2286 templo
1641 2215 1854 2286 publice
1883 2233 2082 2272 munus
2107 2216 2189 2270 of-

590 2303 722 2370 fert,
753 2305 858 2359 nisi
887 2305 1025 2360 forte
1044 2305 1246 2376 ubique
1276 2307 1344 2362 ad
1364 2307 1590 2379 gloriam
1631 2318 1686 2364 et
1721 2309 1936 2365 laudem
1965 2311 2058 2366 Dei
2088 2326 2187 2366 no-

592 2403 707 2451 stra
735 2397 1018 2468 pandenda
1049 2407 1196 2462 sunt,
1220 2409 1275 2454 et
1301 2415 1421 2469 quae
1452 2401 1508 2456 in
1532 2403 1689 2458 nobis
1723 2418 1754 2456 a
1786 2401 1898 2457 Deo
1913 2412 2190 2475 .geruntur

590 2502 794 2558 Opera;
823 2489 1025 2545 nemini
1046 2505 1178 2545 vero
1200 2505 1299 2561 pro
1323 2502 1512 2547 nostra
1558 2493 1716 2549 laude
1748 2503 1812 2549 'et
1841 2494 2044 2551 favoris
2066 2511 2190 2567 gra—

590 2579 689 2646 tia,
735 2581 1038 2636 exhibenda
1079 2599 1092 2636 :
1142 2581 1227 2635 vel
1277 2591 1460 2648 certe,
1513 2583 1709 2641 sufﬁcit
1759 2585 1874 2654 ipsa
1925 2586 2188 2642 virtutum

590 2673 834 2730 ostensio
856 2673 924 2728 ad
947 2674 1384 2732 exhortationem
1405 2677 1605 2748 operis.
1652 2677 1734 2732 lta
1769 2687 1829 2734 ut
1858 2678 2189 2750 superﬂuum

595 2765 869 2821 sitverbis
890 2766 1104 2823 edicere
1141 2768 1287 2838 quod
1321 2768 1577 2824 omnibus
1602 2770 1672 2825 ad
1706 2769 2064 2826 imitationem
2107 2769 2190 2826 fas

594 2867 680 2912 est
704 2858 1050 2928 conspicere;
1081 2875 1256 2931 neque
1305 2863 1370 2917 de
1413 2877 1475 2918 se
1511 2863 1728 2919 laudem
1773 2879 2036 2936 quaerere.
2084 2863 2190 2920 Sed

594 2949 918 3004 imitabilem
985 2966 1045 3006 se
1094 2951 1344 3021 plurimis
1409 2954 1688 3010 exhibere.
1748 2955 1925 3022 Vade,
1975 2955 2187 3026 inquit,

597 3041 811 3095 ostende
857 3049 906 3095 te
944 3043 1226 3108 sacerdoti,
1275 3052 1324 3098 et
1357 3045 1490 3114 oﬁ'er
1531 3063 1722 3102 munus
1765 3047 1905 3118 quod
1945 3048 2190 3118 prtrcepit

596 3127 810 3200 Moyses
838 3131 896 3184 in
916 3131 1270 3187 testimonium
1297 3132 1426 3188 illis.
1448 3133 1565 3190 Non
1590 3136 1734 3207 quod
1775 3137 2036 3193 Dominus
2077 3135 2189 3206 jam

600 3222 666 3277 de
699 3222 790 3279 illo
813 3221 1048 3280 Mosaico
1070 3225 1204 3280 satis
1229 3239 1255 3267 ι
1279 3238 1500 3285 curaret
1548 3239 1843 3302 praecepto,
1889 3232 2032 3302 quod
2062 3247 2190 3288 mox

599 3310 928 3371 abolendum
951 3325 1126 3383 esset;
1162 3319 1258 3374 sed
1289 3327 1348 3374 ut
1399 3322 1651 3377 omnibus
1672 3322 1766 3392 qui
1791 3322 1860 3377 ad
1898 3321 2061 3378 ﬁdem
2097 3339 2188 3378 ve-

598 3405 759 3460 niunt
781 3414 837 3461 et
855 3415 1141 3474 sanantur,
1168 3425 1238 3465 ne
1291 3411 1486 3484 ingrati
1516 3421 1720 3478 essent,
1767 3413 1999 3469 formam
2039 3415 2194 3472 daret

597 3497 859 3555 oﬁ‘erendi
901 3515 1114 3556 summo
1141 3503 1380 3572 pontiﬁci
1405 3504 1644 3571 Christo,
1683 3507 1839 3578 cujus
1866 3507 1982 3578 ipse
2013 3523 2193 3565 sacer-

599 3589 699 3645 dos
731 3589 956 3661 ﬁguram
980 3593 1226 3662 gerebat,
1264 3595 1562 3664 gratiarum
1594 3597 1838 3666 quotidie
1881 3598 2114 3664 hostias,
2136 3608 2192 3656 et

597 3699 822 3738 munera
842 3683 1038 3740 debitae
1061 3685 1250 3741 laudis.
1282 3687 1416 3754 Quae
1443 3689 1702 3754 nimirum
1743 3689 1878 3762 legis
1921 3691 2190 3748 sacriﬁcia

598 3776 918 3844 spiritaliter
953 3791 1051 3846 pro
1071 3785 1256 3834 nostra
1288 3779 1670 3836 emundatione
1709 3780 1983 3837 offerenda
2029 3791 2189 3850 sunt;

598 3865 854 3934 quoniam
884 3875 1155 3936 praecepta
1193 3878 1351 3924 erant
1374 3870 1743 3942 signiﬁcandae
1773 3873 1914 3938 vitae,
1966 3876 2197 3945 promit-

597 3957 769 4012 tentia
794 3957 960 4028 399
995 3959 1272 4016 Christum
1322 3979 1420 4032 pro
1464 3974 1647 4020 nostra
1702 3967 2088 4023 emundatione
2135 3969 2191 4024 in

597 4064 766 4105 carne
797 4067 1105 4121 passurum.
1133 4052 1260 4109 Haec
1281 4064 1410 4110 sunt
1429 4057 1625 4128 quippe
1677 4057 1766 4113 illa
1807 4061 2192 4130 redemptionis

598 4148 804 4196 nostra:
837 4141 1123 4206 sacriﬁcia,
1158 4145 1276 4200 sine
1301 4146 1497 4216 quibus
1512 4147 1622 4203 Deo
1643 4147 1858 4218 placere
1880 4151 2187 4220 nequimus.

600 4232 672 4288 Et
701 4233 823 4289 idco
839 4233 1044 4306 jugiter
1063 4237 1229 4291 etiam
1261 4239 1496 4309 reSpersi
1532 4240 1795 4308 sanguine
1843 4240 2044 4298 Christi
2093 4258 2193 4313 per

597 4331 952 4401 baptismum,
979 4332 1082 4387 ista
1105 4331 1207 4386 ﬁde
1233 4348 1332 4404 pro
1367 4334 1526 4390 nobis
1556 4332 1752 4390 oﬁ‘erre
1779 4335 2060 4393 debemus.
2087 4336 2193 4394 Ve-

599 4434 909 4480 rumtamen
933 4426 999 4480 ad
1021 4427 1357 4481 sacerdotem
1387 4428 1466 4482 ire
1488 4428 1764 4499 praecepit,
1793 4439 1853 4484 ut
1871 4431 2192 4487 etsacerdos

598 4533 722 4573 cum
749 4517 1092 4589 intelligeret,
1117 4535 1224 4575 non
1255 4520 1392 4592 legis
1429 4522 1641 4588 ordine,
1673 4524 1766 4579 sed
1793 4525 1968 4596 gratia
2015 4525 2188 4581 sancti

597 4608 877 4682 Evangelii
909 4628 1072 4683 supra
1097 4612 1269 4685 legem
1295 4630 1418 4670 esse
1462 4626 1730 4673 curatum.
1768 4617 1904 4676 Hinc
1931 4627 2015 4675 est
2059 4636 2192 4692 ergo

598 4705 743 4775 quod
764 4706 1012 4774 sequitur
1036 4725 1050 4760 :
1083 4707 1151 4761 Et
1179 4709 1314 4778 offer
1333 4725 1525 4764 munus
1548 4713 1687 4782 quod
1710 4715 1956 4784 git-recepit
1985 4713 2192 4785 Moyses

594 4796 652 4848 in
673 4795 1024 4850 testimonium
1063 4797 1190 4853 illis.
1220 4797 1276 4854 ln
1304 4800 1676 4856 testimonium
1721 4801 1918 4872 quippe
1967 4802 2194 4859 oﬁ‘ertur

597 4901 796 4943 munus
823 4896 882 4942 ut
908 4887 1155 4944 credant.
1179 4889 1270 4955 Et,
1293 4890 1336 4944 si
1352 4891 1575 4946 credere
1592 4891 1866 4947 noluerint
1883 4891 2193 4950 Iudaeorum

595 4978 904 5051 pontiﬁces,
935 4988 1140 5050 pateat,
1197 4995 1356 5050 quem
1401 4980 1535 5052 legis
1581 4983 1778 5037 duritia
1827 4997 1856 5038 a
1897 4984 2046 5056 lepra
2093 5001 2192 5042 sua

598 5069 866 5125 mundare
893 5071 1240 5140 nequiverat,
1268 5069 1471 5126 Christi
1495 5073 1670 5142 gratia
1707 5089 1873 5129 sanus
1896 5084 1953 5129 et
1980 5059 2190 5131 incolu-

599 5162 706 5217 mis
728 5160 974 5218 eﬁ‘ectus.
1004 5160 1140 5217 Nam
1159 5170 1218 5216 et
1243 5161 1368 5216 illud
1400 5163 1572 5233 ipsum
1599 5181 1794 5221 munus
1815 5166 1942 5236 quia
2003 5167 2194 5222 umbra

602 5264 740 5320 erat,
766 5255 919 5312 illum
943 5256 1186 5312 venisset
1225 5256 1403 5328 typice
1445 5259 1919 5329 praemonstrabat,
1953 5260 2044 5328 qui
2075 5275 2196 5314 san-

606 5349 771 5419 guine
791 5365 890 5406 suo
924 5351 1242 5406 universum
1281 5365 1452 5421 genus
1492 5365 1802 5421 respersum
1844 5365 1874 5404 a
1917 5349 2065 5420 lepra
2093 5351 2195 5406 im-

605 5443 885 5501 munditiae
923 5462 1036 5502 suae
1066 5445 1365 5502 clementer
1397 5443 1676 5501 liberaret.
1723 5443 1916 5500 Omnia
1961 5459 2192 5515 namque

608 5533 872 5589 miracula
902 5535 1202 5594 Salvatoris
1218 5554 1317 5609 per
1342 5551 1584 5601 carnem,
1618 5536 1989 5592 testimonium
2039 5547 2196 5593 erant

607 5625 936 5692 divinitatis,
997 5631 1138 5698 quod
1177 5639 1323 5686 esset
1364 5629 1507 5684 idem
1572 5627 1714 5683 Deus
1743 5636 1799 5682 et
1837 5627 1998 5684 homo
2039 5628 2197 5707 Chri-

604 5731 726 5778 stus
743 5720 918 5777 .lesus.
943 5721 1011 5776 Et
1028 5721 1147 5778 ideo
1167 5724 1379 5779 dicebat
1400 5742 1413 5778 :
1443 5723 1503 5780 Si
1525 5724 1652 5778 mihi
1669 5739 1770 5778 non
1792 5721 1947 5778 vultis
1969 5723 2199 5788 credere,

1394 333 1452 389 S.
1492 331 1853 391 PASCHASII
1893 331 2245 390 RADBER'I‘I
2281 333 2574 392 ABBATIS
2611 333 3059 392 CORBEIENSIS

2209 450 2261 511 Α
2285 447 2471 504 saltem
2529 450 2769 520 operibus
2814 452 3009 508 credite
3029 451 3216 524 (Joan.
3249 472 3302 522 ι,
3331 457 3438 531 58).
3461 459 3802 530 Convincuntur

2285 542 2597 598 sacerdotes
2608 552 2664 598 et
2683 543 2877 600 scribat
2903 546 3214 604 testimonio
3230 549 3360 622 legis
3373 563 3425 608 et
3438 558 3800 634 prophetarum;

2282 637 2411 706 quia
2425 636 2746 695 testiﬁcatus
2772 645 2856 694 est
2877 655 2908 694 a
2932 639 3050 709 lege
3065 649 3120 696 et
3140 645 3432 715 prophetis.
3459 649 3803 717 Convincuntur

2283 730 2450 788 etiam
2475 732 2543 788 ab
2558 732 2762 788 eisdem
2777 733 3053 805 Operibus,
3071 750 3191 806 quae
3205 753 3309 793 non
3327 740 3496 798 minus
3514 759 3658 814 supra
3667 747 3804 820 legem

2284 840 2446 896 quam
2476 835 2531 880 et
2581 842 2745 896 supra
2803 827 3040 884 hominis
3092 830 3344 888 virtutem
3384 849 3498 890 esse
3537 838 3802 907 probantur.

2285 917 2401 984 Qua
2421 918 2488 974 de
2511 934 2677 975 causa
2691 919 2823 975 satis
2851 921 3074 992 provide
3092 922 3322 977 mittitur
3337 923 3403 978 ad
3427 928 3724 985 sacerdotem
3738 943 3807 990 tut

2283 1020 2341 1067 et
2368 1012 2484 1081 ipse
2510 1028 2541 1067 a
2569 1028 2666 1068 sua
2695 1014 2988 1083 impietatis
3020 1014 3166 1085 lepra
3198 1016 3452 1084 discedat,
3481 1019 3666 1077 habens
3687 1026 3806 1080 testi-

2285 1102 2526 1159 monium
2571 1119 2602 1158 a
2632 1103 2770 1176 lege,
2801 1103 2948 1160 illam
2987 1122 3260 1177 nunquam
3317 1109 3439 1164 talia
3469 1111 3719 1181 potuisse;
3752 1123 3809 1168 te-

2286 1193 2607 1250 stimonium
2625 1194 2694 1250 ab
2710 1196 2822 1264 ipsa
2840 1195 2974 1267 legis
2988 1197 3487 1267 typicasanctione:
3504 1201 3809 1258 testimonium

2286 1289 2354 1344 ab
2375 1287 2492 1358 ipso
2511 1288 2808 1344 curationis
2831 1303 3018 1360 opere,
3041 1299 3097 1345 et
3126 1292 3294 1348 verbo
3323 1293 3548 1363 imperii,
3573 1294 3736 1348 saltem
3768 1305 3810 1349 ut

2285 1387 2702 1452 recognosceret
2729 1377 2882 1434 illum
2926 1379 3019 1449 qui
3048 1379 3178 1436 olim
3224 1380 3390 1438 verbo
3415 1392 3598 1438 cuncta
3615 1393 3808 1454 crearat.
3858 1447 3862 1450 ,

2284 1470 2400 1528 Non
2433 1472 2675 1542 quidem,
2705 1471 2854 1527 velut
2882 1471 3048 1543 aliqui
3073 1475 3436 1545 suspicantur,
3465 1474 3587 1531 illud
3629 1475 3810 1547 Moysai-

2284 1577 2408 1618 cum
2434 1562 2649 1617 videtur
2673 1563 3004 1633 approbasse
3020 1564 3368 1629 sacriﬁcium,
3385 1567 3522 1635 quod
3552 1581 3644 1621 nec
3658 1564 3812 1620 Christi

2286 1652 2527 1710 Ecclesia
2580 1655 2811 1712 credidit
2849 1655 3104 1727 deinceps
3157 1655 3490 1714 offerendum
3521 1674 3533 1710 :
3565 1658 3650 1713 sed
3681 1657 3812 1712 solum

2286 1747 2356 1803 ob
2380 1747 2765 1815 testimonium,
2794 1749 3093 1820 praesertim
3125 1764 3251 1805 cum
3293 1749 3518 1806 necdum
3548 1756 3752 1818 coeperat
3771 1747 3815 1802 il-

2210 1821 2259 1882 Β
2287 1837 2377 1894 lud
2406 1848 2654 1896 sanctum
2677 1850 3014 1907 sanctorum,
3037 1857 3240 1913 corpus
3265 1842 3382 1913 ejus
3401 1840 3655 1906 videlicet,
3675 1837 3813 1896 οσωή

2287 1930 2650 1999 sacriﬁcium,
2687 1934 2817 2003 quia
2855 1933 3090 1988 necdum
3116 1933 3171 1986 in
3201 1933 3452 2004 passione
3491 1932 3706 2003 seipsum
3749 1944 3814 1986 re-

2286 2021 2616 2094 demptionis
2643 2032 2843 2080 nostra:
2867 2024 3247 2081 holocaustum
3277 2023 3557 2081 obtulerat.
3581 2021 3813 2093 Propterea

2288 2130 2484 2187 nempe
2512 2116 2741 2172 necdum
2778 2118 3064 2188 oportebat
3103 2118 3310 2174 auferri
3335 2113 3676 2188 signiﬁcantia
3718 2112 3815 2183 legis

2289 2207 2584 2272 sacrificia,
2654 2209 2829 2265 donec
2886 2209 3017 2264 illud
3075 2211 3222 2281 quod
3251 2209 3640 2283 signiﬁcabatur
3683 2213 3817 2261 osten-

2289 2314 2409 2354 sum
2439 2308 2494 2354 et
2515 2300 2894 2356 conﬁrmatum
2919 2311 3066 2358 esset
3111 2319 3177 2358 ex
3212 2302 3519 2374 impletione
3557 2299 3739 2370 operis;
3776 2304 3816 2351 ut

2290 2397 2402 2444 tum
2435 2391 2577 2461 quod
2611 2391 2893 2463 tegebatur
2923 2392 3147 2448 uberius
3189 2393 3297 2448 ﬁde
3350 2391 3685 2454 credentium,
3722 2401 3813 2457 pas-

2290 2482 2460 2538 sionis
2482 2481 2800 2554 ﬁgurisjam
2834 2484 3156 2556 repudiatis,
3189 2484 3396 2541 Christi
3424 2481 3720 2540 sacriﬁcium
3737 2493 3818 2534 am-

2289 2575 2632 2645 plecteretur.

2361 2669 2495 2723 Cum
2522 2678 2698 2724 autem
2729 2669 2991 2726 introisset
3015 2669 3394 2743 Capharnaum
3435 2669 3638 2726 accessit
3656 2666 3715 2722 ad
3733 2681 3818 2720 eum

2291 2762 2547 2828 centurio,
2581 2778 2772 2834 rogans
2817 2779 2936 2817 eum
2965 2774 3012 2818 et
3042 2764 3225 2820 dicens
3275 2765 3492 2838 (Matth.
3535 2777 3648 2827 vm,
3680 2759 3743 2829 5).
3767 2756 3820 2812 De

2290 2869 2398 2924 quo
2433 2869 2563 2909 sane
2593 2853 2710 2910 loco
2742 2853 2916 2911 Lucas
2934 2865 2991 2911 et
3018 2872 3263 2928 praesens
3290 2855 3618 2928 Evangelista
3646 2848 3819 2908 multum

2291 2944 2580 3000 dissentire
2597 2945 2867 3013 videntur,
2922 2945 3246 3019 mdium
3297 2949 3470 3004 Lucas
3518 2946 3666 3020 dicat,
3717 2937 3823 3010 quod

2294 3034 2508 3090 miserit
2533 3035 2600 3090 ad
2629 3049 2750 3090 eum
2782 3036 2944 3107 priusf
2968 3039 3213 3095 seniores
3235 3039 3560 3103 Judaaorum,
3593 3043 3753 3108 petens
3781 3036 3823 3083 ut

2293 3124 2510 3180 veniret
2535 3126 2602 3180 ad
2633 3140 2784 3192 eum,
2811 3137 2868 3182 et
2898 3127 3132 3184 salvaret
3159 3145 3381 3187 servum
3435 3131 3546 3202 ejus
3575 3146 3587 3182 :
3623 3125 3702 3196 qui
3733 3135 3821 3177 cum

2218 3202 2264 3266 C
2297 3217 2594 3284 venissent,
2617 3211 2882 3290 regabant
2901 3236 3025 3276 eum
3059 3222 3324 3291 sollicite,
3358 3225 3596 3280 dicentes
3637 3218 3742 3290 quia
3770 3212 3824 3267 di-

2296 3327 2436 3381 gnus
2465 3323 2583 3378 est,
2632 3322 2694 3368 ut
2727 3313 2833 3370 hoc
2864 3313 2940 3368 illi
2993 3324 3225 3387 praestes
3262 3317 3470 3388 :diligit
3506 3314 3638 3372 enim
3660 3316 3824 3383 gentem

2296 3412 2560 3471 nostram,
2584 3414 2640 3462 et
2674 3421 3000 3479 synagogam
3051 3409 3167 3479 ipse
3199 3411 3362 3466 nobis
3385 3405 3671 3465 aediﬁcavit.
3709 3399 3825 3457 lesus

2297 3508 2477 3554 autem
2505 3498 2617 3554 ibat
2643 3514 2768 3554 cum
2809 3499 2910 3566 eis,
2939 3510 2995 3555 ct
3021 3516 3142 3556 cum
3177 3503 3295 3573 jam
3343 3519 3450 3560 non
3496 3497 3642 3571 longe
3666 3502 3823 3552 esse”

2297 3589 2474 3655 domo,
2515 3589 2667 3644 misit
2690 3591 2759 3644 ad
2783 3606 2908 3646 eum
2938 3607 3126 3646 rursus
3151 3593 3400 3649 centurio
3423 3591 3634 3655 amicos,
3658 3587 3824 3641 dicens:

2297 3680 2547 3747 Domine,
2574 3681 2685 3737 noli
2715 3683 2925 3749 vexari,
2966 3698 3072 3738 non
3103 3684 3253 3740 enim
3282 3687 3475 3756 dignus
3519 3696 3630 3739 sum
3665 3685 3716 3732 ut
3754 3671 3826 3728 sub

2299 3779 2504 3826 tectum
2532 3787 2714 3826 meum
2743 3772 2934 3828 intres.
2962 3771 3191 3846 Propter
3221 3777 3367 3846 quod
3395 3785 3451 3832 et
3490 3773 3726 3844 meipsum
3745 3777 3823 3818 non

2296 3877 2415 3917 sum
2441 3862 2634 3935 dignus
2661 3863 2956 3919 arbitratus
3003 3873 3065 3919 ut
3092 3866 3340 3924 venirem
3394 3868 3462 3924 ad
3507 3875 3579 3933 te,
3609 3872 3658 3920 et
3679 3868 3826 3916 cetera

2303 3953 2458 4026 (Luc.
2483 3971 2580 4020 vn,
2614 3957 2755 4026 1-7).
2780 3955 2950 4011 Porro
2973 3957 3077 4014 hoc
3104 3957 3250 4027 loco,
3280 3961 3424 4030 quod
3451 3960 3563 4031 ipse
3595 3945 3829 4012 accesserit

2297 4047 2364 4102 ad
2389 4061 2537 4113 eum,
2565 4047 2768 4103 dictum
2790 4058 2903 4114 est,
2930 4065 3056 4106 cum
3077 4065 3176 4107 nec
3199 4068 3260 4110 se
3290 4053 3511 4125 dignum
3539 4049 3705 4106 venire
3715 4043 3828 4114 iulia

2293 4138 2499 4194 Lucam
2531 4147 2778 4196 testatur.
2810 4139 2917 4196 Sed
2949 4141 3022 4197 ibi
3057 4140 3351 4201 veritatem
3379 4142 3612 4200 historiae
3633 4137 3710 4194 ille
3736 4145 3829 4206 pro-

2295 4248 2561 4304 sequens;
2595 4233 2884 4291 Matthaaus
2945 4251 3074 4291 vero
3103 4237 3208 4293 hoc
3260 4238 3558 4295 secundum
3601 4222 3832 4290 usitatissi-

2295 4344 2441 4383 mam
2469 4328 2722 4401 loquendi
2755 4331 3204 4389 consuetudinem
3242 4335 3498 4391 asseruit.
3534 4330 3660 4387 Nam
3683 4334 3729 4383 et
3749 4321 3830 4378 LII-

2296 4439 2408 4488 cas,
2437 4424 2593 4494 quasi
2622 4437 2721 4494 per
2751 4425 3208 4494 recordationem,
3233 4428 3434 4484 alicubi
3456 4427 3610 4496 longe
3647 4426 3766 4493 post,
3785 4415 3833 4469 de

2296 4515 2532 4588 leproso,
2563 4531 2686 4586 qua:
2711 4517 2801 4573 hic
2837 4533 2985 4585 mox,
3031 4534 3155 4575 cum
3202 4521 3273 4578 de
3305 4529 3511 4586 monte,
3551 4519 3604 4573 iu
3651 4511 3832 4569 veritate

2296 4610 2442 4667 facta
2496 4595 3173 4679 interseruntur,ledidit;
3225 4615 3296 4670 de
3351 4612 3659 4671 centurione
3706 4614 3834 4657 vero:

2297 4700 2431 4757 Cum
2460 4701 2746 4772 implesset,
2769 4701 2976 4772 inquit,
3023 4703 3200 4758 omnia
3243 4705 3399 4760 verba
3443 4721 3540 4760 sua
3577 4703 3630 4757 in
3666 4691 3836 4752 durib“:

2295 4794 2479 4866 plebis,
2501 4794 2716 4849 intravit
2746 4793 3146 4866 Capltarnaum.
3197 4794 3396 4868 (Ibid.)
3453 4794 3523 4851 Ut
3559 4794 3627 4849 sit
3668 4796 3837 4845 sensus.

2295 4885 2440 4957 quod
2465 4901 2573 4940 non
2627 4896 2752 4940 ante
2783 4885 3094 4952 intraverit,
3139 4903 3303 4959 quam
3333 4888 3520 4944 ﬁniret
3568 4900 3648 4941 ea.
3678 4879 3840 4936 Tamen

2297 4993 2403 5035 non
2439 4976 2751 5048 exprimens
2775 4993 3018 5045 sensum,
3047 4987 3171 5049 post
3190 4987 3456 5050 quantum
3472 4974 3730 5048 temporis,
3756 4979 3842 5022 serv

2299 5084 2458 5125 mone
2483 5068 2718 5139 expleto,
2752 5067 2879 5123 illuc
2908 5069 3214 5124 intraverit.
3242 5069 3324 5126 Eo
3347 5070 3532 5142 itaque
3557 5065 3704 5124 modo
3720 5068 3767 5116 el
3791 5065 3840 5109 ει

2298 5163 2402 5218 hoc
2424 5176 2532 5218 non
2553 5162 2898 5217 dissentiunt.
2932 5161 3132 5218 Volens
3157 5178 3299 5219 unus
3341 5165 3576 5229 edicere,
3619 5155 3734 5230 quid
3777 5162 3842 5204 εε-

2297 5255 2532 5312 cundum
2563 5254 2807 5311 historia:
2831 5255 3149 5323 veritatem;
3189 5256 3328 5312 alter
3354 5270 3506 5322 vero,
3535 5253 3671 5326 quod
3700 5242 3842 5314 malus

2297 5359 2404 5417 est,
2435 5349 2564 5420 quid
2619 5347 2914 5405 secundum
2954 5348 3119 5405 ﬁdem
3160 5348 3366 5405 sentire
3395 5349 3695 5405 debeamus.
3738 5338 3848 5392 Prai-

2298 5443 2489 5500 sertim
2518 5458 2643 5499 cum
2675 5441 3118 5512 perventionem,
3155 5440 3308 5512 cuius
3362 5435 3690 5514 adipiscendi
3716 5437 3847 5487 caust

2301 5535 2538 5606 aliquem
2569 5535 2804 5601 adimus,
2840 5533 3162 5605 plerumque
3217 5533 3452 5590 dicimus
3491 5533 3701 5591 factam,
3749 5520 3848 5575 Ιίοθι

2305 5629 2374 5684 ad
2399 5643 2560 5699 quem
2586 5627 2834 5698 pervenit
2856 5627 3178 5686 nonvideat
3211 5627 3301 5684 ille
3338 5628 3434 5699 qui
3464 5625 3717 5683 audierat,
3749 5620 3848 5671 cum

2307 5738 2408 5794 per
2430 5722 2667 5778 amicum
2687 5721 3019 5793 pervenerit,
3049 5719 3206 5792 cujus
3222 5735 3366 5791 saepe
3409 5721 3465 5776 in
3519 5719 3701 5775 talibus
3726 5710 3848 5765 favor

2215 4572 2270 4632 D

579 5853 584 5856 '
683 5851 709 5879 ι
742 5835 904 5905 Satis,
929 5838 984 5894 id
1010 5845 1116 5902 est,
1142 5837 1366 5894 multum
1387 5839 1570 5906 valde;
1596 5849 1654 5895 ut
1685 5855 1806 5896 cum
1837 5838 2041 5895 Gallice
2067 5839 2264 5895 dicitur
2296 5837 2475 5893 :il'est
2505 5853 2662 5895 Asssz
2686 5835 2882 5903 habile,
2916 5851 3072 5892 ASSEZ
3097 5846 3300 5900 sanant,
3334 5843 3442 5891 etc.
