4016 6360
175 358 282 415 διδ

966 357 1328 417 EXPOSI'I‘IO
1364 357 1437 414 IN
1474 355 1913 418 ΜΑΤΤΗΛΕῙῘΜ.
1955 391 2025 402 -
2062 360 2188 419 LIB.
2229 363 2299 430 ν,
2337 363 2492 425 CAP.
2533 365 2667 424 VIII.

3355 372 3460 430 546

173 483 260 534 est
281 474 647 533 necessarius.
677 474 828 530 Unde
883 473 1045 547 vulgo
1074 491 1194 534 mos
1241 477 1498 543 obtinuit,
1527 485 1588 532 ut
1637 491 1762 548 per-
1788 479 1844 543 Α
1865 491 1967 534 nec
1994 477 2243 536 Christus
2263 489 2471 538 tantam
2493 481 2654 539 ﬁdem
2674 483 2732 539 in
2761 483 2948 552 Israel,
2975 485 3051 540 ita
3075 501 3177 542 nec
3204 502 3304 560 ego
3336 499 3460 545 tan-

174 581 432 628 ventores
457 583 554 625 eos
591 567 945 640 appellemus,
989 583 1088 638 per
1117 583 1254 639 quos
1295 570 1594 640 potentium
1643 570 1763 625 ani-

1869 577 1980 624 tam
2007 569 2062 624 in
2090 570 2170 626 eis
2197 573 2518 643 sapientiam
2554 574 2800 630 invenire
2819 576 2990 646 potui.
3021 575 3091 632 Et
3119 579 3262 648 quod
3285 579 3360 635 illi
3389 595 3458 637 ex

173 675 316 726 mos,
337 661 464 716 licet
495 657 919 725 inaccessibiles,
946 675 1303 730 personarum
1328 661 1762 732 interpositione,
1867 660 2016 716 omni
2045 660 2252 718 fabrica
2273 665 2462 721 mundi
2491 665 2852 736 nequiverant
2877 667 3196 740 intelligere,
3221 671 3324 727 hoc
3353 671 3458 730 iste

174 753 324 825 quasi
361 751 678 808 ambitionis
719 758 862 818 arte,
897 752 1277 824 pertingimus.
1327 753 1544 821 Quanto
1590 754 1765 826 magis

175 848 316 903 hunc
342 860 442 916 per
469 844 675 900 amicos
717 845 1016 900 accessisse
1065 855 1212 902 recte
1237 846 1456 914 dicitur,
1507 847 1600 918 qui
1644 848 1766 920 plus

173 938 429 994 omnibus
446 945 762 994 accesserat
784 952 884 1007 per
913 936 1107 1004 ﬁdem;
1143 938 1302 1010 juxta
1330 939 1472 1008 quod
1505 940 1764 1011 scriptum

170 1038 254 1087 est
302 1047 318 1086 :
375 1031 620 1086 Accedite
686 1029 757 1086 ad
819 1047 936 1085 eum
963 1071 979 1098 ,
1031 1039 1079 1086 et
1144 1031 1524 1087 illuminamini
1587 1031 1760 1103 (Psal.

172 1140 371 1192 xnm,
397 1125 478 1197 5).
537 1123 791 1190 Proinde,
845 1125 971 1196 quia
1035 1125 1196 1182 ﬁdem
1242 1126 1611 1198 (centurionis,
1659 1143 1763 1198 qua

173 1231 298 1274 vere
328 1217 396 1272 ad
419 1218 594 1273 Deum
619 1218 849 1289 quisque
894 1218 1123 1285 accedit,
1168 1219 1246 1274 ita
1273 1217 1390 1290 ipse
1435 1220 1678 1275 laudavit
1705 1230 1766 1277 ut

173 1313 383 1369 diceret
412 1329 427 1366 :
464 1311 590 1367 Non
619 1312 795 1368 inveni
819 1321 1021 1368 tantam
1052 1313 1212 1384 ﬁdem
1244 1315 1300 1369 in
1341 1312 1512 1368 Israel
1543 1312 1757 1386 (Matth.

169 1419 289 1468 viti,
313 1403 424 1474 10).
443 1403 785 1475 Evangelista
803 1405 987 1476 potius
999 1407 1297 1462 accessisse
1312 1406 1381 1462 ad
1393 1405 1668 1462 Christum
1685 1407 1765 1462 di-

171 1509 294 1552 cere
308 1496 497 1562 voluit,
513 1512 679 1568 quam
693 1497 814 1554 illos
823 1511 923 1569 per
934 1514 1071 1570 quos
1091 1500 1256 1556 verba
1271 1515 1365 1556 sua
1381 1500 1628 1557 miserat.
1646 1499 1762 1556 Hoc

173 1589 372 1661 quippe
405 1589 578 1645 Lucas
624 1590 956 1664 intelligens,
981 1593 1299 1650 historica'm
1315 1593 1600 1649 veritatem
1625 1608 1760 1649 con-

174 1681 366 1746 texuit,
393 1691 453 1736 ut
472 1683 538 1736 ad
556 1681 713 1738 ﬁdem
730 1691 782 1738 te
810 1683 1128 1752 reduceret,
1151 1684 1605 1756 quemadmodum
1627 1685 1762 1742 alius

168 1773 365 1829 dixerit
376 1775 696 1840 accessisse,
712 1775 804 1846 qui
822 1777 1045 1834 omnino
1061 1773 1278 1834 mentiri
1292 1793 1399 1833 non
1414 1779 1589 1848 potuit
1605 1777 1757 1850 (Luc.

1864 752 1921 807 in
1951 768 2060 808 uno
2089 768 2256 824 parvo
2284 757 2606 826 corpusculo
2634 765 2808 812 totum
2837 757 3212 829 deprehendit,
3240 770 3296 817 et
3323 760 3460 818 divi-

1865 842 2052 899 nitatis
2093 845 2482 917 plenitudinem
2509 847 2672 921 5.02
2704 850 2758 905 in
2787 865 2852 906 eo
2879 851 3275 909 iubabitantem
3319 870 3461 926 pra:-

1866 936 2054 992 sensit.
2108 937 2428 994 Accesserat
2462 940 2718 994 nimirum
2771 942 2840 996 ad
2874 957 2998 997 eum
3055 943 3312 1010 Verbum,
3357 961 3458 1016 per

1865 1029 2009 1097 quod
2036 1029 2179 1085 Deus
2203 1030 2367 1085 Pater
2393 1041 2589 1087 cuncta
2622 1042 2943 1100 creaverat;
2980 1050 3088 1090 non
3127 1035 3452 1106 prolativum

1865 1119 2105 1190 quidem,
2147 1121 2244 1178 sed
2271 1123 2740 1180 consubstantiale
2767 1133 2823 1180 et
2867 1134 3217 1182 coaeternum.
3249 1128 3457 1186 Idcirco

1867 1221 2060 1283 rogat:
2090 1212 2191 1267 Dic
2238 1215 2425 1282 verbo;
2469 1218 2596 1288 quia
2645 1217 2890 1287 profecto
2935 1231 3259 1290 cooperator
3304 1220 3456 1278 Patri

1865 1302 2037 1359 Filius
2065 1319 2081 1358 :
2114 1313 2164 1359 et
2199 1305 2341 1362 sicut
2381 1321 2480 1378 per
2525 1322 2648 1363 eum
2684 1308 2845 1364 Pater
2873 1313 3056 1366 omnia
3081 1312 3167 1368 vel
3196 1313 3326 1368 dicit
3370 1312 3456 1369 vel

1864 1394 2012 1461 facit,
2047 1396 2123 1452 ita
2154 1397 2270 1467 ipse
2299 1413 2420 1453 cum
2450 1413 2517 1454 eo
2537 1413 2636 1470 per
2662 1415 2721 1457 se
2747 1411 3006 1473 operatur
3026 1413 3082 1459 et
3099 1403 3270 1474 jubet.
3299 1405 3455 1473 Quod

1863 1490 1952 1546 hic
1982 1498 2130 1546 recte
2160 1491 2466 1562 intelligens
2497 1511 2510 1547 :
2539 1492 2660 1561 Dic,
2690 1493 2884 1565 inquit,
2913 1496 3090 1564 verbo,
3118 1512 3186 1552 ex
3219 1506 3308 1552 tua
3339 1497 3452 1554 sci-

1863 1581 1990 1640 licet
2021 1585 2607 1654 consubstantialitate,
2646 1586 2774 1658 quia
2820 1589 3047 1645 verbum
3087 1598 3142 1646 et
3186 1591 3453 1661 sapientia

1861 1693 1921 1732 es
1967 1677 2060 1732 Dei
2113 1676 2290 1734 Patris
2324 1697 2336 1733 :
2370 1679 2636 1751 sapientia
2687 1689 2868 1736 autem
2913 1684 3121 1739 sanitas
3169 1692 3255 1739 est
3300 1685 3452 1740 orbis

1865 1780 2154 1826 terrarum.
2203 1771 2268 1825 Et
2307 1787 2433 1826 mox
2482 1771 2728 1844 profecto
2777 1776 3056 1830 sanabitur
3107 1791 3244 1846 puer
3282 1791 3454 1832 meus.

167 1870 412 1942 vim“).
430 1869 523 1926 Sic
536 1872 681 1927 enim
702 1879 758 1928 et
773 1872 968 1929 mulier
989 1872 1103 1939 illa,
1121 1887 1242 1944 quae
1256 1871 1534 1944 sanguinis
1551 1870 1753 1926 ﬂuxum
1784 1857 1835 1920 Β
1862 1862 2111 1919 Eﬁicacia
2131 1864 2279 1920 enim
2309 1865 2459 1921 verbi
2497 1867 2756 1938 pertingit
2781 1870 2850 1923 ad
2876 1871 3080 1933 omnia,
3112 1877 3167 1924 et
3193 1869 3313 1926 ideo
3345 1869 3456 1926 noli

168 1961 494 2030 patiebatur,
525 1963 717 2034 magis,
761 1963 888 2020 licet
918 1963 1188 2020 ﬁmbriam
1239 1973 1520 2036 tangeret,
1565 1963 1753 2019 Domi-

169 2068 300 2108 num
338 2053 498 2128 ωι
551 2056 798 2129 tetigisse
837 2056 1054 2121 dicitur,
1107 2071 1271 2128 quam
1313 2057 1489 2112 turba.
1529 2055 1758 2128 Propter

175 2145 320 2218 quod
341 2162 442 2202 nec
465 2147 657 2203 mirum
679 2149 724 2204 si
747 2149 921 2221 magis
941 2149 1238 2206 accessisse
1267 2150 1355 2206 hic
1376 2149 1619 2205 creditur
1637 2149 1756 2219 qui,

184 2246 240 2293 et
259 2252 360 2308 per
382 2239 538 2294 ﬁdem
557 2239 866 2311 plurimmn,
892 2250 947 2296 et
969 2251 1156 2312 postea
1181 2257 1301 2297 cum
1325 2241 1663 2312 pervenisset
1689 2242 1757 2297 ad

177 2330 423 2396 domum,
469 2334 613 2387 omni
640 2332 926 2390 devotione
953 2334 1173 2406 supplex
1209 2336 1468 2400 occurrit,
1501 2345 1556 2389 et
1577 2343 1758 2390 mente

167 2432 314 2478 totus
338 2425 587 2481 accessit.
630 2427 709 2483 Eo
758 2428 923 2498 igitur
951 2429 1124 2500 magis
1163 2428 1415 2494 accessit,
1455 2442 1563 2498 quo
1586 2427 1760 2499 magis

163 2515 415 2570 credidit.
441 2516 779 2589 thuidquid
797 2519 1118 2575 humilitatis
1136 2533 1199 2575 ac
1214 2517 1518 2574 devotionis
1533 2518 1762 2588 pruden-

165 2606 373 2664 tissime
399 2608 698 2676 mandavit,
717 2609 836 2666 sine
863 2611 1046 2677 dubio,
1077 2611 1204 2667 licet
1219 2610 1446 2666 alterius
1464 2626 1532 2666 ex
1559 2610 1758 2677 oﬁicio,

164 2704 310 2755 totus
324 2713 432 2754 non
454 2701 637 2756 minus
659 2703 924 2758 sententia
944 2702 1338 2759 obsecrationis
1371 2717 1532 2773 quam
1549 2702 1655 2758 ﬁde
1675 2717 1762 2758 re-

164 2785 376 2862 ligionis
401 2794 654 2860 accessit,
677 2793 862 2850 dicens
883 2795 956 2850 ita
994 2809 1009 2849 :
1045 2793 1288 2860 Domine,
1305 2811 1436 2866 puer
1460 2811 1606 2849 meus
1628 2794 1762 2864 iacet

161 2880 488 2952 paralyticus
527 2884 583 2938 in
611 2884 792 2951 domo,
825 2895 872 2938 et
901 2884 1040 2940 male
1067 2895 1358 2956 torquetur.
1408 2884 1558 2940 Multi
1589 2886 1641 2940 in
1673 2885 1764 2941 illo

165 2981 419 3043 tempore,
452 2989 554 3044 pro
594 2974 822 3030 diversis
855 2976 1121 3046 rogabant
1159 2975 1586 3040 inﬁrmitatibus,
1627 2975 1765 3032 alius

165 3078 264 3133 pro
292 3076 373 3129 se,
408 3063 550 3120 alius
581 3079 684 3134 pro
709 3065 821 3120 ﬁlio
847 3073 939 3120 aut
970 3066 1102 3132 ﬁlia,
1129 3065 1270 3122 alius
1297 3081 1398 3138 pro
1425 3066 1532 3122 alio
1561 3065 1762 3136 aliquo,

160 3156 340 3213 nullus
365 3164 550 3214 tamen
576 3158 774 3230 legitur
815 3174 913 3230 pro
945 3173 1128 3226 servo,
1160 3159 1266 3214 nisi
1296 3159 1442 3214 solus
1487 3161 1613 3225 iste,
1647 3166 1755 3212 tam

1857 1970 2056 2011 vexare
2108 1971 2324 2026 corpus,
2349 1957 2496 2028 quod
2545 1973 2734 2013 verum
2767 1974 2887 2016 esse
2931 1959 3212 2017 conﬁteor.
3263 1959 3451 2033 Neque

1856 2049 2002 2104 enim
2033 2057 2090 2103 te
2120 2049 2462 2118 passionihus
2483 2059 2540 2106 et
2571 2049 2756 2108 labore
2783 2052 2966 2108 carnis
2989 2051 3207 2124 fatigari
3234 2062 3452 2124 exopto,

1859 2156 1996 2212 quas
2021 2149 2074 2196 te
2095 2155 2196 2212 pro
2222 2141 2378 2197 nobis
2406 2143 2710 2214 suscepisse
2732 2145 2948 2216 penitus
2969 2162 3075 2202 non
3107 2147 3328 2217 ignoro;
3361 2148 3456 2204 sed

1858 2229 2140 2301 majestate
2178 2231 2416 2301 operari,
2447 2231 2699 2290 videlicet
2724 2234 2876 2290 verbi
2905 2236 3167 2306 potentia.
3201 2236 3339 2304 Quia
3390 2237 3446 2293 in

1859 2337 1967 2378 una
1999 2321 2296 2392 eademque
2325 2337 2559 2392 persona
2585 2324 2720 2381 ﬁdes
2757 2340 2878 2382 mea
2905 2327 3036 2382 mihi
3065 2327 3233 2382 Deum
3262 2335 3318 2382 et
3353 2328 3454 2384 ho-

1860 2413 2062 2469 minem
2105 2414 2382 2484 praedicat.
2434 2413 2546 2472 Nec
2591 2417 2749 2484 ideo,
2783 2419 2928 2474 sicut
2975 2419 3194 2489 quidam
3231 2420 3450 2476 haereti-

1861 2519 2069 2572 corum,
2101 2507 2236 2562 duas
2268 2523 2526 2578 personas
2574 2509 2752 2574 docet,
2797 2510 2893 2565 sed
2921 2510 3029 2576 dic,
3059 2510 3257 2580 inquit,
3302 2511 3456 2565 verbo

1863 2595 2093 2667 (scilicet
2119 2598 2404 2669 majestate
2435 2598 2549 2669 tua)
2578 2610 2626 2654 et
2652 2601 2931 2655 sanabitur
2971 2617 3103 2671 puer
3151 2618 3318 2656 meus.
3349 2601 3450 2657 Cui

1863 2687 2122 2744 Dominus
2146 2707 2159 2744 :
2190 2689 2326 2760 Ego,
2349 2690 2543 2762 inquit,
2566 2692 2794 2758 veniam,
2815 2702 2862 2746 et
2885 2692 3080 2746 curabo
3099 2709 3238 2747 eum.
3262 2692 3457 2748 Mirum

1862 2782 2022 2852 ergo!
2053 2796 2180 2837 ecce
2227 2781 2456 2838 oﬁ‘ertur
2479 2783 2532 2838 ei
2555 2783 2700 2853 quod
2726 2783 2840 2855 ipse
2869 2799 2976 2840 non
3001 2783 3190 2856 exigit.
3231 2784 3457 2840 Cuidam

1864 2879 2045 2926 autem
2095 2872 2282 2944 regulo
2330 2873 2574 2944 poscenti
2622 2884 2682 2930 ut
2723 2875 3104 2943 descenderet,
3136 2876 3453 2947 priusquam

1865 2973 2169 3020 moreretur
2203 2966 2345 3022 ﬁlius
2393 2965 2532 3036 ejus,
2563 2966 2788 3023 omnino
2833 2967 3151 3039 denegatur.
3201 2967 3457 3040 Nunquid

1866 3074 1996 3131 ergo
2024 3074 2378 3131 personarum
2407 3070 2663 3131 acceptor
2691 3069 2776 3122 est
2802 3059 2966 3128 Deus,
2994 3062 3300 3132 praesertim
3329 3078 3454 3118 cum

1867 3151 1958 3207 ille
2003 3151 2244 3222 regulus,
2298 3151 2383 3208 hic
2435 3153 2680 3208 centurio
2717 3151 2886 3208 fuisse
2929 3152 3196 3224 legatur?
3245 3152 3444 3208 Absit!

157 3248 480 3320 suppliciter
517 3227 1089 3305 exorasse—Audiam
1116 3265 1247 3322 ergo
1294 3250 1488 3316 nostri,
1513 3251 1604 3319 qui
1652 3250 1753 3304 ali-
1784 3227 1831 3290 (ἶ
1859 3244 2111 3314 Alioquin
2149 3244 2470 3301 honoratius
2494 3254 2616 3301 erat
2639 3246 2722 3302 ire
2767 3245 2835 3300 ad
2887 3245 3108 3302 domum
3157 3245 3352 3318 reguli,
3403 3254 3459 3301 et

157 3343 378 3412 quando
398 3357 506 3397 nou
526 3341 700 3398 solum
721 3357 820 3414 pro
833 3342 950 3398 suis
972 3357 1082 3398 non
1106 3351 1300 3416 rogant
1325 3343 1498 3399 servis
1522 3359 1592 3400 ne
1614 3342 1757 3401 male
1856 3337 2100 3409 poscenti
2130 3337 2392 3404 tribuere,
2435 3352 2600 3408 quam
2647 3337 2717 3416 ad
2747 3337 2965 3394 domum
3011 3337 3368 3405 centurionis,
3398 3348 3452 3394 et

156 3439 546 3503 torqueantur;
577 3433 672 3490 sed
701 3434 800 3505 ipsi
845 3433 1090 3490 crudeles
1119 3435 1255 3490 ﬁunt
1281 3451 1347 3492 ac
1370 3436 1594 3506 pessimi
1639 3445 1753 3492 tor-

159 3532 328 3590 tores,
355 3525 432 3579 ita
459 3534 520 3581 ut
567 3525 837 3582 interdum
889 3527 1106 3599 gravius
1148 3529 1398 3586 videatur
1443 3531 1542 3585 sub
1589 3547 1754 3588 manu

159 3629 348 3670 eorum
391 3616 619 3684 servire,
645 3631 807 3688 quam
832 3619 936 3675 sub
981 3634 1145 3674 manu
1193 3635 1550 3692 paganorum.
1605 3621 1754 3678 Didi-

153 3715 310 3762 cerat
327 3707 471 3762 enim
488 3707 600 3778 jam
621 3709 724 3766 iste
748 3710 1052 3766 doctrinam
1089 3712 1319 3783 apostoli
1348 3730 1360 3767 :
1387 3711 1540 3768 Servi
1559 3713 1754 3769 subditi

150 3795 214 3850 in
239 3797 385 3851 omni
409 3799 590 3853 timore
611 3800 836 3856 dominis
858 3800 910 3874 (Ι
935 3799 1084 3856 Petr.
1115 3818 1177 3868 ll,
1205 3801 1318 3873 I8),
1348 3811 1397 3857 et
1420 3803 1622 3858 obedile
1648 3821 1752 3859 non

159 3888 234 3942 ad
262 3889 476 3943 oculum
505 3893 775 3947 servientes
795 3892 1012 3965 (Ephes.
1046 3909 1123 3958 vi,
1149 3893 1228 3967 6),
1265 3894 1482 3949 scientes
1502 3895 1752 3964 quoniam

155 3994 330 4033 unum
356 3977 635 4036 Dominum
666 3983 721 4037 in
747 3983 888 4038 catis
912 3985 1112 4039 habetis
1136 3983 1362 4056 (Coloss.
1390 4000 1466 4049 tv,
1491 3986 1565 4055 1).
1601 3985 1750 4043 Scie-

148 4071 250 4126 bat
284 4088 416 4145 ergo
469 4075 612 4130 hunc
657 4091 998 4134 communem
1055 4079 1342 4135 Dominum
1403 4094 1522 4135 esse
1565 4077 1749 4136 Jesum

148 4167 465 4235 Christum;
493 4179 548 4226 et
574 4171 696 4227 ideo
720 4172 911 4243 plenus
953 4174 1058 4230 ﬁde
1100 4191 1164 4232 ac
1207 4177 1498 4244 charitate,
1522 4177 1750 4234 devotus

151 4277 254 4331 pro
282 4276 550 4319 conservo
591 4273 766 4335 rogat.
802 4264 911 4322 Nec
955 4283 1090 4323 sane
1117 4268 1270 4324 illum
1296 4270 1364 4326 ad
1393 4285 1516 4325 eum
1546 4269 1746 4335 attulit,

145 4356 278 4424 quia
305 4356 570 4413 credebat
593 4358 834 4429 perfecte
859 4360 1038 4430 ipsum
1063 4361 1263 4432 ubique
1284 4373 1607 4433 praesentem
1633 4378 1748 4420 om-

143 4454 235 4506 nia
271 4467 454 4523 posse.
506 4454 614 4510 Sed
648 4470 824 4526 neque
851 4455 978 4512 illuc
1005 4471 1130 4513 eum
1162 4457 1349 4513 venire
1383 4467 1560 4530 rogat,
1583 4473 1744 4529 quem

142 4560 420 4616 nusquam
473 4547 662 4604 deesse
707 4548 937 4604 credidit
983 4548 1286 4618 majestate,
1321 4551 1570 4620 quamvis
1615 4566 1739 4606 eum

139 4652 316 4694 carne
344 4638 591 4695 localiter
607 4640 832 4696 vidisset
860 4650 1295 4696 conversantem.
1333 4641 1461 4698 Inde
1488 4641 1742 4696 nimirum

143 4746 348 4802 magna
371 4739 457 4787 est
483 4732 600 4801 ejus
645 4732 800 4798 ﬁdes,
826 4741 884 4788 et
923 4732 1140 4789 excellit
1167 4733 1411 4789 omnium
1441 4731 1624 4800 ﬁdem,
1648 4733 1740 4803 qui

167 4837 280 4877 unc
304 4825 567 4894 temporis
608 4834 762 4880 erant
795 4825 849 4880 in
890 4825 1074 4882 Israel.
1123 4825 1235 4882 Nec
1263 4835 1440 4881 tamen
1468 4826 1610 4882 nuda
1655 4826 1741 4882 vel

135 4924 381 4981 mortua,
406 4918 500 4974 sed
531 4918 669 4974 ﬁdes
696 4935 817 4989 quae
859 4935 957 4990 per
991 4919 1338 4976 dilectionem
1367 4919 1516 4975 circa
1563 4919 1736 4975 Deum

133 5015 198 5062 et
243 5007 558 5077 proximum
587 5007 801 5065 fortiter
824 5010 1176 5080 operabatur,
1205 5024 1411 5080 augens
1452 5009 1555 5065 sibi
1601 5026 1741 5081 prae-

133 5098 317 5153 mium
345 5099 415 5154 de
460 5114 591 5155 cura
616 5102 888 5158 conservi.
935 5100 1220 5158 Manifeste
1246 5117 1483 5173 namque
1515 5112 1742 5158 noverat

131 5192 352 5252 Christi
395 5195 717 5266 potentiam,
744 5197 888 5266 quod
937 5211 1040 5252 nec
1073 5196 1192 5253 loco
1237 5196 1599 5263 concluditur,
1642 5213 1743 5255 nec

133 5285 253 5344 ﬁne
286 5287 630 5354 terminatur,
654 5289 748 5344 sed
782 5289 980 5360 ubique
1010 5289 1194 5360 pollet.
1223 5289 1450 5354 Idcirco,
1477 5290 1619 5346 sicut
1641 5306 1742 5347 nec

133 5379 338 5434 venire
361 5378 515 5434 illum
537 5394 763 5436 necesse
784 5381 853 5436 ad
878 5396 1000 5437 eum
1025 5382 1277 5448 credidit,
1303 5382 1380 5438 ita
1407 5398 1506 5438 nec
1528 5382 1743 5439 deferre

129 5469 412 5527 famulum
440 5485 508 5528 ex
533 5471 696 5529 domo
723 5474 791 5528 ad
830 5488 954 5529 eum
996 5475 1222 5544 putavit.
1271 5473 1377 5529 Sed
1408 5475 1513 5538 die,
1545 5474 1740 5544 inquit,

127 5565 321 5629 uerbo,
343 5573 394 5618 et
412 5564 690 5619 sanabitur
709 5581 841 5636 puer
869 5581 1035 5620 meus.
1065 5564 1186 5633 Quo
1209 5580 1334 5622 mox
1359 5581 1548 5621 revera
1573 5567 1741 5623 verbo

125 5656 452 5721 sanabitur,
485 5656 610 5727 quia
639 5657 807 5714 verbo
833 5657 1047 5714 Domini
1081 5657 1202 5712 caeli
1251 5657 1452 5712 ﬁrmati
1480 5667 1626 5713 sunt.
1675 5659 1744 5716 Et

124 5751 278 5806 mira
312 5749 564 5807 doctrina
591 5749 943 5806 centurionis.
991 5748 1191 5807 Fateor
1217 5749 1395 5820 plane,
1423 5749 1492 5804 ab
1519 5749 1742 5815 ineunte

125 5853 302 5898 aetate
325 5884 342 5910 ,
387 5857 744 5915 quoscunque
773 5842 953 5914 legere
997 5842 1149 5915 potui
1182 5842 1530 5915 philosophos
1551 5884 1568 5912 ,
1599 5845 1742 5903 sicut

1767 4603 1822 4664 D

1857 3429 2130 3486 recusanti
2159 3429 2378 3487 oﬁ'erre.
2411 3429 2518 3486 Sed
2547 3415 2766 3488 ﬁdes‘in
2795 3446 2960 3488 causa
2989 3442 3094 3488 est.
3121 3432 3219 3489 Ille
3245 3441 3306 3488 ut
3327 3447 3454 3488 eru-

1855 3521 2036 3578 diatur
2063 3522 2158 3592 qui
2185 3523 2416 3578 credidit
2445 3538 2572 3578 eum
2598 3538 2706 3580 non
2741 3537 2901 3594 posse
2927 3524 3207 3580 absentem
3238 3539 3453 3592 curare,

1853 3631 1979 3673 cum
2019 3626 2165 3672 esset
2192 3618 2394 3688 ubique
2426 3626 2591 3684 totus,
2620 3625 2677 3672 et
2719 3627 3043 3689 praesentem
3081 3617 3275 3674 adesse
3301 3617 3450 3686 ﬁlio;

1854 3710 1958 3766 iste
1992 3726 2120 3767 vero
2146 3721 2205 3766 ut
2241 3719 2563 3767 exerceatur
2591 3713 2660 3768 ad
2703 3711 2992 3783 ampliora,
3020 3721 3076 3768 et
3098 3712 3256 3769 nobis
3300 3714 3459 3770 inno-

1853 3811 2027 3860 tescat
2049 3804 2270 3876 quantis
2310 3805 2691 3875 praemineret
2719 3805 3034 3872 virtutibus,
3058 3807 3126 3863 ad
3152 3821 3316 3878 quem
3347 3807 3454 3864 Do-

1853 3897 2034 3953 minus
2080 3896 2311 3953 libenter
2338 3897 2420 3953 ire
2461 3897 2742 3968 gauderet.
2790 3897 3015 3954 Discant
3047 3898 3211 3972 igitur
3237 3913 3302 3954 ex
3351 3899 3454 3956 hoc

1852 3991 1971 4049 loco
2021 3992 2329 4050 imitatores
2357 3991 2562 4049 Christi
2604 3991 2799 4048 altiora
2845 3993 3028 4048 saeculi
3080 4000 3450 4060 contemnere,

1850 4094 1908 4141 et
1937 4085 2160 4142 humilia
2187 4085 2406 4152 sectari,
2433 4101 2559 4142 cum
2587 4085 2855 4143 Dominus
2881 4086 2950 4142 ad
2974 4085 3141 4141 ﬁlium
3173 4086 3346 4158 reguli
3372 4087 3453 4143 ire

1851 4177 2150 4244 distulerit,
2181 4186 2237 4233 et
2260 4177 2328 4233 ad
2353 4192 2571 4233 servum
2599 4178 2936 4234 centurionis
2959 4193 3088 4234 mox
3111 4178 3300 4233 venire
3324 4193 3453 4233 con-

1850 4272 2047 4338 sensit,
2081 4281 2142 4328 ut
2167 4279 2224 4328 et
2251 4272 2354 4328 iste
2383 4273 2664 4344 probetur,
2687 4281 2744 4327 et
2774 4280 2959 4328 nostra
3003 4287 3072 4327 ex
3105 4287 3172 4327 eo
3200 4270 3452 4344 superbia

1850 4364 2182 4434 reprimatur
2217 4381 2232 4419 :
2269 4363 2514 4431 Domine,
2537 4364 2734 4436 inquit,
2766 4381 2872 4420 non
2893 4381 3012 4420 sum
3055 4365 3247 4436 dignus
3274 4375 3330 4420 ut
3365 4365 3452 4420 in-

1849 4466 1953 4512 tres
1983 4457 2078 4511 sub
2110 4466 2308 4512 lectum
2336 4473 2533 4511 meum.
2570 4457 2662 4514 Sic
2688 4457 2945 4512 nimirum
2980 4457 3159 4513 omnis
3184 4472 3243 4513 se
3273 4457 3450 4513 humi-

1851 4549 1971 4618 liat,
1997 4551 2088 4621 qui
2111 4550 2449 4606 divinitatem
2470 4549 2676 4605 Christi
2696 4558 3022 4620 praesentem
3048 4549 3192 4606 ferre
3220 4565 3328 4606 non
3355 4564 3448 4605 va-

1846 4644 1938 4699 let.
1984 4643 2120 4700 Hinc
2156 4641 2368 4715 Moyses
2407 4655 2473 4697 ex
2497 4640 2764 4712 colloquio
2793 4640 2910 4709 Dei,
2940 4643 3040 4698 etsi
3080 4658 3177 4714 per
3215 4642 3445 4714 aenigma

1846 4737 2132 4807 loquatur:
2158 4734 2282 4789 Non
2297 4751 2436 4800 sum,
2469 4734 2666 4806 inquit,
2689 4734 2938 4801 Domine,
2971 4733 3216 4807 eloquens
3241 4752 3332 4789 seu
3356 4736 3443 4788 di-

1845 4848 1978 4902 gnus
2000 4830 2067 4885 ab
2087 4830 2200 4884 heri
2220 4839 2269 4884 et
2292 4827 2488 4883 nudius
2509 4828 2717 4894 tertius,
2739 4845 2802 4883 ea:
2824 4845 2926 4900 quo
2948 4829 3147 4900 accpisti
3165 4828 3308 4899 loqui
3326 4843 3446 4882 cum

1845 4938 1994 4978 servo
2035 4929 2126 4974 tuo
2155 4918 2354 4993 (Exod.
2405 4917 2626 4992 Iv;10).
2667 4918 2805 4976 Hinc
2823 4918 3119 4986 Abraham,
3149 4934 3209 4974 se
3242 4927 3445 4976 terram

1846 5028 1912 5069 ac
1943 5012 2184 5068 cinerem
2232 5025 2418 5066 coram
2463 5009 2690 5083 Domino
2721 5010 2923 5066 fatetur
2955 5008 3109 5081 (Gen.
3143 5024 3300 5074 xviii,
3325 5009 3442 5080 27).

1852 5101 1960 5158 Sed
2000 5109 2056 5156 et
2103 5099 2205 5157 Job
2229 5108 2353 5171 post
2395 5100 2683 5165 visionem,
2726 5101 2780 5155 in
2819 5099 3000 5154 favilla
3025 5107 3080 5153 et
3107 5099 3292 5154 cinere
3319 5113 3446 5169 pro-

1852 5195 2018 5252 mittit
2075 5208 2136 5251 se
2170 5208 2430 5266 peragere
2461 5192 2625 5266 503
2652 5191 3029 5263 paenitentiam
3059 5187 3182 5260 (Job
3207 5204 3338 5257 uti,
3362 5189 3441 5262 6).

1849 5287 2014 5358 Cujus
2039 5296 2095 5345 et
2121 5288 2234 5361 ipse
2259 5287 2453 5343 Petrus
2473 5284 2738 5340 miraculo
2766 5290 3066 5354 permotus,
3089 5279 3358 5336 exclamat
3387 5282 3444 5338 in

1848 5390 2073 5452 captura
2094 5379 2320 5452 piscium
2346 5392 2362 5431 :
2391 5377 2496 5432 Exi
2517 5395 2548 5431 a
2572 5393 2676 5442 me,
2699 5374 2948 5440 Domine,
2972 5373 3099 5445 quia
3133 5374 3290 5427 homo
3319 5390 3440 5442 pec-

1849 5483 1999 5528 cator
2019 5488 2135 5528 sum
2164 5468 2317 5542 (Luc.
2350 5484 2401 5533 v,
2429 5467 2508 5539 8).
2534 5466 2739 5522 Tamen
2765 5465 2854 5520 hic
2875 5479 2982 5520 non
3013 5480 3044 5518 a
3075 5479 3135 5521 se
3155 5463 3442 5521 Dominum

1849 5565 2080 5638 repellit,
2109 5563 2204 5620 sed
2242 5562 2443 5617 fatetur
2491 5558 2636 5630 quod
2665 5573 2776 5613 non
2825 5557 2900 5613 sit
2927 5556 3122 5628 dignus
3167 5567 3228 5613 ut
3274 5559 3442 5614 intret

1847 5660 1947 5718 sub
1976 5666 2180 5715 tectum
2209 5654 2346 5724 ejus,
2375 5662 2430 5708 et
2475 5651 2625 5706 verbi
2661 5651 3002 5723 majestatem
3033 5652 3088 5707 in
3139 5668 3205 5709 eo
3242 5653 3441 5724 plenis-

1846 5752 1984 5808 sime
2033 5750 2340 5806 conﬁtetur.
2394 5744 2651 5817 lmplorat
2675 5746 2820 5801 enim
2867 5746 3169 5815 absentem,
3198 5756 3257 5803 ut
3303 5763 3442 5819 prae-

1845 5851 2057 5902 sentem
2083 5856 2144 5900 se
2171 5841 2432 5907 insinuet,
2457 5836 2614 5910 cujus
2639 5839 2960 5898 indeﬁciens
2997 5841 3289 5912 praesentia
3321 5839 3440 5895 ubi-
