4000 6362
568 335 672 391 387

1381 332 1440 390 8.
1474 331 1834 390 PASCHASII
1871 329 2222 388 RADBERTI
2261 331 2554 388 ABBATIS
2591 329 3039 388 COllBEIENSlS

3748 339 3847 400 548

567 464 672 522 que
697 449 872 513 adest,
901 456 956 503 et
992 446 1234 517 potentia
1259 446 1440 502 omnia
1473 445 1726 516 complet.
1761 446 1897 501 Tum
1925 446 2156 516 denique
2182 448 2230 508 Α
2259 459 2499 515 poenam,
2517 447 2560 500 si
2587 453 2946 517 torqueretur,
2974 455 3152 502 tamen
3177 449 3401 518 addidit,
3428 453 3584 520 male,
3611 456 3678 510 ad
3705 473 3847 515 com-

567 541 762 597 altiora
805 552 1128 610 promovens
1157 577 1172 603 ,
1213 535 1340 593 licet
1389 536 1624 602 occulte,
1651 537 1720 592 dc
1765 553 1864 594 suo
1909 537 2156 608 exemplo

568 627 942 688 manifestiora
975 629 1150 693 docet,
1178 627 1320 699 quod
1360 627 1672 698 angelorum
1707 629 1965 698 obsequio
1991 628 2154 682 etiam

570 723 804 780 humana
829 729 1106 778 curantur.
1139 719 1280 774 Nam
1317 730 1366 774 et
1391 737 1484 791 ego
1509 721 1663 776 homo
1685 737 1823 786 sum,
1851 721 2154 792 inquit,sub

571 823 826 886 potestate
856 813 1191 878 constitutus,
1214 811 1411 867 habens
1443 813 1538 868 sub
1563 829 1644 866 me
1681 812 1871 868 milites
1899 829 1916 878 ;
1950 823 1998 867 et
2039 814 2156 868 dico

567 909 688 962 huic
702 922 721 961 .'
749 906 911 975 Vade,
925 921 972 963 et
990 909 1152 973 vadit;
1167 917 1214 962 et
1231 908 1358 963 alii:
1383 907 1532 974 Veni,
1550 918 1595 962 et
1617 909 1748 963 venit
1767 927 1784 974 ;
1801 919 1847 964 et
1860 926 2004 964 servo
2019 925 2154 965 meo:

569 998 683 1053 Fac
707 1001 825 1066 hoc,
847 1011 893 1054 et
917 1001 1066 1072 facit.
1097 1001 1229 1055 Mira
1251 1001 1538 1072 prudentia
1565 1002 1920 1067 centurionis,
1943 1004 2032 1073 qui
2055 1004 2156 1059 sub

563 1113 674 1152 uno
694 1105 970 1153 momento
991 1104 1141 1151 tanta
1165 1105 1480 1166 persecutus
1502 1106 1586 1151 est
1612 1095 1912 1165 maiestatis
1932 1113 2152 1164 arcana,

569 1190 788 1258 quando
815 1199 870 1244 et
900 1188 1134 1244 visibilis
1165 1197 1327 1259 atque
1355 1187 1644 1244 invisibilia
1669 1188 1886 1245 Christo
1911 1191 2155 1261 subjecta

566 1295 686 1336 esse
708 1282 964 1346 ostendit,
989 1297 1086 1351 per
1108 1295 1269 1351 quem
1291 1281 1472 1335 omnia
1495 1293 1749 1336 constant
1766 1291 1822 1338 et
1841 1284 2156 1354 angelorum

565 1375 931 1430 administrari
964 1374 1160 1429 oliieio.
1212 1374 1362 1430 Unde
1393 1375 1533 1428 idem
1565 1375 1823 1431 Dominus
1855 1377 1966 1431 Rex
2000 1391 2156 1431 exer-

559 1468 766 1524 cituum
811 1467 865 1521 in
913 1465 1212 1538 Scripturis
1241 1467 1412 1522 sacris
1453 1468 1766 1538 quantoties
1811 1469 2150 1538 pnedicatur.

561 1561 680 1616 Non
727 1559 873 1615 enim
917 1561 984 1614 ad
1032 1559 1392 1616 humilitatem
1439 1576 1592 1615 suam
1645 1561 2020 1616 insinuandam
2049 1603 2062 1627 ,
2096 1569 2157 1617 ut

557 1653 783 1724 quidam
824 1652 1030 1719 volunt,
1064 1653 1163 1708 ista
1193 1653 1438 1707 centurio
1469 1653 1681 1717 indidit,
1712 1654 1854 1724 quod
1883 1655 2044 1710 homo
2069 1669 2156 1709 es-

560 1755 641 1801 set
693 1745 795 1800 sub
841 1754 1106 1815 potestate
1154 1746 1500 1808 constitutus,
1543 1747 1698 1816 quasi
1755 1747 1947 1802 exinde
1979 1748 2149 1819 magis

2261 536 2597 604 parationem
2625 553 2835 602 eorum,
2869 538 2960 608 qui
2983 538 3274 608 aliquando
3296 549 3620 614 torquentur
3649 559 3714 604 ut
3732 564 3850 606 cor-

2262 629 2528 700 rigantur,
2565 639 2658 685 ant
2692 631 3010 700 probentur.
3056 631 3153 688 Hic
3181 641 3362 690 autem
3393 628 3534 694 male
3565 648 3848 711 torquetur

2261 730 2482 791 propter
2509 721 2880 777 infelicitatem
2905 725 3133 794 peccati,
3158 739 3266 782 non
3295 735 3358 782 ut
3380 731 3706 788 emendetur
3730 736 3845 805 qui-

2260 810 2416 875 dem,
2448 812 2542 866 sed
2573 821 2630 867 ut
2666 810 2778 882 jam
2811 813 2951 867 male
2977 815 3252 884 puniatur.
3281 817 3366 884 Et,
3404 819 3509 875 hoc
3531 821 3696 886 dicto,
3729 825 3851 880 silet

2259 904 2495 960 emlestis
2516 916 2732 973 orator,
2766 921 2830 962 ac
2860 907 2906 962 si
2927 916 3177 978 patenter
3201 907 3408 966 diceret
3438 929 3452 966 :
3477 911 3597 968 Tibi
3629 916 3850 986 quidem

2259 1003 2446 1072 aperui
2473 1002 2718 1067 vulnera,
2748 1011 2804 1057 tu
2831 1003 3074 1061 medicus
3123 1019 3204 1071 es,
3235 1007 3375 1062 nosti
3405 1009 3601 1064 melius
3624 1010 3851 1082 implere

2257 1091 2490 1147 ollicium
2548 1103 2603 1148 et
2662 1103 2926 1164 priestare
2986 1095 3218 1151 salutem
3271 1096 3344 1152 ob
3393 1113 3556 1169 quam
3606 1101 3850 1168 venisti,

2259 1185 2384 1254 quia
2433 1185 2578 1240 salus
2625 1188 2810 1242 mundi
2863 1188 3128 1244 crederis.
3178 1189 3537 1246 Nihilominus
3579 1209 3712 1264 ergo
3748 1195 3851 1248 mi-

2260 1277 2488 1332 randum
2516 1277 2568 1332 in
2596 1291 2661 1332 eo
2685 1277 2829 1348 quod
2851 1279 2928 1334 ait
2955 1298 2968 1333 :
3000 1278 3181 1334 Habeo
3204 1280 3299 1334 sub
3326 1297 3406 1334 me
3429 1281 3638 1349 milites,
3663 1295 3711 1338 et
3734 1285 3850 1340 dico

2259 1371 2380 1424 huic
2409 1385 2426 1422 :
2461 1369 2686 1435 Vade,et
2712 1371 2878 1437 vadit;
2905 1383 2953 1426 et
2979 1373 3073 1427 alii
3101 1387 3118 1424 :
3160 1373 3310 1432 Veni.
3343 1384 3392 1428 et
3413 1375 3590 1440 venit;
3622 1387 3674 1430 ct
3701 1393 3848 1432 servo

2258 1480 2372 1518 meo
2405 1480 2423 1518 :
2451 1461 2561 1518 Fac
2587 1466 2708 1530 hoc,
2739 1475 2786 1519 et
2819 1465 2968 1534 facit.
3009 1465 3148 1522 Puto
3177 1468 3320 1522 enim
3347 1469 3492 1538 quod
3521 1471 3705 1524 omnia
3741 1483 3852 1527 cm-

2257 1554 2411 1612 lestia
2458 1557 2686 1612 rimatus
2733 1565 2870 1621 erat,
2899 1558 2992 1628 qui
3041 1566 3098 1614 et
3141 1559 3479 1614 divinitatem
3529 1560 3584 1614 in
3630 1561 3852 1618 homine

2256 1636 2656 1722 deprehendit,
2684 1661 2740 1706 et
2777 1650 2952 1707 ollicia
3004 1652 3243 1708 caelestis
3285 1653 3492 1708 militia:
3537 1653 3854 1723 plenissime

2257 1743 2544 1809 intellexit,
2573 1751 2628 1798 et
2669 1760 2950 1799 servorum
3003 1745 3072 1798 ab
3114 1744 3222 1810 his,
3251 1752 3309 1799 ut
3343 1743 3573 1809 mstimo,
3619 1747 3855 1801 secrevit

554 1846 812 1907 peccator
856 1837 1186 1908 intelligatur
1217 1854 1231 1902 ;
1282 1838 1375 1893 sed
1416 1849 1486 1899 ,ιιι
1526 1838 1800 1909 perfectus
1844 1848 2031 1894 orator
2060 1849 2153 1895 aut
2181 1825 2229 1885 Β
2257 1838 2599 1894 famulatum.
2631 1837 2766 1893 Nam
2791 1839 2880 1893 ille
2911 1839 3159 1894 internus
3199 1838 3426 1904 arbiter,
3450 1839 3542 1893 alii
3574 1839 3851 1894 interdum

555 1929 926 2000 philosophus,
952 1931 1158 1985 inducit
1187 1930 1509 2000 exemplum,
1531 1947 1637 2000 quo
1652 1931 1890 1988 animmn
1910 1933 2141 2003 piissimi

547 2019 751 2090 judicis
779 2036 848 2076 ex
880 2021 1038 2078 oliicii
1068 2023 1148 2078 sui
1181 2023 1440 2092 qualitate
1469 2033 1682 2078 moveat
1711 2025 1777 2080 ad
1799 2023 2074 2089 edoctum,
2098 2035 2153 2082 et

551 2113 898 2168 credentibus
925 2114 1139 2169 demum
1173 2115 1334 2170 Iidem
1361 2115 1619 2170 exhibeat
1663 2131 1772 2171 suae
1815 2117 2146 2173 devotionis.

552 2202 668 2261 Hoc
696 2205 892 2276 quippe
915 2205 1027 2276 ipsa
1053 2204 1362 2275 conjunctio
1394 2209 1607 2277 prohat,
1640 2209 1766 2264 dum
1792 2209 1921 2264 dicit
1952 2227 1965 2263 :
1999 2209 2142 2264 Nam

551 2305 601 2352 et
626 2313 740 2368 ego,
770 2300 1098 2355 sententiam
1141 2309 1470 2356 connectens
1493 2310 1586 2356 aut
1633 2301 1914 2357 ordinans.
1972 2300 2055 2357 Ac
2103 2301 2149 2356 si

550 2400 804 2462 patenter
841 2394 987 2449 dicat
1019 2413 1031 2448 :
1065 2395 1307 2460 Domine,
1337 2410 1444 2450 non
1484 2411 1604 2450 sum
1636 2397 1830 2467 dignus
1864 2405 1923 2450 ut
1977 2397 2149 2453 intres

549 2482 652 2538 sub
677 2492 877 2540 tectum
904 2501 1102 2553 meum,
1137 2488 1231 2543 sed
1257 2496 1485 2552 tantum,
1513 2504 1640 2544 eum
1665 2489 1744 2544 sis
1768 2503 1863 2544 rex
1910 2496 2149 2546 :eternus

550 2575 653 2631 sub
681 2575 881 2632 nullius
907 2577 1182 2648 imperans
1207 2588 1498 2650 potestate,
1523 2587 1731 2634 tantum
1777 2579 1865 2636 die
1885 2583 2068 2642 verbo.
2093 2588 2152 2636 et

547 2669 834 2724 sanabitur
852 2685 988 2740 puer
1015 2687 1184 2727 meus.
1216 2671 1350 2726 Nam
1376 2681 1431 2727 et
1453 2687 1575 2744 ego,
1601 2671 1728 2727 licet
1757 2673 1858 2728 sub
1879 2681 2152 2744 potestate

549 2759 774 2816 alterius
835 2761 999 2833 (forte
1046 2761 1220 2827 ducis,
1253 2772 1348 2816 aut
1395 2763 1580 2834 regis),
1617 2762 1868 2833 praelatus
1902 2765 1956 2819 in
1987 2765 2148 2820 mini-

555 2853 722 2906 sterio
761 2853 1002 2919 honoris,
1028 2857 1200 2910 habeo
1251 2858 1352 2912 sub
1381 2872 1467 2912 me
1493 2842 1710 2926 milites,
1739 2869 1795 2916 et
1825 2861 1948 2916 dico
1973 2861 2100 2918 huic
2129 2880 2142 2918 :

555 2941 726 3009 Vade,
758 2953 815 2999 et
850 2954 1035 3000 tamen
1066 2947 1230 3012 vadit,
1259 2963 1321 3002 ac
1353 2956 1577 3017 caetera;
1629 2961 1831 3022 quanto
1866 2953 2042 3025 magis
2093 2961 2148 3008 tu

555 3049 667 3090 non
696 3035 796 3090 sub
840 3036 1024 3108 aliquo
1048 3037 1258 3095 habens
1285 3043 1586 3098 exercitum
1616 3044 1950 3116 angelorum,
1980 3054 2035 3100 et
2054 3060 2146 3101 eo-

552 3141 674 3182 rum
699 3127 965 3200 obsequio
989 3145 1152 3200 quam
1183 3141 1434 3203 potenter
1453 3145 1647 3190 cuncta
1682 3137 1959 3207 disponis?
1985 3136 2143 3192 Prius

2255 1929 2391 1986 dicit
2422 1930 2734 2000 angelorum
2759 1949 2770 1984 :
2810 1928 2972 1994 Vade,
3009 1931 3138 1986 dum
3169 1929 3236 1984 ad
3265 1945 3364 1985 nos
3396 1945 3490 1986 eos
3515 1945 3681 2000 quam
3713 1945 3854 2000 saepe

2257 2021 2454 2087 mittit;
2488 2022 2613 2091 quia
2655 2023 2720 2077 ad
2753 2023 2857 2078 hoc
2887 2022 2938 2076 in
2969 2021 3270 2077 ministerio
3303 2031 3430 2077 sunt
3456 2023 3621 2092 positi
3653 2023 3736 2078 illi
3769 2039 3855 2078 su-

2254 2113 2408 2184 perni
2443 2113 2682 2183 spiritus,
2726 2122 2948 2184 propter
2997 2112 3116 2168 illos
3141 2113 3233 2182 qui
3281 2112 3664 2168 haereditatem
3696 2128 3855 2169 acce-

2252 2206 2398 2278 pturi
2424 2214 2550 2261 sunt
2592 2205 2805 2270 salutis,
2832 2213 2891 2260 ut
2915 2213 3120 2260 nostra:
3164 2204 3288 2260 vitae
3331 2205 3550 2275 negotia
3607 2206 3855 2276 quotidie

2252 2296 2564 2368 disponant,
2585 2307 2640 2352 et
2666 2297 3002 2368 singulorum
3027 2312 3193 2368 opera
3221 2298 3532 2353 renuntient
3550 2297 3808 2353 Creatori
3832 2317 3845 2365 ;

2253 2389 2342 2446 aiii
2373 2406 2504 2446 vero
2533 2408 2546 2444 :
2590 2388 2743 2454 Veni,
2770 2397 2825 2443 et
2857 2388 3021 2443 venit.
3058 2388 3196 2455 Quia
3233 2395 3288 2442 et
3327 2401 3422 2443 eos
3457 2402 3593 2458 quos
3642 2387 3836 2452 mittit,

2251 2490 2308 2538 et
2337 2481 2456 2538 illos
2496 2497 2630 2552 quos
2661 2481 2966 2536 indefessos
3004 2480 3152 2536 intus
3181 2480 3248 2534 ad
3282 2479 3492 2534 laudem
3539 2477 3623 2534 sui
3667 2487 3844 2542 tenet,

2254 2591 2442 2632 omnes
2471 2577 2538 2630 ad
2567 2591 2628 2631 se
2655 2575 2844 2630 venire
2869 2573 3044 2644 jubet.
3088 2572 3206 2630 Non
3233 2574 3376 2643 quod
3408 2573 3476 2629 ab
3500 2589 3568 2629 eo
3597 2590 3847 2645 unquam

2253 2675 2466 2731 exeant,
2488 2666 2692 2723 scilicet
2711 2668 2778 2722 ab
2801 2667 2890 2722 illa
2911 2676 3128 2722 aeterna;
3142 2667 3368 2723 visionis
3389 2666 3700 2733 dulcedine,
3722 2668 3852 2722 dum

2250 2759 2415 2834 ωε
2443 2762 2508 2815 ad
2533 2776 2636 2815 nos
2665 2760 2925 2826 veniunt;
2949 2761 3045 2815 sed
3076 2761 3180 2816 hoc
3199 2768 3286 2816 est
3315 2759 3421 2815 illis
3449 2759 3561 2821 irae,
3598 2761 3855 2830 quando.

2252 2867 2357 2922 que
2383 2860 2782 2916 creaturarum,
2807 2860 2864 2906 et
2887 2859 3130 2906 nostram
3159 2851 3444 2907 intendere
3469 2865 3714 2906 causam.
3753 2849 3855 2906 Ve-

2253 2947 2374 3001 nire
2402 2961 2531 3000 vero
2561 2947 2613 3000 in
2639 2945 3148 3016 contemplationem
3176 2944 3320 3001 illius
3362 2945 3642 3000 immensa!
3680 2943 3856 3014 maje-

2255 3039 2414 3095 statis
2441 3055 2654 3109 semper
2683 3039 3006 3108 propensius
3039 3038 3302 3109 aspicere.
3333 3037 3489 3094 Unde
3532 3045 3685 3092 recte
3710 3039 3855 3093 dici-

2253 3137 2345 3184 tur
2389 3148 2402 3184 :
2451 3129 2518 3184 In
2561 3146 2714 3196 quem
2744 3129 3043 3184 desiderant
3074 3129 3245 3200 angeli
3279 3131 3571 3202 prospicere
3609 3127 3666 3194 (1
3698 3127 3853 3186 Petr.

551 3235 787 3292 namque
823 3191 990 3279 verbo
1007 3191 1210 3280 cuncta
1254 3235 1427 3296 potes,
1457 3228 1651 3284 deinde
1681 3191 2001 3300 magnorum
2043 3191 2145 3284 mi-
2171 3191 2219 3258 α
2251 3239 2289 3288 ι,
2326 3221 2434 3293 12).
2474 3221 2551 3276 Eo
2576 3191 2816 3292 namque
2845 3221 3132 3287 desiderio,
3146 3191 3472 3293 vquo'magis
3502 3191 3854 3286 desiderant,

548 3313 706 3372 litum
731 3300 910 3373 oﬂicio
950 3320 1274 3389 potestative
1303 3322 1548 3392 possides
1575 3341 1587 3377 :
1614 3323 1667 3378 in
1705 3325 1882 3379 altero
1922 3325 2142 3394 quidem

551 3405 853 3478 majestatis
878 3408 1084 3466 habens
1109 3410 1418 3482 imperium,
1435 3413 1487 3468 in
1513 3413 1686 3470 altero
1708 3429 1838 3469 vero
1863 3415 2142 3486 dignitatis

546 3499 884 3570 obstantium.
911 3500 1068 3568 Quod
1093 3503 1136 3558 si
1167 3518 1268 3576 ego
1296 3505 1397 3560 sub
1437 3512 1701 3575 potestate
1743 3505 1965 3560 alterius
1994 3514 2141 3562 tanta

545 3606 688 3662 queo
715 3595 832 3652 sine
853 3593 1040 3652 labore
1064 3611 1162 3667 per
1186 3599 1478 3670 subjectos,
1507 3607 1714 3670 quanto
1749 3599 1923 3670 magis
1952 3608 2006 3654 tu
2031 3600 2139 3654 uti-

544 3702 653 3758 que
675 3703 772 3758 per
797 3689 1030 3746 eximios
1053 3692 1412 3761 apparitores,
1445 3692 1534 3762 qui
1565 3692 1732 3748 verbo
1759 3693 1918 3748 simul
1959 3693 2140 3748 omnia

547 3782 738 3851 potes?
759 3781 913 3837 Facit
931 3783 1076 3837 enim
1099 3784 1186 3840 hic
1207 3794 1392 3840 noster
1407 3784 1757 3855 philosophus
1773 3785 2140 3841 inductionem

547 3874 969 3944 comparationis
997 3889 1030 3928 a
1057 3876 1265 3931 minore
1295 3877 1362 3932 ad
1403 3877 1684 3947 majorem.
1731 3877 1944 3932 idcirco
1968 3877 2087 3932 infit
2119 3895 2133 3931 :

548 3962 604 4020 Si
628 3978 726 4035 ego
752 3965 851 4018 sub
872 3974 1139 4034 potestate
1161 3965 1327 4040 404
1348 3967 1572 4023 alterius
1594 3977 1740 4023 tanta
1766 3968 1940 4034 valeo,
1959 3977 2143 4024 osten-

548 4056 685 4112 dens
733 4057 878 4127 quod
919 4057 1186 4120 Christus.
1212 4059 1368 4128 juxta
1411 4059 1772 4124 divinitatem,
1807 4059 1909 4115 sub
1942 4061 2141 4118 nullius

547 4147 620 4202 sit
673 4157 965 4219 potestate,
1002 4159 1058 4206 et
1111 4158 1290 4205 tamen
1339 4153 1522 4221 praesit
1573 4151 1926 4218 exercitibus,
1974 4155 2138 4209 etiam

539 4237 698 4309 juxta
737 4238 1150 4296 humanitatem.
1186 4240 1340 4298 Unde
1367 4251 1423 4297 et
1453 4241 1564 4298 Rex
1607 4243 1882 4309 sabbaoth,
1917 4245 2020 4300 hoc
2047 4255 2132 4302 est

547 4330 906 4397 exercituum,
931 4342 1178 4388 vocatur.
1202 4331 1336 4389 Nam
1359 4334 1557 4400 omnis,
1583 4345 1639 4388 ut
1657 4335 1825 4399 aiunt,
1851 4351 2138 4410 argumen-

551 4425 686 4480 tatio
712 4425 922 4482 duobus
950 4426 1010 4482 lit
1033 4428 1210 4484 modis
1241 4447 1253 4482 :
1279 4437 1370 4483 aut
1393 4443 1490 4500 per
1512 4429 1898 4496 inductionem,
1924 4441 2015 4486 aut
2041 4448 2139 4504 per

549 4519 1039 4575 ratiocinationem.
1067 4518 1176 4575 Sed
1198 4521 1436 4578 inductio
1457 4521 1525 4576 ab
1545 4521 1816 4592 aliquibus
1837 4523 2018 4578 saeculi
2051 4537 2137 4580 sa-

547 4608 820 4680 pientibus
845 4610 1045 4666 sensim
1071 4626 1170 4681 per
1201 4611 1506 4682 exemplum
1532 4612 1732 4678 studet,
1749 4621 1807 4667 ut
1833 4615 1922 4669 hic
1951 4623 2137 4671 noster

548 4711 759 4770 orator,
780 4704 1022 4759 animum
1035 4704 1236 4774 judicis
1261 4721 1577 4777 permovere
1601 4707 1668 4762 ad
1695 4705 1964 4762 i-ﬂ‘ectum.
2000 4709 2134 4764 llinc

547 4806 720 4858 certe.
734 4797 803 4853 de
818 4812 880 4852 re
901 4813 1007 4854 non
1027 4799 1188 4861 dubia
1207 4802 1321 4869 ipse
1335 4800 1492 4855 nobis
1513 4798 1718 4855 faciens
1730 4809 2131 4871 argumentum,

549 4886 661 4944 imo
685 4905 783 4959 per
803 4904 928 4943 eum
951 4890 1186 4960 Spiritus
1209 4892 1440 4956 divinus,
1469 4907 1496 4945 a
1525 4906 1633 4962 quo
1657 4891 2046 4958 illustrahatur,
2065 4894 2132 4948 ad

551 4980 879 5035 credendum
904 4982 954 5036 id
976 4984 1118 5052 quod
1141 4983 1316 5038 adhuc
1340 4983 1561 5038 dubium
1585 4992 1722 5045 erat,
1744 4985 1956 5055 planius
1975 4987 2136 5040 indu-

551 5071 711 5126 citur.
741 5071 914 5128 Simili
943 5090 1156 5144 quoque
1190 5077 1350 5131 modo
1379 5084 1672 5148 exaggerat
1705 5078 1864 5148 paulo
1887 5081 2137 5148 superius

553 5167 832 5220 exordium
862 5169 1114 5222 narrandi
1156 5169 1221 5223 ad
1255 5169 1560 5233 Dominum,
1598 5180 1708 5222 tam
1747 5184 1844 5238 per
1867 5186 1946 5235 se,
1972 5187 2134 5240 quam

551 5257 716 5312 etiam
735 5273 832 5328 per
847 5261 1388 5327 internuntios,more
1413 5263 1710 5316 rhetorum.
1736 5260 1976 5316 Primum
1991 5265 2144 5320 enim

553 5350 1013 5406 narratbeneﬁcia
1035 5362 1088 5406 et
1109 5353 1494 5416 lmuumitates,
1519 5353 1660 5421 quod
1685 5352 2033 5409 auliticaverit
2052 5371 2140 5427 sy-

553 5456 815 5512 nagogam
861 5442 1080 5510 Judzeis,
1123 5456 1178 5500 et
1213 5445 1462 5500 dilexerit
1499 5457 1710 5518 gentem
1759 5449 1936 5514 illam,
1971 5465 2132 5520 qua-2t

554 5540 778 5588 noverat
804 5533 1086 5590 Dominum
1119 5537 1388 5592 dilexisse.
1445 5537 1646 5593 Deinde
1673 5540 1988 5610 suppliciter
2010 5557 2132 5598 eum

553 5627 838 5682 Dominum
885 5646 1103 5696 vorans,
1139 5632 1271 5686 dicit
1300 5647 1316 5686 :
1350 5631 1490 5688 Puer
1518 5650 1662 5687 meus
1684 5633 1824 5704 jacet
1861 5637 1914 5688 in
1955 5637 2132 5703 domo,

551 5728 609 5775 et
643 5735 747 5776 non
788 5723 1253 5794 qualitercunque,
1284 5726 1375 5778 sed
1405 5725 1748 5796 paralyticos,
1770 5742 1832 5780 ac
1857 5727 2130 5798 deinceps,

551 5825 598 5874 et
641 5815 797 5884 male,
826 5817 1021 5890 inquit,
1050 5828 1340 5892 torquetur.
1377 5817 1530 5888 Quod
1557 5819 1728 5874 solum
1766 5819 2038 5878 subiceret
2065 5823 2132 5879 ad

2246 3319 2420 3390 magis
2447 3318 2514 3371 ad
2541 3333 2665 3372 eum
2693 3317 2878 3372 venire,
2914 3317 3210 3372 creduntur
3233 3358 3248 3383 ,
3284 3317 3411 3388 quia
3435 3317 3752 3372 immensus
3777 3326 3857 3372 est

2247 3419 2302 3466 et
2330 3425 2540 3464 summa
2571 3409 2868 3474 beatitudo,
2893 3425 3054 3480 quem
3081 3410 3374 3480 aspiciunt.
3402 3407 3672 3464 Cancrum
3699 3408 3853 3478 quod

2245 3502 2322 3556 ait
2353 3519 2366 3555 :
2396 3501 2465 3555 Et
2493 3519 2639 3556 servo
2667 3515 2817 3556 meo:
2849 3499 2962 3556 Fac
2987 3502 3104 3567 hoc,
3132 3511 3180 3556 et
3212 3500 3374 3572 facit,
3415 3485 3631 3556 videtur
3658 3500 3733 3556 ab
3771 3501 3853 3557 bis

2245 3594 2547 3648 daemonum
2577 3593 2798 3648 servitia
2828 3595 3124 3664 prudenter
3145 3595 3462 3659 secrevisse,
3486 3608 3624 3664 quos
3648 3601 3705 3649 et
3729 3607 3851 3650 ser-

2243 3701 2342 3741 vos
2358 3685 2611 3757 appellat,
2641 3695 2697 3740 et
2720 3687 2788 3742 ab
2809 3701 2875 3743 eo
2897 3687 3036 3742 sicut
3060 3702 3159 3744 nec
3181 3687 3379 3754 redire,
3409 3688 3484 3742 ita
3507 3702 3608 3744 nec
3631 3688 3850 3752 venire,

2244 3795 2343 3835 suo
2367 3779 2618 3850 exemplo
2647 3795 2884 3852 unquam
2915 3781 3178 3853 designat.
3209 3780 3477 3836 Nimirum
3514 3782 3648 3851 quia
3689 3795 3850 3836 sem-

2244 3888 2342 3944 per
2371 3886 2428 3928 se
2457 3887 2692 3942 suasque
2734 3873 2972 3944 nequitia
2984 3889 3100 3927 rum
3132 3873 3354 3930 frandes
3382 3875 3669 3930 intendere
3693 3914 3708 3938 ,
3737 3889 3850 3930 non

2245 3981 2312 4020 ex
2343 3965 2526 4020 divino
2565 3963 2720 4033 jussu
2748 4006 2763 4030 ,
2793 3965 2887 4020 sed
2914 3981 3014 4037 pro
3041 3981 3136 4020 sua
3169 3967 3381 4037 pellecti
3409 3965 3662 4037 superbia
3689 4007 3704 4032 ,
3736 3982 3848 4022 εισι

2242 4060 2516 4114 omittunt.
2547 4058 2709 4126 Quia,
2757 4059 2898 4115 sicut
2925 4072 3110 4115 eorum
3157 4068 3238 4115 est
3279 4062 3385 4123 ire,
3418 4075 3516 4116 nec
3546 4061 3852 4130 aliquando

2242 4155 2310 4209 ab
2353 4155 2436 4209 his
2463 4154 2745 4221 desinere,
2779 4155 2884 4220 ita,
2917 4163 3187 4224 potestate
3217 4154 3434 4210 Domini
3484 4163 3716 4224 agente,
3752 4155 3849 4226 qui

2242 4261 2429 4300 eorum
2453 4245 2587 4302 bene
2610 4247 2780 4300 utitur
2802 4245 2974 4304 malis.
2999 4246 3170 4301 velint
3191 4245 3380 4307 nolint,
3405 4246 3627 4317 explent
3649 4247 3848 4300 omnia

2241 4351 2363 4406 quae
2407 4336 2510 4392 sibi
2539 4346 2666 4392 sunt
2704 4337 2989 4408 imperata.
3027 4335 3160 4390 Nam
3203 4345 3259 4392 et
3301 4337 3355 4391 in
3384 4337 3608 4406 antiquo
3635 4337 3850 4408 populo

2244 4429 2488 4484 Romano
2514 4469 2530 4494 ,
2559 4443 2698 4498 quos
2739 4427 2963 4483 libertas
2993 4427 3208 4498 generis
3247 4426 3566 4482 nobilitabat
3588 4464 3604 4490 ,
3659 4426 3851 4482 nullus

2241 4536 2428 4576 eorum
2459 4534 2598 4589 quos
2636 4519 2924 4590 judiciaria
2971 4518 3265 4574 damnabat
3309 4518 3601 4582 sententia,
3638 4532 3844 4587 quem-

2240 4614 2386 4684 piam
2437 4611 2722 4680 torquebat
2769 4610 3131 4674 cruciatibus;
3183 4611 3280 4666 sed
3325 4609 3544 4666 servilis
3591 4611 3850 4665 conditio

2243 4704 2364 4760 illos
2407 4703 2584 4774 ptrnis
2614 4702 2914 4769 adiciebat;
2961 4713 3168 4773 quanto
3212 4703 3387 4771 magis
3432 4704 3484 4758 in
3531 4703 3848 4760 electorum

2243 4797 2558 4867 angelorum
2606 4796 2886 4852 ordinibus
2907 4838 2922 4862 ,
2957 4799 3354 4867 quodammodo
3401 4797 3578 4853 nullus
3606 4810 3854 4856 exactor

2241 4907 2523 4962 pmnarum
2563 4891 2685 4962 jure
2733 4891 2992 4946 creditur.
3040 4890 3145 4946 Sed
3185 4901 3423 4949 tortores
3465 4893 3542 4948 illi
3571 4894 3850 4950 nimirum

2243 4993 2658 5062 intelliguntur,
2703 5007 2839 5062 quos
2879 4999 2934 5047 et
2977 4999 3220 5062 potestas
3263 4991 3463 5062 premit
3490 4991 3855 5048 utobediant

2246 5085 2540 5157 imperatis,
2565 5094 2618 5140 et
2646 5084 2884 5139 conditio
2907 5085 3114 5157 peccati
3141 5084 3295 5139 vitiat
3321 5119 3343 5150 ,ς
3366 5091 3424 5138 ut
3447 5084 3500 5138 in
3545 5083 3696 5138 malo
3729 5086 3851 5139 mi-

2246 5177 2400 5233 nistri
2447 5193 2728 5248 poenarum
2769 5177 2916 5242 sint,
2949 5177 3043 5260 qui
3069 5193 3356 5265 [nunquam
3395 5177 3540 5234 aliud
3580 5190 3806 5248 queant
3832 5223 3850 5248 ,

2245 5271 2492 5340 quamvis
2518 5269 2659 5324 male
2684 5270 2874 5335 velint,
2897 5271 2999 5325 nisi
3023 5271 3165 5340 quod
3191 5271 3370 5325 divina
3392 5272 3618 5342 aequitas
3643 5273 3856 5330 decre-

2245 5363 2401 5416 verit.
2437 5362 2589 5416 Unde
2618 5369 2672 5415 et
2699 5361 2751 5414 in
2783 5363 2884 5416 hoc
2914 5364 3102 5418 eodem
3135 5362 3424 5435 Evangelia
3444 5364 3566 5431 jure
3593 5371 3856 5419 tortores

2245 5453 2602 5524 appellantur.
2635 5451 2787 5519 Quod
2817 5453 3114 5522 prudenter
3143 5455 3246 5508 iste
3275 5453 3597 5525 intelligens,
3631 5457 3858 5526 suppli-

2245 5548 2382 5600 citer
2405 5543 2644 5616 suggerit
2669 5546 2952 5600 Dominum
2979 5561 3076 5617 per
3095 5547 3409 5617 angelorum
3433 5546 3694 5618 obsequia
3719 5563 3859 5602 0m-

2245 5638 2331 5692 nia
2366 5639 2587 5707 implere
2617 5652 2792 5709 posse.
2823 5638 3061 5706 Quorum
3102 5637 3286 5695 ofﬁcio
3324 5642 3567 5712 corporis
3597 5631 3858 5695 inﬁrmi-

2243 5737 2325 5784 tas
2352 5771 2366 5795 ,
2411 5729 2494 5784 vel
2525 5732 2808 5786 contrariae
2851 5739 3144 5800 potestates
3168 5773 3182 5798 ,
3213 5731 3409 5803 quibus
3449 5732 3683 5788 fortasse
3725 5733 3860 5791 iste

2242 5826 2627 5894 torquebatur;
2661 5824 2789 5893 quia
2817 5823 2894 5880 illi
2919 5826 3138 5894 maligni
3169 5827 3301 5882 nihil
3328 5826 3558 5884 amplius
3599 5837 3862 5895 possunt
