4000 6362
171 344 251 400 349
922 356 1284 421 ΕΧΡΟΒΙΤΙΟ
1324 362 1390 421 IN
1433 364 1720 425 ΜΑΤΊῊΑ

1822 372 1869 427 tl.
1907 405 1976 414 —
2014 374 2141 432 LIB.
2188 377 2247 444 V,
2292 378 2444 438 CAP.
2483 382 2615 441 VIII.

3308 393 3413 452 1$50

170 485 296 539 quant
324 469 465 540 quod
503 469 746 541 jubetur,
778 476 962 544 procul
1001 477 1071 533 ab
1098 480 1322 539 homine
1359 484 1713 553 pellerentur,
1745 488 1792 549 Α
1823 491 1922 545 sub
1952 502 2218 563 potestate
2247 495 2410 569 407
2442 500 2663 557 alterius
2693 518 2814 559 esse
2855 503 3047 573 l‘ertur,
3079 508 3284 581 habens
3307 525 3413 564 non

172 565 370 620 maxime
396 565 487 621 ille
516 582 641 624 cum
665 570 780 626 solo
804 582 990 644 posset
1019 592 1210 632 curare
1233 578 1416 635 verbo.
1450 579 1615 637 Multa
1645 583 1721 637 si-

168 657 346 730 quidem
374 659 486 725 hic,
513 660 647 726 ﬁde,
672 666 924 733 quamvis
946 667 1123 725 adhuc
1152 670 1389 741 gentilis,
1418 673 1723 745 intelligere

169 752 304 825 potuit
337 752 406 809 de
439 754 678 823 divinis,
710 767 766 813 et
790 760 1091 827 prudenter
1131 762 1346 820 edicere
1381 766 1450 820 de
1484 766 1717 824 arcanis.

168 849 335 906 idcirco
375 850 674 921 sequitur:
704 853 936 910 Audiens
986 856 1142 911 Iesus
1189 860 1415 914 miratus
1452 869 1549 914 est.
1580 859 1720 928 Quid

167 959 263 1015 ergo
281 944 509 1000 miratus
534 946 654 1001 est?
675 945 928 1019 Nunquid
951 948 1132 1015 ﬁdem,
1156 966 1319 1021 quam
1341 962 1436 1008 aut
1460 954 1575 1025 ipse
1595 962 1722 1011 ante

167 1052 246 1094 non
281 1036 546 1100 dederat.
594 1046 691 1093 aut
728 1054 852 1094 eum
882 1049 1048 1097 tanta:
1086 1042 1212 1099 ﬁdei
1253 1044 1409 1115 prius
1450 1045 1568 1101 fore
1612 1061 1720 1103 non

166 1132 488 1202 praesciebat?
522 1131 639 1188 Non
665 1135 888 1205 utique;
916 1136 1013 1192 sed
1039 1137 1200 1193 ﬁdem
1229 1138 1415 1195 laudat
1445 1150 1500 1196 et
1525 1157 1721 1212 appro-

166 1222 250 1287 bat,
273 1238 430 1292 quam
463 1223 580 1293 ipse
603 1224 846 1287 dederat,
878 1236 932 1281 et
958 1229 1211 1295 miratur,
1235 1238 1295 1285 ut
1316 1246 1416 1287 nos
1443 1233 1721 1289 admiran-

168 1322 229 1372 tes
250 1315 423 1372 faciat.
452 1317 549 1373 Sic
575 1334 793 1390 quoque
819 1328 876 1377 et
897 1322 963 1376 ad
979 1322 1254 1379 Abraham
1285 1326 1484 1382 dicitur
1510 1345 1524 1383 :
1559 1327 1718 1385 Nunc

164 1411 340 1478 cognoui
373 1411 518 1479 quod
553 1411 739 1467 timeas
768 1413 939 1469 Deum
979 1414 1132 1486 (Gen.
1163 1433 1311 1484 xm,
1353 1420 1476 1491 l2),
1526 1421 1577 1476 id
1608 1431 1717 1489 est,

166 1513 455 1569 cognoscere
483 1500 702 1557 faciam.
734 1503 835 1571 Qui
865 1506 1120 1562 nimirum
1148 1508 1403 1579 loquendi
1434 1514 1630 1569 modus
1660 1514 1716 1569 in

168 1586 433 1660 Scripturis
452 1594 622 1650 sacris
646 1596 1035 1654 usitatissimus
1055 1609 1157 1656 est.
1189 1601 1295 1657 Sed
1326 1612 1528 1672 tamen,
1552 1605 1720 1680 ἧσο

176 1683 305 1737 sicuti
329 1683 594 1754 perfectus
622 1688 790 1743 timor
818 1692 871 1743 in
896 1690 1171 1747 Abraham
1198 1694 1456 1752 divinitus
1482 1698 1534 1753 in
1567 1707 1718 1755 tanto

166 1773 269 1830 tidei
287 1792 442 1847 opere
467 1781 824 1851 approbatur,
858 1784 933 1838 ita
964 1785 1015 1839 in
1044 1786 1145 1841 hoc
1175 1789 1526 1857 centurione,
1560 1792 1717 1862 quasi

160 1869 202 1922 in
224 1870 463 1939 primitiis
486 1874 757 1944 gentium,
785 1874 921 1933 ﬁdes
941 1877 1182 1948 perfecta
1211 1895 1278 1935 ex
1307 1882 1518 1938 Domini
1546 1859 1719 1947 admi—
1747 1859 1794 1927 Β

160 1962 331 2018 ratione
352 1966 687 2020 ostenditur.
716 1956 857 2039 Et'go
880 1969 935 2023 in
958 1974 1161 2027 mundo
1185 1971 1318 2027 nihil
1344 1974 1396 2028 lu
1423 1986 1717 2045 conspectu

159 2049 251 2121 ejus
284 2055 578 2122 mirabile,
611 2065 666 2113 et
713 2068 924 2114 tantum
974 2062 1136 2118 unius
1186 2064 1489 2133 admiratur
1532 2068 1712 2123 ﬁdem.

158 2144 345 2217 Ideoque
375 2150 741 2219 sequentibus
779 2152 858 2207 ait
883 2171 897 2207 :
928 2153 1097 2209 Amen
1137 2156 1255 2211 dico
1295 2159 1434 2213 vobis
1462 2176 1481 2215 :
1508 2178 1610 2215 non
1638 2163 1720 2217 in-

154 2245 241 2297 veni
268 2254 477 2300 tantum
510 2246 672 2315 ﬁdem
704 2249 762 2303 in
795 2247 987 2306 Israel.
1024 2250 1141 2307 Non
1185 2252 1251 2308 de
1291 2253 1544 2310 omnibus
1574 2257 1720 2327 prio-

155 2334 269 2392 ribus
298 2336 566 2394 Patribus
594 2348 651 2394 et
696 2341 903 2396 sanctis
936 2342 1041 2398 hoc
1070 2343 1272 2399 dictum
1301 2354 1559 2416 putamus
1578 2389 1591 2413 ,
1624 2349 1720 2404 sed

154 2428 203 2483 de
235 2430 352 2487 solis
379 2430 633 2499 ejusdem
669 2436 930 2505 temporis
958 2436 1199 2506 loquitur
1225 2439 1539 2496 hominibus
1558 2482 1572 2503 ,
1601 2440 1721 2512 qui-

149 2519 229 2575 bus
253 2521 366 2577 ideo
400 2524 568 2579 istius
597 2526 904 2581 antefertur
940 2527 1106 2594 ﬁdes,
1155 2530 1280 2597 quia
1320 2546 1449 2596 eos,
1482 2531 1606 2587 licet
1634 2532 1717 2588 lex

149 2622 221 2666 aut
242 2616 525 2686 prophetae
549 2658 564 2680 ,
598 2627 778 2672 tamen
810 2618 968 2691 longa
1004 2622 1310 2678 eruditione
1348 2624 1721 2695 perduxerant

148 2708 200 2761 ad
223 2707 408 2774 ﬁdem;
444 2710 592 2765 hunc
619 2725 770 2777 vero,
800 2711 947 2767 nullo
972 2714 1200 2769 docente
1228 2716 1355 2781 alio,
1387 2716 1550 2770 Pater
1572 2716 1720 2773 solus

147 2816 223 2869 per
248 2802 516 2873 Spiritum
547 2812 799 2859 sanctum
844 2805 1056 2875 plenius
1100 2808 1355 2865 instituit.
1403 2808 1521 2864 Non
1567 2811 1713 2865 enim

146 2908 250 2949 caro
271 2904 322 2950 et
338 2895 579 2967 sanguis
606 2911 729 2951 cum
759 2898 862 2951 ista
887 2898 1189 2968 perdocuit,
1219 2898 1310 2954 sed
1336 2899 1497 2956 Pater
1516 2900 1718 2957 Christi

146 2986 329 3044 caelibis
358 2989 660 3044 reseravit.
693 2989 847 3046 Unde
871 3005 971 3061 per
994 3007 1118 3047 eum
1139 3032 1154 3059 ,
1189 3008 1289 3048 nec
1320 2992 1621 3058 immerito,
1659 2993 1720 3047 ﬁ-

144 3078 224 3134 des
242 3083 486 3151 gentium
511 3081 873 3138 collaudatur.
907 3082 1041 3138 Nam
1076 3084 1129 3139 in
1160 3084 1327 3154 priori
1357 3084 1574 3155 leproso
1599 3086 1719 3140 uni-

145 3176 345 3231 versitas
390 3177 724 3249 designatur
786 3192 922 3248 quos
986 3178 1131 3248 lepra
1182 3178 1386 3248 peccati
1436 3177 1719 3249 originalis

145 3278 473 3337 resperserat,
506 3270 563 3323 iu
611 3268 716 3324 isto
761 3283 893 3323 vero
939 3269 1256 3324 centurione
1286 3268 1397 3324 sola
1446 3268 1721 3339 gentilitas

141 3369 464 3430 aggregatur.
491 3358 660 3428 Cujus
706 3359 962 3414 nimirum
1012 3359 1165 3426 ﬁdes,
1219 3360 1358 3414 ultra
1388 3358 1716 3425 Iuda-orum,

141 3448 308 3505 multis
327 3451 384 3505 iu
412 3452 570 3517 locis,
600 3460 826 3522 propter
851 3450 1058 3508 Christi
1090 3453 1339 3523 gratiam,
1370 3453 1719 3522 praedicatur,

138 3542 260 3607 quia
283 3552 471 3611 gentes
510 3560 653 3610 mox,
695 3545 873 3616 gratia
907 3545 1311 3615 praedicationis
1356 3555 1412 3599 et
1442 3545 1720 3615 signorum

135 3642 408 3703 percepta,
438 3634 741 3705 plenissime
777 3636 1146 3692 crediderunt.
1188 3636 1357 3692 Israel
1399 3646 1598 3702 autem,
1641 3638 1723 3692 iu-

136 3731 261 3797 quit,
313 3748 393 3785 me
435 3749 538 3787 non
576 3736 810 3805 cognovit
840 3743 889 3790 et
933 3735 1155 3806 populus
1201 3735 1291 3789 ille
1321 3752 1400 3790 me
1430 3752 1530 3789 mm
1571 3735 1723 3789 intel-

140 3822 251 3874 lexit
275 3821 405 3893 (lea.
440 3841 476 3891 ι,
508 3825 589 3897 ὅ).
633 3824 749 3881 Νοη
779 3828 923 3897 quod
954 3827 1008 3881 in
1050 3826 1214 3882 Israel
1257 3827 1468 3883 salvato
1502 3837 1628 3885 tunc
1660 3827 1723 3882 ﬁ-

143 3913 230 3966 des
270 3915 438 3987 aliqua
472 3933 583 3973 non
618 3918 803 3985 fuerit,
836 3920 930 3975 sed
980 3920 1031 3974 in
1078 3920 1181 3975 isto
1222 3920 1454 3991 plurima
1502 3928 1556 3977 et
1583 3936 1721 3991 pra:-

140 4005 328 4076 eipua,
381 4012 539 4082 quasi
600 4013 652 4067 in
710 4012 963 4069 omnibus
1012 4015 1308 4085 gentibus,
1367 4014 1715 4084 approbatur.

135 4098 362 4158 Ostendit
389 4104 634 4174 denique
664 4104 718 4159 in
749 4104 840 4159 illo
865 4104 1070 4161 electos
1114 4122 1212 4177 per
1239 4106 1470 4178 gratiam
1500 4123 1567 4161 ex
1593 4124 1721 4178 gen-

136 4191 276 4257 tibus,
324 4206 623 4268 propterea
678 4196 816 4253 ﬁdes
862 4197 981 4268 ejus
1031 4198 1215 4255 lsraeli
1264 4214 1386 4255 cum
1438 4214 1718 4270 pomorum

132 4280 376 4341 fructibus
399 4288 763 4358 prieponitur.
812 4289 1047 4345 Fructus
1084 4299 1263 4344 autem
1293 4289 1415 4345 ﬁdei
1461 4289 1561 4344 fuit
1592 4291 1722 4345 cha-

132 4376 245 4433 ritas
268 4396 373 4451 qua
404 4381 588 4436 Deum
628 4391 685 4437 et
726 4385 1033 4452 proximum
1064 4383 1285 4450 dilexit;
1336 4386 1621 4455 prudentia
1666 4392 1721 4440 et

130 4470 414 4535 intellectus
447 4474 652 4543 quibus
696 4475 750 4528 in
785 4475 1005 4531 homine
1048 4475 1387 4531 divinitatem
1420 4477 1720 4546 deprehen-

131 4559 217 4627 dit;
250 4564 548 4619 humilitas
577 4561 971 4629 fuudatissima,
1006 4580 1112 4635 qua
1159 4580 1218 4619 se
1249 4566 1523 4636 indignum
1552 4580 1714 4634 quem

128 4649 352 4710 Christus
402 4663 564 4710 tecto
590 4655 842 4725 accipiat,
882 4654 1191 4711 conﬁtetur.
1240 4654 1578 4711 Justiﬁcatur
1622 4672 1718 4711 au-

129 4754 217 4799 tem
241 4763 304 4802 ex
330 4751 479 4811 ﬁde,
506 4757 564 4804 et
592 4749 819 4818 primam
844 4750 1024 4805 carnis
1046 4750 1409 4805 conditionem
1438 4766 1543 4804 non
1570 4765 1720 4821 sper-

124 4839 207 4905 nil,
233 4859 428 4899 curam
482 4857 682 4913 gerens
731 4859 831 4913 pro
867 4843 1200 4899 domesticis.
1250 4844 1589 4915 Quapropter
1618 4860 1719 4899 nec

124 4935 406 5007 immerito,
444 4941 714 4995 virtutum
746 4941 934 4996 militia
979 4942 1439 5009 circumvallatus,
1472 4944 1716 4999 centurio

119 5036 442 5091 nominatur.
484 5034 745 5090 Centurio
771 5036 971 5107 quippe
1001 5052 1029 5090 a
1062 5046 1278 5092 centum
1327 5053 1522 5092 nomen
1564 5055 1719 5094 acce-

121 5126 202 5190 pét.
235 5127 617 5184 Centenarius
660 5144 791 5183 vero
821 5145 1081 5185 numerus
1129 5130 1193 5185 de
1240 5130 1368 5185 laeva
1412 5147 1627 5203 semper
1664 5131 1720 5186 in

119 5218 422 5287 dexteram,
458 5236 725 5276 coronam
757 5222 995 5277 cmlestis
1038 5231 1093 5277 et
1143 5224 1529 5279 beatitudinem
1583 5224 1722 5279 desi-

120 5324 293 5377 gnaris,
323 5312 693 5377 transfertur,
724 5329 819 5368 eos
851 5314 1142 5369 ostendens
1170 5313 1224 5368 in
1256 5317 1411 5369 beata
1442 5315 1551 5369 vita
1580 5315 1723 5369 futu-

117 5416 213 5467 ros,
242 5407 336 5474 qui
368 5422 403 5460 a
436 5406 651 5460 dextris
680 5415 840 5460 erunt
886 5406 1120 5461 locandi.
1172 5406 1273 5474 Qui
1303 5406 1569 5477 profecto,
1596 5408 1723 5477 quia

117 5498 331 5566 perfecti
359 5510 521 5565 sunt,
553 5515 774 5556 necesse
799 5516 898 5572 pro
922 5500 1255 5572 imperfectis
1278 5503 1441 5555 Deum
1474 5509 1721 5568 exorent,

113 5603 170 5644 eo
196 5595 344 5663 quod
401 5594 592 5648 adhuc
634 5597 736 5650 sub
780 5595 972 5663 spiritu
1024 5595 1336 5660 servitutis,
1385 5595 1539 5665 quasi
1570 5594 1721 5664 pueri

117 5685 665 5762 timore'premantur
714 5690 930 5758 servili;
962 5699 1234 5763 quatenus
1265 5692 1330 5745 ab
1358 5692 1436 5745 eis
1464 5689 1718 5761 paulatim

112 5784 346 5851 perlecta
382 5783 635 5840 cbaritas
690 5783 837 5839 foras
882 5783 1061 5838 mittat
1082 5782 1351 5839 timorem.
1402 5781 1506 5837 Sed
1541 5792 1719 5838 tamen

113 5881 277 5939 adhuc
311 5881 523 5939 eadem
567 5880 862 5955 gentilitas,
890 5878 1037 5955 quia,
1067 5881 1296 5937 necdum
1350 5888 1566 5949 renata,
1601 5879 1721 5947 ideo

1824 583 2004 639 minus
2041 587 2141 643 sub
2188 603 2246 643 se
2292 589 2509 658 milites,
2543 608 2704 664 quam
2754 604 2810 651 et
2860 612 3023 667 super
3056 614 3114 654 se
3146 600 3412 669 dominos,

1822 676 1914 744 qui
1945 676 2045 733 sibi
2070 678 2137 732 ad
2167 680 2417 737 universa
2449 699 2568 754 quae
2605 688 2787 744 carnis
2816 699 2992 757 erant,
3026 691 3416 751 oﬁiciosissime

1824 769 1965 824 male
1990 769 2408 832 famulabantur.
2437 777 2542 834 Sed
2564 790 2619 836 et
2634 784 2788 853 juxta
2820 786 3194 859 tropologiam,
3224 790 3267 843 si
3295 791 3421 862 quis

1823 867 2188 922 centenariam
2218 870 2457 940 attigerit
2486 874 2895 943 perfectionem,
2930 896 3084 949 quasr
3113 880 3411 949 Abraham,

1822 952 1971 1010 Isaac
1998 972 2066 1011 ex
2098 962 2515 1029 repromissione
2541 981 2825 1037 generatis,
2852 968 3090 1025 inveniet
3118 987 3224 1041 quo
3254 973 3418 1027 miser

1824 1048 2092 1107 introrsus
2132 1063 2328 1122 gemat.
2356 1055 2491 1123 Quia
2542 1068 2729 1127 partus
2768 1062 2945 1116 adhuc
2972 1063 3025 1118 in
3055 1072 3231 1131 utero,
3262 1063 3415 1135 quasi

1821 1157 1959 1214 puer
2008 1145 2060 1199 in
2098 1147 2290 1214 dumo,
2334 1150 2472 1204 male
2501 1152 2752 1207 vitiorum
2785 1153 3136 1227 languoribus
3168 1166 3418 1226 vexatus,

1821 1238 2150 1310 paralyticns
2166 1241 2329 1311 jacet.
2349 1242 2530 1297 Altera
2550 1260 2675 1315 pars
2701 1246 2902 1301 etenim
2928 1257 3011 1303 est
3039 1248 3088 1302 in
3110 1248 3266 1304 nobis
3286 1263 3418 1304 cen-

1823 1330 2051 1398 tenaria,
2071 1333 2136 1386 de
2162 1349 2268 1404 qua
2296 1335 2566 1404 spiritales
2595 1337 2795 1405 simus;
2814 1338 2981 1395 altera
3004 1355 3132 1395 vero
3148 1340 3415 1408 animalis,

1820 1425 1966 1479 unde
2017 1441 2136 1495 quae
2183 1427 2272 1481 Dei
2330 1437 2455 1482 sunt
2498 1430 2726 1485 necdum
2773 1441 2923 1488 recte
2967 1433 3241 1503 sapimus;
3292 1436 3420 1503 q'uia

1821 1517 2068 1573 animalis
2093 1520 2254 1574 homo
2280 1536 2383 1575 non
2408 1524 2637 1593 percipit
2660 1539 2722 1579 ea
2748 1541 2868 1595 quae
2893 1535 3019 1581 sunt
3040 1525 3275 1597 Spiritus
3299 1527 3415 1583 Dei.

1821 1608 1956 1663 Nam
2005 1626 2071 1664 ex
2129 1626 2194 1667 eo
2231 1614 2375 1682 quod
2407 1616 2680 1685 sapimus,
2710 1631 2811 1686 pro
2842 1619 3040 1674 nostris
3073 1619 3421 1675 obsecramus

1821 1704 2116 1769 erratibus,
2147 1713 2201 1759 et
2235 1707 2475 1776 quotidie
2506 1707 2802 1763 clamamus
2834 1726 2846 1763 :
2880 1710 2917 1762 Α
2958 1709 3143 1765 timore
3171 1720 3281 1777 tuo,
3312 1711 3423 1766 Do-

1823 1797 1981 1862 mine,
2014 1802 2344 1869 concepimus
2373 1820 2434 1855 ac
2472 1804 2788 1872 peperimus,
2825 1815 2871 1859 et
2919 1806 3142 1874 facimus
3179 1808 3419 1878 spiritum

1821 1886 2027 1942 salutis.
2064 1888 2365 1946 Perfertior
2400 1892 2545 1947 enim
2602 1893 2826 1950 libertas
2875 1896 2977 1950 viri
3016 1911 3116 1966 pro
3151 1912 3308 1953 servo
3333 1912 3423 1954 ro—

1820 1988 1928 2049 gat.
1962 1979 2085 2047 Qui,
2119 1983 2372 2051 quamvis
2415 1985 2644 2039 necdum
2675 1986 2747 2040 sit
2771 1995 2989 2041 renatus
3020 2003 3086 2041 ex
3121 1987 3250 2052 Deo,
3292 1988 3421 2043 dum

1820 2069 1995 2124 adhuc
2028 2071 2080 2124 in
2117 2086 2282 2126 carne
2308 2071 2483 2143 fragili
2514 2084 2703 2145 peccat
2735 2074 2915 2147 [quia,
2953 2076 2996 2132 si
3030 2092 3098 2131 ex
3131 2078 3240 2133 Deo
3263 2087 3422 2134 natus

1819 2172 1984 2230 esset,
2023 2173 2084 2220 ut
2137 2163 2377 2221 Joannes
2409 2168 2485 2222 ait
2538 2167 2591 2237 (1
2623 2156 2785 2224 Ιοαη.
2829 2185 2922 2235 lll,
2956 2169 3010 2228 9i
3047 2171 3261 2243 penitus
3315 2186 3421 2227 non

1820 2259 2136 2333 peccaret],
2171 2268 2376 2328 tamen,
2401 2262 2525 2332 quia
2558 2264 2926 2330 centenarius,
2949 2265 3116 2320 Deum
3142 2266 3208 2320 ad
3239 2265 3423 2321 dexteo

1820 2364 1937 2404 ram
1962 2350 2310 2407 collocandus
2339 2353 2612 2419 obsecrat,
2642 2370 2706 2410 ex
2744 2355 2848 2411 ﬁdc
2887 2357 3130 2426 quotidie
3155 2365 3418 2413 curatur:

1819 2437 2063 2504 Domine,
2116 2441 2399 2511 inquiens,
2445 2460 2577 2512 puer
2620 2461 2769 2499 meus
2800 2446 2945 2515 jacet
2994 2446 3317 2517 paralyticus
3367 2447 3421 2501 in

1820 2528 1994 2585 domo.
2027 2529 2084 2586 In
2130 2532 2314 2596 domo,
2347 2533 2593 2603 inquam,
2625 2535 2691 2589 de
2720 2552 2824 2604 qua
2856 2537 3056 2591 dictum
3103 2537 3329 2608 legimus
3353 2538 3421 2594 ad

1820 2622 2056 2677 animam
2088 2637 2104 2677 :
2146 2622 2467 2679 Obliviscere
2485 2626 2735 2697 populum
2761 2636 2908 2681 tuum
2940 2638 2989 2682 et
3017 2628 3228 2682 domum
3255 2631 3422 2700 putris

1820 2717 1897 2770 tui
1931 2712 2106 2787 (Psal.
2158 2732 2312 2782 κων,
2356 2717 2470 2789 Η).
2515 2718 2568 2772 lu
2607 2719 2708 2773 hac
2735 2720 2934 2791 quippe
2980 2720 3163 2784 domo,
3216 2720 3425 2777 scilicet

1820 2804 1984 2876 hujus
2013 2807 2218 2874 saeculi,
2257 2808 2437 2864 omnis
2464 2810 2643 2864 anima
2688 2810 2987 2882 paralytica
3014 2810 3225 2881 jacens,
3256 2812 3309 2867 id
3339 2821 3425 2868 est

1822 2895 1968 2951 intus
2004 2895 2289 2964 dissoluta,
2321 2912 2422 2953 nec
2449 2898 2742 2961 immerito,
2774 2914 2839 2954 eo
2868 2901 3011 2971 quod
3062 2901 3323 2955 hactenus
3352 2915 3420 2957 ex

1820 2996 1976 3059 parte
2010 2987 2263 3044 animalis
2309 2988 2404 3055 sit,
2450 3004 2586 3060 puer
2624 2990 2948 3061 appellatur.
2992 2991 3059 3046 Et
3107 3007 3260 3062 puer,
3293 2992 3420 3047 licet

1822 3090 2042 3137 centum
2081 3096 2389 3148 annorum,
2454 3091 2627 3139 morte
2686 3084 2979 3152 morietur;
3036 3086 3128 3155 qui
3181 3085 3422 3157 profecto

1824 3191 2057 3247 semper,
2086 3176 2256 3232 donec
2282 3191 2418 3247 puer
2452 3185 2554 3244 est,
2600 3177 2741 3235 male
2773 3193 2802 3233 a
2842 3179 3178 3235 daemonibus
3207 3190 3423 3250 torque-

1748 3238 1795 3302 Ο
1825 3238 1959 3325 ων.-
1980 3268 2188 3325 Idcirco
2221 3277 2333 3325 tam
2363 3270 2452 3325 diu
2480 3286 2643 3342 quam
2675 3271 2798 3326 talis
2833 3279 2941 3338 est,
2970 3286 3076 3326 non
3118 3272 3423 3328 mstimatur

1822 3363 2018 3433 dignus
2048 3370 2109 3418 ut
2138 3363 2298 3419 Jesus
2327 3363 2428 3419 sub
2454 3371 2654 3420 tectum
2683 3362 2802 3432 ejus
2828 3363 3420 3435 ingrediatur.Multnm

1822 3464 1905 3509 est
1950 3454 2129 3520 enim,
2179 3454 2244 3508 ad
2292 3469 2453 3525 quem
2494 3453 2746 3509 Christus
2788 3454 2993 3509 intrare
3045 3453 3318 3525 dignatur,
3362 3462 3423 3509 ut

1824 3544 2161 3599 mansionem
2198 3544 2340 3613 apud
2371 3558 2496 3598 eum
2552 3543 2738 3597 faciat.
2784 3542 3079 3612 Propterea
3124 3556 3256 3613 ergo
3302 3542 3421 3613 pria

1823 3650 1970 3690 mum
2000 3651 2100 3708 per
2126 3635 2388 3691 humilem
2435 3634 2835 3691 confessionem
2866 3634 3171 3699 exhibenda
3200 3642 3285 3689 est
3320 3649 3421 3689 uo.

1822 3735 1933 3783 stra
1991 3727 2319 3791 inﬁrmitas,
2374 3725 2571 3796 quibus
2621 3726 2770 3781 intus
2821 3726 2876 3781 in
2930 3726 3112 3781 animo
3163 3733 3420 3795 torqueas

1823 3834 1946 3873 mur
1992 3818 2189 3883 malis;
2231 3827 2361 3873 tunc
2407 3818 2627 3873 demum
2676 3827 2801 3889 post
2843 3834 3065 3885 curam,
3123 3818 3418 3889 hospitium

1821 3913 2087 3967 bonorum
2138 3926 2362 3984 operum
2407 3911 2703 3966 virtutibus
2749 3911 3187 3983 praeparandum.
3244 3911 3417 3966 Inter-

1822 4004 1949 4059 dum
2003 4012 2185 4059 tameu
2256 4003 2383 4058 licet
2437 4003 2612 4059 simus
2669 4003 2771 4059 sub
2832 3995 3103 4074 potestate
3162 4004 3422 4075 principis

1822 4103 1982 4173 hujus
2027 4102 2230 4170 smculi,
2261 4103 2562 4159 creduntur
2606 4102 2828 4157 subesse
2871 4102 3029 4156 nobis
3063 4100 3299 4156 universi
3326 4116 3422 4171 apd

1821 4196 2022 4267 petitus
2052 4195 2256 4260 carnis,
2286 4203 2342 4251 et
2369 4208 2469 4250 nos
2506 4209 2694 4249 eorum
2735 4191 2857 4262 jure
2887 4193 3250 4249 dominamur.
3282 4192 3419 4246 Hinc

1782 4335 1787 4339 .
1822 4303 2038 4359 quoque
2074 4288 2139 4343 ad
2168 4287 2302 4342 Cain
2338 4301 2462 4342 cum
2488 4287 2555 4341 de
2591 4295 2817 4358 peccato
2846 4286 2901 4341 in
2935 4285 3143 4341 foribus
3171 4286 3420 4355 loquere-

1823 4390 1911 4436 tur
1938 4398 1952 4435 :
1982 4379 2090 4436 Sub
2111 4390 2181 4446 te,
2212 4380 2419 4451 inquit,
2459 4380 2557 4434 erit
2588 4380 2849 4452 appetitus
2892 4388 3047 4445 tuus;
3087 4388 3317 4448 quorum
3372 4376 3418 4433 si

1822 4475 1959 4531 bene
2005 4474 2370 4541 dominamur,
2404 4474 2450 4529 si
2494 4490 2557 4530 ea
2592 4489 2713 4546 quae
2738 4473 3006 4529 libertatis
3048 4481 3175 4528 sunt
3204 4486 3422 4542 semper

1824 4577 2118 4631 sectamur,
2146 4576 2207 4622 ut
2234 4567 2300 4622 de
2322 4567 2583 4623 servitute
2610 4567 2676 4621 ad
2720 4567 2992 4638 integrum
3026 4563 3422 4620 transferamur

1826 4661 1878 4715 in
1908 4661 2238 4726 libertatem,
2262 4668 2376 4715 tum
2408 4659 2568 4715 ﬁdem
2597 4669 2799 4716 rectam
2828 4674 2954 4715 cum
2978 4658 3135 4715 bonis
3163 4658 3420 4729 operibus

1826 4753 2058 4807 Domino
2100 4753 2443 4807 exhibemus.
2500 4752 2710 4807 Revera
2760 4752 2988 4809 multum
3050 4752 3213 4807 distat
3278 4751 3421 4805 inter

1828 4845 1986 4900 ﬁdem
2018 4852 2072 4899 et
2114 4845 2313 4912 ﬁdem,
2344 4844 2473 4901 licet
2516 4844 2683 4917 ωε
2709 4862 2817 4901 una
2871 4846 2942 4901 sit
2990 4844 3123 4901 ﬁdes
3152 4845 3416 4910 omnium,

1828 4938 1970 4992 sicut
2026 4936 2318 5007 Apostolus
2374 4937 2493 4990 ait:
2540 4935 2659 4990 Una
2708 4936 2882 5006 ﬁdes,
2938 4953 3101 4991 unum
3156 4920 3418 5005 baptisma

1829 5032 2047 5102 (Ephes.
2072 5048 2142 5097 tv,
2168 5031 2245 5101 5).
2266 5030 2418 5086 Unde
2443 5041 2498 5086 et
2528 5031 2662 5086 ﬁdes
2681 5031 2803 5099 jure
2837 5031 3036 5086 dicitur
3062 5027 3417 5101 singulorum,

1826 5139 1932 5179 non
1956 5123 2098 5193 quod
2148 5122 2250 5177 alia
2278 5122 2350 5178 sit
2380 5121 2512 5178 ﬁdes
2538 5122 2691 5177 alteri
2720 5130 2776 5177 et
2810 5121 2915 5177 alia
2946 5121 3125 5185 alteri,
3156 5134 3280 5174 cum
3313 5131 3418 5171 non

1826 5217 2022 5273 sitnisi
2068 5224 2173 5270 una
2226 5216 2389 5281 ﬁdes;
2421 5217 2515 5271 sed
2543 5216 2596 5270 in
2628 5230 2734 5270 una
2775 5215 3076 5283 eademque
3128 5212 3271 5276 ﬁde,
3318 5224 3420 5280 pro

1831 5313 1973 5367 dono
2002 5312 2191 5384 gratiae
2224 5318 2276 5364 et
2327 5312 2530 5365 virtute
2574 5310 2779 5375 animi,
2828 5324 3023 5379 magna
3051 5306 3121 5361 sit
3167 5304 3421 5360 distantia

1827 5404 2168 5475 quantitatis.
2200 5402 2329 5458 lude
2358 5402 2617 5457 nimirum
2638 5409 2721 5455 est
2746 5400 2888 5470 quod
2906 5407 2961 5453 et
2981 5396 3315 5468 singulorum
3336 5393 3420 5449 di—

1827 5499 1971 5555 citur
1999 5499 2244 5569 propria,
2287 5505 2342 5552 et
2367 5505 2547 5550 tamen
2586 5492 2852 5549 catholice
2882 5506 2985 5545 una
3016 5488 3256 5544 omnium
3284 5501 3423 5558 prte-

1827 5592 2068 5658 dicatur;
2109 5590 2233 5662 quia
2278 5590 2381 5645 nisi
2406 5590 2520 5643 haec
2544 5601 2648 5641 una
2679 5586 2980 5655 eademque
2999 5592 3251 5638 teneatur
3276 5578 3421 5636 nulla

1825 5694 1909 5741 est
1939 5685 2128 5741 altera.
2155 5683 2387 5753 Propter
2415 5680 2559 5751 quod
2590 5677 2849 5732 Dominus
2886 5690 3225 5746 nequaquam
3258 5692 3269 5727 :
3302 5671 3423 5727 Non

1825 5780 2006 5836 inveni
2040 5779 2199 5834 istam
2246 5776 2405 5831 ﬁdem
2438 5774 2491 5828 in
2541 5770 2703 5827 Israel
2724 5810 2741 5837 ,
2780 5770 2908 5841 quia
2941 5768 3164 5825 omnino
3190 5767 3235 5823 si
3268 5766 3417 5821 dice-

1826 5879 1935 5938 ret,
1961 5882 2153 5927 omues
2181 5876 2338 5927 extra
2368 5865 2528 5925 ﬁdem
2556 5870 2770 5929 essent,
2798 5860 2896 5916 sed
2924 5861 3000 5917 ait
3028 5876 3042 5915 :
3071 5858 3188 5915 Non
3216 5864 3424 5919 tantum
