4000 6362
591 361 689 416 55!

1384 353 1443 409 S.
1478 350 1836 410 PASCHASII
1876 348 2240 406 RADBERTI
2278 349 2573 406 ABBATIS
2609 348 3060 408 CORBEIENSIS

3721 365 3799 419 352

589 476 768 538 inveni
795 474 979 540 ﬁdem,
1020 480 1078 526 ut
1107 476 1178 527 sit
1223 469 1407 525 unitas
1432 469 1487 525 in
1529 469 1837 525 substantia
1870 467 1996 523 ﬁdei
2031 465 2183 522 intel-
2209 467 2261 528 Α
2288 465 2377 521 hic
2409 474 2748 532 accesserat;
2798 465 2851 520 id
2875 472 2961 520 est
2992 482 3004 517 ε
3045 461 3112 518 Et
3142 463 3219 518 illi
3252 467 3568 535 requiescent
3593 475 3669 542 qui
3707 490 3801 537 ante

589 570 826 644 ligenda,
867 574 923 621 et
951 562 1230 636 quantitas
1267 561 1591 617 meritorum
1631 560 1684 614 in
1732 559 1847 631 ipsa
1887 559 2186 628 eademque

589 662 748 721 ﬁdea
778 658 1006 714 Domino
1042 652 1520 725 recompensanda.
1569 651 1707 707 Hinc
1751 667 1968 722 quoque
2004 651 2183 706 Cana-

589 769 722 811 nam
759 751 956 808 dicitur
987 746 1204 803 mulieri
1231 765 1244 800 :
1290 744 1334 799 Ο
1359 743 1549 799 mulier
1590 761 1783 814 magna
1814 753 1888 798 est
1916 743 2049 812 ﬁdes
2091 753 2184 797 tua

587 843 803 918 (Matth.
845 857 948 904 xv,
985 838 1102 907 28).
1153 837 1315 892 Petro
1340 850 1470 890 vero
1502 853 1515 889 :
1557 834 1782 889 Modica:
1813 835 1937 904 ﬁdei
1961 876 1976 900 ,
2022 851 2184 905 quare

589 933 884 989 dubitasti?
909 930 1124 1002 (Matth.
1159 945 1273 993 xlv,
1299 928 1414 999 Si.)
1454 926 1602 996 Qua),
1633 927 1679 982 si
1714 941 1821 982 non
1854 927 2080 981 multum
2106 927 2184 982 iu-

589 1031 841 1089 teresset,
865 1036 967 1078 nec
991 1021 1046 1074 in
1072 1020 1176 1075 isto
1191 1019 1401 1074 modica
1426 1017 1754 1088 culparetur,
1780 1032 1880 1072 nec
1905 1018 1958 1072 in
1986 1017 2073 1072 illa
2092 1019 2184 1073 de-

588 1120 754 1188 nique
783 1130 977 1187 magna
1007 1113 1340 1169 laudaretur.
1358 1111 1562 1166 Tamen
1594 1111 1646 1165 in
1670 1112 1918 1181 utrisque
1946 1111 2104 1166 sicuti
2130 1121 2186 1166 et

587 1208 642 1265 in
692 1207 944 1263 omnibus
971 1203 1065 1275 qui
1113 1219 1245 1259 sane
1293 1203 1528 1274 sapiunt,
1567 1201 1701 1257 ﬁdes
1737 1217 1841 1256 una
1879 1203 1964 1257 vel
2006 1204 2181 1258 corri-

586 1301 751 1372 gitur,
783 1298 867 1354 vel
911 1297 1246 1368 provehitur,
1287 1296 1372 1351 vel
1423 1295 1748 1367 pr0ponitur
1789 1309 2003 1365 quoque
2031 1304 2090 1349 ut
2115 1295 2183 1350 ab

585 1391 708 1446 aliis
738 1389 1001 1444 imitetur.
1019 1387 1308 1451 Caeterum,
1334 1387 1458 1442 ﬁcta
1484 1385 1617 1440 ﬁdes
1638 1385 1764 1440 licet
1807 1386 2039 1450 dicatur,
2073 1400 2182 1441 non

583 1493 669 1538 est
695 1485 849 1548 ﬁdes,
891 1483 1018 1554 quia
1062 1483 1129 1537 de
1167 1482 1331 1537 corde
1358 1480 1598 1552 ﬁngitur.
1629 1480 1782 1547 Quod
1824 1481 1869 1533 si
1916 1479 2038 1535 falsi
2085 1479 2185 1534 fal-

585 1594 704 1634 sum
729 1579 795 1632 de
811 1577 1077 1631 Trinitate
1103 1575 1515 1639 crediderimus,
1534 1573 1710 1628 inanis
1734 1581 1818 1627 est
1834 1587 1959 1642 spes
1974 1581 2180 1639 nostra,

583 1671 828 1725 charitas
854 1684 1072 1740 quoque
1101 1668 1330 1726 incerta.
1356 1665 1514 1732 Quia,
1547 1665 1673 1719 dum
1696 1662 1891 1719 falsum
1917 1664 2179 1735 diligitur,

582 1776 712 1816 vera
743 1775 864 1816 esse
907 1775 1015 1815 non
1063 1759 1281 1830 poterit.
1338 1757 1569 1828 Pr0pter
1610 1755 1755 1826 quod
1805 1756 1860 1810 in
1909 1757 2014 1810 isto
2039 1756 2182 1826 quod

2288 556 2580 612 adventum
2607 555 2727 627 ejus
2753 557 2914 627 digne
2963 555 3316 612 crediderunt
3343 557 3392 612 in
3416 573 3550 626 eum,
3577 564 3709 620 etilli
3734 573 3804 640 qui

2286 655 2410 718 post
2455 648 2746 704 adventum
2791 647 3000 717 ipsius,
3035 662 3181 711 eum,
3232 662 3339 702 non
3388 665 3453 704 ex
3495 655 3803 725 sanguinibus,

2287 755 2463 811 neque
2489 757 2557 796 ex
2580 741 2856 796 voluntate
2903 740 3112 806 carnis,
3159 738 3276 805 sed,
3305 756 3371 795 ex
3395 741 3499 798 Deo
3527 749 3696 813 renati,
3721 749 3802 808 ﬁde

2286 843 2658 904 susceperunt.
2706 833 2813 889 Seu
2862 833 3056 887 aliter:
3095 831 3163 886 ab
3196 834 3402 889 oriente
3456 844 3509 890 et
3562 840 3806 909 occidente,

2285 926 2389 982 hoc
2416 938 2520 992 est,
2554 943 2620 982 ex
2665 927 2813 981 omni
2843 935 3002 998 gente
3047 941 3169 995 qua:
3195 926 3294 981 sub
3322 926 3456 982 coelo
3497 938 3590 995 est,
3619 931 3676 986 ab
3715 943 3809 988 ortu

2289 1020 2418 1075 solis
2439 1021 2506 1074 ad
2528 1035 2801 1075 occasum.
2833 1021 2969 1087 Quia
2994 1019 3135 1073 sicut
3161 1034 3260 1089 per
3287 1035 3473 1076 omnes
3493 1031 3662 1091 gentes
3684 1025 3808 1081 habet

2287 1113 2596 1183 praedicari,
2633 1113 2711 1169 sie
2754 1127 2822 1168 ex
2856 1113 3108 1168 omnibus
3139 1113 3385 1183 gentibus
3412 1116 3612 1168 venturi
3639 1129 3742 1171 sunt
3763 1119 3812 1175 ad

2288 1219 2514 1273 regnum
2543 1202 2824 1259 caelorum.
2843 1205 2899 1258 In
2918 1203 3115 1272 quibus
3138 1203 3391 1259 nimirum
3414 1207 3660 1275 partibus,
3685 1213 3814 1267 etiam

2288 1294 2406 1350 duae
2447 1294 2658 1358 medim,
2704 1304 2762 1348 ut
2789 1294 3234 1365 conquadrentur
3279 1297 3345 1350 ad
3391 1297 3711 1366 soliditatem,
3743 1318 3815 1372 pro

2287 1395 2438 1440 certe
2469 1385 2864 1458 intelliguntur.
2893 1386 3000 1441 Sed
3029 1387 3203 1457 prima
3228 1395 3283 1441 et
3305 1387 3495 1442 ultima
3526 1390 3636 1445 ideo
3659 1408 3817 1460 ponun«

2288 1489 2394 1545 tur,
2427 1489 2698 1550 quatenus
2731 1481 2846 1537 dies
2889 1482 2976 1535 ille
3005 1497 3220 1553 semper
3270 1482 3323 1536 iu
3375 1487 3627 1539 memoria
3669 1489 3819 1559 ﬁgatur

2287 1573 2502 1641 quando
2543 1573 2723 1643 fulgur
2749 1575 2894 1629 exiet
2936 1574 3005 1628 ab
3034 1574 3268 1640 oriente,
3295 1585 3351 1631 et
3373 1577 3580 1646 parebit
3605 1593 3748 1648 usque
3781 1580 3818 1634 in

2285 1666 2653 1734 occidentem;
2695 1669 2950 1738 quoniam
2999 1677 3128 1724 tunc
3173 1670 3282 1724 erit
3322 1670 3577 1725 adventus
3624 1671 3726 1725 Filii
3748 1673 3818 1726 ho-

2287 1760 2467 1815 minis.
2521 1760 2658 1815 Nam
2689 1771 2742 1816 et
2777 1763 2852 1816 illi
2905 1761 3003 1817 soli
3052 1772 3180 1818 tunc
3221 1764 3279 1818 in
3322 1779 3490 1835 regno
3539 1766 3818 1828 rccumheut,

580 1866 766 1907 veram
810 1852 1060 1907 habuerit
1101 1849 1262 1905 ﬁdem
1305 1859 1360 1905 et
1410 1864 1702 1921 magnam,
1756 1863 1863 1902 non
1914 1849 1984 1903 ob
2031 1847 2177 1902 aliud
2206 1853 2420 1931 Bquos
2468 1852 2729 1907 nimirum
2763 1854 2976 1908 initium
3023 1863 3186 1910 rectae
3218 1855 3344 1910 ﬁdei
3396 1865 3449 1910 et
3488 1856 3821 1910 consummatio

583 1945 836 2001 laudatur
859 1947 964 2002 nisi
993 1955 1051 2000 ut
1074 1947 1339 2000 imitetur.
1373 1942 1529 2011 Quod
1551 1943 1596 1999 si
1620 1942 1870 1999 volumus
1895 1943 2013 2014 ejus
2054 1943 2180 1997 imi-

586 2047 792 2094 latores
818 2039 1052 2104 censeri,
1085 2055 1194 2094 non
1245 2037 1545 2093 audiendus
1574 2036 1834 2102 Marcion,
1867 2052 1931 2091 ac
1975 2037 2180 2103 caeteri,

582 2131 675 2200 qui
702 2130 1022 2201 phantasma
1048 2128 1327 2186 Christum
1359 2129 1476 2185 sine
1506 2144 1635 2184 vera
1659 2143 1823 2184 carne
1847 2128 2014 2185 fuisse
2036 2129 2184 2184 dixe-

584 2231 732 2278 runt.
789 2221 904 2278 Non
927 2221 1111 2290 Arius,
1166 2223 1257 2294 qui
1313 2231 1621 2278 creaturam
1683 2237 1807 2276 eum
1857 2230 2011 2294 putat
2059 2237 2182 2278 cum

584 2313 785 2382 Verbo,
822 2316 968 2386 quod
1023 2317 1075 2371 in
1114 2315 1384 2387 principio
1433 2324 1554 2370 erat
1603 2315 1746 2386 apud
1798 2315 1990 2383 Deum,
2031 2325 2183 2372 creat

587 2408 865 2473 omnia,et
891 2408 1006 2463 solo
1027 2421 1278 2463 sermone
1302 2417 1574 2462 restaurat
1605 2409 1876 2462 universa.
1895 2408 2012 2463 Non
2041 2423 2182 2464 nova

583 2499 808 2556 haeresis
829 2498 1124 2567 Feliciana,
1150 2516 1270 2570 quae
1290 2509 1534 2555 veterum
1558 2501 1774 2556 eineres
1807 2499 1978 2554 voluit
2005 2516 2183 2556 remo-

582 2606 734 2656 vere,
769 2591 904 2647 duas
926 2606 1190 2662 personas
1221 2592 1273 2646 in
1317 2591 1536 2647 Christo
1562 2591 1914 2647 introducens
1944 2589 2180 2647 Verbum

581 2684 830 2749 scilicet,
894 2683 1174 2754 proprium
1215 2683 1310 2738 Dei
1369 2683 1587 2749 Filium,
1644 2691 1698 2737 et
1761 2683 2071 2753 adoptivum
2125 2683 2179 2737 in

583 2776 755 2832 Deum
784 2778 1022 2833 hominis
1047 2777 1245 2843 ﬁlium,
1274 2793 1397 2832 cum
1442 2777 1530 2831 hic
1574 2777 1852 2831 hominem
1900 2777 2070 2831 Deum
2099 2776 2180 2831 in-

585 2871 812 2940 telligat,
863 2886 985 2926 cum
1017 2871 1144 2925 ait:
1197 2870 1292 2924 Dic
1344 2870 1515 2924 verbo.
1561 2868 1838 2939 Alioquin,
1886 2869 1990 2924 nisi
2041 2885 2181 2925 unus

584 2964 833 3033 idemque
873 2971 1019 3019 esset
1047 2963 1190 3018 Deus
1217 2972 1274 3017 et
1314 2963 1496 3028 homo,
1549 2961 1727 3032 potius
1776 2963 1841 3016 ad
1888 2961 2058 3018 Deum
2106 2962 2182 3016 in-

584 3059 777 3124 terius,
817 3074 980 3128 quam
1013 3058 1253 3114 exterius
1285 3057 1350 3112 ad
1379 3057 1656 3112 hominem
1697 3055 1964 3111 orandum
2013 3063 2176 3112 esset.

589 3149 760 3217 Quem
805 3150 908 3205 etsi
952 3150 1279 3205 minoratum
1335 3151 1401 3205 ab
1432 3149 1638 3217 angelis
1682 3148 1962 3214 cernebat,
1997 3158 2176 3204 tamen

584 3245 832 3301 eumde'm
864 3245 1040 3315 ipsum
1092 3244 1388 3307 hominem,
1420 3257 1518 3313 per
1565 3243 1668 3299 hoc
1706 3241 1849 3312 quod
1891 3257 2031 3297 unus
2060 3251 2178 3297 erat
2205 3221 2251 3285 (εἶ

585 3349 708 3390 cum
739 3333 935 3401 Verbo,
987 3335 1256 3391 dominari
1299 3349 1465 3407 super
1509 3334 1810 3390 exercitum
1867 3334 2181 3406 angelorum

584 3445 684 3487 suo
721 3429 970 3501 exemplo
1015 3429 1358 3499 apertissime
1385 3430 1562 3484 docet.
1591 3427 1798 3482 Idcirco
1825 3427 2179 3490 credendum,

584 3522 728 3595 quod
757 3522 942 3588 homo,
974 3522 1101 3591 quia
1135 3521 1403 3576 medicina
1429 3518 1586 3574 nobis
1609 3535 1638 3572 a
1671 3519 1782 3574 Deo
1812 3517 1975 3573 Patre
2003 3517 2182 3573 factus

583 3625 689 3683 est,
719 3606 898 3669 Verbo
927 3615 1058 3669 dicit
1093 3623 1147 3670 et
1178 3622 1355 3669 curat.
1409 3611 1524 3666 Non
1557 3620 1739 3666 tamen
1771 3611 1911 3666 alius
1942 3611 2060 3681 ipse
2081 3651 2098 3678 ,
2129 3619 2184 3665 et

585 3711 691 3766 alia
732 3725 958 3782 persona
992 3707 1184 3772 Verbi;
1241 3707 1369 3776 quia
1406 3704 1628 3759 Verbum
1677 3721 1800 3759 cara
1849 3705 2047 3774 factum
2083 3714 2180 3771 est,

582 3812 633 3857 et
662 3800 828 3874 5.09
847 3800 1096 3854 habitavit
1121 3799 1179 3852 in
1213 3797 1361 3852 nobis
1387 3812 1526 3851 unus
1551 3797 1820 3865 idemque.

655 3891 808 3953 Dico,
846 3890 1036 3960 inquit,
1069 3889 1234 3953 vobis,
1264 3887 1404 3959 quod
1445 3887 1597 3941 multi
1648 3887 1713 3940 ab
1761 3887 1960 3941 oriente
2011 3897 2056 3942 et
2096 3905 2185 3942 oc-

585 3985 789 4042 cidente
828 3985 1056 4049 venient,
1091 3991 1144 4038 et
1178 3991 1373 4038 caetera
1410 3996 1531 4051 quae
1561 3991 1881 4052 sequuntur.
1917 3982 2213 4049 Quzeren-’

590 4077 719 4134 dum
745 4093 876 4149 ergo
903 4078 1176 4148 quomodo
1199 4077 1456 4133 venient?
1482 4075 1734 4145 Nunquid
1785 4076 2063 4148 gressibus
2091 4091 2183 4148 pe-

585 4169 749 4226 dum?
774 4168 889 4224 Non
918 4169 1124 4239 utique,
1172 4167 1266 4223 sed
1318 4167 1422 4222 ﬁde
1454 4181 1519 4222 ac
1571 4167 1839 4222 charilate
1878 4175 2038 4237 atque
2077 4169 2180 4223 hu-

589 4263 838 4328 militate,
868 4262 1065 4332 quibus
1091 4260 1160 4316 ad
1186 4275 1309 4315 eum
1355 4259 1458 4314 iste
1493 4259 1723 4314 accessit
1767 4259 2060 4330 gressibus.
2105 4260 2183 4316 Eo

589 4375 804 4430 quoque
834 4361 1064 4431 quisque
1113 4357 1286 4429 magis
1313 4355 1614 4428 perveniet,
1645 4370 1752 4426 quo
1797 4354 1968 4426 magis
1990 4369 2088 4424 per
2120 4353 2182 4409 ﬁ-

599 4453 754 4514 dem,
787 4467 908 4521 quze
963 4450 1308 4506 dilectionem
1362 4457 1658 4519 operatur,
1717 4446 2027 4503 crediderit.
2074 4444 2182 4502 Sed

592 4544 862 4612 quiomodo
891 4556 1016 4596 vere
1043 4541 1199 4596 multi
1235 4541 1447 4595 venturi
1507 4539 1836 4604 creduntur,
1869 4556 1989 4596 cum
2051 4539 2179 4594 alibi

591 4637 794 4691 dictum
812 4635 906 4698 sit,
923 4635 1068 4704 quod
1089 4634 1243 4689 multi
1265 4634 1453 4697 vocati,
1467 4633 1626 4702 pauci
1645 4651 1760 4687 vero
1786 4632 1931 4686 electi
1959 4631 2175 4701 (Matth.

593 4745 724 4794 χχιι,
759 4727 868 4796 ll).
901 4727 1062 4781 Pauci
1088 4725 1308 4796 quidem
1334 4724 1404 4780 ab
1428 4724 1586 4780 initio
1603 4741 1772 4795 usque
1800 4725 1868 4779 ad
1897 4725 2060 4778 linem
2084 4739 2180 4778 sa:-

577 4811 719 4884 culi,
774 4819 901 4874 licet
926 4817 1081 4873 multi
1105 4825 1394 4882 vocentur,
1425 4815 1481 4871 in
1531 4813 1935 4888 comparatione
1966 4813 2179 4868 illorum

589 4913 680 4982 qui
709 4919 956 4980 pereunt,
1004 4926 1072 4966 ex
1101 4909 1355 4966 omnibus
1403 4909 1749 4981 colliguntur,
1792 4909 2073 4964 venientes
2100 4916 2182 4962 ta-

591 5020 714 5058 men
739 5001 898 5056 simul
923 5002 1048 5057 hinc
1081 5001 1205 5056 inde
1233 5000 1569 5072 congregati,
1603 4998 1755 5054 multi
1785 4997 1988 5067 absque
2017 4996 2180 5052 dubio

590 5093 955 5148 invenientur.
990 5092 1068 5149 De
1105 5092 1304 5164 quibus
1335 5091 1645 5162 Propheta:
1678 5089 2057 5152 Dinumerabo,
2093 5087 2177 5142 in-

589 5186 725 5257 quit,
770 5203 877 5250 eos,
936 5197 981 5239 et
1035 5202 1192 5256 super
1251 5201 1465 5239 arenam
1524 5181 2014 5252 multiplicabuntur
2059 5179 2178 5250 (Ps.

499 5261 504 5265 1
589 5293 854 5339 cxxxvm,
901 5277 1008 5342 l7).
1049 5276 1202 5343 Quod
1230 5285 1412 5330 autem
1459 5274 1528 5328 ab
1547 5273 1760 5328 oriente
1800 5281 1856 5326 et
1899 5269 2182 5327 occidente

589 5372 743 5430 dicit,
776 5386 881 5425 non
908 5370 1060 5440 quasi
1093 5371 1160 5424 ab
1185 5369 1270 5423 his
1297 5369 1506 5423 duabus
1531 5366 1706 5436 plagis
1747 5364 1921 5420 solum
1965 5363 2179 5419 venturi

591 5465 912 5528 creduntur,
941 5478 1126 5517 verum
1158 5462 1321 5516 etiam
1370 5476 1402 5514 a
1453 5459 1676 5514 meridie
1705 5466 1761 5513 et
1799 5457 1868 5511 ab
1905 5455 2178 5527 aquilone.

601 5555 710 5612 Sed
752 5555 852 5609 hoc
893 5553 1146 5623 estquod
1173 5552 1302 5607 dicit
1329 5557 1397 5606 ab
1421 5550 1656 5614 oriente,
1687 5549 1814 5620 quia
1855 5549 2031 5619 prima
2057 5563 2182 5618 pars

591 5645 778 5706 mundi
826 5656 929 5712 est,
979 5646 1136 5716 quasi
1165 5643 1235 5698 ab
1267 5643 1422 5699 initio
1460 5642 1677 5706 srcculi,
1728 5649 1783 5695 et
1831 5641 1898 5694 ab
1947 5655 2176 5705 occasu,

597 5742 753 5813 quasi
788 5742 893 5796 ﬁne
924 5741 1070 5804 vitae,
1098 5754 1290 5795 omnes
1314 5738 1442 5794 hinc
1482 5736 1607 5792 inde
1633 5734 1701 5788 ad
1725 5748 1891 5788 unum
1921 5734 2183 5791 mediato-

591 5851 709 5893 ieui
739 5836 907 5892 Deum
928 5823 1288 5894 et‘hoininem
1334 5831 1551 5886 venient
1577 5842 1673 5898 per
1700 5826 1884 5892 ﬁdem,
1915 5824 1984 5880 ad
2023 5841 2182 5896 quem

2208 4585 2260 4644 D

2283 1945 2412 2000 boni
2437 1947 2621 2016 operis
2645 1948 2959 2018 probaverit
2988 1935 3234 2003 idoneos?
3267 1948 3422 2004 Unde
3444 1958 3498 2002 et
3519 1950 3570 2004 hi
3591 1949 3755 2004 Patres
3772 1951 3819 2002 ad

2283 2038 2523 2092 medium
2553 2039 2910 2106 deducuntur,
2934 2055 3162 2110 quorum
3187 2057 3299 2096 non
3326 2041 3663 2098 confunditur
3679 2041 3822 2096 vocari

2283 2128 2456 2195 Deus;
2482 2130 2576 2184 sed
2603 2131 2680 2184 ait
2711 2149 2722 2184 :
2758 2131 2872 2202 Ego
2900 2149 3016 2186 sum
3046 2131 3187 2186 Deus
3214 2132 3507 2197 Abraham,
3537 2132 3668 2187 Deus
3688 2131 3823 2195 Isaac,

2283 2231 2331 2276 et
2368 2220 2513 2276 Deus
2548 2221 2714 2276 Jacob
2749 2221 2949 2295 (Exod.
2992 2239 3077 2288 ιιι,
3123 2223 3212 2296 6);
3269 2225 3415 2280 Deus
3467 2224 3642 2294 utique
3686 2236 3828 2277 eorum

2283 2328 2513 2385 quorum
2545 2313 2638 2368 isti
2685 2315 2826 2384 apud
2866 2331 2993 2370 eum
3045 2316 3137 2386 qui
3169 2325 3405 2371 cunctos
3436 2317 3604 2381 novit,
3633 2324 3832 2370 tenentur

2283 2405 2582 2477 exemplar.
2614 2404 2749 2460 Nam
2780 2406 2834 2461 in
2864 2406 3139 2462 Abraham
3173 2407 3338 2474 ﬁdes,
3382 2424 3487 2479 qua
3521 2407 3709 2478 placuit
3733 2407 3830 2470 Deo,

2281 2507 2336 2553 et
2362 2507 2672 2568 reputatum
2713 2507 2798 2552 est
2824 2499 2876 2553 ei
2906 2500 2973 2553 ad
2990 2497 3268 2566 justitiam
3299 2515 3313 2552 :
3342 2499 3396 2553 in
3428 2499 3576 2554 Isaac
3615 2510 3834 2566 verospes

2283 2593 2439 2664 quasi
2466 2601 2871 2648 sacramentum
2896 2592 3021 2647 ﬁdei
3046 2600 3100 2647 et
3129 2608 3223 2661 gra
3236 2593 3351 2659 tiae,
3380 2599 3676 2663 generatur.
3703 2588 3832 2642 Porro

2280 2700 2380 2756 per
2409 2685 2578 2742 Jacob
2605 2685 2844 2741 charitas
2867 2685 3203 2756 designatur,
3257 2701 3381 2756 qua:
3411 2700 3509 2756 per
3533 2683 3674 2738 varia
3699 2690 3834 2737 certa-

2281 2779 2450 2843 mina,
2484 2778 2650 2852 410
2695 2778 2866 2833 donec
2923 2778 3086 2832 Israel
3133 2779 3313 2833 Deum
3365 2779 3540 2850 possit
3566 2777 3759 2832 deorum
3799 2773 3834 2826 in

2283 2869 2414 2924 Sion
2466 2871 2672 2934 videre,
2705 2870 2976 2925 laboriose
3007 2870 3140 2925 satis
3177 2870 3441 2926 desudat.
3472 2869 3548 2925 Ex
3583 2884 3681 2940 qua
3719 2864 3839 2922 nimi-

2289 2979 2407 3017 rum
2437 2963 2723 3018 duodecim
2758 2963 2952 3029 tribus,
2985 2962 3238 3018 videlicet
3272 2965 3457 3019 omnis
3486 2962 3840 3034 praedestinato—

2285 3072 2402 3110 rum
2425 3057 2559 3109 ordo
2593 3068 2947 3128 propagatur.
2987 3057 3142 3112 Unde
3170 3066 3225 3110 ct
3263 3059 3318 3112 in
3345 3058 3657 3122 novissimo,
3687 3053 3843 3111 duode-

2285 3149 2388 3201 cim
2413 3149 2638 3217 apostoli
2672 3165 2837 3219 super
2859 3165 3049 3204 omnes
3078 3151 3379 3207 duodecim
3410 3153 3583 3206 tribus
3604 3157 3843 3206 eruntses-

2284 3240 2420 3303 suri,
2447 3241 2538 3294 ubi
2568 3240 2699 3294 nulli
2726 3242 3162 3296 numerahuntur
3188 3243 3318 3310 alii,
3353 3244 3458 3299 nisi
3487 3259 3703 3315 quorum
3727 3239 3844 3301 ﬁdes,

2284 3348 2410 3403 spes
2431 3341 2486 3387 et
2509 3333 2749 3389 charitas
2789 3333 2958 3388 Deum
2983 3335 3209 3390 istorum
3241 3337 3508 3401 credidit,
3543 3334 3848 3406 speravit,at-

2284 3441 2390 3495 que
2416 3426 2564 3481 omni
2601 3427 2870 3482 charitate
2890 3427 3074 3482 coluit.
3103 3427 3325 3495 Quibus
3348 3445 3484 3486 sane
3501 3427 3769 3485 virtutibus
3791 3436 3846 3476 re-

2284 3519 2395 3572 nati
2420 3517 2746 3574 accumbent
2771 3534 2893 3574 cum
2912 3519 3032 3574 istis
3052 3535 3160 3574 non
3184 3521 3500 3576 carnaliter
3517 3520 3760 3589 jacentes,
3780 3512 3847 3567 sed

2284 3610 2635 3680 Spiritualiter
2695 3610 3038 3680 quiescentes
3092 3625 3121 3664 a
3164 3609 3460 3669 laboribus
3499 3611 3631 3668 suis.
3668 3609 3729 3665 Et
3761 3619 3851 3660 cum

2285 3703 2470 3772 utique
2512 3719 2578 3757 ex
2627 3702 2858 3758 diversis
2884 3703 3130 3773 partibus
3159 3705 3490 3776 aggregati,
3538 3712 3691 3760 erunt
3725 3710 3853 3753 unum

2285 3796 2423 3850 ovile
2460 3805 2516 3850 et
2561 3812 2700 3852 unus
2721 3806 2924 3866 pastor.

2357 3887 2490 3943 Filii
2519 3901 2696 3944 autem
2729 3890 2876 3958 regni
2907 3890 3190 3961 ejicientur
3221 3894 3287 3948 in
3338 3895 3586 3949 tenebras
3607 3890 3855 3947 exteriores.

2287 3984 2426 4053 Ergo
2463 3985 2614 4054 regni
2666 3983 2759 4037 ﬁlii
2815 3983 2986 4038 Judaei
3038 3985 3426 4056 accipiuntur,
3482 4003 3618 4060 quos
3659 3983 3782 4040 Deus
3811 3993 3858 4034 et

2286 4073 2526 4146 Egypto
2554 4075 2813 4138 educens,
2862 4075 3145 4130 constituit
3174 4077 3230 4131 in
3267 4095 3532 4152 regnum,
3557 4088 3611 4133 et
3633 4075 3725 4132 sibi
3763 4071 3862 4126 ado-

2285 4167 2459 4238 ptavit
2488 4167 2540 4221 in
2577 4166 2735 4220 ﬁlios.
2782 4166 2837 4220 ln
2881 4167 3079 4235 quibus
3111 4183 3352 4240 regnum
3387 4171 3485 4226 diu
3515 4169 3703 4230 tenuit,
3731 4163 3864 4219 donec

2283 4257 2561 4313 Christum
2602 4255 2766 4327 Regis
2811 4255 3008 4312 Filium
3034 4259 3103 4313 ad
3132 4274 3190 4314 se
3217 4263 3552 4317 venientem
3587 4259 3863 4328 rejecerunt.

2284 4349 2514 4420 Propter
2545 4349 2712 4420 quod,
2735 4349 2861 4419 quia
2891 4351 3120 4407 credere
3147 4353 3467 4411 uoluerunt
3487 4371 3613 4412 cum
3641 4349 3868 4426 gentibus,

2285 4459 2515 4515 quarum
2564 4443 2652 4498 hic
2699 4444 2947 4500 centurio
2996 4443 3158 4499 ﬁdem
3205 4449 3459 4516 obtulit,
3514 4448 3790 4520 ejicientur
3829 4439 3870 4491 in

2287 4535 2560 4590 tenebras.
2592 4532 2827 4588 Possunt
2855 4543 3036 4590 autem
3059 4545 3115 4592 et
3141 4540 3300 4608 regni
3361 4539 3492 4605 ﬁlii,
3536 4536 3716 4595 sieculi
3747 4530 3874 4587 istius

2287 4624 2656 4694 interpretari,
2683 4640 2846 4694 super
2873 4641 3011 4695 quos
3035 4627 3431 4698 principantur
3474 4641 3720 4686 rectores
3747 4635 3916 4680 tenea.

2285 4717 2544 4779 hrarum;
2587 4725 2647 4769 ut
2699 4715 2859 4770 simul
2902 4719 3080 4774 omnis
3115 4719 3526 4778 damnatorum
3578 4720 3712 4778 ordo
3751 4711 3878 4774 intel-

2283 4807 2503 4878 ligatur,
2528 4807 2654 4875 quia
2680 4822 2790 4862 non
2819 4807 2997 4863 minus
3027 4809 3094 4864 de
3121 4811 3394 4880 gentibus
3420 4829 3600 4884 quam
3624 4814 3690 4869 de
3715 4804 3882 4866 ludatis

2284 4897 2337 4952 in
2382 4897 2599 4952 easdem
2657 4899 2910 4953 tenebras
2962 4899 3134 4954 ibunt.
3200 4901 3349 4957 Nam
3405 4906 3482 4961 ab
3516 4905 3677 4962 initio
3707 4896 3881 4961 saeculi.

2285 4991 2402 5045 haec
2452 4989 2559 5044 duo
2592 5005 2787 5060 regna,
2824 4989 3159 5048 Hierusalem
3204 4995 3438 5053 scilicet
3495 5007 3556 5054 et
3606 4991 3884 5067 Babylonis,

2267 5080 2641 5152 vcolliguntur;
2670 5089 2725 5135 et
2752 5080 3052 5136 aediﬁcatur
3073 5082 3164 5138 illa
3195 5084 3569 5144 Hierusalem
3599 5089 3656 5144 in
3682 5078 3889 5143 coelesti-

2285 5174 2387 5228 hus
2416 5192 2428 5228 :
2461 5172 2700 5245 Babylon
2731 5188 2858 5228 vero
2879 5174 3005 5244 quia
3031 5190 3131 5246 per
3174 5191 3233 5232 se
3264 5194 3528 5252 semper,
3563 5185 3684 5238 sine
3711 5182 3829 5240 Deo.
3849 5174 3890 5227 ίη

2288 5265 2519 5320 terrenis
2546 5280 2771 5337 regnare
2816 5265 3014 5332 voluit,
3043 5267 3338 5340 projicitur
3369 5288 3487 5328 uno
3520 5275 3730 5346 impetu
3757 5271 3806 5325 iu
3830 5273 3892 5320 te-

2289 5361 2509 5424 nebras,
2536 5369 2593 5414 et
2639 5361 2694 5414 in
2726 5361 3000 5417 caminum
3053 5363 3193 5433 ignis
3243 5367 3540 5425 ardentis.
3583 5370 3707 5425 Filii
3742 5373 3894 5421 autem

2289 5453 2438 5521 regni
2469 5453 2548 5509 sic
2575 5451 2849 5520 dicuntur,
2891 5455 3364 5525 quemadmodum
3427 5471 3489 5516 et
3521 5461 3626 5516 lilii
3675 5457 3898 5516 tenebra-

2286 5560 2430 5609 rum,
2459 5553 2551 5598 aut
2577 5546 2838 5615 gehennae
2882 5545 2998 5611 lilii,
3028 5556 3123 5602 aut
3168 5546 3267 5602 ﬁlii
3303 5549 3438 5617 iraa,
3484 5555 3642 5624 quod
3673 5568 3770 5608 nos
3811 5547 3900 5602 fui-

2287 5653 2427 5703 mus,
2463 5640 2558 5694 sed
2608 5654 2708 5710 per
2733 5639 2936 5695 Christi
2989 5641 3218 5710 gratiam
3263 5644 3607 5716 adoptionis
3662 5646 3777 5700 ﬁlii.
3812 5636 3904 5696 Sed

2287 5733 2638 5803 quaerendum
2686 5734 2957 5804 quomodo
3008 5735 3062 5789 in
3124 5735 3404 5794 tenebras
3465 5743 3784 5797 exteriores
3828 5733 3911 5802 eii'

2288 5823 2466 5881 ciendi
2495 5825 2626 5891 sint,
2675 5841 2799 5882 cum
2845 5825 3085 5883 tenebrae
3128 5839 3370 5896 semper
3412 5830 3725 5891 interiores
3769 5819 3917 5885 ﬁant?
