4000 6362
183 361 280 420 553

969 354 1332 414 EXPOSITIO
1368 355 1435 411 IN
1474 353 1912 413 MATTHEUM.
1949 383 2019 396 —
2057 354 2184 410 LIB.
2223 353 2289 421 ν,
2327 353 2481 411 CAP.
2522 354 2653 412 VIII.

3329 355 3437 413 δδι

184 479 287 533 Nisi
308 475 424 545 quia
452 488 560 528 non
591 471 660 528 de
689 472 776 528 bis
806 444 946 529 dicit
966 475 1227 540 tenebris,
1261 491 1396 545 quas
1419 475 1665 538 videmus
1687 487 1756 528 ex
1783 477 1835 538 Α
1862 482 1968 538 tur,
1993 482 2054 528 ut
2079 483 2134 530 et
2156 474 2360 530 veritas
2385 482 2568 545 pateat
2594 473 2794 544 operis,
2823 482 2880 530 et
2903 473 3148 530 doctrina
3184 475 3442 545 spiritalis

186 569 480 640 corporibus
520 567 824 633 obscurari,
854 569 908 622 in
956 583 1186 637 quarum
1217 569 1396 624 medio
1423 584 1584 640 quam
1614 582 1757 636 saepe

185 676 232 723 et
255 665 345 736 ipsi
361 663 787 733 requiescimus;
826 663 923 718 sed
944 663 1012 718 de
1041 664 1124 719 his
1142 679 1279 734 quas
1305 663 1478 736 caligo
1499 664 1756 719 vitiorum

189 765 236 812 et
260 753 543 810 infidelitas
568 754 727 809 simul
756 770 879 808 cum
903 753 1119 810 diabolo
1143 755 1243 810 sibi
1272 756 1617 826 praeparavit.
1652 755 1754 811 Ex-

188 848 394 904 tcriores
425 847 551 902 ideo
579 846 856 911 dicuntur,
881 847 1008 916 quia
1038 856 1288 903 extorres
1316 864 1345 902 a
1367 864 1535 920 regno
1555 849 1755 905 Christi

186 949 344 994 erunt.
374 937 508 992 Nam
531 938 792 1008 quidquid
819 937 962 992 infra
988 937 1117 993 illud
1142 953 1366 1010 regnum
1386 939 1606 996 cteleste
1628 941 1754 1008 erit,

187 1040 338 1086 totum
367 1030 559 1099 utique
581 1028 673 1083 lux
699 1030 820 1094 erit,
872 1030 1013 1085 sicut
1041 1039 1097 1085 et
1119 1030 1264 1096 vita;
1312 1031 1436 1102 quia
1465 1048 1654 1088 omnes
1701 1033 1754 1087 in

186 1122 288 1177 luce
313 1119 478 1191 ipsius
509 1127 568 1175 et
591 1121 724 1185 vita,
753 1120 894 1175 beati
919 1129 1097 1175 erunt.
1129 1120 1298 1176 Porro
1318 1122 1578 1193 quidquid
1599 1132 1757 1178 extra

185 1214 319 1277 illud,
349 1228 452 1267 non
478 1211 626 1266 aliud
678 1227 839 1282 quam
875 1210 1113 1268 tenebrae
1151 1228 1216 1268 ac
1267 1227 1414 1268 mors
1460 1214 1591 1278 erit;
1631 1214 1757 1284 quia

185 1320 357 1360 omnes
378 1304 430 1358 in
458 1304 583 1373 igne
605 1310 1019 1367 tormentorum,
1047 1303 1138 1372 qui
1165 1311 1388 1374 paratus
1415 1313 1500 1359 est
1521 1302 1755 1369 diabolo,

185 1399 292 1453 sine
321 1397 421 1451 (ine
470 1395 658 1450 miseri
687 1403 867 1450 erunt.
892 1394 1072 1450 Miseri
1098 1410 1248 1465 ergo,
1297 1396 1423 1465 quia
1454 1395 1760 1451 dilexerunt

188 1489 347 1559 magis
394 1487 646 1542 tenebras
694 1501 858 1555 quam
913 1485 1106 1540 lucem.
1139 1486 1208 1541 Et
1237 1487 1364 1556 quia
1396 1501 1578 1542 secum
1620 1486 1759 1541 inte-

191 1579 357 1632 riores
376 1578 430 1632 iu
455 1577 626 1632 animo
651 1578 903 1631 tenebras
922 1576 1180 1641 tulerunt,
1205 1575 1350 1643 juste
1375 1578 1430 1632 in
1458 1577 1758 1633 exteriores

192 1671 449 1742 pelluntur
478 1686 507 1723 a
534 1669 652 1724 luce
677 1669 837 1724 alieni
857 1711 870 1733 ,
902 1684 1066 1738 quam
1093 1683 1366 1738 nunquam
1417 1676 1753 1724 amaverunt.

185 1761 266 1816 Ibi
303 1763 417 1825 erit,
467 1761 662 1831 inquit,
689 1762 842 1830 ﬂetus
873 1770 922 1814 et
962 1759 1160 1814 stridor
1187 1760 1445 1825 dentium,
1497 1758 1656 1831 411
1689 1775 1758 1814 ex

1856 566 2076 621 uberius
2096 574 2352 638 appareat
2372 581 2441 621 ex
2469 565 2874 622 circumstantia
2904 565 3173 625 lectionis.
3201 567 3354 637 Nam,
3383 581 3444 627 ut

1855 655 2008 722 dixi,
2058 656 2304 728 leprosus
2347 656 2435 714 ille
2495 659 2805 714 universum
2857 656 3109 729 designat
3148 661 3445 718 humanum

1857 764 2050 820 genus,
2073 749 2128 805 id
2166 759 2250 806 est
2276 749 2426 820 lepra
2457 750 2739 822 originalis
2781 749 2964 814 delicti
2993 751 3444 822 coinquinatum:

1855 840 2018 914 412
2050 857 2188 912 puer
2227 842 2562 900 centurionis
2609 844 2970 914 gentilitatem
3017 845 3212 915 solam,
3255 851 3447 907 morbo

1857 934 2197 1002 idololatria,
2229 936 2384 1005 quasi
2431 935 2687 1008 paralysi,
2736 936 3072 1005 dissolutam,
3104 949 3161 996 et
3193 941 3262 997 ab
3297 935 3445 1002 omni

1857 1029 2175 1098 compagine
2222 1028 2348 1083 vita:
2395 1043 2534 1099 pene
2589 1038 2907 1086 emortuam.
2962 1031 3168 1100 Quibus
3216 1038 3444 1106 curatis,

1857 1116 2342 1174 clementissimum
2371 1128 2492 1175 erat
2539 1129 2600 1176 ut
2632 1121 2859 1190 mulier,
2888 1139 3009 1194 qua:
3039 1123 3217 1182 fuerat
3257 1138 3452 1188 auctor

1857 1209 2169 1264 morborum
2199 1218 2254 1265 et
2285 1212 2498 1277 mortis,
2523 1221 2646 1284 post
2686 1212 2863 1268 virum
2910 1217 3196 1274 enraretur
3220 1228 3274 1276 et
3308 1222 3444 1292 ipsa.

1860 1301 2162 1374 Utrumque
2184 1305 2331 1360 enim
2381 1319 2570 1361 sexum
2600 1305 2860 1365 Dominus
2889 1318 3178 1368 curaturus
3208 1313 3447 1370 advene—

1858 1402 1963 1449 rat.
1993 1392 2100 1449 Sed
2148 1396 2298 1465 prior
2327 1397 2509 1452 curari
2550 1395 2738 1453 debuit
2770 1398 2864 1468 qui
2892 1399 3042 1468 prior
3071 1409 3287 1458 creatus
3340 1413 3446 1467 cst,

1859 1494 1972 1541 tum
2004 1487 2219 1542 demum
2245 1497 2300 1543 et
2329 1487 2420 1544 illa
2449 1488 2518 1546 ab
2541 1489 2736 1562 opiﬁce
2765 1505 2866 1548 nec
2892 1495 3258 1564 praetermitti.
3297 1496 3448 1553 Unde

1857 1587 1914 1634 et
1943 1577 2263 1649 Scriptura:

1935 1669 2139 1736 Tenuit,
2167 1670 2364 1741 inquit.
2387 1688 2624 1739 manum,
2661 1682 2709 1727 et
2741 1673 2940 1728 dimisit
2961 1692 3076 1730 eam
3097 1676 3276 1746 febris.
3309 1677 3450 1746 Quid

1860 1763 2054 1834 putas?
2079 1761 2335 1834 Nunquid
2373 1765 2542 1820 verbo
2587 1779 2695 1820 non
2718 1767 2894 1837 potuit
2920 1783 3041 1822 eam
3081 1783 3294 1835 curare,
3321 1769 3448 1841 quia

180 1870 275 1924 quo
303 1869 425 1909 vera
459 1853 790 1908 resurrectio
816 1853 1000 1907 carnis
1043 1851 1373 1921 pnedicatur
1399 1850 1602 1916 futura,
1630 1850 1758 1906 licet
1787 1845 1832 1904 Β
1860 1857 2035 1913 tenuit
2067 1873 2286 1912 manum
2307 1857 2463 1926 ejus?
2488 1857 2584 1912 Vel
2607 1874 2704 1914 cur
2730 1859 3002 1932 leprosum
3029 1863 3222 1931 tangit,
3268 1871 3324 1918 et
3351 1877 3450 1920 cu-

179 1947 394 2016 qualitas
421 1959 711 2015 poenarum
737 1933 1081 2013 designetur;
1118 1952 1176 1998 ut
1223 1952 1278 1999 et
1318 1943 1533 1999 animus
1569 1944 1761 2000 defleat

180 2037 278 2092 sine
303 2036 412 2091 line
438 2051 540 2108 per
561 2035 768 2102 oculos,
797 2036 1002 2106 absque
1023 2035 1045 2089 f
1048 2045 1202 2090 ructu
1225 2030 1579 2105 paenitentiae,
1597 2049 1757 2106 quastl

180 2130 297 2185 male
329 2130 648 2195 consensit;
699 2140 755 2183 et
787 2129 974 2184 dentes
1005 2129 1271 2184 strideant
1298 2129 1365 2183 de
1396 2130 1620 2184 horrore
1651 2141 1761 2185 tor-

176 2230 495 2286 mentorum,
549 2231 609 2276 ut
651 2235 749 2290 per
791 2236 884 2275 eos
933 2220 1337 2291 intelligamus,
1391 2221 1588 2276 misera
1629 2236 1761 2276 caro

173 2321 352 2382 quanta
404 2328 512 2383 pro
549 2311 705 2366 malis
745 2311 1028 2366 sustineat.
1069 2310 1221 2366 Tunc
1270 2311 1346 2365 ait
1401 2312 1704 2368 centurioni
1741 2329 1755 2366 :

182 2399 327 2469 Vade,
343 2412 395 2457 et
417 2402 561 2458 sicut
583 2403 872 2468 credidisti,
887 2404 980 2472 ﬁat
1007 2404 1099 2456 tibi
1122 2402 1176 2475 (.1
1182 2421 1304 2459 oan.
1323 2420 1398 2468 ιι,
1413 2405 1526 2475 25).
1543 2404 1761 2474 Absque

171 2491 314 2548 dubio
343 2494 426 2547 ita
481 2502 538 2548 et
590 2494 881 2564 unicuique
930 2494 1226 2549 secundum
1276 2511 1586 2550 mensuram
1637 2489 1759 2551 fidei

171 2587 517 2656 promittitur.
546 2586 675 2642 Hzec
697 2597 778 2642 est
806 2602 1037 2657 namque
1065 2586 1154 2641 illa
1179 2595 1442 2657 potestas,
1474 2603 1581 2658 qua
1615 2586 1761 2642 dedit

173 2680 308 2736 nobis
336 2682 657 2737 libertatem
689 2682 826 2736 filios
875 2681 969 2738 Dei
1003 2682 1146 2748 fieri,
1175 2689 1233 2736 ut
1279 2697 1344 2737 ex
1380 2681 1491 2738 Deo
1520 2682 1574 2736 in
1599 2681 1758 2737 Chri-

171 2779 243 2825 sto
280 2787 374 2844 per
419 2773 590 2829 ﬁdem
637 2772 878 2843 quotidie
929 2787 1298 2839 renascamur,
1353 2782 1425 2839 et,
1465 2774 1758 2829 secundum

172 2876 474 2919 mensuram
503 2863 644 2934 ejus,
675 2873 893 2929 caetera,
919 2861 1074 2931 juxta
1095 2863 1432 2933 Apostolum,
1463 2864 1762 2920 charisma-

176 2964 272 3009 tum
311 2957 466 3011 dona
511 2956 804 3026 unicuique
847 2957 1171 3011 tribuantur.
1201 2955 1436 3026 Ideoque
1471 2957 1548 3012 ait
1590 2957 1757 3012 huic:

181 3046 329 3115 Vade,
356 3059 409 3104 et
441 3049 580 3104 sicut
607 3049 900 3114 credidisti,
939 3050 1033 3118 ﬁat
1063 3050 1174 3103 tibi.
1206 3049 1504 3105 Credamus
1533 3066 1663 3122 ergo
1707 3061 1763 3106 et

173 3156 277 3206 nos,
304 3143 434 3213 quia
467 3142 510 3197 si
543 3142 666 3212 quis
695 3141 988 3197 crediderit
1028 3141 1083 3195 in
1113 3156 1237 3196 eum
1261 3139 1342 3212 (ut
1367 3142 1480 3211 ipse
1508 3145 1758 3213 testatur)

1860 1959 1945 2004 rat
1991 1950 2188 2015 verbo;
2239 1949 2398 2018 hujus
2441 1965 2571 2006 vero
2605 1959 2752 2006 tenet
2797 1968 3042 2020 manum,
3094 1962 3149 2008 et
3193 1956 3452 2011 continuo

1860 2039 2089 2094 discedit
2117 2039 2324 2095 febris?
2347 2040 2500 2094 Illum
2528 2057 2661 2112 ergo
2680 2043 2874 2114 tangit,
2897 2044 3040 2112 quod
3064 2043 3150 2099 lex
3180 2053 3451 2112 vetuerat,

1859 2139 1921 2184 ut
1948 2145 2006 2185 se
2039 2146 2199 2200 supra
2231 2130 2402 2201 legem
2425 2133 2756 2198 ostenderet,
2790 2133 2856 2188 de
2884 2149 2992 2205 quo
3017 2135 3152 2190 satis
3171 2135 3286 2204 jam
3310 2136 3452 2193 dixi-

1861 2238 2000 2277 mus.
2032 2222 2203 2292 Hujus
2228 2239 2359 2278 vero
2387 2224 2559 2279 tenuit
2587 2240 2827 2290 manum,
2855 2241 3017 2296 quam
3041 2227 3239 2282 mulier
3263 2236 3454 2284 contra

1861 2315 2175 2370 mandatum
2217 2317 2538 2372 extenderat
2579 2318 2646 2372 ad
2676 2319 2948 2385 arborem,
2997 2320 3064 2376 de
3092 2336 3199 2390 qua
3229 2323 3452 2378 noxium

1861 2406 2073 2462 arboris
2100 2417 2314 2477 gustum
2351 2417 2608 2464 sumeret.
2661 2408 2956 2480 Propterea
2999 2425 3128 2481 ergo
3168 2412 3306 2467 ratio
3355 2411 3457 2468 fuit

1861 2497 1979 2568 ejus
2007 2507 2192 2553 tenere
2235 2514 2478 2566 manum,
2500 2509 2560 2554 ut
2584 2499 2750 2554 vitam
2775 2510 3107 2568 resumeret;
3133 2503 3258 2572 quia
3278 2503 3452 2559 Adam

1863 2591 1930 2647 de
1985 2608 2146 2648 manu
2201 2593 2444 2649 mulieris
2489 2600 2774 2663 acceperat
2825 2601 3075 2647 mortem.
3127 2593 3218 2648 Sic
3269 2595 3453 2651 omnia

1865 2684 2166 2741 Salvatoris
2195 2687 2491 2742 concinunt
2538 2701 2722 2757 Opera.
2773 2683 2985 2740 Justum
3028 2685 3226 2756 quippe
3251 2695 3371 2742 erat
3396 2697 3458 2744 ut

1863 2775 2005 2845 quod
2033 2791 2227 2831 manus
2253 2776 2632 2846 praesumentis
2670 2775 2987 2842 admiserat,
3018 2791 3212 2831 manus
3234 2792 3456 2849 repara-

1863 2873 1947 2919 ret
1969 2865 2230 2931 auctoris,
2280 2874 2335 2921 et
2364 2864 2751 2936 indulgentiam
2778 2865 3049 2935 reciperet
3093 2882 3216 2936 quae
3245 2870 3454 2927 cunctis

1867 2956 2138 3012 intulerat
2152 2966 2407 3014 mortem.

1938 3050 2070 3116 Qua:
2103 3053 2353 3117 surrexit,
2379 3060 2426 3105 et
2453 3051 2787 3116 ministrabat
2818 3053 2914 3106 eis.
2938 3050 3141 3109 Contra
3162 3065 3454 3112 consuetu-

1864 3142 2044 3197 dinem
2067 3141 2511 3210 febricitantium,
2525 3143 2654 3214 quia
2679 3142 2872 3210 solent,
2889 3143 3122 3216 incipien
3131 3155 3180 3200 te
3193 3148 3448 3217 sanitate,

169 3235 367 3290 etiamsi
398 3244 654 3290 mortuus
674 3234 860 3300 fuerit,
886 3235 1051 3289 vivet.
1076 3232 1147 3286 Et
1188 3244 1407 3288 sanatus
1428 3243 1668 3305 est,puer
1695 3253 1761 3290 ea:
1788 3216 1832 3279 Ο
1864 3234 2183 3302 lassescere,
2224 3245 2280 3292 et
2305 3237 2676 3308 tegrotationis
2728 3238 2931 3292 sentire
2976 3238 3314 3306 molestiam;
3359 3216 3452 3298 sed

170 3327 254 3381 illa
282 3333 436 3382 hora.
475 3328 559 3383 Ex
587 3329 721 3384 hora
749 3327 958 3384 scilicet
985 3328 1096 3393 illa,
1129 3343 1234 3397 qua
1261 3328 1397 3383 dixit
1423 3328 1600 3395 Jesus,
1626 3330 1759 3384 sicut

170 3419 456 3484 credidisti,
492 3422 586 3490 ﬁat
616 3422 731 3475 tibi.
764 3420 1084 3492 Reportavit
1129 3420 1273 3476 enim
1307 3422 1440 3476 fides
1476 3422 1756 3492 praemium

173 3510 391 3574 salutis;
459 3513 581 3581 quia
633 3520 958 3583 potestatem
1012 3512 1228 3582 accipit.
1290 3511 1443 3579 Quod
1498 3513 1760 3583 quidquid

177 3602 385 3657 orando
412 3604 640 3673 petierit,
694 3605 948 3675 accipiet,
1001 3604 1047 3659 si
1104 3612 1253 3660 recte
1287 3605 1608 3672 crediderit;
1667 3606 1759 3661 sed

173 3694 384 3760 quoties
412 3709 519 3748 non
547 3695 860 3766 accipimus,
905 3703 998 3750 aut
1023 3711 1131 3751 non
1161 3705 1308 3751 recte
1337 3696 1630 3763 credimus,
1667 3708 1760 3752 aut

174 3799 315 3844 certe
337 3788 481 3844 mala
504 3791 761 3860 petimus.

248 3880 311 3932 Et
339 3898 454 3935 cum
488 3881 707 3935 uenisset
741 3879 898 3936 Iesus
948 3882 1004 3935 in
1050 3881 1265 3936 domum
1291 3879 1463 3948 Petri,
1499 3883 1628 3936 vidit
1677 3899 1761 3936 so-

179 3987 315 4026 crum
341 3975 452 4043 ejus
476 3974 764 4044 jacentem,
796 3982 851 4028 et
879 3973 1106 4043 reliqua.
1134 3973 1216 4026 Ad
1245 3973 1348 4029 hoc
1373 3988 1503 4044 ergo
1537 3982 1761 4028 venerat

171 4076 226 4118 ut
255 4066 461 4122 videret
485 4065 910 4131 febricitantem,
941 4073 995 4119 et
1035 4064 1157 4120 ideo
1192 4079 1315 4119 mox
1346 4078 1470 4118 cum
1502 4063 1757 4129 venisset,

169 4157 290 4211 vidit
316 4173 440 4212 eam
479 4173 546 4212 ac
594 4158 824 4211 sanavit.
871 4155 1045 4212 Causa
1089 4169 1324 4226 namque
1354 4155 1620 4210 adventus
1644 4153 1761 4224 ejus

162 4246 384 4315 jacentis
438 4247 757 4312 inﬁrmitas,
798 4257 852 4303 et
903 4262 1010 4301 non
1051 4246 1246 4302 edendi
1291 4246 1588 4301 necessitas
1623 4245 1756 4313 fuit;

169 4343 280 4412 quia
319 4344 372 4398 in
410 4344 586 4397 domo
612 4357 718 4411 qua
763 4341 962 4396 misera
987 4339 1154 4394 febris
1184 4339 1459 4394 hominem
1496 4338 1758 4404 laniabat,

170 4451 262 4489 non
288 4451 420 4491 cura
479 4433 696 4505 prandii
745 4448 809 4488 ac
843 4433 1062 4498 laetitiae,
1109 4432 1207 4487 sed
1237 4431 1599 4502 lacrymarum
1644 4440 1762 4486 erat

168 4525 362 4584 sﬁ'usio.
382 4527 534 4581 Mira
558 4525 946 4596 omnipotentis
970 4524 1064 4580 Dei
1093 4523 1450 4594 dispensatio,
1476 4525 1569 4595 qui
1595 4525 1758 4580 etiam

1860 3326 2087 3392 sanitas,
2119 3341 2239 3396 qua).
2285 3327 2500 3381 Domini
2531 3325 2812 3383 confertur
2839 3328 3089 3398 imperio,
3129 3339 3238 3384 tota
3292 3332 3452 3387 simul

1859 3419 2019 3483 redit,
2063 3419 2210 3483 licet,
2263 3419 2330 3473 ad
2370 3418 2580 3474 altioris
2630 3433 2809 3474 causa:
2858 3419 3142 3485 rationem,
3196 3423 3452 3478 continuo

1860 3507 1976 3578 ipsa
2005 3508 2418 3563 ministraverit.
2447 3508 2701 3579 Alioquin
2750 3524 2857 3564 non
2885 3518 3005 3563 erat
3029 3509 3084 3563 in
3119 3511 3278 3566 domo
3306 3511 3454 3567 Petri

1859 3601 2104 3668 vernula,
2147 3616 2256 3656 non
2304 3601 2554 3656 minister
2585 3600 2802 3670 aliquis,
2843 3617 2950 3656 non
2983 3599 3287 3667 familiaris,
3343 3619 3449 3659 non

1859 3695 2216 3766 propinquus,
2251 3703 2402 3750 certe
2433 3693 2520 3749 vel
2548 3708 2704 3758 uxor,
2751 3709 2874 3764 quae
2900 3693 3090 3749 matris
3129 3695 3449 3765 obsequium

1854 3791 2038 3861 junior
2064 3789 2420 3860 praeveniret;
2450 3789 2546 3844 sed
2577 3803 2714 3844 anus
2735 3787 2848 3842 sola
2874 3787 2962 3842 diu
2989 3797 3180 3843 vexata
3208 3788 3454 3845 febribus

1863 3881 1966 3936 hoc
1989 3878 2197 3936 faceret
2225 3880 2510 3951 magistro,
2539 3879 2682 3950 quod
2710 3877 3010 3948 discipulus
3029 3918 3043 3944 ,
3080 3879 3235 3949 cujus
3261 3880 3454 3937 domus

1860 3972 2027 4028 fuisse
2057 3971 2273 4039 dicitur,
2324 3970 2506 4028 facere
2535 3970 2812 4026 debuerat.
2865 3967 3066 4024 Fuerat
3121 3972 3266 4026 enim
3319 3972 3452 4042 dixi,

1861 4065 1985 4134 quia
2010 4064 2137 4120 licet
2160 4061 2277 4132 ejus
2299 4062 2534 4128 dicatur,
2573 4077 2638 4117 eo
2670 4059 2812 4132 quod
2839 4061 2990 4131 prius
3028 4059 3195 4116 fuisse
3222 4077 3328 4116 non
3355 4063 3454 4118 du-

1861 4156 2042 4224 bium;
2077 4166 2203 4212 tunc
2234 4165 2414 4210 tamen
2439 4155 2554 4225 jam
2587 4169 2695 4210 non
2721 4169 2842 4209 esse
2868 4153 2994 4209 inde
3039 4155 3300 4223 probatur
3328 4157 3451 4227 quia

1861 4249 2044 4305 omnia
2078 4248 2393 4318 reliquerat.
2422 4247 2591 4302 Erant
2615 4254 2795 4300 autem
2826 4261 2948 4300 cum
2978 4261 3042 4302 eo
3069 4256 3126 4302 et
3146 4247 3235 4303 alii
3265 4265 3453 4320 quam-

1861 4341 2046 4412 plures
2071 4339 2336 4404 ministri;
2369 4338 2572 4394 idcirco
2602 4354 2707 4392 non
2740 4337 2881 4408 quod
2907 4336 3048 4392 illius
3087 4348 3272 4409 egeret
3291 4339 3454 4395 Chri-

1863 4442 1979 4488 stus
2009 4432 2332 4495 ministerio,
2375 4431 2469 4486 sed
2496 4430 2564 4484 ad
2595 4429 2785 4484 altiora
2816 4445 2914 4484 nos
2954 4429 3298 4502 intelligenda
3329 4448 3455 4502 pro-

1867 4526 2036 4582 vehit.
2063 4524 2200 4580 Nam
2230 4533 2287 4579 et
2311 4525 2502 4580 domus
2534 4522 2702 4587 Petri,
2741 4538 2847 4577 non
2881 4523 3086 4594 absque
3113 4525 3362 4595 mystica,
3398 4537 3454 4580 ut

167 4638 260 4677 non
289 4631 615 4694 quaerentes
648 4635 706 4677 se
735 4620 950 4690 quaerit,
980 4627 1034 4675 et
1060 4633 1167 4673 non
1193 4618 1436 4674 valentes
1483 4619 1551 4675 ad
1581 4635 1642 4674 se
1667 4635 1764 4674 ve-
1791 4596 1844 4656 Ῑ)
1871 4621 2054 4687 credo,
2085 4617 2484 4691 signiﬁcatione
2506 4625 2985 4674 commemoratur.
3017 4615 3096 4672 lta
3122 4617 3284 4686 hujus
3299 4621 3455 4676 obse-

167 4715 293 4782 nire,
334 4719 405 4772 ad
457 4730 560 4770 eos
610 4715 906 4769 clementer
929 4713 1109 4779 venit;
1139 4713 1265 4782 quia
1315 4712 1361 4767 si
1413 4728 1522 4768 non
1570 4711 1659 4768 ille
1699 4713 1766 4768 ad

147 4824 253 4862 unos
280 4811 437 4879 prior
475 4807 737 4873 venisset,
768 4821 1045 4875 nunquam
1098 4807 1167 4859 ad
1197 4821 1319 4859 eum
1361 4805 1537 4860 redire
1561 4806 1768 4876 potuis-

169 4914 354 4957 scmus.
385 4901 509 4958 Sed
533 4902 690 4965 bene,
735 4909 1020 4969 postquam
1069 4898 1368 4966 descendit,
1411 4899 1528 4953 hanc
1571 4897 1768 4954 mulier

167 4997 314 5051 tertio
354 4997 492 5052 loco
535 5001 724 5049 curata
749 4992 968 5063 legitur,
997 4991 1246 5062 quamvis
1289 4989 1380 5044 alii
1422 4989 1765 5061 evangelista

166 5087 262 5142 alio
313 5089 369 5142 in
425 5087 558 5141 loco
595 5098 718 5140 eam
759 5081 1308 5138 commemoraverint
1352 5081 1546 5152 (Marc.
1591 5097 1630 5146 ι,
1664 5081 1764 5149 ὅΟ;

166 5178 284 5234 Luc.
315 5196 394 5244 1v,
431 5177 556 5248 58).
606 5175 750 5231 Nihil
779 5177 924 5231 enim
949 5175 1176 5230 interest
1203 5175 1269 5229 ad
1296 5175 1537 5230 historiae
1565 5175 1767 5230 verita-

167 5279 264 5325 tem
286 5273 418 5327 auis
440 5285 558 5340 quo
579 5269 698 5325 loco
722 5279 907 5340 ponat,
933 5269 1048 5325 sive
1071 5269 1215 5339 quod
1235 5282 1301 5323 ex
1325 5269 1513 5324 ordine
1534 5269 1766 5326 interse-

165 5364 249 5430 rit,
275 5367 397 5421 sive
430 5365 586 5435 quod
620 5364 828 5429 recolit,
858 5364 971 5418 sive
1001 5361 1145 5434 quod
1183 5372 1368 5432 postea
1395 5360 1597 5417 factum
1642 5371 1769 5418 ante

167 5458 666 5530 pratoccupaverit;
705 5457 830 5512 dum
863 5465 1045 5511 tamen
1079 5455 1311 5510 invicem
1344 5469 1450 5508 non
1477 5454 1768 5510 adversen-

165 5559 272 5619 tur,
302 5552 459 5625 quod
506 5567 784 5621 nunquam
815 5550 1074 5620 reperies.
1109 5548 1335 5604 Multum
1366 5562 1496 5603 vero
1542 5547 1612 5602 ad
1650 5562 1766 5620 my-

163 5643 358 5698 sticam
384 5658 612 5713 semper
638 5640 853 5712 proﬁcit
899 5639 1331 5710 intelligentiam,
1360 5647 1420 5692 ut
1444 5653 1510 5693 eo
1539 5636 1661 5693 loco
1699 5638 1767 5693 ab

165 5752 526 5809 unoquoque,
571 5735 777 5807 Spiritu
822 5743 1012 5792 sancto
1040 5735 1298 5796 docente,
1330 5731 1536 5804 singula
1563 5746 1768 5801 ponan-

236 5864 262 5891 ι
304 5854 460 5908 Ante
482 5851 584 5907 hoc
607 5866 744 5921 quis,
767 5846 997 5905 subaudi
1017 5864 1103 5916 ea,
1128 5844 1212 5903 vel
1231 5851 1476 5915 peccata.

1870 4712 2076 4783 quinm,
2107 4711 2252 4782 quod
2294 4710 2341 4766 si
2364 4725 2470 4764 non
2503 4709 2572 4764 ob
2601 4708 2766 4774 aliud,
2795 4708 3129 4780 tropologice
3167 4709 3356 4765 saltem
3388 4713 3454 4767 ad

1869 4803 2370 4868 demonstrandum,
2412 4801 2706 4856 secundum
2736 4800 3084 4871 Apostolum,
3125 4810 3185 4856 ut
3212 4802 3456 4858 membra

1869 4913 1990 4969 quae
2028 4896 2332 4953 servierunt
2380 4893 2652 4964 iniquitati
2707 4893 2774 4948 ad
2825 4892 3194 4963 iniquitatem,
3228 4893 3457 4949 fructifi-

1868 4998 1994 5045 cent
2020 4997 2075 5044 et
2102 4987 2343 5044 serviant
2377 4985 2604 5058 justitire
2642 4985 2697 5040 in
2719 4985 3222 5041 sanctiﬁcationem.
3260 4986 3456 5042 Verum

1873 5085 2039 5140 etiam
2057 5098 2178 5140 eam
2212 5082 2334 5138 ideo
2362 5081 2567 5137 servire
2592 5079 2782 5146 voluit,
2809 5078 2971 5152 413
3009 5089 3068 5132 ιιι
3094 5078 3350 5134 indicium
3373 5095 3456 5136 es-

1871 5185 1956 5234 set
1997 5175 2223 5231 reddita:
2244 5173 2513 5230 sanitatis.
2557 5171 2699 5240 Quia
2729 5171 2822 5226 ubi
2850 5170 3024 5224 virtus
3046 5178 3220 5232 curat,
3251 5169 3454 5224 nullum

1872 5270 2113 5326 residere
2155 5267 2316 5324 debet
2365 5266 2652 5338 vestigium
2703 5261 3056 5319 inﬁrmitatis.
3110 5259 3268 5316 Venit
3326 5263 3480 5334 ergo

1869 5360 2030 5418 Jesus
2056 5361 2110 5416 in
2131 5359 2350 5415 domum
2380 5357 2545 5421 Petri,
2577 5361 2847 5426 quatenus
2876 5353 2942 5407 ad
2981 5367 3104 5408 eum
3130 5351 3325 5408 domus
3353 5351 3458 5410 Pe-

1873 5457 1945 5512 tri
1977 5454 2208 5512 veniret.
2237 5452 2307 5508 Et
2351 5460 2483 5507 tunc
2531 5451 2714 5519 itaque
2755 5445 2906 5501 venit
2955 5444 3170 5516 quando
3211 5445 3456 5503 habitum

1871 5557 2074 5605 nostra:
2101 5546 2282 5602 carnis
2303 5541 2622 5613 assumpsit:
2642 5539 2848 5594 Domus
2871 5537 3020 5593 enim
3040 5536 3210 5603 Petri,
3236 5538 3352 5608 ipsa
3375 5545 3460 5595 est

1870 5641 2065 5697 domus
2089 5637 2246 5702 Juda,
2273 5635 2355 5690 vel
2388 5631 2684 5697 Bethleem,
2711 5644 2834 5700 qua:
2875 5629 3064 5684 domus
3091 5629 3244 5700 panis
3286 5631 3459 5687 inter-

1870 5742 2139 5806 pretatur,
2175 5747 2244 5788 ex
2294 5743 2396 5800 qua
2448 5725 2698 5783 Christus
2743 5723 3038 5780 secundum
3091 5737 3332 5781 carnem.
3375 5721 3458 5778 Ad
