4000 6362
567 328 672 388 555

1372 324 1432 387 S.
1467 326 1826 388 PASOHASII
1858 322 2208 387 RADBERTI
2243 328 2537 400 ABBATIS
2574 327 3022 389 CORBElENSIS

3704 343 3794 406 356

568 462 732 520 quam
753 460 884 502 sane
924 445 1142 502 domum
1166 459 1294 501 cum
1316 447 1574 512 venisset,
1604 447 1737 502 vidit
1764 461 1979 503 socrum
2008 446 2154 502 Petri
2182 452 2231 512 Α
2259 448 2525 505 daemonia
2552 447 2779 518 ejiceret
2820 464 2853 504 a
2881 450 3060 516 nobis,
3099 455 3154 505 et
3184 458 3381 505 cuncta
3420 451 3471 507 in
3510 454 3683 515 melius
3726 478 3794 521 re.

559 539 835 612 jacentem
876 546 934 593 et
978 535 1401 605 febricitantem,
1448 536 1790 609 Synagogam
1828 538 2036 594 scilicet
2076 540 2159 611 ja-

568 642 782 691 centem
830 632 884 687 in
924 630 1147 700 perﬁdia
1171 646 1292 697 sua,
1321 640 1377 687 et
1406 631 1459 686 in
1492 630 1971 689 lectulo'vitiorum
1998 633 2161 689 decue

567 725 812 782 bantem.
853 722 1021 795 Cujus
1070 724 1244 779 tenuit
1290 739 1541 790 manum;
1607 725 1733 794 quia
1785 740 1918 780 non
1950 734 2158 781 tantum

570 818 756 880 verbo,
797 831 987 873 verum
1019 815 1269 870 manibus
1296 814 1535 871 Iudaicae
1575 815 1748 883 plebis
1772 825 2029 887 operatus
2075 825 2161 873 est

569 907 818 964 salutem.
853 905 1004 964 Unde
1045 905 1313 976 Propheta
1347 924 1360 960 :
1417 906 1675 976 Operatus
1710 917 1787 963 est
1838 907 2061 964 salutem
2104 911 2161 964 in

568 999 740 1069 medio
765 1009 920 1053 terra:
966 994 1084 1070 (Ps.
1117 1013 1312 1062 LXXIII,
1341 998 1450 1069 12).
1480 998 1555 1054 De
1589 1014 1695 1068 qua
1719 1014 1914 1055 manus
1942 999 2160 1055 confor-

464 1094 469 1101 ‘
569 1092 705 1147 tavit
725 1090 917 1156 lassas,
948 1098 1005 1145 et
1030 1105 1203 1159 genua
1234 1090 1518 1146 trementia
1548 1091 1818 1147 solidavit.
1845 1091 2010 1164 Cujus
2037 1109 2158 1148 cum

572 1184 834 1251 tenuisset
860 1198 1099 1246 manum,
1135 1183 1355 1239 tradidit
1384 1192 1787 1240 sacramentum
1816 1186 1940 1241 vita:
1988 1201 2109 1256 qua:
2130 1199 2157 1228 ι

569 1276 675 1332 sibi
698 1285 998 1331 attraxerat
1018 1284 1274 1341 mortem,
1311 1285 1367 1332 et
1393 1278 1634 1332 surrexit
1662 1278 1979 1334 ministrans
2004 1278 2161 1334 Chri-

571 1377 678 1435 sto,
708 1384 828 1438 quze
851 1370 1000 1438 prius
1024 1369 1243 1440 jacebat
1266 1368 1583 1426 febricitans
1623 1371 1675 1425 in
1707 1369 1850 1426 lecto
1881 1371 2163 1426 inﬁrmita-

569 1463 663 1518 tis.
693 1461 958 1517 Febribus
981 1476 1113 1533 ergo
1137 1460 1421 1533 Synagoga
1446 1462 1813 1529 cruciabatur,
1839 1463 1968 1518 dum
1992 1461 2159 1519 libido

570 1553 1129 1624 concupiscentiarum
1160 1562 1215 1608 et
1258 1554 1500 1608 avaritiae
1530 1554 1762 1609 miseras
1790 1552 2162 1611 inﬂammabat

570 1653 805 1712 mentes,
829 1653 883 1700 et
907 1643 1078 1717 frigus
1104 1644 1438 1701 inﬁdelitatis
1460 1646 1629 1701 corda
1646 1661 1838 1701 eorum
1865 1646 2153 1717 gelidabat,

571 1741 767 1813 quibus
821 1740 1080 1796 nimirum
1130 1738 1296 1796 febris
1360 1755 1578 1810 semper
1645 1740 1962 1808 alternans,
2017 1758 2162 1797 nunc

2259 550 2547 598 stauraret.

2344 630 2532 687 Videas
2553 643 2727 688 autem
2739 631 2899 688 Iesus
2916 630 3097 687 turbas
3121 631 3323 687 circum
3342 650 3396 687 se
3409 633 3560 704 jussit
3589 639 3658 694 ire
3675 652 3795 699 trans

2260 722 2472 792 fretum.
2504 723 2749 780 Habebat
2777 724 2921 779 enim
2967 722 3229 778 Dominus
3281 724 3537 793 refugium
3577 744 3606 783 a
3655 736 3796 792 turbis

2260 815 2549 886 aliquando
2581 818 2634 872 in
2665 818 2824 883 mari,
2853 816 3150 887 aliquando
3183 816 3235 871 in
3266 819 3551 886 montibus,
3587 822 3791 894 aliquan-

2260 908 2328 964 do
2359 909 2411 964 in
2442 910 2659 966 deserto
2713 910 2780 966 Et
2807 911 2935 966 hinc
2964 917 3049 965 est
3075 911 3216 980 quod
3232 908 3384 979 jubet
3412 927 3551 971 nunc
3578 915 3649 972 ire
3675 926 3797 977 trans

2261 998 2483 1067 fretum,
2511 1010 2617 1056 uta
2647 1001 2821 1056 turbis
2847 1007 2956 1055 tam
2982 1001 3116 1071 ipse,
3141 1016 3304 1072 quam
3346 1011 3402 1058 et
3442 1005 3522 1059 sui
3564 1007 3794 1076 paululum

2261 1092 2663 1162 requiescerent
2711 1109 2743 1148 a
2792 1092 3025 1148 tumultu
3063 1108 3255 1149 eorum
3283 1104 3341 1149 et
3365 1095 3648 1156 laboribus.
3688 1080 3797 1158 Hinc

2262 1200 2475 1256 quoque
2497 1185 2655 1240 datur
2704 1185 2960 1241 indicium
3003 1187 3335 1250 doctoribus,
3369 1189 3509 1259 quod
3549 1191 3797 1263 aliquando

2262 1278 2493 1335 debeant
2544 1279 2802 1348 occupari
2867 1280 2919 1334 in
2973 1280 3473 1350 praedicationibus,
3517 1291 3569 1339 et
3607 1288 3800 1357 negotiis

2264 1369 2659 1436 Ecclesiarum;
2702 1370 2996 1440 aliquando
3022 1385 3150 1427 vero
3213 1372 3475 1429 remotius
3533 1376 3715 1441 vivere,
3759 1388 3802 1433 et

2263 1461 2357 1517 soli
2386 1461 2496 1516 Deo
2551 1477 2748 1517 vacare
2807 1463 3059 1533 precibus
3107 1478 3169 1517 ac
3218 1464 3400 1520 studio
3450 1467 3801 1538 contemplandi

2263 1553 2454 1607 Deum.
2471 1553 2643 1607 Aliter
2669 1548 2880 1618 autem,
2908 1553 3172 1611 Dominus
3191 1555 3385 1612 videns
3415 1558 3598 1613 turbas
3618 1558 3801 1614 circase

2262 1641 2495 1698 necdum
2538 1643 2639 1699 tide
2670 1643 2963 1709 ferventes,
2992 1644 3087 1699 sed
3138 1660 3369 1717 corpore
3407 1655 3609 1701 tantum
3643 1648 3802 1703 tumul-

2265 1724 2504 1800 tuantes,
2537 1734 2672 1790 vidit
2704 1736 2847 1804 quod
2876 1735 2930 1790 in
2950 1736 3289 1791 conscientia
3314 1736 3639 1793 inﬁdelitatis
3660 1738 3803 1794 adhuc
3848 1758 3855 1765 ·

568 1833 821 1898 ﬂammis,
855 1849 1001 1890 nunc
1029 1832 1232 1905 frigore
1260 1833 1458 1889 misera
1485 1832 1766 1887 hominum
1803 1831 2047 1887 membra
2072 1832 2159 1887 di-
2186 1826 2236 1886 B
2263 1829 2497 1899 procella
2549 1828 2960 1893 collidebantur,
3006 1844 3071 1884 ac
3113 1829 3463 1899 patiebantur
3504 1829 3802 1903 naufragiqu

576 1925 766 1982 laniat.
792 1925 931 1981 Hinc
954 1941 1084 1998 ergo
1127 1935 1231 1991 est,
1256 1926 1399 1996 quod
1429 1942 1588 1981 manu
1617 1926 1844 1998 erigitur
1870 1941 1989 1996 quae
2016 1926 2160 1997 jace-

565 2018 680 2082 bat,
713 2024 766 2072 et
800 2017 1072 2072 ministrat
1092 2016 1332 2081 Christo,
1362 2017 1489 2071 dum
1518 2017 1835 2097 sanctificat
1860 2018 2021 2073 modo
2044 2033 2157 2073 ma-

567 2123 672 2164 nus
700 2122 827 2164 suas
852 2108 906 2161 in
943 2107 1199 2177 operibus
1228 2109 1406 2173 bonis,
1437 2123 1574 2177 quas
1598 2117 1725 2164 ante
1747 2108 1861 2165 suis
1882 2108 2158 2179 polluebat

572 2201 915 2258 criminibus.

655 2291 874 2363 Vespere
890 2301 1062 2373 autem
1085 2292 1225 2361 [acto
1240 2291 1533 2347 obtulerunt
1553 2293 1600 2347 ei
1626 2291 1818 2348 multos
1840 2293 2159 2349 daemonium

568 2386 831 2449 habentes,
864 2384 911 2440 et
947 2385 1188 2455 ejiciebat
1231 2386 1445 2456 spiritus
1487 2386 1657 2441 verba.
1697 2385 1894 2442 Mirum
1923 2386 1970 2441 si
2003 2393 2155 2440 tanta

569 2476 859 2533 multitudo
883 2484 1020 2540 erat,
1052 2483 1145 2531 aut
1182 2475 1495 2532 deferentes
1539 2485 1647 2531 tam
1699 2476 1860 2543 tardi,
1906 2484 1983 2541 ut,
2031 2490 2160 2531 con-

569 2578 772 2638 tempto
795 2568 902 2633 die,
930 2583 1156 2639 vespere
1186 2567 1388 2623 multos
1410 2566 1551 2623 male
1569 2567 1832 2622 habentes
1859 2566 2155 2621 deferrent.

579 2660 709 2725 Sed,
741 2660 868 2715 licet
894 2661 968 2715 ita
1001 2661 1073 2715 sit
1104 2661 1175 2715 ob
1214 2660 1433 2715 nimiam
1463 2659 1876 2731 occupationem
1906 2657 2157 2714 Salvato-

568 2751 665 2816 ris,
697 2759 876 2807 tamen
910 2759 1021 2806 tam
1044 2750 1330 2822 diligenter
1351 2751 1473 2807 ideo
1499 2751 1840 2822 exprimitur,
1881 2758 1941 2805 ut
1972 2750 2161 2821 mysti-

568 2858 632 2900 ce
662 2844 764 2899 hoc
786 2844 990 2899 factum
1017 2842 1401 2914 intelligamus.
1442 2842 1579 2897 Nam
1629 2856 1857 2912 vespere
1897 2850 2002 2906 est,
2034 2857 2159 2896 cum

568 2936 755 2990 ﬁnitur
789 2936 927 3000 dies,
961 2934 1039 2989 sic
1067 2943 1124 2988 et
1154 2933 1279 2989 ﬁnis
1308 2934 1511 2998 saeculi,
1541 2949 1664 2989 cum
1689 2932 1804 3003 jam
1848 2932 2080 2988 mundus
2126 2949 2157 2989 a

566 3026 689 3081 luce
735 3036 1043 3097 temporum
1102 3025 1349 3081 ultimam
1408 3034 1594 3097 ageret
1649 3035 1891 3093 aetatem,
1944 3027 1999 3082 in
2052 3042 2157 3097 qua

567 3122 818 3179 Christus
849 3123 1006 3178 nobis
1033 3122 1174 3177 diem
1200 3121 1433 3177 reddidit
1462 3121 1876 3192 sempiternum.
1935 3121 1994 3176 In
2050 3122 2153 3177 hoc

2259 1918 2603 1984 ﬂuctuantes,
2620 1918 2783 1988 jussit
2810 1920 2890 1975 ire
2918 1928 3068 1976 trans
3093 1917 3317 1986 fretum,
3344 1926 3407 1976 ut
3427 1936 3522 1977 eos
3549 1936 3579 1976 a
3597 1919 3805 1976 ﬂuctibus

2262 2019 2562 2077 amoveret,
2601 2020 2655 2066 et
2681 2018 2804 2082 post
2837 2025 2960 2066 eum
2996 2011 3143 2066 irent
3165 2022 3321 2067 trans
3362 2011 3558 2069 fretum
3600 2013 3805 2069 tentatio-

2261 2104 2379 2170 nis;
2419 2103 2619 2173 quibus
2645 2103 2915 2159 interdum
2950 2103 3098 2158 dedit
3128 2104 3384 2159 inducias
3407 2103 3735 2160 convertendi
3755 2103 3806 2157 ab

2263 2196 2567 2266 insipientia
2624 2211 2741 2250 sua.
2790 2194 2911 2265 Ipse
2956 2195 3221 2251 duntaxat
3267 2196 3530 2266 jubetire
3571 2205 3705 2251 trans
3728 2192 3808 2249 fre-

2262 2296 2397 2353 tum,
2438 2297 2497 2342 ut
2546 2288 2612 2342 ad
2660 2288 2916 2356 patriam.
2951 2288 3179 2359 expletis
3207 2290 3604 2347 tentationibus
3631 2288 3798 2351 seculi.

2258 2378 2661 2449 perveniamus.
2685 2379 2805 2446 Quo
2817 2378 3066 2448 jubente,

2330 2474 2558 2529 Accessit
2588 2491 2726 2529 unus
2748 2474 2942 2541 scriba,
2981 2485 3030 2530 et
3070 2477 3147 2530 ait
3178 2475 3268 2531 illi
3298 2495 3311 2531 :
3354 2475 3623 2547 Magister,
3661 2488 3810 2544 sequar

2261 2576 2310 2621 te
2328 2583 2636 2638 quocunque
2662 2567 2804 2621 ieris.
2837 2567 3084 2624 Accessit
3113 2579 3304 2626 autem
3326 2585 3437 2627 non
3468 2570 3590 2635 ﬁde,
3642 2577 3693 2624 ut
3711 2584 3810 2624 cen-

2263 2660 2403 2715 turio
2427 2658 2534 2725 ille,
2556 2660 2621 2714 dc
2644 2676 2752 2729 quo
2798 2659 3068 2727 diximus;
3100 2664 3194 2718 sed
3238 2673 3457 2719 tantum
3490 2662 3642 2719 labiis
3667 2662 3811 2717 dicen.

2272 2755 2340 2809 do
2366 2771 2380 2809 :
2418 2752 2692 2823 Magister,
2717 2770 2907 2824 sequar
2936 2765 3004 2809 te.
3044 2755 3346 2827 Sicitaquc
3368 2756 3564 2814 decidit
3597 2756 3683 2826 qui
3714 2768 3813 2825 pro-

2262 2846 2446 2910 mittit,
2476 2855 2569 2900 aut
2598 2846 2812 2900 incaute
2833 2854 2927 2901 aut
2954 2846 3100 2913 ﬁcte,
3123 2862 3183 2902 se
3199 2848 3380 2904 Deum
3410 2848 3477 2903 ad
3493 2847 3662 2903 omnia
3692 2837 3815 2913 sequi

2259 2952 2440 3008 posse.
2473 2936 2735 3006 Displicet
2770 2937 2917 2991 enim
2943 2937 3054 2992 Deo
3087 2938 3331 2995 inﬁdelis
3377 2948 3435 2994 et
3483 2937 3638 3012 415
3683 2934 3812 2990 stulta

2258 3029 2567 3099 promissio.
2600 3028 2836 3084 Necdum
2862 3030 3069 3086 sciebat
3090 3031 3289 3097 miser,
3319 3032 3545 3103 quinam
3579 3030 3657 3087 vel
3678 3043 3814 3099 quarto

2258 3131 2347 3179 tus
2405 3131 2572 3187 esset,
2609 3138 2770 3193 quem
2826 3124 2979 3193 sequi
3016 3141 3076 3180 se
3114 3124 3482 3194 promittebat
3537 3134 3812 3194 quocunque

573 3216 772 3287 quippe
820 3227 1061 3287 vespere,
1105 3213 1271 3269 oblati
1311 3222 1437 3268 sunt
1469 3227 1537 3268 ex
1584 3211 1761 3294 oﬂicio
1788 3211 2154 3283 apostolorum
2183 3191 2227 3254 (ἶ
2260 3213 2395 3280 iret;
2415 3191 2653 3283 alioquin
2676 3191 2946 3283 quomodo
2971 3191 3325 3285 promitteret
3355 3217 3501 3288 quod
3525 3191 3672 3275 nemo
3697 3227 3810 3269 mor-

566 3306 723 3363 multi
752 3307 894 3362 male
907 3306 1190 3372 habentes,
1219 3307 1383 3361 etiam
1408 3312 1463 3360 et
1482 3320 1582 3360 nos
1605 3305 1671 3360 de
1698 3304 1970 3376 gentibus,
2002 3304 2156 3374 igno—

573 3406 759 3455 rantes
795 3415 962 3454 unum
988 3414 1177 3453 verum
1208 3399 1399 3464 Deum,
1426 3397 1493 3453 de
1520 3399 1717 3468 quibus
1743 3398 1911 3453 verbo
1936 3397 2152 3453 virtutis

569 3506 682 3547 suae
703 3491 927 3562 spiritus
963 3488 1123 3559 eiecit
1159 3488 1486 3545 immundos.
1520 3487 1672 3545 Unde
1701 3488 1999 3544 scribitur:
2026 3487 2153 3543 Um-
2203 3479 2207 3483 ’

567 3601 658 3640 nes
699 3572 775 3639 dii
799 3585 1026 3655 gentium
1061 3583 1323 3638 dwmonia
1351 3579 1527 3652 (Psal.
1554 3595 1678 3646 xcv,
1708 3580 1785 3653 5).
1832 3579 1964 3633 Nam
1995 3580 2154 3636 Chri-

563 3686 682 3734 stus
708 3679 874 3734 verbo
914 3676 980 3733 ad
1021 3690 1120 3731 nos
1149 3677 1331 3741 venit;
1359 3674 1483 3744 quia
1514 3673 1646 3728 ﬁdes
1695 3688 1762 3727 ex
1816 3671 2003 3727 auditu
2047 3682 2152 3737 est,

564 3773 781 3828 auditus
805 3780 987 3826 autem
1012 3784 1108 3842 per
1146 3768 1369 3824 verbum
1401 3767 1517 3822 Det.
1544 3765 1661 3833 Quo
1708 3765 1871 3835 plane
1909 3765 2154 3836 captivos

564 3867 635 3921 ab
661 3866 826 3935 impia
858 3863 1201 3918 damnatione
1233 3861 1462 3917 reddidit
1493 3860 1717 3927 liberos,
1755 3868 1810 3915 et
1838 3875 2028 3916 omnes
2056 3875 2155 3916 nos

564 3955 779 4011 sanavit
814 3962 1066 4024 aegrotos.
1088 3953 1169 4007 Ad
1194 3954 1296 4007 hoc
1327 3952 1526 4021 quippe
1554 3952 1814 4020 scriptum
1858 3961 1977 4006 erat
2004 3969 2018 4006 :
2051 3950 2155 4005 Mi-

564 4045 629 4100 sit
669 4043 896 4099 Verbum
923 4059 1077 4097 suum
1097 4051 1145 4096 et
1180 4043 1385 4095 sanauit
1405 4040 1571 4115 414
1601 4058 1710 4105 eos,
1755 4050 1805 4096 et
1834 4043 2023 4111 eripuit
2068 4056 2157 4095 eos

564 4142 628 4196 de
658 4141 872 4194 interitu
900 4156 1080 4193 eorum
1111 4134 1285 4209 (Psal.
1314 4152 1422 4203 cvr,
1450 4137 1560 4207 20).
1591 4137 1744 4203 Quod
1772 4136 1960 4191 volens
1987 4150 2157 4191 evan-

572 4233 765 4305 gelista
819 4248 1090 4303 exponere
1138 4251 1151 4287 :
1196 4242 1254 4287 ut
1306 4232 1711 4304 adimpleretur,
1762 4233 1959 4303 inquit,
2010 4232 2155 4301 quod

567 4328 772 4384 dictum
801 4337 884 4383 est
916 4343 1010 4396 per
1042 4327 1229 4381 Isaiam
1261 4328 1577 4397 prephetam
1611 4344 1625 4379 :
1657 4325 1778 4396 Ipse
1816 4325 2153 4394 inﬁrmitates

567 4431 774 4475 nostras
796 4422 1013 4490 accepit,
1042 4430 1088 4473 et
1120 4420 1481 4491 wgrotationes
1514 4429 1721 4473 nostras
1762 4416 1985 4487 portavit
2014 4414 2148 4485 (Isa.

569 4530 688 4577 Llll,
719 4514 795 4585 lt).
860 4514 1096 4568 Audiant
1140 4513 1231 4582 qui
1280 4512 1468 4567 dicunt
1509 4510 1652 4581 quod
1698 4509 1969 4574 Salvator,
2025 4507 2154 4563 licet

2264 3305 2449 3362 talium
2481 3304 2533 3361 in
2560 3307 2661 3360 hac
2680 3305 2789 3360 vita
2815 3314 3014 3377 potest,
3046 3306 3173 3362 licet
3199 3317 3339 3377 post
3376 3309 3541 3365 ﬁnem
3560 3307 3674 3362 vita
3695 3305 3812 3360 dica-

2261 3406 2350 3451 tur
2374 3396 2441 3452 de
2466 3396 2692 3461 sanctis,
2725 3398 2818 3467 qui
2849 3398 3014 3469 empti
3063 3407 3190 3455 sunt
3242 3401 3319 3457 de
3357 3409 3503 3456 terra
3528 3414 3590 3456 ex
3610 3394 3817 3454 omnibus

2258 3486 2515 3557 primitiae
2536 3487 2650 3542 Deo
2674 3496 2729 3542 et
2750 3488 2904 3559 Agno
2927 3490 3111 3560 (Apoc.
3134 3505 3254 3555 ιιν,
3288 3490 3372 3562 4),
3398 3487 3544 3561 quod
3566 3495 3816 3558 sequantur

2260 3595 2383 3636 eum
2411 3596 2737 3652 quocunque
2770 3582 2914 3637 ierit.
2949 3582 3188 3649 Quorum
3211 3584 3476 3654 profecto
3505 3599 3628 3642 mox
3653 3578 3818 3638 addidit

2261 3687 2504 3739 causam,
2541 3674 2685 3743 quod
2713 3673 2949 3745 virgines
2976 3673 3106 3740 sint,
3136 3684 3221 3731 ‘et
3277 3678 3452 3748 empti
3510 3678 3574 3732 de
3610 3684 3735 3730 terra
3766 3684 3816 3723 ex

2260 3764 2533 3829 omnibus,
2559 3773 2618 3818 ut
2638 3761 2893 3832 primitiae
2923 3765 3035 3819 Deo
3065 3773 3120 3818 et
3144 3763 3312 3836 Agno
3342 3775 3532 3823 essent
3555 3765 3704 3822 etiam
3726 3759 3817 3815 sine

2259 3854 2493 3910 macula.
2519 3854 2625 3910 Sed
2654 3855 2758 3911 istc
2786 3871 2888 3911 nec
2901 3871 3052 3910 suam
3075 3860 3378 3927 perpendit
3405 3871 3722 3919 mensuram,
3742 3863 3820 3907 nec

2260 3945 2461 4003 Christi
2493 3946 2806 4003 considerat
2843 3947 3245 4015 celsitudinem,
3290 3951 3559 4021 ignorans
3601 3947 3719 4018 quid
3755 3940 3822 3996 vel

2261 4046 2525 4108 quantum
2551 4039 2691 4094 inter
2720 4054 2779 4095 se
2809 4048 2866 4095 et
2906 4039 3055 4094 illum
3092 4049 3265 4097 esset.
3324 4041 3485 4099 Unde
3529 4049 3671 4112 patet
3710 4031 3822 4105 quod

2259 4128 2395 4184 nihil
2421 4144 2544 4184 eum
2575 4130 2806 4199 amplius
2827 4147 2990 4201 quam
3026 4131 3311 4189 hominem
3339 4135 3593 4206 putabat,
3629 4130 3754 4188 unde
3784 4133 3825 4180 et

2258 4222 2580 4293 magistrum
2625 4238 2749 4278 eum
2797 4232 2977 4279 vocat.
3029 4223 3278 4282 Credidit
3336 4227 3488 4284 enim
3533 4224 3671 4297 quod
3717 4233 3827 4275 unus

2258 4324 2405 4372 esset
2431 4332 2499 4371 ex
2527 4316 2842 4372 doctoribus
2886 4316 3045 4387 legis,
3072 4327 3127 4373 et
3174 4318 3305 4376 ideo
3346 4321 3431 4377 sic
3458 4335 3585 4376 eum
3614 4312 3826 4387 appellato

2258 4406 2386 4461 Vult
2412 4422 2541 4477 ergo
2567 4406 2741 4477 sequi,
2781 4423 2889 4463 non
2919 4417 2977 4462 ut
3002 4407 3273 4476 imitetur,
3305 4412 3405 4469 sed
3440 4420 3499 4466 ut
3523 4411 3587 4467 de
3633 4407 3831 4463 miracu-

2257 4494 2323 4551 lis
2350 4506 2403 4550 et
2426 4496 2716 4552 virtutibus
2740 4496 2972 4561 lucrum,
3017 4507 3112 4553 aut
3134 4515 3337 4555 vanam
3378 4496 3827 4572 qureratglmiam.

567 4580 765 4678 passus.
783 4607 1016 4671 dicatur,
1049 4615 1138 4660 aut
1162 4580 1366 4667 lassus,
1405 4616 1499 4659 aut
1530 4580 1797 4666 esuriens,
1840 4600 2151 4669 bujusmodi
2180 4580 2231 4640 Ῑ)
2260 4588 2352 4644 Sic
2372 4589 2557 4659 itaque
2588 4596 2643 4643 ει
2667 4588 2855 4645 Simo“
2883 4605 3074 4661 magus
3094 4593 3249 4663 εθιιυί
3272 4594 3565 4650 desideri“
3584 4593 3714 4664 (lm-
3738 4601 3828 4647 ""t

565 4699 848 4769 passiones
861 4698 1064 4768 absque
1084 4698 1287 4755 doloris
1299 4707 1353 4754 et
1375 4697 1577 4752 laboris
1592 4694 1787 4751 aﬂ‘ectu
1809 4693 2148 4749 sustinuerit.

566 4792 719 4859 Quod
771 4792 815 4846 si
845 4805 1033 4845 verum
1064 4801 1167 4857 est,
1217 4805 1320 4846 nec
1362 4800 1581 4846 nostras
1630 4788 1976 4844 inﬁrmitates
2007 4786 2148 4854 tulit,

566 4899 666 4938 nec
694 4885 974 4954 passiones
1008 4885 1260 4954 portavit.
1291 4884 1401 4938 lmo
1432 4898 1556 4937 vere
1581 4895 1777 4952 passus
1797 4879 1924 4950 quia
1956 4878 2151 4945 doluit,

565 4983 622 5028 et
643 4973 917 5029 laboribus
939 4973 1193 5045 fatigatus
1239 4972 1610 5027 inﬁrmitatem
1636 4969 1822 5025 carnis
1869 4967 2148 5025 sustinuit.

565 5064 819 5136 Alioquin
843 5066 1005 5120 homo
1033 5064 1119 5119 illc
1139 5064 1452 5119 Dominicus
1483 5061 1818 5118 insensibilis
1845 5069 2010 5127 esset,
2053 5074 2155 5115 nec

566 5171 693 5212 vera
728 5157 927 5228 passio,
956 5158 1096 5213 sicut
1116 5172 1218 5212 nec
1235 5171 1363 5212 vera
1396 5154 1695 5223 redemptio
1733 5154 1905 5208 ﬁeret.
1928 5151 2156 5222 Propter

566 5251 709 5321 quod
741 5249 1005 5306 catholice
1026 5247 1353 5304 conﬁtemur
1378 5261 1595 5302 omnem
1628 5244 2003 5299 inﬁrmitatem
2029 5257 2152 5296 car-

564 5346 651 5400 nis
678 5345 885 5415 absque
914 5350 1138 5415 peccato
1175 5342 1505 5414 suscepisse.
1546 5349 1606 5395 ut
1650 5354 1750 5395 nos
1788 5352 1886 5394 sua
1935 5346 2157 5394 sanaret

565 5435 900 5502 inﬁrmitate,
955 5444 1010 5492 et
1077 5435 1302 5507 spiritus
1348 5431 1657 5488 immundos
1705 5445 1737 5485 a
1785 5429 1942 5485 nobis
1984 5428 2151 5486 verbo

565 5525 807 5596 pelleret,
839 5535 1002 5597 atque
1030 5541 1126 5597 per
1146 5539 1331 5580 veram
1354 5520 1729 5576 inﬁrmitatem
1754 5518 1938 5574 carnis
1965 5525 2151 5573 nostra

565 5620 792 5676 crimina
849 5622 1020 5676 factus
1057 5619 1322 5675 medicina
1368 5623 1630 5671 curaret:
1668 5628 1765 5683 per
1811 5612 2152 5668 divinitatem

566 5729 699 5769 vero
730 5714 899 5778 verbi,
951 5728 1093 5766 unus
1141 5710 1388 5779 idemque
1415 5707 1668 5763 Christus
1695 5703 1838 5759 Deus
1888 5712 1940 5758 et
1991 5703 2152 5760 homo

2260 4679 2375 4750 15).
2422 4678 2559 4734 Nam
2607 4679 2802 4737 Petrus
2856 4681 3107 4752 princeps
3149 4685 3534 4754 apostolorum
3586 4697 3677 4753 per
3713 4688 3833 4732 mare

2257 4768 2524 4839 sequitur,
2568 4772 2661 4826 sed
2693 4772 2956 4843 mergitur
2986 4773 3205 4843 (Matth.
3236 4792 3357 4843 xrv,
3391 4777 3488 4848 50)
3525 4793 3541 4829 z
3570 4774 3635 4829 ad
3656 4768 3833 4844 passiO'

2257 4879 2381 4920 nem
2404 4880 2640 4935 quoque,
2664 4865 2757 4921 sed
2783 4870 2945 4937 negat
2966 4867 3118 4934 Quod
3140 4868 3185 4923 si
3215 4877 3410 4926 tantus
3426 4885 3538 4925 una
3560 4882 3679 4924 cum
3705 4869 3837 4918 crete-

2259 4960 2335 5015 ris
2370 4958 2594 5025 deserit,
2626 4975 2727 5017 nec
2773 4961 2923 5030 sequi
2967 4960 3111 5017 valet
3155 4961 3225 5016 ad
3274 4964 3509 5029 omnia;
3541 4961 3669 5032 quid
3708 4963 3840 5028 putas

2257 5052 2367 5108 iste
2392 5052 2639 5107 incautus
2664 5052 2980 5122 promissor,
3011 5053 3056 5107 si
3091 5061 3217 5107 tunc
3262 5053 3534 5110 adesset?
3583 5050 3837 5106 Verumta-

2256 5159 2381 5200 men
2408 5143 2491 5199 sic
2511 5143 2666 5209 dicit,
2693 5144 2846 5212 quasi
2869 5160 2993 5199 cum
3015 5158 3082 5200 eo
3108 5156 3299 5214 posset
3329 5145 3485 5200 ferre
3505 5142 3684 5199 crucis
3710 5140 3839 5209 igno-

2256 5235 2504 5301 miniam,
2560 5245 2749 5306 portas
2799 5234 3145 5308 confringere
3220 5236 3567 5302 inferorum,
3637 5238 3841 5288 mortem

2256 5344 2474 5403 quoque
2509 5340 2684 5387 morte
2713 5330 3015 5397 destruere,
3045 5337 3101 5384 et
3119 5329 3291 5382 vitam
3325 5328 3672 5401 resurgendo
3714 5319 3843 5378 rest'r

2259 5432 2428 5490 tuere,
2459 5438 2525 5478 ac
2552 5432 2749 5478 caztera
2774 5437 2894 5494 quae
2921 5422 2988 5477 de
3011 5420 3229 5477 Christo
3256 5420 3493 5476 ditlicile
3527 5428 3614 5474 est
3652 5422 3843 5470 eumne

2258 5533 2402 5574 rare.
2430 5517 2638 5574 Idcirco
2658 5517 2947 5586 unicuique
2964 5516 3114 5586 prius
3134 5514 3501 5584 cogitandum
3522 5513 3653 5584 quid
3674 5502 3843 5580 po$sib

2259 5621 2353 5668 aut
2376 5613 2486 5677 cui,
2516 5610 2600 5667 vel
2626 5611 2754 5682 quid
2784 5617 2995 5675 voveat,
3025 5623 3198 5679 quove
3228 5606 3452 5673 animo,
3481 5622 3592 5678 qua
3615 5595 3845 5659 intentio-

2261 5720 2348 5761 ne.
2382 5703 2497 5759 Sed
2527 5703 2670 5774 quod
2710 5703 2807 5756 iste
2858 5699 3041 5757 dolose
3100 5701 3214 5755 haec
3258 5698 3627 5767 promiserit,
3682 5685 3848 5763 pandit

639 5841 661 5868 α
693 5828 830 5882 Ante
858 5827 952 5879 hoc
978 5842 1112 5896 qmr,
1141 5822 1364 5878 subaudi
1390 5820 1488 5885 illi,
1514 5834 1634 5891 quae
1656 5833 1757 5873 vox
1786 5815 2009 5879 scilicet,
2044 5816 2216 5889 ellipsi
2241 5818 2352 5888 jam
2380 5832 2408 5867 a
2441 5815 2595 5869 nobis
2628 5812 2881 5873 indicata,
2908 5812 3107 5868 omissa
3138 5822 3236 5867 est.
