4016 6360
138 292 251 352 357

951 288 1315 358 EXPOSITIO
1350 298 1419 357 IN
1457 298 1894 362 MAT'I‘HAEUM.
1933 334 2004 345 ~~
2040 306 2169 364 LIB.
2207 304 2273 376 ν,
2312 307 2465 366 CAP.
2505 306 2635 367 νιιι.

3336 314 3442 375 538

138 428 276 471 mox
306 421 638 486 conspector
660 415 923 483 omnium,
956 419 1049 490 qui
1075 419 1239 475 corda
1261 419 1475 492 inspicit
1510 421 1753 494 singulo-
1781 425 1834 486 Α
1859 430 1974 480 stus
2004 424 2148 479 hunc
2176 425 2411 481 scribam
2439 441 2546 482 non
2578 425 2850 483 volentem
2878 430 3037 500 sequi
3089 430 3187 487 sed
3230 432 3438 505 ﬁngen-

138 523 290 563 rum.

224 601 452 674 Vulpes,
468 603 671 675 inquit,
693 606 867 676 foveas
889 606 1102 674 habent,
1124 618 1173 664 et
1199 608 1432 666 volucres
1454 610 1571 667 σιειὶ
1599 611 1752 667 nidos

138 705 195 751 et
223 696 469 767 reliqua.
496 695 615 754 Non
643 699 786 768 quod
812 713 935 754 emn
960 701 1150 758 devote
1168 702 1484 760 olferentem
1504 703 1748 776 repellat,

139 786 234 842 sed
278 788 623 848 insinuando
647 791 824 864 qualis
865 802 1015 850 esset
1042 796 1164 861 iste,
1196 797 1553 854 demonstrat.
1580 798 1752 854 Tenet

139 880 287 937 enim
319 881 421 939 hic
469 883 850 941 haereticorum
898 894 993 940 aut
1049 887 1452 961 hypocritarum
1495 888 1748 957 formam,

139 975 230 1046 qui
264 991 501 1057 semper
523 979 594 1035 ob
618 978 762 1034 aliud
792 979 957 1035 Deum
996 981 1243 1039 conﬁteri
1274 993 1330 1039 et
1373 985 1522 1055 sequi
1573 999 1633 1041 se
1677 986 1752 1040 si-

141 1066 360 1125 mulant
392 1085 409 1125 :
437 1087 668 1142 quorum
692 1087 797 1127 non
838 1074 1169 1143 approbatur
1193 1076 1450 1143 cilicium,
1480 1078 1606 1148 quia
1639 1093 1748 1132 non

140 1157 355 1215 habent
384 1160 439 1215 in
463 1162 632 1217 corde
655 1161 778 1217 ﬁdei
802 1164 1115 1235 hospitium.
1150 1165 1287 1223 Hinc
1312 1184 1443 1223 sane
1471 1178 1595 1240 apte
1621 1169 1750 1224 dici-

139 1259 266 1304 tur:
324 1248 527 1321 Vulpes
547 1252 723 1323 foveas
748 1254 960 1310 habent.
988 1256 1240 1328 Alioquin
1258 1258 1414 1325 tales,
1444 1259 1547 1315 nisi
1565 1258 1747 1316 foveas

137 1338 417 1397 haberent
471 1351 527 1398 et
582 1342 732 1401 dolos
780 1360 843 1401 ac
894 1346 1132 1415 fraudes,
1156 1349 1345 1421 vulpes
1391 1367 1499 1407 non
1540 1360 1743 1408 essent.

141 1429 256 1489 Sed
293 1442 355 1490 et
378 1435 485 1491 nisi
513 1436 638 1506 quia
668 1434 854 1494 foveas
878 1439 1096 1507 habent,
1149 1451 1202 1498 et
1252 1452 1591 1500 terrenarum
1621 1458 1744 1515 spe-

134 1523 339 1584 luncas
370 1528 721 1597 insidiarum;
748 1532 990 1588 volucres
1018 1534 1163 1600 coeli,
1196 1534 1249 1590 id
1284 1544 1369 1592 est
1391 1537 1656 1593 daarnonia
1685 1536 1742 1592 in

140 1631 279 1675 aere
310 1619 422 1675 isto
448 1620 706 1685 volantia,
738 1623 892 1680 nidos
921 1624 973 1679 in
991 1626 1079 1701 eis
1102 1626 1324 1682 minime
1354 1627 1638 1689 haberent.
1677 1629 1746 1684 Et

134 1712 181 1768 si
212 1728 326 1769 non
360 1714 517 1785 prius
556 1716 612 1771 in
640 1717 722 1773 eis
766 1718 1154 1787 nidificassent,
1187 1719 1274 1775 isti
1326 1720 1428 1775 sibi
1470 1720 1655 1778 foveas
1689 1722 1743 1778 in

1860 526 1966 573 tem
2000 517 2256 589 prodidit,
2290 532 2448 589 quem
2482 519 2767 575 exhorruit
2815 532 3254 592 praesumentem.
3294 525 3442 580 Alio-

1855 609 1984 679 quin
2017 611 2286 681 qnomodb
2319 609 2587 666 volentem
2614 612 2776 667 istum
2804 612 3112 684 repelleret,
3139 615 3231 685 qui
3275 615 3442 673 alium

1855 704 1936 759 ire
1992 704 2299 774 cupientem
2352 705 2631 777 prohibuit
2674 722 2742 762 ne
2794 706 3004 763 abiret?
3054 707 3439 766 Verumtamen

1856 794 1910 849 in
1947 793 2192 865 utrisque
2225 796 2492 867 stupenda
2522 804 2577 852 et
2601 795 2940 853 formidanda
2972 796 3179 867 judicia
3204 800 3440 857 Redem«

1852 887 2039 957 ptoris,
2080 887 2182 957 qui
2234 896 2287 944 ct
2321 888 2481 944 istum
2520 886 2667 957 juste
2718 888 2927 960 reiecit,
2964 904 3125 962 quem
3151 893 3303 963 prius
3330 908 3438 949 non

1853 978 2002 1034 intus
2028 995 2058 1033 a
2090 994 2190 1035 suo
2218 979 2556 1037 inﬁdelitatis
2584 979 2786 1052 frigore
2813 996 2912 1052 per
2932 985 3244 1040 unctionem
3270 984 3434 1059 ιιι]

1851 1071 2075 1141 spiritus
2100 1072 2352 1139 removit,
2377 1073 2595 1128 ethunc
2619 1073 2917 1130 clementer
2940 1075 3208 1133 volentem
3230 1077 3311 1133 ire
3348 1093 3438 1134 re-

1852 1161 2031 1227 tinuit,
2060 1178 2221 1233 quem
2249 1164 2399 1234 prius
2421 1165 2863 1235 prmdestinatum
2887 1167 2955 1222 ad
2986 1168 3152 1223 vitam
3180 1168 3436 1227 divinitus

1850 1253 2028 1325 elegit.
2066 1255 2216 1311 Unde
2243 1257 2309 1312 ad
2347 1256 2462 1313 haec
2485 1258 2613 1328 quid
2641 1258 2786 1314 aliud
2829 1260 3077 1329 dicimus,
3110 1278 3273 1333 quam
3306 1261 3436 1320 illud

1848 1344 2090 1417 Apostoli
2118 1364 2131 1399 :
2185 1345 2230 1401 0
2256 1346 2480 1402 altitudo
2513 1349 2818 1405 divitiarum
2845 1352 3114 1421 sapientia:
3135 1363 3183 1409 et
3210 1354 3437 1409 scientia:

1847 1436 1967 1503 Dei,
1993 1454 2152 1510 quam
2177 1439 2713 1511 incomprehensibilia
2733 1450 2853 1496 sunt
2875 1441 3082 1512 judicia
3103 1445 3242 1516 ejus,
3278 1454 3326 1500 et
3350 1446 3434 1501 in—

1849 1529 2174 1600 vestigabiles
2209 1531 2307 1586 via:
2338 1531 2498 1602 ejus!
2545 1530 2704 1604 (Rom
2734 1548 2808 1599 XI,
2841 1530 2962 1605 55.)
2981 1534 3079 1591 Cui
3127 1537 3273 1592 enim
3321 1537 3438 1592 vult

1848 1619 2156 1687 miseretur,
2191 1630 2246 1677 et
2266 1636 2427 1692 quem
2466 1623 2581 1678 vult
2611 1624 2849 1680 indurat.
2879 1624 2948 1681 Et
2973 1625 3019 1683 si
3070 1640 3170 1683 nos
3208 1642 3272 1683 ea
3315 1643 3437 1700 quae

1847 1722 1974 1769 sunt
1998 1713 2277 1769 hominum
2305 1715 2544 1771 exterius
2568 1716 2859 1783 sentimus,
2893 1718 3157 1775 Dominus
3188 1720 3435 1775 intuetur

134 1805 378 1862 terrenis
406 1808 770 1879 pravitatibus
796 1825 903 1865 non
934 1809 1250 1867 effoderent.
1274 1810 1427 1868 Nunc
1455 1829 1585 1869 vero
1619 1813 1740 1871 ideo
1766 1810 1816 1871 Β
1841 1821 1954 1873 cor,
2014 1816 2071 1862 el
2116 1822 2237 1878 quae
2291 1820 2421 1864 sunt
2466 1809 2519 1863 in
2566 1808 2793 1880 singulis
2834 1810 3310 1881 perspicacissime
3354 1811 3433 1866 vi.

135 1912 362 1969 semper
406 1899 653 1957 haeretici
703 1913 951 1971 quierunt
999 1901 1204 1971 foveas,
1261 1905 1389 1975 quia
1432 1905 1486 1960 in
1535 1906 1739 1963 eisdem

135 1987 421 2047 daemones
448 1991 702 2048 vitiorum
733 1994 890 2051 nidos
914 1995 1135 2052 habent.
1159 1994 1325 2069 416
1352 1996 1472 2053 Ista:
1494 2007 1620 2053 sunt
1646 2015 1736 2055 er-

138 2093 209 2149 go
242 2079 514 2145 volucres,
547 2096 680 2154 quas
702 2084 978 2140 Abraham
1015 2101 1084 2142 ex
1115 2086 1433 2144 holocausta
1479 2105 1580 2146 suo
1614 2105 1743 2146 ves-'

138 2186 279 2241 pere
307 2174 516 2241 aiebat,
535 2175 779 2234 volucres
801 2192 1020 2249 semper
1047 2188 1251 2250 paratae
1278 2182 1342 2234 ad
1368 2181 1740 2241 devorandum

134 2262 296 2335 (Gen.
336 2283 434 2335 xv,
460 2269 565 2327 ll).
590 2269 757 2338 Quam
784 2271 925 2328 bene
956 2273 1195 2329 haeretici
1238 2274 1487 2345 vulpibus
1516 2291 1740 2348 compa-

130 2367 370 2414 rantur:
405 2358 566 2416 fallax
590 2364 735 2419 enim
758 2365 1132 2432 animalsatis,
1163 2375 1219 2422 et
1269 2383 1484 2438 semper
1528 2369 1739 2439 insidiis

128 2449 427 2518 intentum,
476 2453 679 2512 fraudis
720 2457 969 2528 rapinam
1023 2459 1224 2529 passim
1267 2475 1551 2526 exercens,
1595 2476 1740 2518 nunc

128 2553 303 2612 extra,
338 2563 495 2603 nunc
530 2548 689 2615 infra,
712 2567 855 2607 nunc
880 2553 1025 2607 circa
1054 2553 1244 2608 domos
1280 2552 1425 2608 inter
1475 2554 1590 2624 ipsa
1642 2554 1741 2609 ho-

135 2638 293 2710 spitia
310 2640 607 2696 hominum
632 2642 872 2700 fraudem
896 2646 1198 2718 requirens,
1215 2644 1417 2717 jngiter
1430 2648 1615 2704 foveas
1640 2664 1739 2719 pa-

130 2739 234 2795 rat,
264 2731 317 2785 in
339 2732 557 2802 quibus
582 2748 795 2805 semper
823 2744 917 2790 aut
944 2736 1116 2792 latere
1141 2745 1234 2792 aut
1264 2738 1508 2809 refugere
1533 2748 1734 2811 captat.

129 2817 375 2893 Denique
404 2822 714 2879 insidiatrix
741 2825 1160 2882 domesticarum
1187 2827 1385 2893 avium,
1423 2828 1595 2899 pullos
1620 2829 1736 2902 gal-

130 2912 393 2980 linarum,
424 2915 697 2972 indefessa
726 2932 918 2987 rapere
946 2927 1103 2975 curat
1124 2935 1139 2985 ;
1164 2919 1230 2974 de
1256 2919 1454 2989 quibus
1478 2920 1738 2977 Dominus

130 3008 193 3061 ad
245 3005 623 3074 Hierusalem,
684 3010 859 3079 inquit
901 3028 914 3064 :
973 3009 1188 3077 Quoties
1236 3011 1375 3067 volui
1423 3029 1737 3085 congregare

128 3096 261 3167 ﬁlios
307 3110 470 3167 tuos,
520 3102 963 3172 quemadmodum
1003 3102 1203 3174 gallina
1241 3116 1518 3176 congregat
1563 3104 1735 3176 pullos

1844 1899 1956 1956 det.

1917 1993 2063 2048 Tunc
2097 1993 2234 2048 alius
2259 1994 2548 2065 discipulus
2573 1996 2646 2050 ait
2672 1993 2752 2048 illi
2774 2006 2793 2048 :
2823 1993 3064 2059 Domine,
3087 1996 3324 2067 permitte
3353 2011 3436 2053 me

1841 2085 2068 2154 primum
2092 2084 2168 2137 ire
2188 2092 2236 2138 et
2263 2083 2479 2155 sepelire
2497 2094 2715 2156 patrem.
2740 2084 2824 2140 Ad
2865 2085 2967 2140 hoc
2988 2086 3187 2156 quippe
3217 2086 3432 2157 dispen-

1843 2184 1994 2231 sator
2041 2175 2282 2230 omninm
2320 2185 2444 2247 post
2494 2176 2598 2232 tria
2627 2176 2715 2232 illa
2760 2176 3023 2233 miracula
3068 2180 3170 2237 hos
3203 2183 3337 2236 duos
3362 2180 3431 2236 ad

1842 2267 2080 2324 medium
2107 2268 2353 2334 deduxit,
2378 2276 2438 2323 ut
2466 2269 2709 2326 disceres
2741 2285 2841 2326 nec
2862 2270 2986 2326 illos
3010 2272 3103 2343 qui
3132 2273 3427 2339 salvantur,

1842 2376 2034 2418 eorum
2056 2359 2266 2415 meritis
2288 2401 2303 2425 ,
2346 2375 2448 2416 nec
2486 2375 2580 2415 eos
2611 2361 2703 2431 qui
2733 2371 2999 2431 pereunt,
3028 2363 3135 2419 nisi
3162 2364 3313 2435 justo
3333 2364 3430 2421 Dei

1836 2452 2074 2524 judicio;
2105 2460 2374 2523 quatenus
2402 2467 2564 2507 nemo
2589 2451 2850 2523 glorietur
2900 2455 2973 2509 de
2999 2469 3088 2519 se,
3118 2457 3213 2511 sed
3239 2471 3431 2513 omnes

1844 2544 2158 2615 confugiant
2206 2544 2273 2598 ad
2306 2543 2573 2599 medicum
2604 2543 3002 2612 salutis.'Quod
3049 2556 3228 2602 autem
3255 2549 3425 2607 dicit:

1849 2637 2097 2692 Permitte
2115 2639 2341 2708 primunt
2381 2638 2479 2703 ire,
2511 2636 2747 2703 fallitur,
2794 2638 2923 2694 licet
2965 2655 3071 2695 non
3121 2640 3189 2697 de
3213 2644 3426 2711 studio,

1842 2730 1967 2784 dum
1991 2730 2058 2785 ad
2074 2746 2209 2801 opus
2228 2730 2446 2801 pietatis
2471 2730 2550 2785 ire
2570 2730 2810 2787 festinat.
2826 2729 2940 2788 Hoc
2960 2732 3104 2788 enim
3122 2736 3171 2789 ei
3197 2749 3304 2789 non
3318 2735 3429 2806 pri-

1842 2836 1990 2876 mum
2021 2836 2146 2877 esse
2169 2822 2447 2887 debuerat,
2471 2822 2567 2877 sed
2589 2823 2906 2878 secundum.
2930 2822 3067 2892 Quia
3090 2824 3243 2894 prius
3263 2835 3348 2881 est
3372 2826 3428 2883 in

1839 2913 2014 2984 prima
2043 2913 2179 2986 legis
2210 2913 2388 2973 tabula
2412 2915 2582 2969 Deum
2609 2913 2850 2985 diligere,
2870 2915 2923 2969 in
2940 2917 3174 2972 secunda
3196 2930 3325 2971 vero
3340 2932 3431 2988 pan

1842 3016 1978 3063 trem
1994 3007 2283 3064 honorare.
2303 3008 2577 3064 'I'errenus
2598 3021 2831 3078 namque
2852 3016 3007 3077 pater
3022 3010 3426 3081 postponendus

1843 3108 1963 3155 erat
1987 3098 2228 3166 ccelesti;
2268 3106 2321 3155 et
2346 3098 2467 3155 ideo
2487 3114 2612 3156 mox
2641 3099 2759 3154 ait:
2790 3096 3017 3170 Sequere
3038 3114 3138 3155 nte.
3169 3098 3283 3155 Hoc
3301 3115 3427 3171 pro-

129 3206 247 3245 suos
272 3190 379 3246 sub
428 3191 531 3246 alis
555 3193 709 3247 suis?
735 3192 951 3265 (Manli.
983 3172 1140 3260 ltxtll,
1173 3194 1305 3266 57.)-
1328 3172 1464 3252 lstos
1500 3172 1732 3268 namque
1760 3172 1806 3237 C
1838 3189 2154 3260 fecloiubet
2180 3191 2435 3247 omnibus
2464 3206 2599 3263 quos
2638 3191 2705 3246 ad
2751 3191 2919 3246 vitam
2968 3199 3157 3259 vocat,
3202 3200 3425 3264 propter

126 3282 300 3353 pullos
324 3286 902 3356 setnperinsectantnr
930 3288 1191 3353 hazretici,
1208 3296 1263 3345 et
1283 3303 1477 3359 rapere
1499 3289 1731 3345 moliun-

132 3381 215 3429 tur
240 3374 306 3430 de
333 3376 451 3431 sub
478 3376 580 3431 alis
608 3376 842 3433 Domini.
868 3374 1021 3446 Quod
1060 3394 1192 3436 sane
1218 3379 1417 3435 animal
1449 3396 1728 3451 nunquam

128 3466 203 3521 ita
234 3469 602 3534 mansuescit,
635 3477 695 3524 ut
720 3469 873 3526 dolos
898 3470 1133 3526 deserat.
1172 3469 1401 3540 Propter
1429 3470 1574 3543 quod
1620 3470 1727 3526 Do-

128 3561 310 3618 minus
330 3564 484 3619 huuc
514 3561 723 3632 reiecit,
763 3563 891 3634 quia
919 3564 975 3618 in
1007 3561 1130 3619 felle
1159 3563 1541 3620 amaritudinis
1573 3561 1727 3633 sequi

128 3666 185 3707 se
204 3652 603 3723 pollicebatur;
632 3669 738 3709 non
769 3654 987 3725 quidem
1014 3664 1074 3709 ut
1096 3652 1470 3719 fructiﬁcaret,
1521 3654 1618 3710 sed
1668 3662 1729 3709 ut

126 3742 513 3799 demoliretur.
542 3744 619 3800 De
645 3745 845 3815 quibus
874 3746 988 3816 ipse
1016 3746 1071 3800 in
1105 3744 1346 3802 Canticis
1370 3762 1383 3799 :
1412 3743 1596 3816 Capite
1636 3760 1730 3801 no-

129 3833 210 3887 bis
233 3836 448 3905 uulpes,
474 3852 585 3906 quc
616 3836 973 3890 demoliuntur
999 3838 1176 3892 vineas
1209 3835 1386 3909 (Cant.
1418 3853 1480 3903 tt,
1520 3837 1629 3908 15).
1664 3836 1732 3892 Et

137 3922 385 3980 Samson
433 3925 551 3981 ideo
585 3928 647 3982 ad
690 3928 896 3983 caudas
942 3942 1127 3983 earum
1185 3928 1331 3983 faces
1391 3928 1516 4000 ligat
1574 3927 1726 4001 (Iud.

130 4030 296 4081 mu,
313 4016 399 4089 4),
427 4017 550 4087 quia
566 4018 804 4075 hmretici
834 4032 1047 4090 semper
1068 4028 1185 4090 post
1220 4035 1278 4077 se
1306 4021 1374 4075 ad
1396 4022 1732 4077 succenden-

125 4107 219 4165 das
244 4120 468 4184 segetes
490 4114 667 4184 ignem
700 4114 939 4168 trahunt.
973 4113 1117 4169 Bene
1163 4114 1306 4170 hunc
1354 4115 1612 4171 Dominus
1642 4130 1730 4172 re-

122 4203 291 4275 pellit,
325 4220 401 4260 ne
425 4204 780 4279 discipulatus
801 4209 1087 4263 occasione
1109 4222 1340 4263 messem
1359 4208 1569 4264 Domini
1592 4223 1726 4264 con-

125 4305 387 4354 sumeret.
427 4299 822 4356 Potest'tamen
865 4309 919 4354 et
967 4299 1224 4355 lectorem
1268 4300 1556 4365 mdiﬁcare,
1584 4300 1727 4371 quod

126 4388 390 4447 Dominus
425 4400 591 4447 tanta:
620 4394 952 4463 paupertatis
1003 4391 1185 4459 fuerit,
1236 4402 1295 4447 ut
1320 4392 1404 4447 vel
1452 4393 1724 4465 tugurium

126 4484 327 4538 nullum
359 4486 595 4540 haberet
624 4485 677 4539 in
706 4485 883 4539 terris.
922 4484 1000 4540 Ac
1023 4485 1067 4539 si
1096 4484 1299 4539 diceret
1324 4502 1336 4537 :
1366 4481 1484 4539 Cur
1499 4492 1723 4553 propter

1840 3283 1983 3355 quod
2008 3282 2159 3339 venit
2186 3290 2247 3338 ut
2296 3283 2531 3354 seipsum
2589 3281 2801 3338 cunctis
2830 3282 3137 3353 exemplum
3163 3283 3425 3354 praebeat,

1834 3374 1903 3430 Et
1934 3375 2039 3431 hoc
2069 3382 2155 3431 est
2179 3373 2385 3440 dicere,
2411 3388 2625 3444 sequere
2648 3390 2755 3441 me,
2786 3374 2855 3430 ad
2881 3375 3165 3446 passiones
3195 3375 3427 3441 scilicet,

1834 3465 1903 3521 ad
1933 3465 2319 3530 obedientiam,
2349 3466 2415 3520 ad
2453 3463 2816 3520 humilitatem
2835 3504 2851 3531 ,
2877 3465 2944 3521 ad
2967 3465 3149 3521 omnia
3177 3481 3298 3536 qua
3326 3465 3428 3520 Pa-

1835 3557 1934 3613 tris
1957 3565 2104 3621 sunt,
2156 3555 2449 3627 implenda.
2490 3554 2639 3611 Fidei
2690 3555 2836 3610 enim
2884 3554 3054 3621 ﬁlius,
3098 3557 3167 3612 ad
3207 3560 3424 3614 domum

1831 3650 2074 3723 perﬁdiae
2122 3649 2203 3705 ire
2232 3663 2342 3703 non
2373 3647 2581 3704 debuit.
2631 3645 2911 3717 Siquidem
2946 3662 3047 3702 nec
3091 3647 3141 3702 ei
3183 3647 3423 3719 iuberet,

1831 3756 2045 3812 sequere
2074 3756 2179 3805 me,
2207 3740 2252 3795 si
2276 3754 2382 3794 non
2414 3747 2661 3794 mortuus
2687 3747 2832 3794 esset
2852 3747 3009 3809 pater
3031 3739 3152 3810 ejus
3173 3778 3190 3805 ,
3219 3738 3287 3796 de
3313 3755 3423 3810 quo

1831 3830 2062 3885 dicitur:
2081 3827 2399 3883 Obliviscere
2425 3827 2637 3882 domum
2658 3826 2825 3899 patris
2845 3828 2922 3881 tui
2944 3824 3118 3899 (Psal.
3141 3843 3285 3897 xuv,
3310 3824 3421 3899 ll).

1830 3921 1948 3990 Quo
1978 3930 2196 3977 mortuo
2214 3960 2230 3987 ,
2255 3920 2511 3975 misertus
2535 3932 2682 3985 eum,
2715 3919 2964 3990 quamvis
2987 3918 3382 3990 imprudentem
3403 3959 3419 3986 ,

1832 4016 1900 4071 ad
1930 4014 2313 4087 discipulatum
2339 4021 2519 4079 vocat,
2537 4011 2633 4068 sed
2650 4027 2777 4069 mox
2810 4011 3051 4078 instruit,
3072 4012 3251 4068 sciens
3275 4013 3420 4082 quod

1829 4124 1939 4166 non
1961 4106 2341 4178 discipulatum
2367 4113 2649 4178 respueret
2670 4104 2875 4171 animo,
2906 4104 3117 4174 expleta
3150 4104 3315 4160 debiti
3337 4104 3420 4160 of-

1831 4200 1939 4257 ﬁcii
1963 4200 2136 4272 patris
2163 4200 2365 4271 pietate
2394 4207 2456 4255 ut
2495 4197 2719 4255 liberior
2761 4211 2887 4252 eum
2917 4205 3253 4267 sequeretur.
3288 4196 3417 4252 Per—

1827 4300 1975 4353 mitte
1995 4338 2011 4365 ,
2058 4298 2157 4365 ait,
2204 4306 2437 4352 mortuos
2464 4295 2683 4366 sepelire
2712 4302 2947 4348 mortuos
2972 4308 3117 4347 suos.
3164 4291 3419 4362 Nunquid

1828 4391 2107 4463 religionis
2131 4390 2374 4447 ofﬁcium
2399 4387 2680 4454 humandi,
2698 4386 2843 4457 quod
2869 4386 2938 4441 ab
2950 4385 3273 4441 auctoritate
3294 4399 3420 4441 san-

1829 4490 2040 4539 ctarum
2056 4480 2459 4552 Scripturarnm
2481 4476 2842 4548 percepimus,
2858 4482 3026 4540 vetat,
3048 4473 3177 4529 dum
3204 4471 3419 4543 paterni

131 4579 462 4635 ambitiones
487 4587 545 4634 et
573 4578 722 4633 lucra
749 4579 1014 4649 sequeris,
1054 4579 1145 4649 qui
1182 4586 1341 4633 tanta:
1389 4592 1474 4648 pa:
1497 4545 1723 4647 perlatis
1748 4545 1803 4607 Β
1830 4576 2035 4633 funeris
2060 4574 2337 4647 sepultura
2368 4570 2713 4644 prohibetur?
2741 4570 2927 4641 Itaque
2946 4584 3286 4640 nequaquam
3316 4568 3421 4624 hoc

126 4680 242 4723 esse
294 4670 531 4739 probor,
564 4676 625 4723 ut
680 4685 779 4726 nec
824 4679 987 4740 caput
1042 4669 1265 4724 habeam
1291 4684 1400 4739 quo
1432 4668 1719 4724 reclinem?

128 4754 229 4814 Sed
250 4760 424 4815 altius
456 4758 867 4832 intelligendum
914 4761 966 4815 in
992 4759 1112 4825 isto,
1146 4769 1200 4815 et
1231 4760 1284 4813 in
1328 4759 1579 4814 omnibus
1630 4759 1722 4829 qui

127 4846 260 4905 forte
286 4850 483 4906 foveas
494 4851 696 4907 habent
717 4851 1019 4923 pravitatis,
1041 4860 1097 4907 et
1124 4851 1400 4905 dmmones
1421 4851 1721 4919 nidificant,

126 4936 320 4998 Filium
337 4943 587 4998 hominis
615 4957 722 4998 non
747 4943 948 4999 habere
968 4944 1023 4998 in
1053 4944 1133 4998 eis
1160 4958 1268 5012 quo
1289 4950 1452 5012 caput
1480 4942 1722 4998 reclinet.

126 5031 298 5107 Caput
346 5050 485 5092 vero
510 5035 719 5094 Christi
764 5038 925 5103 Deus,
981 5037 1127 5093 Deus
1155 5045 1336 5092 autem
1382 5052 1489 5092 non
1529 5037 1632 5093 nisi
1667 5038 1724 5093 in

128 5127 345 5185 mundis
389 5142 454 5184 se
484 5128 717 5184 reclinat
769 5129 1061 5195 mentibus,
1108 5128 1214 5185 ﬁde
1262 5128 1412 5199 prius
1460 5130 1725 5186 mundans

128 5221 288 5275 corda
316 5234 534 5277 eorum.
590 5219 857 5277 Cmterum
893 5220 949 5276 in
988 5221 1067 5277 eis
1117 5220 1211 5291 qui
1246 5229 1341 5275 aut
1388 5218 1574 5276 foveas
1621 5219 1722 5276 sibi

130 5308 342 5369 fodiunt
362 5313 672 5386 pravitatis,
697 5321 754 5369 ut
776 5315 829 5369 in
856 5312 1052 5386 quibus
1065 5314 1314 5371 volucres
1328 5312 1721 5370 daemoniorum

129 5402 414 5460 nidiﬁcant
438 5404 698 5461 vitiorum
721 5406 950 5473 artibus,
980 5406 1124 5461 Deus
1154 5405 1419 5462 reclinare
1445 5421 1553 5461 non
1601 5418 1721 5462 cre-

131 5493 291 5549 ditur.
330 5496 543 5555 ldcirco
583 5512 651 5553 ex
696 5499 965 5555 universis
1007 5513 1134 5554 suos
1186 5499 1416 5569 requirit
1464 5498 1725 5556 Dominus

128 5598 453 5658 sectatores,
481 5591 537 5646 in
564 5592 760 5662 quibus
806 5607 903 5664 per
956 5591 1117 5649 ﬁdem
1162 5607 1230 5649 ea
1275 5608 1394 5665 quae
1440 5594 1724 5651 charitatis

135 5694 257 5739 sunt
286 5686 637 5759 impleantur.
674 5686 829 5744 Patet
880 5688 1067 5760 igitur,
1100 5696 1160 5744 ut
1197 5688 1328 5755 dixi,
1375 5690 1517 5760 quod
1569 5687 1725 5745 Clui-

268 5799 585 5873 Legendum
616 5803 823 5857 videtur
852 5804 1156 5858 intentione.

1826 4669 2080 4736 dixerim,
2104 4682 2172 4724 eo
2186 4666 2331 4737 quod
2357 4663 2502 4720 aliud
2517 4663 2587 4719 sit
2606 4661 2865 4734 perfectio
2894 4660 3245 4732 discipulatus
3263 4657 3420 4716 Chri-

1828 4761 2085 4827 sti,aliud
2108 4758 2323 4814 initium
2364 4754 2668 4827 religionis;
2718 4754 2954 4809 humana
2993 4767 3225 4822 namque
3269 4759 3418 4820 post.-

1828 4854 2081 4911 habenda
2108 4864 2325 4920 semper
2352 4847 2572 4913 divinis,
2614 4854 2670 4903 et
2701 4844 3035 4918 praeferenda
3059 4858 3180 4915 quae
3205 4856 3414 4898 summa

1831 4955 1959 5003 sunt
1987 4942 2266 5001 humanis:
2294 4940 2551 5012 quoniam
2573 4954 2697 4995 cum
2715 4938 2973 5005 studium,
2998 4936 3095 5001 ait,
3122 4933 3347 4991 intentio
3363 4946 3415 4998 ιι,

1833 5040 2090 5098 dividitur
2117 5054 2216 5110 per
2236 5037 2429 5104 multa,
2448 5035 2706 5092 ﬁtminor
2734 5035 2803 5093 ad
2828 5034 3047 5091 eximia.
3071 5030 3279 5089 Idcirco
3310 5027 3415 5083 Do-

1832 5134 2012 5190 minus
2038 5126 2770 5203 prmdicatoribusEvangelii
2790 5125 3061 5182 neminem
3081 5120 3235 5177 invia
3267 5117 3414 5174 salu-

1834 5235 1953 5282 tare
1970 5224 2239 5295 permittit
2256 5220 2410 5293 (Luc.
2432 5237 2490 5288 x,
2512 5220 2591 5293 4);
2608 5236 2717 5275 non
2739 5218 2880 5289 quod
2897 5217 3007 5273 Deo
3028 5210 3415 5270 benevolentiae

1831 5317 2113 5389 displiceat
2132 5315 2505 5381 ofﬁcium,sed
2523 5314 2668 5384 quod
2716 5307 3084 5366 irrevocabilis
3111 5306 3410 5371 exsecutio,

1828 5411 1997 5486 418
2041 5418 2099 5466 et
2134 5407 2539 5480 evangelizandi
2581 5405 2702 5476 plus
2734 5402 2944 5473 placeat
2986 5398 3233 5457 intentio.
3274 5395 3415 5453 Hinc

1776 5562 1785 5571 ,
1829 5512 1886 5560 et
1907 5500 2137 5575 apostoli
2155 5501 2438 5557 ministros
2464 5498 2673 5569 eligunt
2694 5495 2761 5550 ad
2807 5492 3166 5550 ministerium
3210 5502 3411 5561 paupe-

1830 5614 1975 5664 rum,
2006 5612 2075 5653 ne
2100 5596 2202 5668 ipsi
2216 5604 2634 5665 occuparentur,
2649 5598 2704 5645 et
2722 5606 2752 5642 a
2773 5587 2951 5645 studio
2978 5585 3245 5644 interdum
3272 5596 3409 5655 pra-

1830 5690 2119 5747 dicationis
2176 5693 2472 5743 cessarent.
2533 5680 2890 5749 Quatrestlum
2953 5696 3081 5752 ergo
3140 5674 3411 5749 quomodo
