4000 6362
573 321 680 380 559

1382 315 1444 372 s.
1483 277 1843 376 PascuAsn
1882 315 2230 373 RADBERTI
2270 315 2565 373 ABBATlS
2603 315 3057 374 commensus

3763 320 3856 376 360

573 433 772 494 mortui
821 430 1085 502 sepeliunt
1125 435 1366 484 mortuos
1411 445 1562 496 suos,
1597 430 1700 485 nisi
1730 447 1854 486 cum
1885 431 1953 487 ab
1983 430 2165 501 impiis
2191 434 2243 494 Α
2268 430 2388 485 bus.
2421 431 2486 484 Et
2516 430 2617 486 hoc
2651 439 2756 497 est,
2785 431 2928 502 quod
2952 431 3006 486 in
3038 429 3256 485 Psalmo
3275 431 3522 488 canimus
3547 451 3559 486 :
3588 430 3852 504 Exsurge;

572 534 628 582 et
653 524 882 580 mortuis
931 523 1042 577 Deo
1080 520 1376 576 humantur
1424 521 1692 576 cadavera
1748 520 2164 576 defunctorum?

575 617 728 674 Unde
753 613 1099 672 manifestum
1127 611 1272 684 quod
1297 653 1313 678 ,
1343 613 1485 668 sicut
1511 613 1741 668 moritur
1763 629 1890 669 caro
1920 629 2042 669 cum
2067 613 2164 669 de-

572 710 775 766 seritur
794 709 863 764 ab
893 707 1099 771 anima,
1131 704 1205 759 ita
1230 720 1421 760 rursus
1472 705 1651 759 anima
1684 721 1806 760 cum
1839 705 2107 761 deseritur
2133 721 2164 760 a

573 800 702 856 Deo.
728 799 794 853 Et
814 798 938 853 inde
957 805 1042 852 est
1060 797 1206 867 quod
1233 797 1311 851 ait
1341 814 1353 850 :
1385 795 1513 852 Sine
1532 806 1766 852 mortuos
1789 797 2003 867 sepelire
2027 813 2166 852 mor-

570 899 688 944 tuos
729 905 874 953 suos,
919 885 1164 943 inﬁdeles
1217 886 1425 942 scilicet
1468 902 1563 942 eos
1612 887 1704 957 qui
1748 887 1986 943 defuncti
2010 896 2164 942 erant

569 995 753 1037 carne.
795 979 876 1035 Ac
903 980 949 1034 si
992 986 1242 1050 patenter
1284 978 1433 1034 dicat
1466 996 1480 1033 :
1525 977 1605 1034 Tu
1647 980 1740 1050 qui
1775 980 1881 1034 ﬁde
1909 978 2071 1045 vivis,
2102 982 2166 1034 'et

568 1081 819 1129 mortuus
865 1071 1062 1128 szeculo
1108 1071 1390 1141 probaris,
1425 1071 1559 1126 nihil
1603 1071 1699 1126 tibi
1742 1087 1868 1127 cum
1898 1071 2161 1136 mortuis,

571 1165 692 1223 ideo
719 1164 850 1220 illud
889 1163 1236 1220 consortibus
1260 1162 1548 1234 relinque:
1585 1172 1639 1218 tu
1684 1171 1864 1218 autem
1905 1178 2010 1216 una
2039 1177 2162 1216 cum

569 1258 759 1315 electis
783 1271 1012 1329 sequere
1052 1271 1141 1312 me
1189 1255 1242 1310 in
1270 1256 1469 1321 vitam;
1510 1255 1747 1326 alioquin
1774 1271 1899 1310 cum
1935 1254 2166 1310 mortuis

569 1348 1092 1422 deputaberisQHaec
1119 1363 1228 1405 non
1263 1349 1407 1418 quod
1453 1347 1645 1403 funera
1677 1346 1946 1403 defunctis
1995 1345 2164 1401 abne-

569 1451 695 1516 get,
726 1445 821 1501 sed
845 1452 906 1498 ut
947 1443 1249 1499 doctrinam
1293 1442 1494 1512 ubique
1536 1442 1882 1497 credentibus
1912 1439 2163 1511 aperiat:

569 1554 748 1612 neque
777 1546 838 1593 ut
861 1539 930 1594 ab
954 1537 1135 1593 ofﬁcio
1170 1536 1342 1609 patris
1380 1535 1549 1590 ﬁlium
1594 1544 1842 1600 revocet;
1889 1535 1983 1588 sed
2033 1542 2092 1588 ut
2136 1549 2166 1587 a

569 1632 847 1689 consortio
899 1630 1190 1700 impiorum
1235 1644 1357 1685 eum
1417 1634 1698 1692 secernat,
1751 1637 1806 1681 et
1834 1626 2015 1680 omnia
2066 1641 2164 1696 pro

571 1734 836 1796 tempore,
858 1738 958 1794 pro
986 1723 1254 1790 doctrina,
1283 1737 1384 1792 pro
1433 1719 1616 1777 ofﬁcio
1663 1720 1892 1792 mystice
1936 1719 2160 1790 dispen-

572 1824 676 1873 set.
1883 1805 1886 1810 ’

641 1915 711 1970 Et
751 1921 1064 1972 ascendente
1113 1930 1174 1968 eo
1215 1914 1270 1968 in
1316 1913 1634 1980 naviculam,
1682 1915 1845 1968 secuti
1886 1923 2006 1968 sunt
2046 1929 2165 1968 eum

568 2009 813 2080 discipuli
872 2009 1007 2079 ejus.
1072 2005 1186 2062 Hoc
1253 2006 1522 2076 estquod
1581 2022 1744 2077 supra
1807 2007 2047 2077 iusserat
2103 2017 2164 2061 ut

567 2099 711 2154 irent
739 2108 890 2153 trans
925 2097 1147 2162 fretum,
1180 2105 1235 2150 et
1274 2097 1512 2151 occurrit
1545 2098 1612 2152 ad
1641 2097 1880 2151 medium
1925 2097 2069 2166 quod
2097 2097 2165 2152 de

567 2193 654 2248 his
694 2193 904 2248 duobus
949 2201 1220 2245 narratur.
1259 2188 1413 2245 Unde
1462 2190 1548 2244 hic
1577 2205 1753 2244 unus:
1795 2187 2047 2245 Permitte
2082 2207 2164 2246 me

566 2283 793 2354 primum
813 2321 828 2348 ,
858 2281 1070 2352 inquit,
1104 2281 1158 2335 id
1186 2288 1272 2336 est
1307 2289 1596 2350 antequam
1638 2281 1742 2336 iret
1777 2297 1900 2337 cum
1926 2296 1991 2336 eo
2015 2291 2166 2349 trans

568 2374 785 2431 fretum.
816 2373 953 2442 Quia
977 2372 1220 2445 profecto
1247 2373 1408 2428 rudes
1444 2382 1499 2428 et
1542 2373 1706 2443 tepidi
1733 2373 1912 2427 adhuc
1937 2388 2160 2428 moven-

565 2475 656 2522 tur
699 2475 984 2537 parentum
1043 2464 1456 2530 affectionibus,
1510 2465 1708 2534 quibus
1761 2463 2165 2534 praepediuntur

565 2558 644 2614 ire
669 2566 792 2628 post
815 2556 1096 2613 Christum
1125 2557 1193 2611 ad
1220 2556 1507 2627 passiones
1550 2563 1606 2610 et
1641 2553 1880 2610 ofﬁcium
1908 2555 2165 2624 praedica-

564 2651 746 2706 tionis.
778 2649 886 2706 Sed
914 2650 1175 2705 Dominus
1196 2649 1379 2704 omnia
1402 2656 1760 2718 postponere,
1789 2661 2081 2716 secumque
2109 2647 2162 2702 in

567 2741 841 2807 navicula,
873 2757 994 2811 quze
1025 2749 1110 2796 est
1134 2741 1304 2811 ipsius
1349 2739 1614 2806 Ecclesia,
1648 2739 1791 2795 inter
1829 2741 2008 2794 varios
2059 2739 2161 2795 ﬂu-

576 2841 698 2887 ctus
735 2839 791 2886 et
819 2831 1088 2902 procellas
1119 2831 1300 2886 saeculi
1327 2831 1406 2886 ire
1436 2840 1585 2886 trans
1635 2829 1834 2886 fretum
1857 2831 2040 2902 jubet;
2094 2845 2164 2886 ne

561 2923 682 2980 sine
707 2924 824 2993 ipso
847 2923 1040 2978 mediis
1058 2923 1419 2978 obvolvantur
1453 2922 1773 2993 gurgitibus.
1803 2922 1956 2978 Unde
1985 2924 2164 2992 sequi-

563 3024 653 3071 tur
685 3033 699 3069 :
733 3014 870 3069 Ecce
913 3024 1086 3070 motus
1116 3031 1338 3084 magnus
1383 3015 1556 3084 factus
1595 3025 1670 3070 est
1699 3015 1752 3069 in
1791 3017 1946 3080 mari,
1993 3017 2068 3070 ita
2102 3026 2159 3070 ut

565 3107 808 3163 navicula
846 3108 1136 3177 operiretur
1173 3108 1439 3178 ﬂuctibus.
1471 3107 1607 3162 Mira
1659 3108 1990 3178 dispensatio
2037 3108 2156 3163 Dei.

2264 541 2426 595 quare
2471 525 2755 590 obdormis,
2800 523 3072 578 Domine?
3111 540 3352 596 exsurge,
3399 535 3447 579 et
3476 542 3539 580 ne
3567 524 3784 596 repellas
3809 526 3858 581 in

2266 614 2420 684 ﬁnem
2455 614 2626 686 (Psal.
2665 631 2820 682 xun,
2859 615 2972 687 23).
3008 615 3124 671 Non
3155 617 3302 688 quod
3349 633 3588 688 unquam
3635 618 3860 674 dormiat

2266 709 2358 778 qui
2386 709 2624 764 custodit
2653 709 2796 763 inter
2825 707 3070 780 fragores
3119 709 3301 764 saeculi
3347 708 3652 765 Ecclesiam
3683 719 3740 766 et
3773 727 3859 782 gu-

2266 798 2478 863 bernat,
2517 799 2611 854 sed
2638 799 2853 869 quoties
2879 799 3316 871 periclitantibus
3346 817 3452 856 non
3483 803 3688 873 praebet
3719 805 3861 858 auxi-

2265 888 2418 954 lium,
2469 890 2623 960 quasi
2670 890 3012 946 obdormisse
3051 892 3270 947 dicitur.
3300 891 3444 964 Ergo
3478 893 3624 949 unde
3652 894 3748 950 ille
3775 896 3862 951 ob-

2266 979 2498 1046 dormit,
2527 981 2658 1037 inde
2697 983 2875 1048 navis,
2909 982 3164 1040 videlicet
3210 983 3476 1051 Ecclesia,
3500 994 3557 1041 et
3591 987 3686 1058 qui
3721 988 3777 1043 in
3805 1003 3862 1044 ea

2265 1079 2430 1137 sunt,
2472 1072 2712 1144 regitur,
2752 1074 2878 1144 quia
2910 1075 3108 1131 exinde
3146 1075 3280 1132 ﬁdes
3326 1086 3516 1132 contra
3545 1081 3864 1137 tentationes

2267 1163 2500 1234 amplius
2529 1145 2602 1220 ad‘
2622 1166 2910 1222 victoriam
2945 1167 3236 1223 eruditur.-
3258 1167 3412 1224 Hanc
3451 1185 3584 1225 sane
3617 1169 3864 1229 Christus

2268 1255 2512 1311 ascendit
2559 1272 2756 1312 navem
2780 1299 2794 1323 ,
2833 1258 3050 1328 quando
3087 1260 3155 1314 ad
3187 1276 3286 1316 nos
3334 1261 3647 1318 incarnatus
3698 1264 3862 1330 venit,

2268 1347 2428 1420 hujus
2455 1351 2636 1406 saeculi
2666 1367 2816 1408 mare
2862 1353 3336 1410 transfretaturus.
3391 1353 3499 1411 Sed
3541 1371 3668 1411 mox
3711 1357 3864 1413 turbo

2267 1449 2322 1495 et
2351 1443 2747 1512 persecutionis
2770 1444 3009 1515 procella
3040 1445 3310 1514 insiliens,
3340 1446 3592 1502 turbatur
3623 1448 3862 1513 Herodes

2269 1549 2388 1601 rex,
2421 1543 2478 1590 et
2500 1535 2677 1591 omnis
2715 1534 3088 1609 Hierosolyma
3129 1552 3253 1594 cum
3317 1554 3402 1595 eo.
3452 1539 3662 1596 Deinde
3699 1558 3866 1613 usque

2268 1626 2334 1680 ad
2361 1627 2525 1683 ﬁnem
2560 1629 2744 1684 saeculi
2773 1640 2964 1686 contra
2992 1647 3140 1699 eum,
3174 1648 3436 1704 suosque,
3467 1634 3647 1690 acrior
3676 1635 3867 1691 daemo-

2269 1736 2398 1775 num
2427 1729 2720 1793 tempestas
2749 1725 2923 1790 saevit;
2943 1725 3109 1780 totius
3141 1727 3326 1782 mundi
3356 1725 3539 1782 fremit
3564 1727 3771 1794 rabies,
3793 1745 3868 1784 re-

2191 1802 2243 1864 B
2269 1827 2392 1882 gum
2417 1825 2672 1884 spumant
2698 1816 2938 1872 vicissim
2960 1818 3174 1885 fluctus,
3207 1819 3388 1890 populi
3417 1821 3657 1892 gurgites
3686 1831 3869 1877 rotan-

2271 1913 2358 1958 tur
2387 1906 2611 1975 perﬁdia
2638 1908 2985 1965 credentibus
3017 1926 3234 1982 semper
3255 1922 3413 1983 parat
3441 1911 3749 1985 naufragia.
3777 1913 3869 1970 Ne-

2267 2012 2542 2068 quaquam
2600 1999 2766 2072 igitur
2814 2003 2868 2057 in
2915 2003 3018 2060 hoc
3075 2006 3215 2061 mari
3269 2022 3466 2079 magno
3520 2017 3578 2064 et
3629 2011 3867 2080 spatioso

2267 2087 2454 2155 draco,
2487 2090 2581 2160 qui
2610 2091 2664 2146 in
2693 2107 2759 2147 eo
2787 2102 2872 2148 est
2902 2095 2969 2150 ad
2995 2095 3359 2164 illudendum,
3390 2114 3628 2169 unquam
3657 2109 3760 2156 aut
3787 2119 3871 2158 us-

2266 2194 2430 2248 quam
2469 2191 2667 2236 cessat.
2707 2181 2814 2238 Sed
2847 2194 3030 2240 tamen
3063 2187 3278 2256 quoties
3317 2188 3582 2244 accedunt
3619 2191 3687 2246 ad
3718 2189 3871 2248 Chri-

2266 2281 2408 2327 stum
2438 2274 2687 2346 discipuli
2716 2277 2984 2333 suscitant
3029 2295 3153 2335 eum
3195 2282 3357 2351 quasi
3398 2283 3463 2338 de
3509 2299 3712 2356 sopore
3753 2287 3870 2342 dor-

2267 2363 2545 2419 mientem.
2593 2367 2709 2437 lpse
2754 2383 2886 2424 vero
2925 2385 3050 2426 mox
3092 2372 3325 2443 imperat
3369 2376 3584 2441 ventis,
3641 2379 3872 2449 corripit

2264 2456 2578 2525 procellam,
2613 2461 3060 2531 tranquillitatem
3081 2466 3282 2536 ,reddit
3326 2465 3619 2534 Ecclesiae,
3651 2470 3870 2543 mitigat

2265 2558 2565 2619 potestates
2620 2555 2826 2622 saeculi,
2885 2567 2942 2611 et
3005 2572 3198 2628 pacem
3259 2562 3538 2631 componit
3587 2564 3868 2621 omnibus.

2264 2641 2403 2699 Hinc
2423 2654 2510 2700 est
2532 2647 2679 2716 quod
2701 2663 2863 2718 quam
2889 2636 3385 2719 smpeobdormisse
3411 2654 3730 2724 putabatur,
3753 2658 3871 2712 dum

2265 2751 2394 2792 vero
2449 2735 2566 2807 ejus
2615 2740 2914 2796 Eeclesiam
2973 2743 3244 2813 perimere
3297 2744 3688 2814 moliebantur,
3748 2748 3871 2804 dum

2265 2826 2638 2886 Diocletianus
2669 2831 2987 2889 subvertere
3008 2875 3023 2899 ,
3052 2834 3248 2891 Decius
3279 2837 3663 2908 exstinguere,
3700 2839 3870 2897 Maxi-

2262 2924 2480 2981 mianus
2533 2942 2662 2983 vero
2694 2927 2954 2986 ﬂuctibus
2988 2931 3330 3003 obmergere,
3363 2943 3417 2989 et
3465 2934 3555 2990 alii
3589 2938 3878 3010 quamplu-

2267 3030 2357 3071 res
2389 3032 2542 3072 arma
2573 3019 2774 3074 diaboli
2803 3019 2985 3077 ferire.

2340 3107 2504 3173 Tunc,
2526 3110 2723 3181 inquit,
2751 3129 2970 3184 surgens
2994 3115 3265 3185 imperavit
3281 3120 3444 3173 ventis
3463 3118 3692 3192 420a
3717 3125 3876 3178 mari.

561 3197 726 3262 Mare,
759 3198 902 3269 quod
932 3199 1161 3270 pedibus
1190 3197 1308 3268 ejus
1336 3207 1606 3255 tumentes
1652 3177 1844 3255 ﬂuctus
1881 3200 2156 3266 submisit,
2187 3177 2232 3240 (ἶ
2268 3198 2508 3272 Surgens
2535 3177 2722 3274 utique
2749 3212 2806 3258 ut
2834 3177 3024 3275 potens
3053 3177 3085 3260 a
3113 3222 3303 3264 somno
3321 3177 3761 3283 mortE-dEjecit
3789 3177 3879 3270 ho.

559 3300 616 3348 et
643 3292 910 3348 undarum
937 3287 1172 3348 vertices
1190 3290 1397 3363 redegit
1418 3292 1472 3346 in
1497 3292 1743 3362 planum,
1769 3292 1913 3363 quod
1948 3291 2158 3362 liquen-

559 3394 669 3441 tem
696 3387 837 3440 viam
869 3385 1119 3442 solidavit
1139 3384 1302 3442 veluti
1335 3386 1567 3452 aridam,
1597 3393 1658 3439 ut
1701 3401 1866 3457 super
1904 3401 2024 3442 eam
2049 3389 2158 3444 Do-

559 3479 747 3537 minus
763 3480 910 3535 sicco
937 3477 1163 3549 vestigio
1194 3478 1490 3544 incederet,
1525 3478 1685 3534 modo
1713 3479 1845 3548 quid
1872 3488 1955 3534 est
1981 3481 2155 3550 quod,

561 3569 790 3626 Domino
836 3571 1163 3625 ascendente
1217 3569 1273 3624 in
1336 3568 1665 3635 naviculam,
1708 3577 1917 3624 tantum
1962 3571 2159 3626 saevit?

558 3662 655 3717 Vel
693 3663 936 3734 nunquid
980 3663 1094 3732 ipse
1123 3662 1386 3732 praescius
1417 3659 1724 3717 futurorum
1744 3703 1760 3728 ,
1807 3665 2158 3733 praesentium

555 3759 634 3815 sic
664 3769 781 3814 erat
803 3760 1047 3831 ignarus,
1080 3765 1142 3811 ut
1192 3757 1483 3812 instantem
1514 3765 1896 3829 tempeStatem
1940 3769 1996 3814 et
2026 3769 2162 3814 tem-

556 3868 658 3924 pus
697 3853 923 3923 perieuli
966 3868 1074 3908 non
1118 3853 1488 3923 praecaveret?
1550 3854 1647 3909 sed
1669 3863 1730 3909 ut
1775 3855 1923 3910 aliud
1964 3872 2028 3911 ex
2056 3857 2160 3913 hoc

557 3944 850 4012 minueret,
882 3945 1004 4000 ideo
1033 3953 1091 4000 et
1119 3946 1301 4001 navim
1324 3946 1654 4014 ascendisse,
1691 3963 1755 4004 ac
1795 3960 1987 4006 ventos
2012 3952 2162 4008 exci-

557 4044 704 4092 tasse
723 4035 1014 4092 credimus.
1039 4037 1289 4108 Alioquin
1318 4039 1371 4094 in
1405 4049 1556 4096 tanto
1578 4041 1843 4111 periculo,
1888 4044 2159 4111 quomodo

559 4129 742 4196 solus,
792 4138 852 4184 nt
887 4129 1082 4186 Ionam
1127 4132 1256 4186 olim
1297 4131 1491 4188 fecisse
1533 4132 1765 4204 legimus
1814 4134 2034 4206 (1011.1,
2065 4136 2155 4207 5),

558 4239 749 4280 somno
761 4235 1076 4296 gravaretur
1090 4266 1107 4294 ,
1135 4226 1207 4282 ita
1223 4236 1279 4281 ut
1292 4227 1646 4294 obdormiret',
1671 4243 1730 4284 se
1755 4228 1976 4298 suisque
1994 4227 2161 4302 519

560 4324 712 4372 tanto
762 4317 1075 4374 discrimine
1120 4319 1563 4388 comprehensis?
1613 4318 1741 4385 Sed,
1773 4320 1890 4386 ait,
1932 4321 2159 4392 provida

557 4407 761 4465 Christi
789 4410 964 4467 virtus
987 4412 1193 4478 omnia,
1229 4420 1498 4478 quatenus
1523 4421 1578 4468 et
1628 4412 1763 4468 ﬁdes
1793 4424 2061 4486 augeatur
2089 4416 2158 4471 de

558 4501 858 4569 miraculo,
901 4512 959 4559 et
1001 4503 1144 4558 aliud
1195 4503 1457 4559 doceatur
1503 4505 1734 4561 interius
1771 4521 1840 4562 ex
1872 4508 2152 4578 mysterio.

557 4594 691 4650 Nam
741 4594 1123 4669 gubernatoris
1164 4597 1418 4668 peritiam
1470 4614 1579 4655 non
1612 4601 1812 4670 probat
1868 4603 2157 4674 temperies

556 4688 886 4753 serenitatis,
937 4689 1031 4744 sed
1079 4689 1391 4745 immanitas
1435 4692 1794 4762 tempestatis.
1825 4692 1970 4765 Ergo
1997 4692 2156 4749 Chri-

558 4788 675 4835 stus
702 4789 830 4836 tunc
851 4780 1099 4836 ascendit
1131 4781 1186 4834 in
1217 4781 1546 4847 naviculam,
1577 4782 1795 4853 quando
1824 4799 1890 4838 ex
1921 4785 2026 4839 hoc
2057 4785 2154 4840 do-

557 4879 708 4928 ceret
743 4872 887 4941 quod
926 4873 994 4927 ab
1025 4871 1181 4928 initio
1206 4872 1391 4927 saeculi
1438 4881 1632 4944 potens
1663 4874 1718 4929 in
1748 4889 1869 4939 sua,
1901 4874 2028 4929 dum
2063 4889 2155 4945 pe-

559 4961 862 5028 riclitatur,
893 4962 1004 5031 agit
1045 4961 1304 5018 Ecclesia.
1339 4963 1405 5018 Et
1433 4965 1575 5034 quod
1614 4963 1862 5020 fecerunt
1890 4964 2152 5035 apostoli,

559 5063 844 5126 postquam
887 5056 1138 5112 viderunt
1183 5057 1434 5129 peritiam
1486 5057 1761 5128 deperisse
1815 5057 2152 5127 gubernandi

559 5145 813 5203 humanae
860 5147 1200 5220 fragilitatis,
1249 5158 1534 5205 cernentes
1570 5164 1721 5204 mare
1754 5148 1896 5219 quod
1922 5149 2153 5219 amplius

561 5239 810 5306 szeviret,
852 5248 907 5295 et
935 5241 1177 5297 turbines
1215 5249 1500 5297 ventorum
1542 5241 1684 5310 quod
1731 5249 1922 5295 contra
1961 5241 2154 5296 ﬂuctus

560 5331 735 5402 magis
781 5332 1058 5403 magisque
1094 5332 1446 5396 colliderent;
1490 5331 1592 5386 hoc
1631 5331 1872 5400 quotidie
1909 5330 2154 5402 discipuli

559 5421 763 5482 Christi
800 5434 994 5494 agunt,
1033 5427 1161 5481 dum
1201 5414 1546 5494 periclitatur
1583 5424 1848 5479 Ecclesia.
1874 5423 1995 5480 Mox
2025 5441 2155 5496 ergo

553 5513 679 5585 iure
704 5515 1018 5588 confugiunt
1044 5519 1113 5572 ad
1143 5518 1566 5589 gubernatorem
1595 5532 1786 5574 verum
1805 5558 1820 5584 ,
1863 5520 1932 5574 ad
1959 5518 2150 5574 trium-

561 5608 842 5679 phatorem
890 5608 1096 5675 saeculi,
1152 5607 1222 5664 ad
1265 5607 1658 5665 elementorum
1705 5608 2018 5676 Dominum,
2052 5623 2148 5681 pe-

560 5707 737 5759 tentes
781 5711 841 5758 ut
885 5701 1083 5758 ﬂuctus
1127 5702 1339 5775 mitiget
1385 5718 1798 5774 pressurarum,
1845 5703 2148 5775 periculum

561 5796 883 5862 .ubmoveat
917 5793 1266 5866 tentationis,
1310 5796 1543 5855 salutem
1572 5796 1830 5856 restituat
1852 5796 2150 5883 laboranti-

2265 3303 2396 3357 stes,
2435 3295 2527 3364 qui
2549 3295 2702 3366 prius
2730 3296 3036 3354 dormiebat
3071 3299 3197 3355 dum
3225 3302 3373 3356 venti
3397 3301 3614 3370 flarent,
3641 3314 3706 3360 et
3727 3322 3881 3362 mare

2264 3383 2516 3441 ﬂuctibus
2557 3385 2811 3443 ferveret.
2857 3386 3060 3444 Tamen
3092 3431 3106 3456 ,
3164 3390 3291 3447 licet
3334 3409 3430 3464 per
3474 3395 3878 3453 humanitatem

2263 3476 2501 3532 dormiat
2531 3492 2783 3549 corpore,
2831 3495 2931 3551 per
2979 3481 3323 3538 divinitatem
3364 3485 3597 3556 vigilans
3633 3488 3884 3546 custodit

2261 3570 2476 3637 omnia,
2507 3577 2562 3626 et
2611 3587 2842 3642 surgens
2886 3572 3123 3644 imperat
3169 3574 3476 3644 majestate.
3528 3578 3882 3653 Quandoque

2263 3665 2388 3720 dum
2429 3665 2632 3720 dormit
2676 3667 2967 3722 conturbat
2996 3669 3192 3736 maria,
3224 3671 3317 3741 qui
3346 3670 3884 3743 evigilansserenat

2263 3755 2548 3821 universa;
2579 3764 2708 3812 tunc
2729 3757 2970 3828 quidem,
3001 3767 3057 3814 et
3085 3776 3263 3828 nunc,
3312 3771 3374 3816 ut
3399 3764 3514 3819 suis
3543 3779 3705 3821 suam
3733 3767 3882 3822 insi—

2264 3856 2457 3901 nuaret
2502 3845 2844 3915 majestatem
2865 3890 2880 3914 ,
2913 3860 2970 3906 et
3002 3850 3165 3907 corda
3188 3852 3528 3910 credentium
3555 3857 3786 3912 erudiat
3814 3857 3884 3912 ad

2262 3937 2445 3992 ﬁdem.
2476 3937 2560 3992 Ad
2591 3939 2695 3994 hoc
2719 3941 2918 4011 quippe
2947 3941 3222 3999 interdum
3254 3945 3456 4001 dormit
3484 3946 3752 4005 Christus
3773 3991 3788 4015 ,
3825 3959 3883 4003 ut

2263 4031 2598 4086 dormientes
2655 4032 2858 4089 excitet
2903 4027 3216 4105 discipulos.
3273 4037 3599 4094 Excitantur
3647 4049 3883 4105 autem,

2263 4123 2390 4178 dum
2422 4132 2477 4178 et
2509 4138 2663 4179 suam
2695 4137 3090 4198 recognoscant
3114 4128 3491 4187 inﬁrmitatem
3510 4172 3526 4198 ,
3554 4140 3610 4188 et
3637 4131 3769 4202 ejus
3792 4135 3884 4189 in-

2263 4218 2526 4290 telligunt,
2558 4221 2700 4276 inter
2717 4223 2997 4293 angustias
3025 4224 3284 4290 conclusi,
3315 4225 3689 4295 maiestatem.
3719 4227 3888 4285 Unde

2260 4310 2526 4381 profecto,
2580 4311 2830 4383 inquiunt
2875 4328 2890 4366 :
2941 4313 3188 4382 Domine,
3231 4315 3379 4371 salua
3429 4333 3556 4384 nos;
3607 4321 3884 4389 perimas.

2263 4405 2504 4473 Quorum
2528 4407 2782 4478 precibus
2807 4407 2930 4464 ideo
2953 4410 3247 4476 excitatur,
3275 4411 3401 4481 quia
3430 4410 3598 4468 homo
3628 4412 3894 4485 imperat

2266 4497 2572 4566 majestate,
2594 4498 2721 4567 quia
2771 4498 2933 4556 Deus.
2983 4499 3092 4557 Sed
3129 4517 3254 4557 mox
3287 4502 3533 4559 timorem
3563 4518 3774 4561 eorum
3804 4506 3895 4562 in-

2263 4598 2471 4657 crepat,
2503 4590 2691 4646 dicens
2718 4609 2734 4646 :

2337 4679 2562 4735 Modicae
2581 4681 2728 4750 ﬁdei,
2747 4683 2873 4754 quid
2899 4683 3070 4738 timidi
3093 4686 3216 4740 estis
3235 4687 3262 4740 ?
3281 4683 3415 4742 Nam
3438 4687 3506 4743 ad
3531 4689 3639 4744 hoc
3667 4691 3898 4764 quippe

2262 4773 2632 4829 obdormierat
2668 4783 2726 4829 ut
2767 4775 2901 4830 ﬁdes
2929 4790 3117 4831 eorum
3147 4777 3477 4848 pulsaretur.
3507 4779 3783 4847 Quicum
3817 4783 3894 4838 ti-

2264 4867 2548 4930 muissent,
2567 4866 2739 4937 magis
2761 4867 3040 4937 magisque
3061 4869 3302 4938 periculo
3332 4871 3760 4940 premebantur.
3798 4873 3900 4928 Sic

2262 4957 2524 5013 etPetrus
2537 4959 2726 5014 videns
2753 4967 2972 5012 ventum
2986 4958 3518 5028 validumtimuit,et
3539 4976 3671 5016 mox
3705 4963 3902 5036 cepit

2261 5051 2450 5122 mergi.
2485 5050 2640 5106 Unde
2692 5052 3037 5107 manifestum
3079 5055 3222 5122 quod
3271 5055 3406 5110 ﬁdes
3435 5055 3810 5113 sine'ﬁducia
3843 5069 3905 5112 et

2259 5138 2595 5207 fortitudine,
2629 5142 2830 5213 ubique
2874 5143 3200 5198 inﬁrmatur.
3242 5143 3360 5200 Non
3394 5146 3542 5202 enim
3569 5161 3638 5201 ex
3673 5163 3753 5203 se
3787 5149 3902 5203 sed

2260 5251 2329 5292 ex
2355 5236 2467 5292 Deo
2493 5237 2723 5306 quisque
2747 5237 2908 5292 debet
2951 5236 3247 5305 confidere,
3287 5239 3448 5295 sicuti
3492 5239 3692 5300 eadem
3733 5241 3904 5298 ﬁdes

2263 5343 2454 5385 revera
2483 5345 2549 5385 ex
2595 5329 2706 5385 Deo
2746 5345 2868 5387 esse
2908 5331 3188 5400 probatur.
3233 5332 3301 5388 Et
3344 5332 3467 5388 ideo
3494 5341 3553 5388 ut
3576 5349 3811 5407 magna
3838 5346 3904 5392 et

2261 5421 2475 5486 efﬁcax,
2507 5421 2600 5488 sit,
2624 5430 2860 5492 quantus
2881 5431 2967 5478 est
2985 5438 3054 5478 ex
3074 5439 3183 5494 quo
3210 5434 3296 5480 est
3324 5425 3464 5496 ipsa,
3491 5433 3716 5481 tantum
3755 5444 3907 5485 cum

2258 5517 2513 5587 precibus
2537 5531 2598 5572 se
2641 5515 2803 5572 debet
2837 5517 3087 5582 dilatare,
3132 5525 3297 5588 atque
3343 5517 3540 5574 ﬁducia
3589 5517 3914 5590 largitatis

2257 5607 2462 5665 Christi
2489 5622 2756 5666 crescere.
2779 5607 2911 5676 Quae
2931 5608 3191 5664 nimirum
3214 5619 3416 5679 quanto
3439 5608 3560 5680 plus
3589 5610 3916 5681 timuerit,

2259 5713 2409 5762 tanto
2451 5704 2632 5759 minus
2659 5702 2836 5769 valet;
2875 5703 3003 5774 quia
3037 5704 3152 5774 ipse
3193 5705 3357 5760 timor
3396 5704 3464 5760 de
3493 5713 3686 5759 nostra
3726 5708 3920 5765 infir-

2256 5796 2450 5856 mitate
2469 5795 2648 5864 venit;
2683 5793 2880 5853 ﬁducia
2907 5809 3040 5853 vero
3068 5795 3193 5853 ﬁdei
3229 5812 3296 5854 ex
3325 5796 3567 5866 potentia
3594 5802 3649 5850 et
3711 5798 3924 5859 boni-
