4000 6362
907 301 1271 358 EXPOSITIO
1297 299 1851 379 .IN’MATTIUEUM.
1888 329 1956 340 -—
1992 299 2122 356 LIB.
2160 299 2227 368 γ,
2263 299 2417 356 CAP.
2452 299 2587 356 Vlll.

3284 301 3390 359 56!

147 429 244 477 tate
286 416 448 473 divini
486 415 737 484 adjutorii
759 453 776 479 ,
814 415 1012 486 ubique
1039 424 1094 470 et
1129 430 1343 486 semper
1368 413 1565 470 solidat
1588 429 1711 468 crc-
1739 417 1788 476 Α
1817 412 1978 484 igitur
2003 428 2066 467 ex
2109 413 2212 468 hoc
2256 411 2536 477 miraculo,
2583 412 2724 468 sicut
2751 421 2805 468 et
2838 411 2892 466 in
2925 409 3198 478 omnibus,
3245 415 3389 483 quod

146 511 316 567 dentes
344 515 400 562 et
436 505 692 561 efﬁcaces
721 505 870 561 facit.
910 505 1040 561 Haec
1065 516 1138 560 est
1159 547 1173 571 ,
1197 506 1273 560 ait
1295 506 1602 576 Apostolus,
1634 508 1713 559 vi-

145 598 292 656 ctoria
317 606 497 651 nostra
523 612 640 666 qua:
659 596 812 649 vincit
833 596 1109 661 mundum,
1133 595 1264 664 ﬁdes
1285 593 1527 663 nostra”
1548 593 1708 648 Joan.

145 688 284 760 nl).
331 686 590 754 Alioquin
630 686 747 740 sine
795 685 902 740 ﬁde
941 701 1040 742 nos
1071 687 1199 757 quid
1243 685 1641 752 sumus?Quod
1668 685 1713 740 si

147 780 262 837 ﬁdes
279 776 525 849 perfecta
549 775 674 842 illis,
705 775 901 843 fateor,
929 787 1096 842 esset,
1126 777 1228 848 ipsi
1258 787 1448 832 contra
1473 777 1715 832 eamdem

148 869 484 927 tentationem
513 882 611 941 per
633 883 755 923 eam
779 878 1017 939 possent.
1046 868 1278 940 Propter
1301 868 1444 939 quod
1471 867 1718 925 Christus

148 961 432 1026 obdormit,
475 967 540 1014 ut
573 960 899 1030 probaretur
939 959 1187 1026 inﬁrma;
1236 960 1461 1029 probata
1489 975 1618 1016 vero
1660 967 1720 1014 ut

148 1053 432 1109 nutriretur
459 1050 528 1104 de
551 1049 832 1115 miraculo,
853 1039 918 1105 ἐι
943 1051 1161 1106 doceret
1207 1052 1468 1122 magister
1499 1051 1552 1105 in
1602 1066 1718 1105 mo-

148 1145 250 1199 dico
268 1142 401 1213 quid
427 1142 544 1212 ipse
563 1156 717 1197 suam
738 1141 1043 1212 gubernans
1066 1102 1361 1198 Ecclesiajn
1384 1143 1526 1199 inter
1541 1145 1721 1199 omnia

146 1233 308 1290 saeculi
359 1231 680 1287 discrimina
723 1233 870 1287 omni
917 1241 1157 1302 tempore
1205 1242 1376 1304 gerat.
1434 1234 1563 1305 Legi
1593 1249 1722 1302 ergo

147 1324 416 1395 quemdam
443 1323 720 1378 doctorem
747 1323 947 1378 dixisse
976 1324 1120 1393 quod
1147 1340 1296 1380 mare
1334 1324 1590 1380 exsiliens
1611 1340 1723 1396 pra:

147 1417 325 1488 gaudio
348 1415 438 1472 sui
464 1417 754 1470 adventum
784 1414 1060 1472 Creatoris
1085 1417 1172 1470 vix
1206 1415 1350 1473 ferre
1378 1418 1637 1488 quivisse,
1669 1426 1722 1473 et

147 1510 266 1564 hinc
287 1524 413 1564 esse
456 1523 563 1563 non
594 1506 740 1578 quod
785 1516 1079 1578 tempestas
1109 1505 1276 1562 fuerit
1313 1523 1589 1572 aurarum,
1627 1507 1723 1562 sed

149 1599 344 1654 laetitia:
366 1607 558 1653 motus.
582 1596 677 1652 Pia
701 1596 940 1666 quidem,
965 1598 1068 1653 etsi
1093 1614 1197 1653 non
1221 1613 1457 1654 consona
1479 1596 1726 1653 lectionis

157 1690 516 1761 intelligentia.
546 1688 681 1756 Quia
711 1697 767 1744 et
799 1689 979 1755 venti,
1010 1690 1208 1759 quibus
1236 1704 1379 1760 saepe
1421 1703 1573 1744 mare
1613 1696 1726 1743 tur-

149 1781 316 1844 batur,
337 1780 549 1834 Domini
569 1789 985 1851 compescuntur
1007 1780 1266 1850 imperio;
1291 1789 1350 1835 ut
1372 1780 1443 1835 sit
1471 1779 1726 1834 indicium
1755 1762 1804 1823 Β

147 1873 278 1944 quod
303 1872 354 1927 ei
385 1873 569 1926 omnia
593 1871 824 1938 cedunt,
851 1881 904 1927 et
933 1871 1173 1927 sentiunt
1205 1872 1584 1942 imperantem.
1619 1869 1728 1926 Sed

146 1964 292 2038 521
324 1964 504 2034 magis
535 1964 697 2019 credo
725 1962 800 2018 illi
827 1972 1110 2019 ventorum
1139 1976 1165 2002 α
1197 1963 1362 2018 verbo
1390 1965 1687 2033 imperasse
1711 2002 1725 2027 ,

147 2059 205 2114 de
233 2073 341 2129 quo
363 2056 608 2112 Ecclesia
632 2057 686 2111 in
711 2055 950 2112 Canticis
983 2077 996 2110 :
1027 2055 1216 2127 Surge,
1243 2055 1432 2127 Aquilo
1455 2073 1474 2122 ;
1509 2067 1557 2111 et
1579 2059 1693 2112 veni
1711 2098 1726 2123 ,

145 2153 327 2206 Auster
369 2148 566 2222 (Cant.
601 2165 672 2211 Iv,
726 2149 849 2221 16).
889 2148 1022 2217 Quia
1058 2148 1300 2220 profecto
1346 2149 1487 2204 idem
1537 2159 1731 2205 ventus

143 2243 247 2314 ejus
269 2242 370 2313 qui
401 2241 472 2296 ad
504 2239 812 2311 aquilonem
849 2241 1030 2295 sedem
1064 2240 1264 2310 posuit,
1308 2253 1521 2308 semper
1565 2239 1733 2309 signi-

144 2332 257 2388 ﬁcat
282 2332 468 2404 frigus
495 2330 854 2395 inﬁdelitatis,
888 2331 1030 2400 quod
1056 2331 1258 2384 excitat
1303 2341 1490 2385 contra
1529 2329 1731 2385 Christi

71 2485 80 2492 ,
143 2425 466 2481 Ecclesiam.
512 2422 657 2478 Hinc
700 2435 915 2492 quoque
971 2420 1343 2492 periclitantur
1380 2421 1542 2474 etiam
1573 2421 1732 2475 disci-

140 2518 258 2587 puli,
291 2515 525 2586 quando
555 2514 688 2569 ﬁdes
713 2529 900 2568 eorum
931 2513 1286 2584 refrigeravit.
1324 2511 1477 2565 Tunc
1502 2511 1733 2580 denique

141 2608 283 2677 quasi
315 2605 678 2661 obdormiens
697 2603 944 2660 Christus
967 2619 1122 2658 suum
1153 2603 1428 2675 paulisper
1466 2602 1736 2658 subtraxit

140 2697 424 2761 auxilium,
453 2696 746 2750 ostendens
771 2709 870 2750 nos
896 2694 1077 2764 potius
1108 2694 1465 2759 obdormisse,
1494 2693 1587 2763 qui
1611 2700 1732 2746 tan-

142 2789 255 2843 dem
281 2786 527 2842 excitati
558 2801 588 2840 a
614 2801 806 2840 somno
828 2784 1117 2840 dubietatis
1143 2792 1235 2838 aut
1260 2784 1470 2839 timoris
1513 2798 1735 2839 necesse

141 2887 222 2935 est
248 2894 384 2933 vera
418 2877 530 2933 ﬁde
564 2877 807 2932 dicamus
836 2894 849 2930 :
887 2875 1126 2941 Domine,
1157 2875 1302 2931 salva
1330 2891 1458 2941 nos;
1482 2875 1730 2946 perimus.

139 2969 308 3027 Porro
343 2968 604 3025 homines
631 2969 814 3023 mirati
844 2976 991 3034 sunt,
1037 2967 1296 3022 dicentes.
1326 2965 1461 3020 Nam
1488 2966 1736 3036 discipuli

141 3061 453 3118 ascendunt
480 3060 551 3116 ad
581 3060 865 3115 Dominum
896 3059 949 3113 in
972 3059 1172 3123 navim,
1205 3059 1297 3129 qui
1327 3058 1733 3114 suscitanteum

142 3154 230 3224 qui
260 3151 476 3208 salvari
525 3149 718 3206 humili
743 3149 1132 3222 supplicatione
1179 3127 1493 3220 deposcunt.
1547 3147 1730 3203 Homi-
1766 3127 1812 3190 ί)

140 3262 236 3302 nes
259 3261 397 3301 vero
423 3244 682 3300 dicuntur
708 3243 974 3298 elementa
992 3241 1177 3297 mirati
1202 3242 1467 3307 obedisse,
1497 3241 1742 3297 nescien-

140 3344 224 3391 tes
280 3335 437 3406 quod
474 3334 674 3400 omnis,
711 3341 770 3388 ut
827 3334 962 3398 dixi,
1043 3342 1292 3389 creatura
1345 3335 1542 3389 sentiat
1591 3333 1742 3403 jussa

141 3425 411 3481 aeautis.
436 3423 580 3480 Vere
598 3424 873 3490 homines,
901 3431 957 3479 et
984 3438 1091 3479 non
1139 3422 1406 3495 discipuli,
1433 3424 1526 3494 qui
1555 3432 1745 3494 putant

139 3514 501 3580 insensibilia
541 3529 645 3570 non
666 3514 734 3570 ad
754 3513 968 3584 iussum
995 3515 1092 3570 Dei
1122 3529 1281 3584 posse
1320 3515 1544 3580 sentire,
1586 3515 1744 3570 sicuti

140 3615 207 3659 et
238 3603 437 3659 saeculi
479 3603 712 3660 homines
743 3603 836 3675 qui
865 3604 1136 3658 mirantur
1161 3603 1230 3658 ad
1258 3604 1543 3674 imperium
1571 3613 1626 3659 et
1646 3619 1744 3659 vo-

138 3695 429 3751 luntatem
471 3692 661 3752 Christi
713 3696 977 3751 mundum
1022 3695 1103 3751 sic
1150 3696 1330 3752 subito
1385 3696 1741 3752 convertisse.

141 3785 364 3843 Tamen
388 3785 597 3856 eosqui
625 3786 912 3850 mirantur,
940 3794 1162 3851 nautas,
1195 3793 1290 3863 aut
1314 3791 1464 3840 certe
1491 3784 1559 3839 de
1587 3785 1746 3862 turba

145 3879 247 3949 qui
277 3876 661 3942 ascenderant,
692 3877 963 3932 credimus
1003 3875 1169 3932 fuisse
1188 3915 1204 3942 ,
1234 3883 1292 3932 et
1319 3891 1426 3930 non
1456 3874 1744 3946 apostolos,

149 3971 286 4027 licet
313 3971 509 4028 timore
532 3970 707 4027 victos
731 4009 746 4037 ,
778 3968 833 4024 in
868 3978 1145 4040 stuporem
1175 3969 1463 4025 dubietatis
1492 3969 1562 4023 ob
1587 3968 1752 4023 mira-

142 4062 340 4118 culum
390 4063 630 4127 redisse,
682 4061 776 4132 qui
823 4061 936 4132 jam
976 4059 1130 4131 plura
1177 4059 1426 4115 viderant
1473 4059 1750 4130 signorum

143 4155 424 4228 prodigia,
448 4155 753 4226 praesertim
772 4169 898 4208 cum
923 4168 1188 4224 nusquam
1211 4153 1514 4209 invenimus
1540 4150 1752 4208 Domini

143 4248 453 4320 discipulos
482 4255 684 4319 prater
709 4247 974 4303 honorem
1001 4247 1434 4318 cognominatos,
1484 4247 1578 4302 sed
1605 4261 1750 4302 sem-

143 4356 242 4410 per
271 4348 380 4395 aut
407 4339 666 4410 apostoli,
691 4348 785 4393 aut
813 4337 1081 4408 discipuli,
1109 4347 1201 4394 aut
1230 4348 1378 4395 certe
1399 4339 1600 4410 aliquid
1626 4339 1750 4404 tale,

143 4433 535 4487 nominantur.
561 4429 897 4487 Mirabantur
923 4447 1052 4504 ergo
1083 4431 1332 4487 homines
1356 4431 1598 4486 dicentes
1631 4450 1644 4484 :

215 4524 424 4592 Qualis
453 4534 530 4578 est
557 4523 664 4590 hic,
692 4526 817 4592 quia
847 4541 994 4578 mare
1019 4535 1065 4578 et
1089 4525 1221 4578 venti
1252 4523 1496 4578 obediunt
1524 4523 1612 4576 ei?
1635 4522 1752 4578 Non

144 4619 382 4688 quidem
414 4618 809 4688 interrogantis
838 4615 1059 4682 aﬁ‘cctu,
1097 4616 1192 4672 sed
1224 4615 1518 4671 asserentis
1550 4614 1652 4671 ista
1675 4616 1754 4671 di-

143 4717 382 4763 cuntur.
441 4705 633 4775 Qualis
676 4716 761 4763 est
803 4708 924 4774 iste,
976 4709 1080 4763 hoc
1123 4716 1208 4763 est
1259 4707 1459 4774 dicere,
1497 4716 1753 4778 quantus,

144 4813 312 4869 quam
345 4798 542 4864 fortis,
575 4813 741 4869 quam
762 4810 970 4870 potens,
1000 4814 1163 4871 quam
1191 4814 1440 4870 magnus,
1471 4799 1557 4855 cui
1584 4807 1641 4855 et
1674 4799 1756 4854 in-

144 4886 449 4944 sensibilia
481 4886 745 4943 obediunt
769 4887 1056 4954 elementa,
1087 4887 1284 4957 quibus
1316 4904 1492 4959 neque
1515 4889 1754 4953 auditus,

142 4996 330 5056 neque
365 4980 613 5053 loquela,
643 4996 821 5052 neque
845 4997 1040 5038 sensus
1065 4991 1149 5038 est
1172 4981 1351 5037 ullus?
1373 4981 1431 5038 in
1459 4981 1650 5037 eadem
1675 4991 1761 5036 ta-

141 5092 273 5134 men
302 5074 632 5133 substantia
663 5074 718 5129 in
746 5090 854 5145 qua
884 5084 1035 5141 sunt,
1083 5075 1245 5147 hujus
1293 5083 1427 5130 nutu
1455 5083 1760 5140 moventur,

1814 521 1956 561 unus
2009 505 2259 576 idemque
2310 505 2560 562 Christus
2607 520 2716 561 una
2760 505 2830 560 sit
2867 519 3120 575 persona,
3162 507 3287 562 dum
3334 515 3393 562 et

1816 596 1930 667 ipse
1960 595 2030 651 sit
2057 597 2146 666 qui
2193 596 2444 668 imperat,
2486 596 2602 668 ipse
2648 610 2779 652 vero
2824 597 2916 667 qui
2962 597 3182 652 dormit.
3220 597 3296 652 Ex
3323 613 3392 654 eo

1816 701 2048 759 namque
2071 688 2212 758 quod
2261 688 2478 754 dormit,
2515 689 2716 754 homo;
2742 702 2810 744 ex
2837 702 2904 744 eo
2946 702 3074 743 vero
3101 689 3243 759 quod
3291 689 3393 744 im-

1821 788 1995 850 perat,
2031 779 2191 834 Deus.
2249 778 2315 833 Et
2358 795 2424 834 ex
2474 787 2724 848 utroque,
2783 779 2926 848 quod
2969 795 3108 834 unus
3141 780 3392 851 idemque

1817 871 2018 940 ubique
2066 871 2284 935 dicitur,
2345 885 2452 926 non
2499 871 2641 926 sicut
2690 871 2900 924 naviter
2956 869 3120 942 5.22
3173 872 3391 940 quidam

1819 961 1996 1028 ﬁnxit,
2030 961 2122 1018 sed
2173 979 2279 1018 una
2311 979 2540 1034 persona
2572 963 2666 1018 Dei
2707 962 2896 1028 Filius,
2936 965 3028 1032 qui
3061 973 3115 1017 et
3161 964 3398 1019 hominis

1820 1052 1962 1110 ﬁlius
1989 1053 2254 1110 catholice
2278 1055 2623 1125 prmdicatur.

1894 1167 1960 1221 Et
1986 1184 2103 1221 cum
2129 1170 2346 1222 uenisset
2369 1178 2514 1223 trans
2537 1169 2727 1238 fretum
2750 1170 2804 1222 in
2827 1169 3083 1237 regionem
3115 1165 3400 1221 Geraseno-

1823 1275 1959 1325 rum,
1989 1270 2325 1314 occurrerunt
2352 1261 2401 1313 ei
2431 1261 2538 1314 duo
2564 1261 2806 1314 habentes
2838 1261 3100 1314 (immania
3131 1262 3193 1314 de
3216 1278 3398 1315 monu-

1821 1356 2008 1410 mentis
2041 1357 2447 1420 exeuntes,s(evi
2476 1356 2650 1419 nimis,
2669 1364 2722 1410 ct
2741 1355 2967 1424 reliqua.
2995 1354 3170 1410 Causa
3200 1355 3394 1409 salutis

1823 1447 2070 1502 humanae
2104 1446 2350 1502 Christus
2378 1456 2629 1510 venerat;
2659 1447 2859 1502 idcirco
2899 1447 3156 1511 ambulat,
3192 1463 3296 1501 non
3343 1455 3401 1500 ut

1823 1535 1939 1591 loca
1971 1536 2169 1600 videat,
2216 1536 2310 1590 sed
2339 1543 2398 1590 ut
2443 1551 2538 1591 eos
2563 1536 2654 1605 qui
2694 1537 2840 1590 illum
2881 1553 2980 1591 nec
3025 1551 3268 1606 qurerch
3302 1551 3402 1590 nec

1824 1627 2069 1682 invenire
2099 1634 2354 1698 poterant
2400 1626 2680 1682 inveniret.
2720 1627 2856 1682 llinc
2885 1628 3083 1698 quippe
3113 1627 3279 1682 voluit
3324 1628 3400 1680 ire

1831 1727 1982 1773 trans
2008 1717 2225 1782 fretum,
2253 1726 2308 1771 ut
2337 1726 2392 1772 et
2415 1718 2546 1772 istos
2574 1718 2639 1771 ad
2661 1732 2720 1772 se
2751 1719 3008 1784 traheret,
3035 1733 3170 1788 quos
3206 1718 3400 1772 ibidem

1831 1807 1980 1878 prius
2005 1807 2192 1878 plenos
2222 1807 2553 1863 daemonibus
2579 1809 2804 1864 sciebat.
2857 1808 2959 1877 Qui
3004 1825 3126 1863 mox
3158 1824 3409 1864 oecurre-

1833 1901 2030 1956 runtei
2054 1903 2121 1956 de
2151 1902 2512 1956 monumentis
2555 1911 2835 1967 exeuntes,
2885 1903 3011 1958 saevi
3044 1904 3227 1968 nimis,
3251 1903 3320 1957 ita
3351 1913 3408 1956 ut

1833 2007 1992 2046 nemo
2021 2001 2202 2061 posset
2231 1993 2461 2047 transire
2485 2009 2581 2062 per
2609 1994 2748 2047 viam
2775 1993 2939 2047 illam.
2994 1994 3236 2064 Denique
3274 2009 3411 2064 prze-

1832 2080 1985 2145 vidit,
2019 2089 2308 2152 antequam
2349 2083 2745 2146 transl‘retaret,
2778 2083 2906 2151 quid
2953 2083 3078 2136 mali
3111 2083 3164 2137 in
3208 2083 3408 2137 eisdem

1833 2169 1966 2225 locis
2010 2179 2173 2235 esset,
2223 2171 2462 2226 decrevit
2511 2187 2617 2225 non
2663 2173 2822 2226 modo
2867 2173 3076 2227 atllictis
3105 2182 3160 2226 et
3203 2172 3414 2226 miseris

1835 2261 2166 2326 subvenire;
2218 2278 2405 2317 verum
2456 2263 2618 2318 etiam
2663 2265 2753 2334 qui
2785 2265 3025 2319 beorum
3076 2265 3416 2336 patiebantur

1833 2353 2132 2409 vesaniam.
2165 2354 2254 2409 Sic
2287 2355 2429 2410 enim
2467 2371 2682 2426 semper
2727 2357 2971 2412 diabolus
3000 2374 3152 2412 suam
3183 2373 3413 2429 exagge-

1835 2449 2213 2515 ratmalitiam,
2237 2464 2342 2504 non
2365 2458 2471 2504 tam
2496 2466 2590 2505 eos
2612 2466 2746 2520 quos
2772 2452 3025 2520 possidet,
3050 2467 3235 2506 verum
3254 2453 3416 2507 etiam

1839 2549 2184 2595 transeuntes
2213 2555 2309 2610 per
2322 2539 2460 2594 viam
2477 2539 2617 2610 (qua:
2632 2540 2878 2596 Christus
2896 2541 2998 2609 est)
3019 2542 3085 2595 de
3100 2543 3200 2596 hoc
3221 2541 3417 2596 smcnlo

1838 2633 1904 2686 ad
1933 2633 2187 2702 patriam,
2216 2632 2512 2686 insectatur
2535 2633 2776 2687 incautos
2803 2641 2858 2686 et
2902 2632 3158 2697 inermes,
3187 2640 3244 2686 ut
3269 2633 3419 2686 deci-

1838 2723 1969 2792 piat.
2007 2722 2156 2778 Unde
2181 2737 2372 2787 srevos,
2397 2739 2532 2792 quos
2555 2731 2741 2778 contra
2765 2724 3150 2793 conspicimus,
3173 2723 3420 2778 homines

1840 2830 1946 2869 non
1979 2815 2102 2868 odio
2146 2813 2464 2878 habeamus,
2509 2817 2600 2870 sed
2641 2831 2828 2871 eorum
2856 2815 3073 2869 saevitiae
3105 2817 3421 2884 deputemus

1839 2904 1930 2974 qui
1971 2918 2068 2974 per
2105 2917 2198 2958 eos
2229 2912 2393 2974 agunt
2421 2913 2688 2974 quatenus
2722 2920 2880 2959 nemo
2920 2904 3118 2960 illmsus
3151 2920 3248 2974 per
3277 2905 3420 2958 viam

1842 3004 2106 3061 transeat,
2167 2995 2261 3051 sed
2309 3011 2498 3052 omnes
2541 3005 2635 3051 aut
2673 2997 2943 3052 morsibus
2991 3006 3283 3053 attrectent
3333 3006 3426 3050 aut

1845 3088 2152 3158 discerpant
2187 3087 2454 3142 manibus.
2492 3087 2627 3144 Hinc
2655 3103 2867 3158 quoque
2892 3096 3038 3143 tanta
3062 3089 3424 3144 Ecclesiarum

1845 3196 2119 3250 pressura,
2174 3188 2228 3234 et
2273 3179 2579 3249 persecutio
2621 3179 3004 3249 proximorum.
3054 3177 3222 3233 Porro
3277 3186 3330 3233 et
3370 3178 3422 3232 lii

1845 3271 1980 3326 tales
2002 3271 2141 3327 unde
2171 3272 2404 3326 exeunt?
2449 3270 2524 3324 De
2564 3270 2928 3326 monumentis
2956 3269 3159 3339 utique,
3203 3271 3326 3340 quia
3366 3285 3428 3326 os

1846 3377 2034 3418 eorum
2084 3363 2389 3432 sepulcrum
2440 3370 2629 3431 patens
2677 3369 2783 3426 est,
2837 3361 2927 3415 ubi
2977 3359 3239 3429 sepeliant
3290 3375 3426 3429 quos

1847 3455 2134 3511 verborum
2175 3455 2444 3508 morsibus
2478 3461 2840 3523 peremerunt.
2881 3452 2989 3506 Aut
3015 3460 3162 3507 certe
3200 3452 3298 3521 ipsi
3340 3467 3427 3506 sco

1847 3543 2033 3613 pulcra
2085 3543 2358 3608 dealbata,
2393 3542 2535 3612 pleni
2578 3549 2707 3596 sunt
2761 3541 2974 3596 ossibus
3013 3548 3372 3604 mortuorum,
3398 3555 3430 3594 a

1849 3632 2042 3701 quibus
2068 3631 2173 3686 nisi
2200 3633 2433 3696 exirent,
2472 3645 2747 3700 nunquam
2789 3637 3136 3684 occurrerent
3189 3627 3424 3683 Redem-

1847 3721 2005 3792 ptori.
2056 3718 2171 3775 Non
2219 3721 2363 3790 quod
2409 3718 2524 3787 jam
2579 3719 2726 3774 exuti
2757 3726 3082 3790 apotestate
3103 3719 3430 3783 daemonum,

1849 3813 1943 3869 sed
1967 3820 2024 3867 ut
2051 3819 2338 3876 exuantur,
2369 3811 2446 3864 uti
2476 3810 2617 3866 ﬁlius
2655 3809 2744 3864 ille
2774 3809 3049 3880 prodigus,
3080 3809 3173 3880 qui
3201 3807 3433 3864 necdum

1848 3904 2151 3975 sedignum
2179 3901 2362 3957 vocari
2390 3901 2559 3956 ﬁlium
2608 3899 2919 3956 conﬁtetur.
2972 3898 3312 3970 Quapropter
3355 3907 3436 3954 at-

1851 3995 2035 4062 tende,
2069 3994 2264 4059 lector,
2297 4008 2416 4063 qua:
2458 3991 2663 4048 saevitia
2703 3992 3028 4056 daemonum,
3060 3990 3220 4060 quive
3259 3989 3431 4055 furor,

1852 4093 1946 4140 aut
1966 4101 2085 4156 qua:
2116 4085 2294 4139 rabies
2320 4098 2447 4154 erga
2473 4082 2769 4136 humanum
2800 4096 2988 4153 genus,
3014 4081 3138 4136 dum
3164 4080 3308 4136 ferre
3337 4098 3432 4136 ne-

1852 4183 2055 4246 queunt
2082 4174 2221 4231 mori
2249 4174 2511 4235 homines,
2545 4172 2636 4242 qui
2664 4173 2816 4228 vivos
2845 4171 3081 4243 gestiunt
3112 4171 3359 4239 sepelire,
3384 4181 3438 4228 et

1854 4266 2060 4336 seipsos
2110 4263 2371 4335 sepulcris
2420 4263 2706 4329 mandant,
2747 4271 2807 4316 ut
2834 4262 3082 4318 homines
3106 4263 3350 4334 redigant
3380 4265 3432 4317 in

1855 4355 2120 4426 sepulcra.
2147 4355 2316 4425 Digna
2341 4353 2557 4424 quidem
2584 4362 2936 4422 utrorumque
2965 4353 3224 4417 conditio,
3253 4361 3310 4406 ut
3339 4353 3431 4422 qui

1780 4445 1996 4543 Detelo
2041 4445 2332 4516 prmsidere
2381 4443 2586 4506 nolunt,
2625 4453 2918 4514 pascantur
2964 4444 3337 4508 cadaveribus,
3384 4454 3439 4499 et

1857 4537 2170 4606 saginentur
2191 4535 2502 4605 putredine;
2527 4535 2848 4589 delicientur
2889 4534 3078 4600 fetore,
3110 4536 3305 4605 quibus
3329 4543 3438 4588 tota

1856 4627 2104 4698 voluptas
2144 4636 2229 4683 est
2274 4627 2419 4682 vitiis
2465 4625 2758 4682 deservire.
2796 4625 2902 4682 Sed
2941 4628 3277 4683 tremendum
3309 4629 3442 4683 satis

1859 4719 2187 4790 exemplum,
2222 4719 2364 4789 quod
2398 4726 2506 4771 tam
2539 4717 2666 4771 δίενί
2697 4718 2953 4772 dicuntur
2981 4726 3040 4772 ut
3070 4733 3230 4772 nemo
3268 4718 3442 4789 possit

1859 4809 2092 4864 transire
2125 4824 2222 4879 per
2248 4809 2390 4863 viam
2422 4808 2603 4873 illam;
2654 4807 3038 4864 concluserant
3083 4809 3227 4863 enim
3276 4808 3444 4873 viam,

1861 4903 2110 4958 veniendi
2139 4903 2206 4957 ad
2255 4901 2423 4956 Deum
2466 4901 2752 4956 transitum
2811 4903 3164 4973 denegarant.
3214 4899 3282 4954 Et
3325 4900 3446 4954 ideo

1865 5007 2025 5046 nemo
2050 4998 2203 5061 putet
2228 4991 2370 5061 quod
2395 4990 2513 5046 sine
2563 4991 2778 5046 Christo
2802 4990 2871 5047 ad
2898 4991 3069 5046 Deum
3098 4989 3269 5060 possit
3317 5004 3444 5059 per-

1865 5082 2068 5138 venire.
2122 5080 2275 5138 Unde
2297 5079 2459 5154 523
2481 5079 2659 5138 factus
2708 5089 2792 5137 est
2816 5081 2974 5136 nobis
3011 5079 3125 5150 ipse
3166 5077 3276 5146 via,
3318 5078 3446 5150 quia

139 5179 196 5225 et
228 5166 491 5242 iussioni
525 5167 840 5224 deserviunt
884 5168 1220 5239 imperantis.
1270 5165 1383 5222 Nec
1430 5175 1612 5222 tamen
1645 5166 1766 5222 ideo
1865 5176 2037 5248 prius,
2079 5175 2220 5232 sicut
2279 5175 2559 5247 signanter
2598 5175 2929 5248 evangelista
2961 5173 3115 5241 dicit,
3149 5187 3310 5230 nemo
3347 5187 3448 5243 po-

144 5261 559 5319 contendimus
606 5259 751 5332 quod
802 5259 1092 5331 aliquando
1147 5274 1248 5330 per
1294 5257 1533 5329 angelos,
1579 5257 1766 5313 mundi

145 5370 262 5410 non
334 5361 576 5410 moveat
623 5361 956 5418 creaturam,
1004 5351 1098 5407 sed
1149 5350 1414 5406 veraciter
1451 5350 1764 5417 asserimus,

141 5463 258 5504 non
298 5449 440 5503 dico
462 5445 659 5518 jussis,
691 5460 880 5500 verum
908 5444 1174 5500 voluntati
1204 5441 1322 5512 ejus
1347 5443 1528 5498 omnia
1553 5443 1767 5508 cedere,

1870 5277 2010 5324 terat
2038 5268 2271 5324 transire
2304 5282 2401 5338 per
2444 5269 2587 5324 viam
2624 5268 2793 5324 illam.
2841 5265 3121 5323 Perillam
3165 5264 3352 5334 utique
3396 5271 3453 5317 et

1871 5375 1979 5416 non
2010 5374 2107 5430 per
2135 5359 2294 5415 istam
2324 5373 2447 5430 qua:
2492 5359 2743 5415 Christus
2769 5366 2884 5424 est;
2933 5358 3058 5428 quia
3085 5370 3182 5426 per
3213 5355 3357 5410 viam
3383 5354 3454 5409 ad

1870 5455 2037 5518 viam,
2077 5461 2132 5510 et
2167 5467 2266 5524 per
2299 5451 2468 5508 Deum
2496 5453 2563 5507 ad
2601 5452 2768 5506 Deum
2813 5449 3152 5505 venientibus
3192 5445 3454 5503 obsistere

142 5549 203 5597 et
249 5554 456 5596 rerum
517 5546 769 5593 naturam
810 5537 1099 5608 imperanti
1147 5535 1543 5606 obtemperare.
1590 5533 1774 5590 Claret
1874 5544 2018 5599 nulla
2047 5543 2129 5599 vis
2157 5544 2460 5600 daemonum
2505 5550 2700 5613 potest.
2753 5541 2859 5596 Sed
2889 5541 2956 5596 ad
2994 5540 3180 5606 Deum,
3233 5538 3335 5595 nisi
3361 5550 3458 5608 per

221 5665 252 5694 ι
286 5652 488 5718 Post.,
529 5660 821 5716 ventorum,
847 5647 1076 5706 subaudi
1108 5648 1301 5719 furori,
1325 5654 1386 5702 ut
1406 5647 1476 5703 sit
1498 5646 1622 5717 :jilli
1651 5664 1775 5702 uen-

145 5733 342 5779 torum
389 5723 562 5792 furori
586 5721 736 5776 verbo
761 5722 1058 5792 imperasse.

512 5816 788 5877 Ριτκοι..
832 5814 1024 5874 CXX.

1947 5660 1976 5700 ι’
2007 5661 2144 5714 Ante
2168 5660 2272 5716 hoc
2301 5661 2410 5727 qui,
2437 5655 2666 5713 subaudi
2697 5655 2824 5710 illis.

2907 5811 2980 5873 12
