4000 6362
562 270 673 327 563

1359 258 1414 314 S.
1457 257 1812 315 PASCHASII
1853 254 2200 312 RADBERTI
2236 252 2528 309 ABBATIS
2564 249 3018 309 CORBEIENSIS

3719 251 3825 321 ὅθι

563 383 735 453 Deum
776 376 997 434 minime
1058 372 1387 443 pervenitur.
1454 370 1608 426 Unde
1661 376 1809 440 patet
1854 368 1996 437 quod
2051 366 2139 420 isti
2167 368 2218 426 Α
2243 365 2498 429 clamant,
2532 363 2678 418 etde
2707 372 2948 433 tempore
2992 363 3144 433 quasi
3169 372 3291 418 ante
3321 369 3532 441 tempus
3574 363 3822 434 ιιι-περίε-

561 471 781 530 Christo
802 468 915 522 suis
941 472 1233 520 occurrunt
1255 463 1425 527 votis;
1452 459 1545 517 sed
1569 459 1794 515 exhibiti
1818 467 1875 512 ιιι
1906 459 2140 511 latrones

564 552 694 643 ante
725 563 992 633 iudicem;
1025 558 1241 613 attracti
1282 556 1519 626 quidem,
1567 570 1669 609 non
1720 552 1985 616 volentes,
2032 565 2139 603 una

566 638 689 711 cum
726 638 835 708 suae
865 649 1070 705 fraudis
1098 646 1297 718 praeda.
1354 644 1421 698 Et
1442 644 1576 697 mira
1606 642 1812 697 ordinis
1835 638 2135 695 conversio.

564 723 724 808 Ante,
764 740 1119 797 latrocinante
1171 733 1399 799 diabolo,
1440 733 1735 787 vexabatur
1771 732 1932 785 homo
1980 730 2138 784 inno-

565 850 699 891 cuus
729 848 743 886 :
776 847 915 885 nunc
958 829 1119 889 homo
1158 826 1328 881 currit
1366 825 1432 878 ad
1459 839 1580 877 eum
1626 822 1715 891 qui
1766 829 1850 876 est
1877 818 2141 892 refugium

566 926 742 987 nobis,
761 931 817 978 et
841 919 1085 976 diabolus
1105 931 1321 988 poenam
1353 914 1579 970 incurrit
1606 928 1715 969 suae
1746 909 1969 966 fraudis.
1997 910 2142 965 Alio-

565 994 693 1087 quin
717 1016 763 1068 si
790 1029 898 1067 non
929 1009 1135 1081 religati
1168 1006 1512 1062 traherentur
1536 1004 1710 1067 inviti,
1740 1019 1840 1060 nec
1874 1002 1972 1072 ipsi
1998 1001 2143 1056 veni-

564 1118 685 1162 rent
716 1116 840 1159 ante
878 1104 1074 1163 lucem,
1127 1116 1225 1154 nec
1250 1097 1425 1172 istiqad
1469 1094 1798 1150 adorandum
1838 1102 2137 1149 currerent.

564 1197 837 1254 Fortassis
881 1209 1005 1264 ergo
1038 1192 1187 1262 prius
1234 1189 1320 1243 isti
1368 1203 1433 1243 ex
1487 1186 1752 1257 permissu
1804 1184 2143 1239 concitarunt

566 1298 754 1343 ventos
786 1286 1044 1339 adversus
1073 1296 1215 1344 eum,
1240 1288 1294 1333 et
1321 1285 1603 1332 moverunt
1631 1275 1841 1335 fluctus,
1876 1290 1942 1329 ne
1968 1284 2142 1328 trans-

566 1380 732 1434 misso
760 1377 895 1431 freto
924 1374 990 1428 ad
1020 1388 1111 1426 cos
1137 1371 1343 1424 veniret
1380 1367 1563 1438 judex.
1601 1366 1717 1433 Quo
1743 1364 1996 1418 nimirum
2046 1362 2143 1416 flu-

566 1470 801 1525 ctuantis
842 1466 1026 1521 mundi
1075 1464 1305 1518 termino
1343 1459 1519 1514 crucis
1552 1458 1765 1528 navigio
1794 1455 2139 1525 transposito,

565 1561 721 1631 quasi
763 1559 829 1612 ad
858 1556 1038 1611 littora
1069 1555 1259 1609 salutis
1288 1560 1486 1606 nostra'
1524 1550 1798 1604 Christum
1834 1547 2143 1619 pervenisse

567 1650 689 1716 fuit,
713 1658 765 1705 et
794 1648 1064 1718 regionem
1087 1642 1343 1699 caecitatis
1371 1640 1653 1711 splendore
1683 1637 1817 1691 lucis
1842 1651 1951 1691 suae
1972 1635 2145 1706 perfu-

2243 457 2382 521 rint;
2427 455 2645 510 omnino
2692 471 2812 510 cum
2843 464 3055 524 tempus
3104 452 3230 508 illud
3275 469 3382 509 non
3429 452 3605 509 solum
3638 468 3822 511 eorum

2241 563 2347 603 non
2387 546 2457 601 sit
2488 559 2666 611 nosse,
2698 561 2885 601 verum
2921 560 3019 599 nec
3069 544 3230 599 alicui
3281 544 3634 612 Sanctorum,
3683 547 3823 617 quod

2241 638 2406 693 Pater
2434 637 2608 707 posuit
2656 638 2707 691 in
2760 651 2857 691 sua
2886 622 3170 707 potestate.
3226 634 3335 692 Sed
3381 636 3540 691 malis
3588 651 3821 708 semper,

2245 730 2371 786 licet
2412 730 2566 801 longa
2620 729 2876 799 patientia
2905 728 3083 783 brevis
3130 728 3361 794 videtur,
3391 729 3553 784 sicuti
3579 738 3636 784 et
3674 730 3828 786 bonis

2244 824 2378 878 ultio
2407 823 2577 878 tarda.
2621 822 2833 878 Idcirco
2884 822 2995 885 isti,
3045 836 3149 877 non
3199 822 3341 891 quod
3390 822 3565 877 sciant
3612 823 3826 893 quando

2244 916 2434 969 debeat
2463 928 2605 979 esse,
2648 914 2740 968 sed
2787 912 2929 982 quod
2977 912 3104 968 licet
3146 912 3518 983 longissimum
3549 914 3630 968 eis
3671 913 3832 971 breve

2244 1008 2509 1075 videatur,
2540 1024 2604 1063 eo
2634 1007 2776 1077 quod
2806 1007 2983 1063 acrior
3021 1008 3183 1062 instet
3230 1006 3523 1072 cruciatus,
3546 1016 3603 1061 et
3622 1016 3831 1077 tempus

2245 1101 2828 1171 concupiscentiarum,
2871 1116 2995 1169 cum
3045 1099 3445 1164 pertransierit,
3477 1099 3555 1155 sic
3593 1098 3656 1154 ﬁt
3682 1114 3751 1154 ac
3790 1100 3843 1154 si.

2246 1207 2353 1246 non
2382 1200 2542 1246 85581.

2317 1282 2449 1337 Erat
2504 1292 2673 1337 autem
2719 1283 2789 1336 ibi
2823 1300 2926 1337 non
2969 1283 3117 1352 longe
3162 1282 3225 1334 ab
3255 1280 3362 1334 illis
3401 1295 3529 1350 grea:
3556 1294 3833 1349 porcorum

2246 1374 2528 1429 multorum
2554 1391 2788 1445 pascens.
2820 1373 2963 1430 Grex
2988 1388 3273 1445 porcorum
3298 1372 3523 1444 mystice
3544 1385 3650 1424 non
3672 1369 3829 1440 longe

2248 1466 2315 1521 ab
2342 1464 2447 1519 illis
2476 1473 2612 1530 erat,
2643 1466 2769 1536 quia
2808 1478 3022 1534 semper
3050 1462 3307 1518 immundi
3352 1461 3508 1532 juxta
3535 1460 3659 1515 illos
3688 1469 3834 1526 sunt,

2248 1569 2303 1615 et
2347 1575 2378 1615 a
2407 1558 2816 1629 quibuscunque
2861 1555 3221 1626 expelluntur,
3273 1563 3494 1626 propter
3538 1552 3837 1608 immundi-

2252 1652 2376 1709 tiam
2404 1665 2498 1706 eos
2519 1658 2787 1720 repetunt.
2826 1649 2915 1704 lsti
2943 1656 3067 1704 sunt
3090 1661 3219 1702 sane
3246 1646 3417 1716 porci,
3448 1655 3573 1700 ante
3602 1659 3835 1714 quorum

567 1743 729 1800 disse.
760 1740 913 1796 Unde
958 1754 1083 1793 mox
1122 1737 1247 1799 duo,
1290 1735 1441 1804 quasi
1473 1750 1535 1787 ex
1573 1733 1779 1786 duobus
1813 1730 2025 1801 populis
2050 1744 2146 1799 per

2258 1742 2411 1813 pedes
2456 1742 2701 1811 superius
2733 1741 2987 1795 Dominus
3021 1740 3347 1812 margaritas
3396 1746 3537 1793 vetat
3566 1737 3839 1809 projicere

569 1834 729 1889 fidem
753 1840 1037 1901 resurgunt
1063 1828 1126 1883 de
1149 1825 1533 1889 monumentis,
1560 1824 1613 1877 in
1645 1823 1837 1892 quibus
1866 1822 1955 1874 diu
1975 1821 2144 1875 variis

566 1928 831 1981 latronum
873 1921 1205 1976 vexabantur
1234 1918 1500 1973 ludibriis.
1549 1915 1656 1971 Sed
1696 1930 1817 1969 mox
1854 1914 2059 1978 hostes,
2087 1922 2145 1968 ut

567 2014 918 2086 pnesentiunt
940 2011 1195 2066 virtutem
1229 2007 1453 2072 Christi,
1476 2007 1710 2062 clamant
1735 2024 1747 2058 :

642 2106 782 2174 Quid
807 2105 951 2159 nobis
974 2113 1019 2157 et
1046 2102 1158 2167 tibi,
1182 2100 1335 2165 Iesu,
1368 2097 1477 2152 Fili
1505 2098 1598 2151 Dei
1620 2098 1644 2151 ?
1685 2093 1878 2151 Venisti
1901 2096 2001 2149 huc
2028 2105 2147 2149 ante

576 2210 774 2268 tempus
824 2207 1059 2267 torquere
1098 2210 1209 2248 nos.
1251 2192 1381 2259 Quae
1426 2189 1680 2245 nimirum
1727 2187 1993 2244 confessio
2038 2204 2146 2244 non

571 2290 861 2346 voluntatis
905 2294 1005 2353 est,
1056 2286 1149 2341 sed
1185 2284 1525 2339 necessitatis
1574 2283 1800 2345 exactio,
1843 2297 1962 2352 qua:
2007 2282 2150 2352 cogit

577 2381 773 2435 invitos
826 2375 1116 2446 aliquando
1160 2373 1439 2429 tormentis
1479 2387 1757 2444 poenarum
1796 2388 1915 2442 qum
1959 2371 2150 2426 nolunt

570 2469 840 2528 Confiteri.
874 2468 1031 2523 Velut
1058 2467 1102 2521 si
1138 2466 1277 2520 servi
1318 2464 1554 2534 fugitivi,
1586 2472 1705 2535 post
1743 2465 1972 2518 multum
2014 2472 2150 2517 tem-

576 2565 722 2636 poris
769 2561 990 2617 videant
1034 2559 1310 2615 dominum
1357 2575 1533 2624 suum,
1589 2557 1720 2613 nihil
1757 2558 1901 2612 aliud
1943 2558 2046 2613 nisi
2082 2558 2148 2612 de

571 2653 887 2710 verberibus
922 2652 1306 2722 deprecantur,
1339 2657 1629 2705 accusante
1652 2649 1770 2704 illos
1792 2649 2145 2704 conscientia.

572 2747 663 2804 Sic
693 2748 874 2815 itaque
920 2746 1211 2808 dzemones,
1251 2754 1534 2799 cernentes
1570 2757 1637 2797 ex
1688 2740 1996 2809 conjectura
2047 2742 2154 2796 Do-

570 2838 774 2893 Iuinuin
799 2838 852 2891 in
897 2837 1058 2890 terris
1097 2843 1317 2904 repente
1358 2834 1586 2898 versari,
1627 2834 1693 2887 ad
1735 2832 2056 2902 judicandos
2094 2850 2152 2889 se

565 2930 679 3000 jam
729 2929 945 2985 venisse
976 2927 1285 2983 credebant.
1342 2927 1475 2981 Nam
1516 2929 1801 2997 prmsentia
1854 2925 2151 2982 Salvatoris

574 3030 844 3077 tormenta
882 3028 1007 3075 sunt
1034 3020 1357 3083 daemonum,
1389 3020 1546 3074 sicuti
1585 3028 1640 3073 et
1669 3034 1883 3075 reorum
1917 3017 2151 3074 tribunal

2248 1838 2461 1910 (Matth.
2479 1853 2575 1903 vn,
2590 1836 2677 1908 6);
2706 1852 2934 1906 quorum
2953 1837 3089 1892 cibis
3103 1835 3285 1905 junior
3307 1834 3449 1890 filius
3468 1835 3725 1906 cupiebat
3748 1835 3842 1889 im-

2245 1931 2394 2003 plere
2421 1939 2685 1997 ventrem,
2710 1946 2832 1985 cum
2852 1945 3010 1985 nemo
3037 1929 3110 1985 illi
3133 1930 3307 1985 daret.
3338 1927 3622 2000 Significat
3654 1938 3840 1983 autem

2249 2038 2379 2094 grex
2410 2022 2511 2078 iste
2542 2036 2828 2091 porcorum
2856 2035 3046 2075 omnes
3077 2019 3379 2075 immundos
3399 2059 3415 2084 ,
3449 2032 3586 2088 quos
3627 2033 3843 2088 semper

2250 2113 2547 2178 daemones,
2587 2128 2617 2166 a
2667 2112 3079 2181 quibuscunque
3126 2109 3487 2180 expellantur,
3534 2108 3842 2179 possident.

2251 2202 2645 2279 Hiwuoqne,
2670 2203 2792 2258 licet
2808 2203 3101 2258 dubitative
3127 2220 3139 2256 :
3170 2201 3230 2257 Si
3254 2201 3400 2271 eijcis
3429 2218 3544 2267 nos,
3566 2202 3843 2272 inquiunt,

2253 2293 2393 2348 mitte
2440 2309 2534 2346 nos
2556 2292 2610 2346 in
2638 2308 2853 2362 porcos;
2917 2292 3044 2361 quia
3099 2290 3341 2361 profecto
3386 2291 3566 2345 sciunt
3614 2296 3847 2346 fetorem

2252 2393 2463 2439 mutare
2490 2391 2546 2438 et
2574 2383 2990 2447 immunditiam,
3021 2397 3121 2439 nec
3160 2390 3334 2439 tamen
3360 2381 3635 2437 amittere.
3688 2380 3845 2436 Haud

2253 2476 2472 2531 dubium
2489 2476 2619 2545 quin
2647 2476 2749 2545 ipsi
2771 2475 2916 2544 porci
2947 2482 3122 2538 erant,
3153 2474 3217 2529 de
3241 2474 3437 2543 quibus
3464 2472 3846 2542 pellebantur;
3912 2452 3928 2470 ’

2255 2566 2375 2621 ideo
2404 2566 2458 2619 in
2485 2580 2677 2636 porcos
2703 2580 2887 2618 rursus
2916 2571 3176 2634 expetunt
3199 2562 3442 2618 introire.
3476 2560 3695 2631 Quibus
3747 2562 3849 2617 Do-

2255 2660 2453 2725 minus,
2474 2659 2566 2725 ite,
2591 2656 2780 2726 inquit.
2825 2655 2978 2712 Unde
3009 2656 3276 2715 lidendum
3303 2654 3446 2726 quod
3469 2655 3516 2710 si
3538 2670 3642 2710 nec
3660 2655 3849 2724 porcis

2256 2758 2486 2823 possunt
2511 2765 2725 2815 nocere,
2773 2748 2942 2803 multo
2979 2749 3160 2803 minus
3198 2747 3526 2812 hominibus,
3556 2747 3663 2801 nisi
3697 2748 3854 2816 prius

2257 2841 2358 2912 ipsi
2390 2856 2448 2894 se
2495 2838 2835 2894 subdiderint
2876 2853 3062 2905 eorum
3108 2838 3290 2908 pravis
3341 2836 3717 2893 suasionibus.
3750 2836 3857 2893 Sed

2258 2940 2385 3003 tunc
2430 2931 2511 2986 eis
2556 2930 2888 3001 permittitur
2932 2937 2994 2983 ut
3040 2927 3366 2999 possideant,
3419 2942 3542 2982 cum
3593 2928 3856 2984 extranei

2256 3022 2417 3095 425
2434 3038 2465 3076 a
2484 3022 2595 3076 Deo
2608 3036 2705 3092 per
2725 3020 3120 3075 immunditiam
3138 3019 3282 3090 digni
3304 3017 3393 3074 tali
3412 3033 3669 3073 mansure
3695 3018 3853 3072 ﬁunt.

566 3115 785 3184 judicis.
836 3114 962 3168 Inde
1009 3112 1263 3166 nimirum
1293 3112 1527 3166 clamant
1555 3129 1567 3165 :
1614 3111 1753 3178 Quid
1783 3113 1927 3167 nobis
1954 3124 2000 3167 et
2034 3113 2147 3181 tibi,
2178 3106 2225 3169 C
2255 3114 2321 3169 Et
2361 3114 2637 3179 nimirum,
2665 3112 2808 3182 quod
2843 3110 2935 3181 qui
2964 3111 3031 3166 de
3065 3109 3202 3166 coelo
3228 3116 3415 3175 ruunt,
3445 3124 3551 3164 non
3599 3108 3712 3163 nisi
3748 3123 3858 3164 cm-

576 3205 686 3260 Fili
716 3204 851 3259 Dei?
888 3203 966 3258 Ac
995 3203 1040 3259 si
1076 3211 1322 3272 patenter
1353 3202 1535 3258 dicant
1567 3223 1578 3256 :
1613 3202 1749 3269 Quid
1782 3204 1989 3257 auctori
2032 3207 2154 3261 vita:

576 3318 699 3358 cum
748 3301 992 3365 mortuis,
1044 3299 1334 3354 habitatori
1389 3300 1649 3353 caelorum
1697 3312 1822 3352 cum
1873 3295 2151 3365 sepulcris,

570 3393 740 3463 judici
789 3408 909 3447 cum
956 3392 1091 3456 reis;
1136 3390 1225 3461 qui
1257 3389 1320 3445 de
1370 3388 1634 3458 paradisis
1675 3386 1935 3442 caelorum
1974 3383 2151 3452 ejecti,

576 3487 675 3541 etsi
705 3486 849 3557 digiti
876 3498 1062 3539 sumus
1095 3482 1311 3547 talibus,
1357 3481 1485 3551 quid
1516 3479 1672 3535 nobis
1702 3486 1754 3533 et
1788 3477 1905 3543 tibi,
1941 3492 2061 3531 cum
2098 3486 2154 3531 tu

573 3577 872 3649 praesertim
903 3590 1007 3629 non
1047 3573 1122 3629 sis
1163 3581 1306 3627 tanta
1351 3570 1544 3642 injuria
1591 3567 1828 3639 dignus?
1877 3565 2044 3637 Igitur
2086 3580 2155 3620 ex

572 3662 716 3726 omni
743 3678 894 3741 parte
914 3668 1116 3739 perfida
1146 3664 1437 3730 confessio,
1461 3663 1730 3733 denegans
1752 3658 1997 3716 Creatori
2022 3656 2157 3715 nibil

573 3764 597 3802 δ
633 3777 749 3817 esse
791 3776 912 3815 cum
963 3767 1233 3821 creatura,
1286 3769 1383 3809 nec
1427 3751 1694 3809 Salvatori
1739 3767 1863 3808 cum
1907 3750 2153 3823 perditis,

571 3872 694 3910 cuin
730 3853 954 3907 multum
987 3850 1141 3905 nobis
1172 3858 1225 3902 et
1263 3848 1335 3903 illi
1372 3849 1461 3911 sit,
1488 3855 1548 3902 ut
1572 3846 1621 3901 ei
1645 3861 1675 3899 a
1700 3860 1807 3914 quo
1840 3859 2026 3899 sumus
2065 3843 2157 3898 de-

576 3945 687 3999 voti
728 3956 1072 4005 maneamus;
1116 3939 1189 3992 illi
1220 3937 1436 4008 quidem
1471 3946 1527 3990 ut
1558 3944 1708 4006 regat
1745 3950 1881 4004 quos
1920 3933 2159 3988 condidit

573 4045 627 4089 et
666 4032 864 4095 salvct;
904 4029 1059 4083 nobis
1085 4038 1288 4092 autem,
1312 4035 1369 4080 ut
1394 4025 1442 4080 ei
1472 4024 1753 4079 charitatis
1774 4022 1938 4096 424
1961 4024 2157 4077 affectu

574 4121 808 4176 devincti
869 4118 1054 4173 fideles
1101 4133 1163 4172 ac
1196 4116 1376 4170 devoti
1423 4114 1763 4169 famulenius.
1794 4114 1959 4193 Quod
1998 4114 2042 4168 si
2079 4129 2162 4168 re-

576 4226 776 4282 sponso
805 4209 949 4279 digni
998 4216 1202 4271 essent,
1231 4208 1355 4278 quia
1400 4206 1562 4261 semel
1618 4204 1807 4275 perditi
1853 4205 2028 4259 redire
2067 4220 2161 4259 ue-

575 4313 797 4375 qucunt,
812 4301 1167 4373 objiciendum
1184 4300 1370 4355 saltem
1390 4319 1403 4354 :
1429 4307 1486 4353 ut
1501 4298 1736 4354 reddatis
1746 4297 2013 4363 homines,
2027 4312 2163 4367 quos

577 4395 875 4459 invasistis,
919 4402 975 4447 et
1016 4391 1318 4446 restituatis
1360 4389 1590 4455 auctori,
1642 4404 1777 4460 quos
1816 4388 2153 4460 captivustis.

577 4487 730 4554 Quod
772 4485 817 4540 si
848 4453 1001 4539 vobis
1047 4482 1179 4537 nihil
1219 4497 1452 4547 mecum,
1486 4453 1614 4535 mibi
1657 4453 1834 4535 autem
1877 4453 2155 4534 vobiscum
2186 4453 2237 4512 Ι)

581 4578 805 4633 multum
843 4592 964 4633 esse
1001 4576 1113 4631 scio
1135 4618 1149 4642 ,
1183 4575 1307 4645 quia
1342 4584 1397 4630 et
1428 4590 1524 4629 vos
1562 4575 1668 4630 mei
1700 4576 1853 4639 estis,
1891 4583 1944 4627 et
1982 4586 2157 4643 neque

576 4668 805 4742 potestis
840 4682 1055 4722 manum
1086 4682 1259 4720 meam
1286 4664 1542 4737 eil'ugere.
1587 4665 1657 4718 At
1687 4664 1839 4719 vobis
1867 4662 2000 4717 nihil
2032 4679 2154 4717 cum

571 4748 689 4824 bis,
717 4774 853 4830 quos
893 4758 959 4813 ad
1000 4757 1284 4828 imaginem
1326 4772 1497 4811 meam
1549 4755 1750 4820 creavi,
1792 4770 1927 4826 quos
1962 4756 2157 4811 vestris

578 4848 860 4905 fraudibus
909 4847 1216 4918 decepistis.
1260 4846 1454 4901 Filium
1501 4855 1681 4901 autem
1724 4845 1819 4901 Dei
1859 4845 2157 4901 dubitative

576 4943 941 5015 suspicantur.
1003 4939 1299 4997 Senserant
1362 4942 1503 4996 enim
1574 4942 1841 4999 introrsus
1898 4940 2153 4996 virtutem

574 5034 882 5111 .tnajestatis
906 5034 1039 5115 ejus,
1064 5050 1225 5104 quam
1252 5033 1434 5088 miseri
1459 5033 1695 5088 hzeretici
1722 5032 1910 5086 nolunt
1935 5034 2156 5087 sentire.

576 5114 672 5184 isti
699 5114 964 5197 siquidem
998 5124 1191 5179 Filium
1231 5122 1324 5177 Dei
1348 5138 1470 5177 eum
1495 5122 1750 5185 clamant,
1774 5130 1829 5174 et
1856 5121 2017 5176 Arius
2049 5131 2159 5177 tan-

582 5228 694 5273 tum
712 5212 885 5272 lilium
910 5215 1146 5271 hominis
1164 5213 1441 5285 praedicat.
1480 5210 1679 5267 Venisti
1706 5215 1861 5277 enim,
1890 5213 2157 5282 inquiunt,

581 5316 703 5363 ante
728 5317 928 5377 tempus
963 5316 1198 5378 torquere
1224 5303 1337 5377 nos,
1364 5313 1417 5357 ct
1442 5303 1797 5373 praescribunt
1831 5300 1981 5369 illud,
2006 5304 2160 5373 quasi

583 5399 834 5455 noverint
863 5407 1072 5468 tempus
1092 5392 1299 5466 judicii.
1338 5395 1678 5452 Praasumunt
1705 5397 1848 5452 enim
1876 5398 1997 5468 plus
2020 5398 2161 5455 scire

566 5506 745 5565 .quam
792 5492 982 5554 sciant,
1012 5506 1118 5544 non
1149 5499 1398 5544 curantes
1437 5488 1502 5544 de
1532 5484 1833 5544 mendacio.
1867 5489 2159 5561 Propterea

582 5591 638 5640 et
666 5582 861 5639 Filium
892 5584 984 5639 Dei
1015 5583 1360 5647 confitentur,
1388 5591 1440 5638 et
1464 5583 1700 5652 judicem
1732 5584 2014 5640 advenisse
2058 5600 2154 5640 ex-

2259 3220 2388 3260 num
2431 3211 2648 3275 petant,
2694 3211 2749 3257 et
2792 3201 3075 3257 volutabra
3121 3215 3407 3270 porcorum
3456 3198 3732 3254 ambiant.
3783 3199 3857 3254 Ex

2258 3313 2365 3369 quo
2399 3297 2690 3351 notandum
2728 3304 2931 3367 quanto
2956 3294 3148 3351 melior
3171 3294 3245 3349 sit
3272 3294 3433 3349 homo
3460 3292 3701 3364 pecude,
3732 3308 3858 3348 cum

2258 3397 2479 3460 propter
2519 3387 2655 3442 duos
2701 3395 2908 3441 tantum
2938 3385 3187 3444 homines
3234 3400 3369 3456 grex
3412 3399 3715 3455 porcorum
3748 3385 3857 3440 dae.

2259 3480 2511 3535 monibus
2536 3479 2814 3550 expositus
2848 3475 3163 3535 suil‘ocetur.
3195 3475 3381 3547 Neque
3409 3484 3467 3531 ut
3514 3475 3857 3533 Manichacus

2260 3572 2524 3636 somniat,
2570 3570 2808 3626 omnium
2855 3569 3168 3625 animalium
3216 3568 3444 3640 aequalis
3487 3578 3573 3624 est
3622 3569 3857 3635 anima,

2261 3677 2382 3733 cum
2432 3671 2651 3733 propter
2704 3662 2865 3725 istos,
2908 3676 3140 3732 quorum
3179 3671 3300 3723 erat
3357 3661 3726 3728 immortalis,
3781 3670 3865 3720 tot

2261 3756 2457 3811 animae
2500 3754 2704 3825 pariter
2745 3770 2867 3810 cum
2915 3763 3089 3813 morte
3135 3756 3273 3811 data:
3319 3762 3449 3812 sunt
3481 3764 3543 3811 ut
3573 3756 3852 3825 perirent.

2260 3844 2511 3915 Alioquin
2535 3860 2722 3900 earum
2751 3845 2795 3900 si
2831 3844 3055 3914 aequalis
3083 3845 3321 3902 conditio
3350 3854 3518 3911 esset,
3550 3848 3863 3902 absurdum

2260 3945 2380 3992 erat
2414 3943 2470 3989 ut
2496 3934 2563 3990 de
2590 3949 2756 4004 regno
2782 3949 2900 4001 suo,
2930 3934 3065 4001 imo,
3096 3944 3155 3989 ut
3180 3935 3280 4004 ipsi
3309 3935 3481 3999 aiunt,
3509 3935 3578 3991 de
3602 3936 3864 3993 substan-

2264 4025 2337 4079 tia
2365 4040 2486 4089 sua,
2529 4033 2749 4095 prepter
2791 4024 2909 4090 bos,
2944 4032 3024 4080 tot
3058 4025 3270 4082 animas
3305 4027 3617 4096 perimeret.
3651 4024 3864 4083 Parnm

2262 4123 2347 4170 est
2380 4129 2512 4185 ergo
2541 4114 2593 4169 in
2624 4115 3035 4186 comparatione
3060 4128 3356 4184 paucorum
3388 4115 3712 4181 electorum,
3754 4133 3865 4174 non

2262 4208 2383 4263 dico
2409 4206 2725 4262 animalium
2771 4207 3052 4278 multiplex
3079 4222 3364 4275 numerus,
3391 4222 3579 4274 verum
3612 4222 3863 4277 pereun-

2262 4296 2397 4377 tium
2429 4297 2711 4353 hominum
2741 4297 3049 4355 multitudo.
3087 4298 3295 4354 ldcirco
3317 4297 3530 4368 plurimi
3560 4300 3868 4356 traduntur

2265 4406 2363 4459 pro
2403 4391 2610 4460 paucis,
2645 4390 2771 4460 quia
2814 4390 2992 4446 omnis
3023 4389 3195 4460 palea,
3236 4390 3417 4445 tritico
3447 4390 3715 4456 enutrito,
3750 4392 3869 4462 igni

2264 4483 2332 4537 ad
2387 4484 2811 4538 comburendum
2865 4482 3115 4537 traditur.
3170 4481 3412 4538 Caveant
3461 4497 3593 4554 ergo
3644 4483 3870 4539 imitari

2262 4574 2400 4628 hanc
2428 4572 2821 4627 confessionem
2849 4572 3046 4627 diaboli
3094 4572 3220 4628 mali
3252 4573 3547 4629 Christiani
3591 4580 3649 4628 et
3701 4575 3871 4632 mali-

2265 4664 2419 4729 tiam,
2446 4664 2537 4735 qui
2584 4678 2650 4718 ex
2685 4671 2838 4733 parte
2886 4663 3055 4732 ipsius
3097 4678 3217 4721 esse
3262 4665 3587 4735 probantur,
3627 4665 3770 4722 dum
3809 4675 3874 4723 et

2264 4758 2491 4816 credunt
2538 4765 2591 4810 et
2642 4756 2805 4812 verbo
2846 4767 3002 4811 tenus
3040 4757 3399 4829 conﬁtentur,
3448 4772 3515 4815 ac
3548 4758 3874 4814 contremi-

2265 4860 2443 4917 scunt,
2476 4866 2583 4906 non
2612 4859 2668 4905 ut
2708 4851 3052 4920 corrigantur
3079 4858 3134 4906 et
3168 4850 3400 4907 salutem
3432 4857 3708 4921 quaerant,
3766 4849 3877 4907 sed

2263 4942 2497 5005 indurati
2524 4950 2581 4996 ut
2607 4931 2891 5013 proficiant
2914 4940 2967 4996 in
2998 4940 3180 5011 pejus;
3207 4950 3426 5012 propter
3454 4941 3596 5011 quod
3625 4955 3875 5012 semper

2262 5036 2551 5109 adventum
2588 5032 2787 5104 judicis
2830 5031 3146 5089 formidant.
3197 5033 3263 5089 Et
3307 5043 3498 5091 contra
3535 5032 3671 5103 justi
3723 5050 3881 5107 sane

2262 5126 2446 5191 deant,
2478 5124 2569 5197 qui
2604 5124 2894 5178 adventum
2924 5123 3075 5195 regni
3105 5123 3421 5194 suppliciter
3448 5123 3781 5195 implorant,
3814 5132 3881 5185 et

2260 5235 2373 5289 non
2416 5218 2592 5275 solum
2637 5231 2827 5287 ptenas
2861 5232 2968 5272 non
2999 5217 3407 5289 pertimescunt,
3440 5231 3628 5273 verum
3655 5226 3719 5273 et
3779 5234 3882 5274 re-

2258 5324 2430 5389 gnum
2454 5309 2782 5365 desiderant.

2338 5400 2493 5464 Ecce,
2522 5402 2718 5473 inquit,
2747 5418 2865 5456 cum
2897 5403 3092 5472 impetu
3124 5402 3251 5456 abiit
3287 5411 3428 5475 totus
3457 5416 3586 5475 qm:
3612 5417 3884 5474 ρηεαρε

2265 5494 2320 5548 in
2348 5510 2514 5559 mare,
2538 5503 2585 5548 et
2623 5494 2815 5548 mortui
2840 5503 2959 5548 sunt
2998 5493 3051 5547 in
3078 5494 3249 5565 aquis.
3280 5493 3362 5547 Ad
3393 5493 3498 5548 hoc
3524 5478 3656 5549 sane
3684 5507 3886 5562 quos-

2266 5600 2370 5657 que
2412 5584 2655 5642 diabolus
2694 5587 2897 5656 expetit
2928 5596 2986 5641 ut
3026 5586 3427 5657 prarcipitanter
3464 5588 3782 5654 demergat,
3814 5595 3886 5641 es

654 5712 683 5742 ι
710 5699 809 5755 Hic
838 5699 1056 5769 alignid,
1084 5699 1152 5753 ob
1184 5696 1487 5761 negativum
1523 5694 1802 5765 denegans,
1844 5698 2211 5764 requireretur
2242 5700 2378 5759 ,Ιουο
2408 5701 2641 5763 negativi
2670 5700 2819 5754 nihil.
