4000 6362
176 308 275 375 165

966 284 1331 376 EXPOSITIO
1363 309 1431 364 lN
1469 308 1907 367 MATTH/EUM.
1948 342 2016 351 -
2053 310 2181 367 us.
2221 310 2288 376 ν,
2329 310 2480 369 cap.
2516 312 2607 367 Ix.

3326 378 3333 387 ο

173 439 283 482 cum
323 422 518 491 impetu
540 430 770 474 ruentes
802 417 1108 488 exstinguat
1148 419 1200 473 in
1232 418 1387 489 aquis
1414 434 1597 489 pravae
1624 419 1733 475 col-
1764 428 1807 485 Α
1837 420 2116 492 gulorum,
2166 421 2356 491 probat
2401 436 2459 475 se
2502 421 2669 477 Deum
2700 437 2850 487 esse,
2888 422 3182 493 qui'ﬁdem
3224 439 3414 482 eorum

173 515 409 579 lusionis,
453 521 508 568 et
553 511 785 566 suﬁ'ocet
834 511 1078 565 doctrina
1129 512 1283 567 mala:
1340 514 1769 583 persuasionis.-

171 610 270 666 Nec
312 604 833 679 praetermittendum
878 603 1021 673 quod
1071 603 1317 659 Salvator
1361 620 1467 660 non
1514 615 1734 676 propter

170 716 339 775 preces
357 712 548 753 eorum
572 697 653 752 ire
680 696 927 766 permisit
947 711 1044 752 eos
1069 696 1120 752 in
1147 712 1365 767 porcos.
1392 698 1483 753 sed
1513 709 1735 770 propter

171 793 371 849 salutem
396 803 635 858 quorum
676 795 862 853 erant;
904 795 964 840 ut
998 796 1272 856 pastores,
1302 787 1418 844 viso
1446 787 1733 855 miraculo,

172 888 263 944 iis
286 883 615 949 nuntiarent,
641 880 721 937 uti
751 879 1019 946 fecerunt,
1045 880 1111 936 de
1152 880 1237 936 his
1263 878 1533 937 omnibus.
1580 880 1737 951 Unde,

171 978 389 1049 sequitur
410 989 431 1030 :
876 1020 883 1033 .

227 1065 289 1119 Et
323 1081 437 1120 ecce
469 1072 583 1119 tota
610 1061 797 1117 civitas
814 1061 922 1115 exit
956 1059 1157 1115 obviam
1189 1057 1338 1114 Iesu.
1367 1058 1578 1115 Exeunt
1603 1073 1733 1131 ergo

168 1157 396 1216 commoti
438 1156 547 1210 ﬁde
572 1160 629 1208 et
671 1153 852 1210 devoti
890 1151 1173 1224 religione,
1212 1151 1339 1207 licet
1387 1151 1566 1206 adhuc
1608 1166 1734 1220 par-

166 1250 259 1305 vuli
300 1264 363 1304 ac
405 1246 582 1302 timidi
638 1253 840 1302 essent.
888 1244 1005 1313 Quo
1054 1244 1182 1308 viso,
1222 1243 1473 1313 rogabant
1515 1258 1632 1297 eum
1677 1250 1733 1296 ut

166 1339 386 1397 transiret
428 1354 460 1390 a
500 1335 697 1404 ﬁnibus
738 1350 941 1388 eorum.
987 1332 1054 1387 Et
1101 1333 1301 1387 mirum
1339 1332 1384 1386 si
1430 1331 1631 1401 aliquid
1677 1330 1730 1384 in

166 1438 364 1500 aspectu
390 1442 497 1482 non
529 1423 918 1495 praesenserint
962 1437 1069 1491 quo
1114 1437 1237 1477 eum
1280 1418 1422 1476 ferre
1468 1417 1731 1489 nequive-

164 1522 286 1583 rint,
312 1520 402 1589 qui
428 1528 536 1572 tam
569 1519 761 1571 devote
788 1515 938 1586 prius
963 1513 1030 1568 ad
1056 1530 1177 1569 eum
1201 1513 1728 1583 exieruntJProptvr

170 1612 304 1682 quod
330 1609 588 1666 sciendum
614 1608 745 1677 quia
773 1621 878 1661 non
906 1605 974 1660 de
1006 1603 1322 1660 inﬁdelitate
1362 1603 1465 1658 ista
1503 1602 1733 1673 loquun-

170 1711 266 1765 tur,
309 1700 401 1755 sed
429 1699 492 1753 de
519 1705 740 1767 stupore
764 1703 819 1751 et
867 1695 1170 1750 reverentia
1208 1692 1530 1762 majestatis.
1579 1692 1731 1748 Unde

1834 513 1976 568 videt
2000 522 2053 567 et
2079 514 2316 567 metitur.
2344 511 2455 567 Nec
2490 513 2709 568 dubium
2739 530 2805 569 ex
2834 514 2935 570 hoc
2965 514 3084 571 loco
3114 514 3416 575 auctoritas

1835 605 1998 671 totius
2040 604 2296 660 Ecclesiae
2333 604 2594 668 ﬁrmatur,
2634 606 2775 676 quod
2810 607 3016 677 parvuli
3046 607 3228 664 adhuc
3256 608 3418 667 inscii

1835 688 1935 771 ﬁde
1959 691 2181 750 alterius
2201 693 2504 750 offeruntur
2534 696 2866 768 baptizandi,
2903 708 2957 754 et
2984 698 3037 754 in
3064 698 3285 757 alterius
3308 698 3420 759 ﬁde

1835 784 2132 860 tinguntur,
2165 798 2223 844 ut
2260 805 2325 844 ex
2355 805 2418 845 ea
2464 799 2815 845 renascantur
2861 791 2986 857 ﬁde,
3030 792 3189 848 sicuti
3218 801 3274 849 et
3310 790 3416 852 iste

1833 872 2061 955 aliorum
2089 878 2194 934 ﬁde
2230 878 2486 934 salvatur.
2511 879 2848 951 Quapropter
2875 881 3027 952 prius
3061 896 3248 938 eorum
3282 872 3418 940 ﬁdei

1832 969 2165 1027 discutienda
2206 971 2296 1043 qui
2322 970 2574 1037 oﬁ‘erunt,
2601 980 2660 1027 ut
2686 972 2962 1044 probetur,
2998 973 3192 1030 deinde
3233 958 3418 1029 infans

1833 1072 1919 1119 est
1954 1072 2295 1120 sacramento
2334 1063 2456 1119 ﬁdei
2504 1065 2920 1120 consecrandus.
2958 1063 3122 1138 527
3162 1064 3418 1136 Alioquin

1832 1169 1938 1207 non
1966 1162 2142 1224 putas,
2176 1154 2327 1226 prius
2351 1154 2494 1224 quod
2525 1151 2774 1209 Christus
2819 1152 3098 1210 oﬁ‘erentis
3140 1153 3305 1210 ﬁdem
3334 1155 3419 1211 in-

1832 1242 2065 1314 spiciat?
2109 1243 2262 1311 Quod
2298 1252 2349 1297 et
2403 1243 2447 1297 si
2498 1242 2728 1297 inﬁdelis
2775 1244 2963 1309 fuerit,
3002 1244 3133 1316 quid
3183 1244 3415 1301 alterum

1826 1334 2018 1405 juvare
2062 1333 2294 1403 poterit?
2340 1332 2490 1388 Unde
2532 1332 2761 1404 eligendi
2807 1341 2931 1387 sunt
2974 1334 3027 1388 in
3069 1335 3267 1405 populo
3312 1324 3420 1390 ﬁde

1834 1421 2134 1487 oblatores,
2188 1431 2315 1477 tunc
2370 1422 2586 1476 demum
2658 1423 2965 1491 sequendus
3010 1430 3093 1478 est
3138 1423 3272 1479 ordo
3325 1438 3418 1479 sa-

1836 1516 1985 1573 Iutis.

1904 1605 2143 1676 Con/ide,
2190 1604 2396 1676 inquit,
2426 1605 2535 1675 fili,
2568 1614 2905 1660 remrttuntur
2929 1605 3024 1661 tibi
3057 1616 3268 1676 peccata
3299 1599 3412 1661 tua;

1834 1698 1989 1756 Patet
2030 1715 2096 1753 ex
2135 1698 2238 1754 hoc
2266 1699 2386 1754 loco
2416 1699 2555 1768 quod
2588 1697 2768 1753 multae
2795 1697 3137 1754 inﬁrmitates
3158 1713 3270 1769 pro
3293 1715 3417 1771 pec-

160 1800 210 1847 et
243 1789 447 1853 Petrus,
496 1788 612 1842 viso
663 1784 925 1842 miraculo
975 1784 1225 1854 piscium,
1265 1799 1391 1839 mox
1424 1792 1678 1853 precatur
1712 1798 1726 1837 :

1833 1788 1968 1844 catis
1985 1787 2237 1842 eveniunt
2262 1807 2274 1841 :
2306 1787 2505 1843 idcirco
2529 1786 2650 1843 fons
2671 1797 2724 1841 et
2748 1788 2900 1857 origo
2923 1786 3254 1843 inﬁrmitatis
3270 1790 3423 1860 prius

161 1881 250 1936 Exi
285 1897 316 1932 a
344 1895 449 1943 me,
485 1876 725 1942 Domine,
766 1876 892 1948 quia
930 1875 1084 1930 homo
1117 1884 1360 1945 peccator
1401 1891 1517 1928 sum
1568 1871 1723 1945 (Luc.

158 1990 210 2038 ν,
251 1973 331 2040 8).
381 1970 463 2031 lta
513 1968 779 2040 siquidem
824 1975 879 2023 et
926 1966 1045 2033 isti,
1107 1958 1428 2036 semetipsds
1476 1965 1728 2022 conside-

158 2074 331 2126 rantes,
374 2060 611 2115 necdum
656 2058 761 2113 ﬁde
801 2057 1025 2122 imbuti,
1063 2056 1456 2129 pertimescunt
1494 2071 1522 2108 a
1560 2052 1728 2126 4³6

158 2164 282 2211 tanta
325 2151 655 2216 divinitate,
703 2163 803 2205 nec
844 2148 990 2203 ferre
1048 2156 1273 2219 possunt
1320 2146 1455 2201 tanti
1504 2145 1727 2200 luminis

155 2248 461 2305 claritatem.
514 2243 627 2317 Nec
671 2243 890 2308 mirum,
922 2240 1064 2297 oculi
1105 2241 1198 2312 qui
1245 2239 1339 2294 diu
1389 2238 1567 2294 lumen
1616 2252 1722 2292 non

154 2341 398 2405 viderant,
431 2337 480 2393 si
513 2334 809 2407 reperculsi
842 2342 989 2390 tanto
1014 2332 1224 2404 fulgore
1254 2333 1523 2388 interdum
1552 2345 1726 2386 cmcu-

153 2433 284 2489 ﬁant.

209 2524 344 2594 (Car.
376 2523 503 2595 IX.)
558 2520 625 2575 Et
674 2519 957 2576 ascendens
998 2520 1053 2572 in
1094 2516 1423 2580 naviculam,
1465 2513 1723 2583 transfre-

152 2620 275 2681 taoit,
298 2627 345 2670 et
380 2616 527 2670 venit
554 2614 609 2668 in
645 2611 904 2666 civitatem
931 2625 1103 2663 suam.
1137 2607 1246 2663 Nec
1276 2606 1471 2661 mirum
1502 2605 1723 2690 ubique,

151 2710 187 2765 si
216 2708 469 2765 Christus
507 2714 606 2760 aut
639 2704 694 2758 in
725 2717 915 2758 navem
960 2700 1223 2765 ascendit,
1253 2706 1347 2754 aut
1385 2698 1603 2753 caducis
1645 2697 1724 2751 in-

153 2801 335 2855 terdum
367 2800 554 2854 utitur
598 2793 946 2864 adjumentis,
979 2792 1108 2848 licet
1147 2791 1329 2846 omnia
1372 2790 1557 2861 possit.
1587 2788 1724 2856 Quia

151 2894 431 2962 presertim
478 2898 696 2945 nostras
743 2886 894 2943 venit
935 2885 1278 2940 inﬁrmitates
1323 2882 1625 2952 suscipere,
1671 2891 1727 2938 et

150 3000 257 3040 suas
283 2984 447 3039 nobis
494 2977 751 3036 conferre
792 2978 1039 3033 virtutes.
1082 2976 1289 3031 Idcirco
1334 2975 1553 3045 dignum
1603 2972 1723 3040 fuit,

149 3075 273 3130 sicut
293 3072 408 3144 jam
459 3085 624 3140 supra
657 3069 916 3134 diximus,
943 3075 1004 3121 ut
1042 3076 1260 3122 nostras
1301 3066 1593 3121 sustineret
1636 3063 1722 3119 in-

1831 1893 1861 1933 a
1909 1893 2035 1933 vero
2080 1878 2288 1934 medico
2341 1887 2584 1932 sanatur.
2635 1878 2699 1932 Et
2741 1888 3011 1935 memento
3061 1881 3204 1950 quod
3251 1870 3421 1935 ﬁlium

1831 1958 2007 2033 vocat,
2049 1984 2208 2039 quem
2240 1967 2413 2024 adlmc
2459 1968 2744 2023 inﬁdelitas
2773 1968 2988 2039 premit.
3030 1968 3135 2026 Sed
3169 1979 3314 2027 recte
3352 1970 3415 2025 ﬁ-

1828 2056 1932 2125 lius
1969 2068 2221 2125 vocatur,
2248 2075 2369 2116 cum
2398 2058 2723 2115 conﬁdentia
2771 2059 2892 2114 ﬁdei
2922 2068 3049 2116 ante
3093 2061 3419 2128 restituitur,

1828 2138 1944 2209 sine
1971 2166 2075 2222 qua
2104 2153 2331 2223 quisque
2355 2161 2598 2207 mortuus
2625 2152 2902 2223 probatur.
2924 2152 3001 2208 Ac
3025 2167 3121 2223 per
3149 2153 3254 2210 hoc
3275 2154 3420 2227 quod

1828 2241 1904 2296 ait
1930 2240 2167 2311 Conﬁde,
2216 2243 2561 2298 resuscitatio
2591 2254 2676 2299 est
2710 2245 2777 2298 ad
2809 2244 2995 2299 vitam.
3028 2242 3133 2301 Per
3159 2245 3264 2303 hoc
3292 2261 3422 2303 vero

1828 2332 1968 2401 quod
1998 2331 2163 2386 ﬁlium
2192 2348 2316 2387 eum
2346 2341 2521 2400 vocat,
2557 2333 2839 2388 clmritatis
2887 2334 3083 2390 infusio
3111 2346 3165 2391 et
3194 2335 3415 2407 pietatis

1827 2421 2050 2478 affectus
2095 2422 2339 2495 largitur.
2389 2421 2520 2478 Sine
2563 2424 2758 2494 quibus
2809 2439 2939 2479 sane
2987 2425 3216 2493 duobus,
3245 2426 3423 2482 omnis

1784 2557 1797 2563 -
1829 2514 2029 2580 anima,
2059 2531 2164 2569 non
2193 2514 2315 2569 dico
2341 2514 2656 2586 paralytica,
2682 2532 2867 2570 verum
2901 2525 3110 2571 mortua
3136 2517 3302 2588 jacet.
3332 2516 3416 2575 Ab

1828 2604 1913 2661 his
1965 2607 2161 2678 quippe
2207 2606 2401 2662 delicta
2449 2607 2790 2673 relaxantur,
2839 2608 2965 2678 quia
3018 2608 3122 2664 ﬁde
3189 2612 3419 2666 mundat

1829 2695 2077 2752 Christus
2120 2697 2282 2752 corda
2312 2696 2669 2763 credentium,
2710 2705 2763 2752 et
2809 2697 3051 2755 Charitas
3078 2698 3253 2769 operit
3282 2698 3423 2755 mul«

1829 2789 2115 2843 titudinem
2161 2797 2524 2858 peccatorum.
2575 2789 2713 2860 Ergo
2754 2790 2910 2861 prius
2951 2793 3002 2846 in
3045 2786 3421 2860 offerentibus,

1822 2872 1974 2953 quod
2020 2879 2132 2950 ipse
2178 2880 2470 2950 approbat,
2515 2879 2617 2934 hoc
2665 2889 2867 2953 aegroto
2915 2880 3159 2952 largitur.
3192 2882 3416 2948 Deinde,

1828 2970 1955 3042 quia
1981 2969 2114 3025 ﬁdes
2136 2970 2440 3025 animarum
2467 2978 2568 3038 est,
2592 2986 2715 3025 mox
2739 2968 3078 3029 offerentium
3106 2974 3210 3031 ﬁde
3237 2977 3421 3032 anima

1830 3070 2069 3118 curatur.
2100 3063 2356 3128 Audiant,
2386 3078 2587 3134 quaeso,
2631 3062 2932 3136 paralytici,
2975 3065 3199 3121 audiant
3236 3062 3425 3122 crimi-

151 3166 441 3221 ﬁrmitates.
465 3163 619 3218 Alias
655 3171 857 3224 autem,
882 3160 928 3215 si
974 3160 1031 3215 in
1072 3159 1185 3215 suis
1229 3158 1521 3213 mansisset
1547 3157 1719 3211 virtu—
1746 3161 1793 3226 ο
1827 3155 1988 3211 nibus
2019 3154 2289 3222 dissoluti,
2326 3157 2468 3226 quod
2504 3156 2637 3212 ﬁdes
2671 3157 2893 3214 alterius
2924 3170 3021 3230 pro
3055 3159 3161 3215 alio
3188 3156 3417 3216 multum

149 3259 293 3325 tibus,
333 3257 477 3314 nihil
523 3269 812 3311 commune
836 3268 959 3309 cum
1004 3252 1311 3308 hominibus
1360 3252 1619 3316 haberet;
1668 3257 1723 3306 et

147 3351 237 3405 nisi
274 3349 555 3420 implesset
596 3345 778 3401 carnis
807 3344 1078 3408 ordinem,
1121 3342 1305 3398 carnis
1334 3341 1388 3396 in
1426 3340 1516 3395 illo
1545 3340 1720 3396 otiosa

144 3451 279 3496 esset
321 3438 613 3508 susceptio.
644 3435 941 3505 Propterea
976 3448 1107 3506 ergo
1148 3432 1366 3504 quando
1400 3432 1484 3487 bis
1528 3432 1721 3496 utitur,

148 3548 308 3586 verus
348 3533 517 3585 homo
564 3528 835 3591 credatur,
881 3534 935 3582 et
981 3525 1201 3597 quando
1249 3524 1474 3596 pedibus
1520 3524 1723 3593 absque

142 3625 365 3697 navigio
406 3637 573 3693 supra
613 3636 760 3676 mare
805 3612 1076 3685 ambulat,
1118 3634 1256 3674 unus
1305 3617 1553 3685 idemque
1583 3614 1726 3669 Deus

142 3720 491 3790 intelligatur.
525 3715 631 3771 Cur
672 3722 856 3790 autem
896 3711 1140 3769 ascendit
1169 3712 1223 3766 in
1253 3724 1467 3776 navem,
1515 3716 1572 3762 ut
1622 3707 1728 3761 iret

150 3821 290 3868 trans
320 3813 565 3875 fretum,
611 3816 669 3864 et
717 3806 929 3862 veniret
982 3806 1035 3860 in
1086 3804 1317 3874 patriam
1368 3816 1553 3865 suam,
1609 3798 1725 3868 jam

150 3920 304 3976 supra
345 3907 584 3961 diximus
638 3902 784 3974 quod
827 3901 1136 3957 ascenderit
1180 3900 1235 3955 in
1299 3912 1491 3953 navem
1544 3893 1727 3950 Eccle-

148 3998 239 4053 sia
272 4015 395 4064 suae,
452 4012 622 4069 quam
678 3996 821 4052 inter
856 3995 1028 4051 undas
1078 3992 1255 4054 seculi
1297 3992 1412 4061 ipse
1441 3991 1726 4062 gubernat,

146 4096 199 4142 ut
238 4090 302 4144 ad
346 4090 636 4146 emlestem
683 4086 913 4157 patriam
943 4100 1136 4142 omnes
1166 4084 1259 4155 qui
1299 4099 1422 4142 cum
1467 4097 1534 4136 eo
1581 4080 1635 4135 in
1665 4093 1727 4134 ea

147 4180 414 4251 navigant,
470 4178 801 4249 quandoque
842 4176 989 4231 cives
1030 4174 1327 4245 perducat,
1375 4182 1731 4242 quoscunque

147 4274 434 4344 municipes
480 4272 674 4343 patria:
718 4270 803 4327 vel
832 4268 1065 4325 civitatis
1095 4282 1206 4322 suae
1232 4281 1353 4322 esse
1376 4264 1565 4320 voluit.
1594 4263 1729 4331 Quia

146 4364 382 4420 nimirum
409 4364 544 4419 navi
586 4378 693 4417 non
724 4362 861 4433 ipse,
886 4361 982 4416 sed
1025 4358 1243 4416 Christo
1275 4356 1427 4412 navis
1468 4356 1729 4427 indiguit,

146 4459 248 4514 sine
265 4476 373 4530 quo
412 4461 570 4515 inter
591 4456 787 4513 ﬁuctus
813 4455 972 4526 hujus
999 4453 1183 4509 saeculi
1212 4453 1417 4522 absque
1444 4450 1730 4523 naufragio

1829 3247 1990 3301 valet.
2024 3246 2227 3302 Idcirco
2252 3256 2308 3303 et
2350 3248 2395 3303 si
2441 3248 2617 3303 adhuc
2656 3264 2877 3320 surgere
2919 3259 3137 3322 aptant,
3171 3258 3421 3323 quaerant

1828 3338 2014 3394 ﬁdeles
2056 3339 2462 3395 intercessores.
2496 3340 2641 3407 Quos
2678 3356 2797 3413 ego,
2844 3342 2933 3411 qui
2966 3342 3176 3413 loquor,
3207 3338 3419 3399 valeam

1828 3430 2089 3494 invenire,
2125 3446 2354 3501 quorum
2393 3430 2497 3485 ﬁde
2522 3431 2736 3487 oblatus
2765 3441 2889 3487 ante
2915 3430 3120 3497 Jesum,
3159 3434 3308 3504 prius
3334 3448 3420 3490 re-

1830 3522 2137 3578 missionem
2167 3533 2540 3592 peccatorum,
2564 3524 2756 3578 deinde
2787 3539 2819 3577 a
2847 3524 3083 3596 paralysi
3114 3541 3294 3595 pravae
3328 3526 3414 3582 in-

1831 3611 2102 3666 ﬁrmitatis
2142 3612 2409 3667 medelam
2455 3612 2644 3668 salutis
2686 3629 2898 3669 merear
2928 3614 3191 3670 obtinere.
3241 3614 3419 3672 Habet

1829 3701 1972 3757 enim
2006 3702 2202 3759 misera
2244 3711 2298 3759 et
2344 3703 2528 3760 infelix
2560 3705 2738 3759 anima
2778 3706 3053 3779 paralysin
3092 3718 3275 3774 suam,
3308 3698 3417 3779 quo

1830 3792 2111 3862 pravitatis
2143 3792 2330 3848 morbo
2364 3792 2502 3848 male
2532 3793 2792 3851 dissoluta
2825 3795 2972 3866 jacet
3013 3796 3067 3850 in
3091 3795 3232 3853 lecto
3261 3797 3422 3853 vitio-

1830 3898 1970 3936 rum.
2002 3882 2078 3937 De
2120 3898 2227 3953 quo
2263 3897 2395 3938 sane
2429 3881 2568 3939 lecto
2605 3882 2809 3937 David:
2843 3882 3074 3948 Lavabo,
3107 3885 3301 3956 inquit,
3330 3900 3427 3957 per

1829 3972 2063 4044 singulas
2092 3984 2265 4028 noctes
2297 3973 2484 4029 lectum
2514 3991 2720 4041 meum;
2760 3973 3006 4047 lacrymis
3037 3978 3164 4032 meis
3192 3987 3418 4034 stratum

1829 4083 2001 4120 meum
2035 4066 2213 4137 rigabo
2247 4064 2417 4136 (Psal.
2446 4084 2522 4133 vr,
2548 4067 2625 4140 6).
2653 4067 2711 4123 In
2742 4068 2846 4124 hoc
2889 4084 3122 4140 namque
3148 4069 3289 4127 lecto
3318 4071 3425 4131 ista

1813 4142 2039 4229 'jacebat
2083 4159 2265 4224 miser,
2311 4167 2367 4213 et
2414 4159 2533 4214 ideo
2577 4172 2891 4231 exsurgere,
2930 4173 3029 4215 nec
3068 4169 3193 4216 ante
3238 4158 3423 4218 Iesum

1832 4251 2015 4306 venire
2044 4258 2275 4320 poterat.
2304 4247 2409 4304 Sed
2437 4246 2564 4304 felix
2588 4250 2679 4319 qui
2709 4249 2984 4305 adinvenit
3008 4246 3310 4333 oblatores!
3339 4244 3423 4308 Ita

1830 4354 1887 4400 et
1928 4354 2008 4409 tu,
2052 4344 2232 4398 anima
2280 4343 2478 4414 gravis,
2518 4342 2834 4399 criminibus
2856 4342 3110 4414 obligata,
3150 4332 3194 4400 si
3226 4332 3427 4416 pecca-

1834 4448 2011 4493 torum
2061 4437 2256 4492 diﬁidis
2306 4436 2547 4503 veniam,
2592 4435 2790 4491 adhibe
2845 4444 3184 4507 precatores,
3227 4428 3429 4496 adhibe

146 4524 413 4619 pervenire
454 4550 528 4606 ad
557 4557 771 4619 portum
817 4524 922 4601 non
952 4544 1117 4600 valet.
1136 4542 1399 4600 Caeterum
1445 4543 1497 4597 in
1545 4541 1728 4607 terris,
1759 4528 1808 4590 D
1832 4528 2161 4592 Ecclesiam,
2209 4526 2371 4619 induc
2417 4542 2579 4598 super
2619 4533 2672 4581 te
2715 4526 3099 4619 presbyteros,
3141 4524 3426 4619 88113011331.

146 4644 270 4698 unde
296 4642 505 4699 habuit
545 4642 800 4711 patriam,
840 4637 968 4693 inde
1012 4634 1242 4704 indiguit
1269 4647 1424 4689 nave.
1460 4631 1541 4686 Ad
1569 4646 1729 4700 quam

146 4735 367 4804 ρι’ῡῐθοιο
395 4749 535 4791 cum
568 4731 926 4803 pervenisset,
952 4727 1265 4785 obtulerunt
1288 4726 1336 4785 ei
1371 4723 1732 4795 paralyticum
1810 4774 1819 4779 -

1807 4851 1815 4857 .
1837 4813 1922 4861 est
1950 4805 2111 4876 igitur
2137 4804 2334 4857 habeat
2362 4810 2639 4873 patronos,
2661 4801 2751 4872 qui
2774 4818 2871 4873 per
2899 4818 2959 4858 se
2980 4802 3168 4858 venire
3190 4796 3422 4860 necdum

142 4825 395 4894 jacentem
423 4828 493 4881 in
520 4824 683 4878 lecto.
706 4822 911 4877 Videas
934 4830 1113 4875 autem
1141 4816 1301 4874 Iesus
1330 4815 1489 4872 ﬁdem
1519 4814 1731 4870 illorum

147 4918 225 4985 qui
264 4916 621 4980 ol'erebant,
665 4913 740 4968 ait
778 4911 1098 4984 paralytico.
1137 4908 1327 4979 Magna
1372 4907 1428 4962 in
1462 4906 1566 4961 hoc
1615 4904 1734 4961 loco

146 5009 380 5066 doctrina
417 5008 604 5067 sancti
637 5005 934 5077 Evangelii,
961 5018 1156 5075 magna
1190 5001 1367 5057 virtus
1390 4998 1512 5054 ﬁdei
1540 4996 1735 5067 praedi-
1808 5048 1816 5055 .

1808 5089 2019 5151 .potest
2047 5095 2172 5135 mox
2220 5077 2533 5148 contingere
2575 5074 2642 5131 ad
2690 5074 2938 5132 salutem.
2982 5074 3119 5131 Hinc
3152 5084 3234 5131 est
3278 5076 3424 5148 quod

146 5107 307 5167 catur,
337 5115 480 5172 qua:
525 5113 631 5152 non
673 5095 847 5151 solum
887 5108 987 5164 pro
1027 5107 1109 5157 se,
1136 5104 1325 5147 verum
1354 5096 1411 5147 et
1450 5102 1549 5157 pro
1591 5086 1732 5152 aliis,

146 5190 258 5248 licet
280 5195 406 5249 sine
441 5190 555 5245 ﬁde
583 5189 712 5250 sint,
752 5194 1001 5258 potenter
1028 5182 1296 5241 subvenit.
1329 5179 1606 5243 Potenter,
1644 5178 1732 5234 in-

147 5295 319 5351 quam,
345 5286 490 5355 quia
520 5282 728 5351 integra
751 5287 805 5335 et
830 5293 959 5334 vera
980 5277 1134 5341 ﬁdes,
1162 5288 1358 5346 magno
1376 5288 1445 5329 ex
1474 5272 1569 5328 Dei
1593 5272 1735 5339 dono

147 5375 304 5431 utitur
330 5373 650 5447 privilegio.

214 5465 439 5533 Videas,
490 5466 698 5536 inquit,
726 5464 883 5520 Iesus
923 5463 1083 5528 [idem
1115 5460 1350 5515 illorum.
1379 5456 1736 5525 Quarendum

146 5561 337 5630 quibus
374 5557 562 5617 oculis
611 5559 664 5612 iu
692 5556 865 5611 altero
908 5554 1044 5610 ﬁdes
1080 5553 1350 5615 videatur,
1379 5565 1500 5604 cum
1549 5561 1650 5613 nec
1676 5546 1738 5603 in

124 5664 203 5705 se
223 5654 469 5723 quisque
488 5665 610 5706 eam
632 5648 807 5721 possit
826 5646 1033 5712 videre,
1058 5646 1160 5700 nisi
1185 5642 1356 5713 oculis
1381 5633 1734 5711 spiritalibus

149 5739 249 5796 Sed
288 5755 506 5807 tamen,
543 5741 669 5810 quia
700 5752 859 5793 nemo
889 5737 988 5791 nisi
1018 5736 1159 5790 Deus
1189 5733 1351 5788 corda
1384 5729 1603 5799 inspicit
1629 5728 1739 5782 sin-

1836 4621 2043 4677 scilicet
2068 4620 2265 4691 quibus
2293 4618 2472 4686 Jesus,
2501 4619 2645 4689 quod
2688 4619 2784 4675 tibi
2816 4618 2955 4675 forte
2984 4634 3186 4691 negare
3218 4606 3423 4693 possit,

1836 4710 2150 4775 cletnenter,
2189 4709 2380 4764 videns
2419 4724 2608 4764 eorum
2654 4706 2849 4776 ﬁdem,
2893 4709 3157 4782 ignoscat.
3190 4709 3425 4769 Necesse

1838 4902 2034 4965 potest.
2073 4893 2154 4947 Ad
2192 4891 2466 4948 Christum
2516 4899 2695 4946 autem
2732 4908 2840 4947 non
2889 4892 2993 4947 nisi
3035 4892 3139 4947 ﬁde
3182 4884 3423 4948 venitur.

1842 4986 1972 5055 Qum
2017 4985 2271 5041 nimirum
2319 4985 2472 5050 ﬁdes,
2517 4984 2561 5039 si
2597 4983 2759 5039 fuerit
2807 4983 3097 5039 virtutibus
3142 4985 3422 5052 roborata,

1843 5176 1980 5232 alius
2014 5172 2337 5244 evangelista
2381 5169 2565 5237 infert,
2611 5170 2754 5240 quod
2791 5186 2822 5225 a
2852 5177 3084 5239 quatuor
3112 5177 3425 5239 portaretur

1842 5264 2035 5339 (Marc.
2063 5280 2126 5329 ll,
2150 5262 2225 5334 ὖ).
2255 5262 2497 5331 Quatuor
2534 5270 2712 5317 autem
2751 5260 2978 5316 virtutes
3017 5259 3218 5315 scimus
3251 5272 3422 5339 gena-

1840 5357 1981 5414 rales
2007 5371 2150 5420 esse,
2184 5354 2524 5426 prudentiam
2566 5352 2792 5418 scilicet,
2813 5349 3101 5420 justitiam,
3141 5342 3421 5429 fortitudi-

1844 5461 1967 5503 nem
1990 5446 2159 5520 m
2180 5460 2243 5502 ac
2274 5443 2706 5515 temperantiam,
2732 5441 2927 5512 quibus
2957 5438 3211 5497 subvecta
3237 5432 3422 5503 anima

1841 5538 2080 5595 defertur
2115 5549 2240 5593 ante
2278 5535 2642 5600 Salvatorem,
2672 5534 2746 5588 ita
2777 5541 2954 5586 tamen
3000 5531 3044 5588 si
3072 5546 3141 5587 ex
3172 5520 3275 5588 ﬁde
3306 5524 3424 5680 I1?-

1841 5643 1985 5680 nent-
2011 5631 2278 5680 nnidnnid
2304 5644 2432 5680 emo
2458 5643 2563 5680 non
2584 5641 2651 5680 ex
2675 5624 2798 5680 ﬁde.
2828 5634 3107 5680 peccatum
3133 5614 3239 5680 est.
3262 5610 3357 5680 Un'
3387 5639 3422 5679 e

1840 5643 1986 5690 nent.
2011 5631 2279 5703 Quidquid
2304 5644 2432 5702 ergo
2458 5643 2563 5683 non
2584 5641 2651 5684 ex
2675 5624 2798 5691 ﬁde,
2828 5634 3107 5695 peccatum
3133 5614 3239 5680 est.
3262 5610 3422 5703 unde

1841 5744 1946 5784 non
1974 5718 2068 5782 eos
2093 5725 2185 5795 qui
2215 5723 2526 5787 attulerant,
2560 5720 2653 5776 sed
2684 5718 2844 5775 ﬁdem
2873 5712 3083 5775 illorum
3115 5710 3313 5801 vidisse
3334 5693 3423 5773 lil-
