4000 6362
613 351 718 410 367

1435 350 1490 404 S.
1530 349 1884 406 I‘ASCHASII
1923 348 2267 405 RADBERTI
2305 347 2528 404 ABBAT
2533 348 2593 403 IS
2631 348 3076 404 CORBEIE‘ASIS

3760 348 3855 407 368

616 457 774 526 citur.
806 453 942 536 Quia
971 468 1205 539 primum
1234 462 1367 519 ﬁdes
1409 463 1601 518 animae
1644 478 1856 534 semper
1883 463 2183 534 inspicitur,
2213 469 2264 529 Α
2290 463 2432 519 dicat
2470 482 2482 517 ε
2518 462 2689 536 Surge
2735 466 2801 519 de
2833 464 3096 534 profunda
3123 446 3373 520 vitiorum
3419 465 3597 530 ruina,
3647 470 3703 520 et
3729 467 3858 526 vade

616 559 809 617 deinde
831 574 995 630 opera
1026 557 1147 613 ﬁdei
1171 557 1475 627 exiguntur.

689 653 757 708 Et
786 669 901 707 ecce
929 651 1142 722 quidam
1171 650 1234 703 de
1268 647 1463 703 Scribis
1498 648 1742 702 dixerunt
1771 647 1909 701 intra
1938 663 1992 701 se
2032 665 2046 701 :
2087 645 2192 702 Hic

616 746 958 815 blasphemat.
990 743 1120 810 Qua:
1168 741 1332 797 dictio
1379 741 1558 796 cordis
1610 741 1711 794 fuit
1759 740 2032 812 cogitatio,
2083 756 2193 810 quo

614 836 753 895 livor
781 836 1172 892 Pharisaeorum
1202 831 1356 888 nobis
1377 831 1611 887 ostendit
1637 830 1803 885 Deum
1828 842 1946 884 esse
1973 829 2063 899 qui
2094 829 2191 896 ait,

613 927 966 986 Dimittuntur
995 925 1088 978 tibi
1126 933 1338 992 peccata
1371 932 1498 986 tua;
1529 921 1939 985 calumniantes,
1966 928 2028 975 ut
2053 919 2192 974 Mar-

613 1033 710 1072 cus
756 1017 861 1079 ait,
900 1031 1003 1066 non
1047 1028 1220 1082 posse,
1269 1011 1370 1064 nisi
1420 1010 1621 1075 Deum,
1666 1009 1924 1062 dimittere
1974 1020 2191 1080 peccata

614 1107 807 1179 (Marc.
832 1124 894 1174 ιι,
919 1106 993 1177 7).
1024 1105 1298 1174 Siquidem
1328 1103 1536 1157 illorum
1566 1101 1874 1156 testimonio
1902 1103 2041 1156 Deus
2070 1116 2191 1156 esse

613 1201 973 1264 convincitur,
1023 1196 1270 1268 quamvis
1334 1194 1408 1249 illi
1475 1193 1865 1254 calumniantes
1913 1206 2049 1261 opus
2098 1207 2190 1245 as-

613 1299 796 1345 truant
824 1289 1069 1352 Deitatis,
1099 1301 1382 1358 personam
1416 1293 1627 1353 negent.
1657 1283 1822 1336 Deum
1853 1281 2038 1350 utique
2068 1296 2193 1334 con-

612 1384 856 1444 ﬁtentur,
893 1391 946 1434 et
980 1377 1259 1450 perﬁdiam
1309 1391 1412 1430 non
1457 1375 1728 1428 amittunt.
1761 1372 1930 1427 Porro
1966 1371 2190 1441 perﬁdia

577 1474 779 1550 ‘verbo
818 1480 974 1525 tenus
1019 1467 1264 1523 conﬁteri
1307 1473 1515 1536 potest,
1569 1464 1788 1518 credere
1836 1478 1940 1516 nou
1991 1470 2188 1532 potest.

577 1562 721 1617 'Sed
762 1559 1002 1616 medicus
1039 1557 1344 1613 animarum
1381 1569 1595 1624 semper
1631 1551 1790 1608 affert
1825 1550 2062 1606 fomenta
2103 1567 2190 1606 sa-

611 1654 760 1710 lutis.
792 1656 794 1659 ’

683 1742 750 1799 Ut
775 1745 901 1817 quid
930 1743 1186 1814 cogitatis,
1217 1739 1413 1810 inquit,
1443 1737 1580 1792 mala
1612 1737 1665 1791 in
1693 1736 1935 1791 cordibus
1963 1735 2189 1790 vestris?

2294 555 2348 610 in
2377 556 2592 610 domum
2617 565 2832 611 aeterna:
2860 555 3136 610 felicitatis
3162 555 3304 610 unde
3332 555 3632 621 occideras,
3663 566 3720 610 et
3741 559 3857 616 tolle

2293 647 2499 702 interea
2538 647 2732 702 lectum
2771 647 3102 702 inﬁrmitatis
3130 656 3253 709 tute,
3287 647 3456 701 donec
3492 646 3735 702 induaris
3764 649 3854 704 im-

2292 738 2619 793 mortalitate
2661 737 2834 808 plena.
2883 736 3016 792 Mira
3066 735 3459 791 Pharismorum
3487 735 3738 806 perﬁdia,
3775 739 3858 794 sed

2293 827 2592 884 mirabilior
2631 827 3003 883 hatreticorum
3060 826 3320 897 pravitas,
3361 826 3452 895 qui
3490 841 3588 881 nec
3609 826 3858 882 eisdem.

2291 918 2535 988 Oppressi
2561 918 2786 973 veritate
2814 925 3009 972 tacent.
3037 916 3176 971 Ecce
3211 915 3351 970 ﬁlius
3377 915 3608 970 hominis
3635 926 3861 986 potesta-

2293 1017 2400 1063 tem
2427 1009 2586 1064 habet
2619 1007 2932 1073 divinitatis,
2959 1015 3014 1061 et
3037 1006 3178 1071 ideo,
3223 1015 3284 1060 ut
3311 1005 3472 1069 Deus,
3513 1005 3723 1060 relaxat
3745 1021 3862 1077 pec-

2291 1109 2432 1163 cata,
2487 1100 2836 1169 cogitationes
2885 1099 3056 1164 novit,
3103 1105 3158 1153 et
3203 1099 3430 1169 imperat
3466 1099 3775 1168 jacentibus
3813 1110 3864 1154 ut

2293 1200 2595 1264 resurgant.
2627 1191 2740 1246 Non
2776 1193 2912 1248 alter
2954 1193 3169 1262 quidem
3213 1193 3394 1256 homo,
3451 1200 3512 1246 ut
3539 1191 3612 1246 illi
3659 1191 3862 1257 volunt,

2291 1283 2430 1336 alter
2471 1284 2641 1348 Deus;
2689 1283 2784 1337 sed
2825 1284 2966 1338 Deus
2994 1291 3050 1338 et
3090 1283 3252 1338 homo
3296 1298 3436 1336 unus
3463 1281 3737 1337 Christus.
3769 1282 3864 1350 Qui

2291 1373 2531 1442 profecto
2569 1375 2670 1429 hoc
2717 1373 2854 1439 loco,
2887 1373 3028 1428 sicut
3064 1382 3118 1429 et
3154 1373 3209 1428 in
3237 1372 3665 1443 quamplurimis,
3700 1372 3864 1427 ﬁlium

2291 1465 2524 1519 hominis
2555 1465 2673 1519 ideo
2702 1479 2760 1521 se
2788 1466 3062 1529 nominat,
3090 1465 3216 1535 quia
3245 1465 3312 1520 de
3354 1464 3444 1519 illo
3470 1463 3736 1518 Pharismi
3779 1479 3864 1520 ca-

2290 1555 2710 1621 lumniahantur,
2741 1571 2862 1611 cum
2891 1571 3052 1610 verus
3081 1555 3241 1610 homo
3279 1563 3454 1619 esset,
3485 1569 3583 1608 cur
3609 1554 3784 1609 Deum
3812 1569 3865 1612 se

2289 1645 2517 1710 faceret;
2545 1655 2600 1700 et
2629 1647 2819 1716 probat
2853 1661 2919 1702 ex
2946 1646 3049 1701 hoc
3073 1661 3238 1716 opere
3261 1661 3319 1700 se
3347 1645 3514 1700 Deum
3547 1661 3692 1711 esse,
3730 1647 3866 1716 quod

2288 1745 2608 1809 potestatem
2640 1737 2863 1790 haberet
2891 1736 2944 1790 in
2983 1737 3232 1792 omnibus
3275 1736 3519 1791 Deitatis.
3548 1734 3660 1792 Nec
3689 1745 3865 1791 tamen

609 1836 765 1905 Quod
794 1845 877 1891 est
915 1833 1094 1889 cordis
1137 1830 1379 1886 verbum.
1417 1827 1794 1882 Verumtamen
1837 1826 2186 1896 quaerendum
2217 1819 2262 1880 Β
2290 1837 2448 1898 negat
2474 1843 2533 1883 se
2561 1843 2746 1882 verum
2787 1826 2954 1880 ﬁlium
2983 1827 3236 1891 hominis,
3263 1827 3406 1897 quod
3436 1826 3674 1882 Marcion
3707 1827 3865 1892 facit,

607 1927 874 1999 quomodo
900 1924 1039 1980 mala
1067 1921 1437 1994 cogitaverim,
1464 1935 1586 1976 eum
1612 1934 1796 1974 verum
1823 1918 1893 1973 sit
1919 1916 2187 1972 neminem

603 2027 826 2092 peccata
872 2030 1066 2088 posse,
1114 2013 1217 2068 nisi
1271 2011 1443 2067 solum
1492 2012 1698 2073 Deum,
1737 2010 2024 2064 dimittere.
2075 2006 2188 2062 Hoc

607 2110 806 2181 quippe
849 2108 969 2163 illos
1007 2107 1271 2178 cogitasse
1311 2113 1518 2159 certum
1565 2111 1666 2157 est.
1716 2101 1822 2156 Sed
1867 2102 1968 2156 hoc
2012 2101 2185 2170 ipsum

607 2199 748 2254 male
773 2199 1031 2270 cogitant,
1067 2198 1194 2252 dum
1237 2195 1304 2250 ad
1345 2195 1448 2251 hoc
1486 2193 1741 2264 cogitant,
1776 2201 1832 2246 ut
1866 2191 2188 2246 convincant

607 2306 730 2345 eum
773 2305 836 2344 ex
883 2290 985 2344 hoc
1024 2287 1445 2356 blasphemassc,
1496 2285 1659 2340 homo
1703 2299 1827 2338 cum
1861 2291 2040 2346 esset,
2090 2281 2184 2338 Dei

605 2380 773 2436 solius
796 2387 1116 2452 potestatem
1139 2377 1241 2432 sibi
1264 2370 1574 2446 usurpasse,
1599 2375 1844 2429 nolentes
1865 2389 1986 2428 eum
2013 2372 2182 2427 Deum

605 2471 847 2526 credere.
876 2468 957 2523 Ad
984 2468 1126 2540 quod
1156 2467 1270 2538 ipse
1300 2481 1444 2527 mox,
1472 2481 1578 2520 non
1615 2464 1681 2519 ad
1709 2479 1897 2519 eorum
1925 2463 2066 2517 dicta
2091 2461 2184 2517 sed

603 2564 674 2620 ad
702 2564 956 2634 cogitata,
987 2569 1047 2616 ut
1078 2561 1239 2625 Deus,
1267 2561 1564 2631 respondit.
1608 2559 1685 2614 Ac
1719 2559 1764 2614 si
1793 2558 2000 2613 diceret
2037 2576 2049 2611 :
2075 2555 2185 2612 Cur

602 2672 710 2712 non
739 2652 1095 2719 recordamini
1125 2651 1290 2708 solius
1321 2650 1414 2706 Dei
1451 2667 1590 2715 esse,
1621 2650 1977 2719 cogitationes
2012 2649 2183 2704 homi-

599 2762 730 2802 num
759 2759 940 2810 nosse,
967 2745 1106 2798 sicut
1131 2743 1390 2812 scriptum
1421 2749 1542 2796 est:
1575 2740 1651 2794 Tu
1679 2740 1822 2794 solus
1856 2741 1990 2794 nosti
2022 2740 2182 2794 corda

587 2817 910 2890 hominum?
934 2831 1018 2904 (II
1059 2831 1190 2887 Par.
1216 2847 1292 2896 vt,
1318 2830 1433 2899 30.)
1456 2829 1731 2894 Profecto,
1761 2830 1886 2900 quia
1918 2829 2058 2884 sicut
2089 2829 2181 2884 Dei

589 2906 770 2981 solius
792 2933 874 2981 est
899 2931 1119 2994 peccata
1155 2922 1449 2986 dimittere,
1482 2921 1555 2974 ita
1589 2928 1645 2974 et
1685 2920 2040 2990 cogitationes
2067 2920 2181 2972 sin-

599 3017 846 3088 gulorum
892 3015 1094 3070 videre.
1134 3012 1272 3068 llinc
1321 3025 1532 3082 quoque
1571 3012 1648 3064 ait
1691 2996 1871 3076 :Qui'd
1916 3017 2000 3064 est
2039 3011 2181 3079 quod

597 3108 802 3182 cogitas
837 3105 998 3172 mala,
1031 3120 1116 3160 me
1144 3118 1338 3175 purum
1384 3101 1654 3157 hominem
1685 3100 1838 3155 esse?
1883 3099 2023 3154 Ecce
2052 3099 2178 3154 dum

2289 1930 2344 1977 et
2365 1921 2543 1976 cmteri
2572 1937 2640 1976 ex
2680 1920 3052 1975 haereticorum
3089 1918 3292 1975 schola.
3324 1919 3592 1975 Prrevenit
3614 1919 3764 1974 enim
3791 1920 3867 1974 his

2287 2013 2445 2069 factis
2492 2013 2634 2068 Deus
2679 2013 2937 2067 mentium
2980 2011 3212 2084 maligna
3251 2011 3506 2076 consilia,
3539 2019 3593 2065 et
3653 2011 3868 2066 deitatis

2287 2121 2398 2161 suae
2432 2105 2723 2176 potentiam
2765 2104 2948 2175 operis
2993 2105 3337 2160 attestationc
3363 2104 3708 2171 monstravit,
3744 2103 3867 2157 dum

2285 2197 2527 2254 dissoluti
2572 2197 2814 2268 corporis
2870 2197 3112 2252 membra
3158 2197 3359 2261 ﬁrmat,
3412 2205 3467 2251 et
3509 2196 3610 2250 sub
3642 2195 3869 2265 imperio

2285 2289 2566 2358 pristinam
2596 2288 2828 2343 reddidit
2855 2288 3159 2343 sanitatem.
3209 2288 3309 2344 Ubi
3355 2289 3614 2343 duntaxat
3657 2288 3868 2359 integra

2284 2382 2588 2436 ostenditur
2625 2380 2970 2445 resurrectio,
3014 2379 3208 2435 animas
3232 2378 3481 2434 videlicet
3517 2386 3570 2434 et
3599 2379 3868 2450 corporis.

2285 2471 2352 2526 Et
2376 2487 2472 2541 per
2487 2472 2589 2526 hoc
2613 2471 2758 2543 quod
2779 2470 2951 2540 patuit
2974 2470 3233 2533 exterius,
3262 2453 3434 2525 etiam
3453 2468 3582 2523 illud
3608 2468 3663 2523 in
3690 2470 3868 2523 anima

2283 2561 2598 2632 provenisse
2625 2559 3025 2630 comprobatur.
3073 2557 3186 2614 Hoc
3232 2572 3464 2629 namque
3501 2557 3683 2613 adhuc
3714 2558 3871 2614 hodie

2282 2650 2530 2706 Christus
2560 2651 2670 2721 agit
2696 2651 2749 2704 in
2775 2649 3038 2715 Ecclesia,
3073 2649 3201 2704 dum
3227 2658 3281 2705 et
3306 2658 3526 2720 peccata
3557 2659 3756 2705 nostra
3785 2666 3868 2705 so-

2283 2741 2366 2796 lus
2395 2741 2619 2805 relaxat,
2643 2749 2698 2795 et
2724 2757 2842 2811 qua:
2871 2741 3050 2796 carnis
3074 2749 3200 2796 sunt
3221 2742 3492 2798 interdum
3519 2750 3705 2797 sanat.
3741 2743 3870 2811 Quis

2282 2834 2424 2887 enim
2465 2848 2568 2888 non
2601 2832 2820 2898 videat,
2855 2832 3088 2887 animam
3111 2833 3401 2888 virtutibus
3429 2833 3755 2888 destitutam
3790 2832 3868 2903 ja-

2281 2939 2402 2980 cere
2433 2925 2484 2980 in
2515 2933 2686 2981 strato
2710 2924 3002 2980 vitiorum?
3051 2925 3202 2982 Unde
3247 2924 3616 2981 indesinenter
3635 2941 3870 2982 curren-

2280 3016 2408 3071 dum
2435 3017 2502 3071 ad
2543 3017 2773 3073 veniam.
2823 3016 2889 3071 Et
2917 3017 3043 3089 quia
3091 3033 3188 3073 nos
3227 3017 3406 3072 minus
3436 3017 3612 3072 idonei
3651 3033 3869 3082 sumus,

2272 3099 2669 3163 intercessores
2690 3107 3000 3173 adhibendi,
3045 3108 3216 3164 donec
3257 3109 3582 3164 intrinsecus
3613 3123 3873 3182 resurga—

595 3181 951 3272 eogitationes
997 3206 1202 3254 vestras
1257 3195 1491 3258 intueor,
1531 3193 1762 3264 probare
1814 3191 2042 3264 potestis
2091 3205 2178 3247 me
2205 3181 2250 3243 C
2283 3185 2420 3253 inus,
2453 3197 2533 3254 0b
2575 3196 2731 3267 cujus
2772 3200 3136 3254 testimonium
3181 3199 3256 3253 ait
3301 3199 3599 3272 paralytico
3628 3218 3642 3254 :
3676 3181 3868 3272 Surge,

593 3290 766 3347 Deum
795 3304 936 3354 esse,
973 3288 1065 3360 qui
1105 3302 1200 3343 cas
1244 3284 1469 3355 aspicio,
1505 3282 1647 3352 quod
1696 3297 1855 3336 nemo
1885 3282 1990 3336 nisi
2036 3282 2178 3336 Deus

594 3391 788 3454 potest.
816 3381 989 3452 Atque
1019 3396 1087 3435 ex
1126 3379 1228 3434 hoc
1255 3377 1397 3448 quod
1437 3389 1636 3443 negare
1666 3373 1886 3428 minime
1929 3373 2173 3444 potestis,

593 3481 805 3528 vosmet
831 3470 1154 3534 convincite,
1181 3476 1235 3524 et
1265 3465 1542 3538 perﬁdiam
1573 3471 1843 3534 superate.

580 3613 587 3622 .
663 3564 804 3632 Quid
833 3572 906 3618 est
937 3563 1073 3616 enim
1100 3559 1312 3632 facilius
1341 3558 1549 3612 dicere:
1578 3556 1914 3608 dimittuntur
1942 3553 2034 3607 tibi
2061 3570 2179 3623 pec-

573 3641 709 3738 :cala
742 3667 866 3720 tua,
912 3672 982 3709 an
1011 3655 1180 3708 dicere
1212 3666 1230 3704 :
1266 3650 1434 3721 Surge
1477 3659 1524 3703 et
1575 3646 1826 3701 ambula?
1864 3645 1996 3701 Nam
2037 3646 2177 3716 apud

569 3737 840 3818 homines
868 3747 1009 3801 inter
1038 3745 1218 3800 facere
1253 3750 1307 3796 et
1343 3742 1544 3805 dicere,
1577 3739 1745 3793 multa
1780 3737 2036 3794 distantia
2060 3745 2171 3802 est;

589 3840 731 3910 apud
765 3839 934 3893 Deum
974 3850 1125 3897 vero,
1151 3841 1440 3903 utrumque
1469 3845 1535 3885 ex
1581 3837 1848 3900 potestate
1875 3827 2172 3891 descendit,

589 3941 651 3987 ut
682 3935 774 3987 ﬁat
801 3931 1011 4001 signum
1042 3924 1281 3992 visibile;
1310 3933 1576 3996 quatenus
1605 3921 1734 3976 illud
1763 3920 2003 3989 spiritale
2035 3919 2176 3988 quod

589 4027 688 4090 ait,
725 4003 1061 4077 dimittuntur
1099 4020 1190 4074 tibi
1230 4027 1440 4089 peccata
1473 4025 1586 4079 tua,
1632 4015 1832 4068 factum
1864 4013 1918 4066 in
1949 4012 2176 4065 veritate

587 4114 942 4184 intelligatur.
985 4109 1239 4179 Alioquin
1276 4109 1415 4164 sicut
1455 4105 1680 4175 imperio
1723 4103 1913 4158 vitium
1960 4102 2172 4165 animae,

585 4211 810 4276 peccata
858 4200 1099 4265 scilicet,
1149 4213 1308 4253 nemo
1352 4204 1531 4267 potest
1580 4209 1833 4265 purgare,
1879 4193 1983 4248 nisi
2028 4191 2177 4248 solus

590 4297 754 4361 Deus,
779 4295 852 4349 ita
875 4291 1095 4348 omnino
1117 4304 1220 4344 nec
1247 4288 1435 4344 vitium
1465 4286 1666 4342 carnis.
1695 4285 1772 4340 Ex
1803 4300 1908 4355 quo
1940 4290 2170 4348 constat,

589 4403 697 4442 non
729 4386 870 4440 sicut
910 4382 1238 4438 Manichzeus
1266 4379 1480 4445 delirat,
1525 4379 1619 4434 sed
1665 4385 1832 4432 totum
1873 4375 2038 4448 429
2072 4376 2168 4430 ho-

555 4461 788 4533 lmincm
818 4477 885 4532 ab
925 4475 1117 4546 opiﬁce
1149 4488 1257 4528 uno
1291 4481 1555 4528 creatum.
1589 4469 1797 4525 Idcirco
1831 4469 1965 4524 nihil
1995 4465 2171 4522 minus

2279 3289 2401 3344 tolle
2429 3288 2616 3344 lectum
2666 3301 2844 3354 tuum,
2889 3301 2935 3344 et
2980 3291 3110 3344 vade
3150 3293 3207 3345 in
3248 3291 3463 3368 domum
3503 3302 3671 3345 tuam.
3706 3293 3874 3366 ‘30

2279 3378 2478 3432 Eadem
2510 3381 2707 3449 quippe
2732 3388 2970 3450 potestas
2991 3380 3107 3450 ejus
3131 3380 3236 3435 erit
3262 3381 3315 3435 in
3345 3382 3777 3448 resurrectione,
3821 3383 3872 3437 iu

2278 3486 2382 3539 qua
2408 3471 2604 3525 mortui
2634 3472 2724 3540 qui
2753 3471 2806 3525 in
2836 3470 3062 3526 Domino
3088 3479 3212 3526 sunt
3236 3481 3520 3542 resurgent
3544 3471 3738 3542 primi.
3769 3472 3872 3528 Sed

2279 3561 2422 3632 quod
2445 3561 2539 3626 ait,
2567 3560 2709 3615 Tolle
2729 3560 2916 3615 lectum
2945 3572 3112 3628 tuum,
3159 3562 3368 3617 duabus
3389 3562 3457 3616 de
3499 3561 3686 3617 causis
3734 3563 3871 3618 dici-

2282 3661 2367 3706 tur
2397 3670 2409 3705 :
2435 3660 2494 3705 ut
2519 3659 2574 3706 et
2603 3668 2728 3706 vera
2759 3652 2986 3718 sanitas,
3027 3662 3082 3708 et
3117 3655 3282 3708 robur
3307 3654 3526 3710 virtutis
3548 3655 3828 3709 redditum
3855 3695 3872 3720 ,

2278 3743 2488 3797 cunctis
2513 3751 2847 3812 putesceret;
2873 3755 2928 3798 et
2953 3744 3081 3814 quid
3103 3760 3200 3815 per
3225 3745 3326 3801 hoc
3351 3746 3580 3817 mystice
3602 3745 3877 3816 ﬁgurare-

2279 3841 2387 3898 tur,
2420 3833 2757 3889 manifestius
2803 3833 3148 3891 claresceret.
3178 3835 3312 3892 Nam
3344 3853 3441 3907 per
3469 3836 3670 3892 lectum
3719 3837 3876 3892 infir-

2279 3927 2440 3980 mitas
2481 3927 2660 3982 carnis
2687 3927 3021 3999 designatur.
3056 3927 3123 3983 Et
3162 3928 3251 3984 hic
3271 3938 3356 3984 est
3377 3929 3550 3985 lectus
3579 3928 3795 3985 doloris
3821 3930 3874 3984 in

2277 4030 2384 4084 quo
2407 4016 2586 4071 anima
2609 4018 2794 4072 nostra
2819 4018 3165 4073 conscientia:
3184 4018 3427 4074 cruciatu
3448 4019 3642 4089 iacens
3666 4018 3872 4074 afﬂicta

2280 4111 2578 4173 torquetur.
2625 4104 2847 4173 Mirum,
2883 4107 3338 4178 quandoquidem,
3385 4109 3513 4164 dum
3543 4093 3874 4164 relaxantur

2277 4203 2522 4264 peccata,
2545 4197 2726 4251 carnis
2773 4197 3062 4253 inﬁrmitas
3092 4215 3199 4254 non
3231 4200 3465 4264 tollitur;
3506 4202 3628 4256 ideo
3647 4201 3870 4264 lectus,

2277 4286 2330 4341 in
2360 4302 2468 4357 quo
2493 4289 2644 4359 prius
2679 4290 3000 4360 portabatur
3031 4291 3296 4358 inﬁrmus,
3345 4294 3413 4348 ab
3443 4294 3560 4364 ipso
3587 4304 3871 4364 portatur.

2275 4375 2389 4432 Nec
2416 4379 2637 4434 dubium
2660 4381 2788 4450 quin
2817 4397 2977 4437 nemo
2997 4383 3103 4437 nisi
3130 4397 3197 4438 ex
3222 4383 3538 4440 inﬁrmitate
3565 4387 3762 4442 carnis
3783 4395 3879 4441 aut

2278 4471 2471 4524 animae
2499 4472 2830 4538 dissolvitur,
2867 4483 2922 4529 et
2967 4474 3286 4530 mortalibus
3332 4477 3561 4532 nexibus
3589 4477 3876 4534 irretitur.

554 4550 840 4638 'potentiaa
859 4538 1336 4631 esu-Dimittuntur
1354 4561 1446 4616 tibi
1463 4559 1675 4631 peccata
1696 4571 1810 4626 tua,
1833 4576 1994 4630 quam
2016 4577 2171 4630 surge
2199 4538 2248 4598 Ῑ)
2278 4563 2385 4619 Sed
2408 4573 2632 4634 peccata
2656 4565 2711 4619 in
2740 4565 3029 4636 baptismo,
3053 4575 3145 4621 aut
3173 4576 3322 4622 certe
3342 4582 3558 4637 semper
3578 4584 3650 4623 ea
3679 4565 3876 4626 indul-

555 4647 632 4738 et
681 4657 912 4712 ambula.
958 4656 1111 4712 Fecit
1159 4654 1305 4710 enim
1353 4654 1456 4708 hoc
1506 4661 1883 4721 argumentum
1921 4652 2168 4708 Salvator

583 4759 775 4808 contra
804 4748 1081 4819 perﬁdiam
1109 4761 1320 4813 eorum,
1348 4753 1408 4800 ut
1442 4744 1487 4800 si
1517 4745 1583 4800 de
1610 4744 2025 4812 cogitationibus
2061 4754 2166 4800 ter-

581 4845 1006 4918 giversarentur,
1041 4840 1194 4896 ﬁeret
1218 4839 1538 4894 miraculum
1565 4837 1793 4904 visibile,
1822 4839 1908 4893 cui
1937 4837 2164 4894 Deitatis

555 4917 716 5006 'Opus
744 4949 850 4988 non
881 4932 1088 5003 possint
1113 4932 1398 5001 denegare.

554 5011 560 5018 ’
651 5021 716 5078 Ut
745 5023 943 5086 sciatis,
971 5021 1164 5090 inquit,
1193 5021 1315 5090 quia
1340 5019 1482 5089 ﬁlius
1515 5020 1735 5074 hominis
1763 5020 1913 5074 habet
1937 5031 2164 5090 potesta-

581 5125 676 5170 tem
700 5115 754 5170 in
781 5123 920 5168 terra
947 5111 1242 5165 dimittendi
1268 5122 1477 5180 peccata
1507 5123 1525 5160 :
1559 5119 1681 5164 tunc
1712 5111 1784 5163 ait
1827 5111 2117 5180 paralytico
2141 5127 2161 5166 :

584 5206 747 5275 Surge
783 5215 831 5260 et
860 5202 1094 5257 ambula.
1122 5200 1234 5255 lloc
1257 5201 1455 5271 quippe
1477 5201 1619 5271 quod
1648 5201 1743 5263 ait,
1773 5210 1826 5252 ut
1855 5201 2052 5265 sciatis,
2093 5203 2161 5256 ad

574 5292 787 5350 Iudaeos
843 5293 1112 5364 loquitur;
1157 5292 1252 5346 sed
1302 5291 1479 5345 adhuc
1531 5291 1843 5358 imperfecto
1896 5291 2160 5360 pendente

577 5400 845 5452 sermone,
880 5383 1208 5455 evangelista
1235 5381 1550 5453 interponit,
1576 5381 1722 5435 Tunc
1746 5382 1820 5434 ait
1843 5378 2154 5452 paralytico,

549 5469 794 5536 deinde.
814 5495 989 5536 sermo
1021 5477 1267 5548 sequitur
1305 5475 1606 5531 Salvatoris
1633 5474 1822 5542 plenus
1848 5483 2114 5543 potestate
2139 5489 2154 5530 :

549 5629 552 5634 _
575 5566 749 5639 Surge
775 5577 825 5623 et
843 5569 1071 5624 ambula.
1105 5567 1232 5624 Tria
1256 5566 1475 5638 quidem
1507 5563 1668 5620 simul
1694 5564 1946 5634 imperat,
1973 5580 2156 5638 surge,

570 5666 631 5716 et
657 5657 892 5724 ambula,
923 5667 978 5714 et
1019 5659 1144 5716 tolle
1181 5657 1464 5729 grabatum
1511 5663 1692 5719 tuum;
1723 5670 1786 5710 ac
1814 5656 1858 5710 si
1911 5663 2157 5726 patenter

645 5785 668 5814 ⁸
703 5771 1008 5838 Legendum
1034 5772 1243 5826 videtur
1268 5769 1468 5824 eadem.
1497 5763 1500 5766 ’

2273 4657 2453 4727 gentia
2481 4657 2787 4725 donantur;
2819 4658 3106 4713 inﬁrmitas
3145 4674 3276 4714 vero
3315 4659 3719 4730 peccandi"aut
3751 4679 3881 4718 cor-

2275 4749 2556 4819 rumpendi
2599 4757 2799 4804 manet.
2842 4749 2980 4806 Hinc
3020 4765 3232 4820 quoque
3260 4759 3315 4806 et
3356 4751 3408 4806 in
3440 4751 3676 4808 Psalmis
3709 4769 3729 4808 :
3768 4755 3880 4821 Qui

2270 4838 2585 4908 propitiatur
2607 4840 2845 4894 omnibus
2869 4841 3230 4911 iniquitatibus
3243 4841 3370 4904 tuis,
3388 4841 3477 4910 qui
3495 4851 3650 4894 sanat
3682 4860 3884 4898 omnes

2271 4929 2603 4997 inﬁrmitates
2629 4942 2747 4986 tuas
2795 4929 2969 5003 (Psal.
3000 4949 3072 4988 cu
3092 4975 3106 4998 ,
3134 4933 3213 5003 5).
3239 4931 3396 4986 Aliud
3420 4932 3638 5002 quidem
3671 4937 3882 5004 operis

2267 5021 2558 5076 ostendens
2591 5022 2933 5092 propitiandi,
2967 5022 3108 5076 aliud
3138 5037 3266 5077 vero
3288 5021 3531 5077 sanandi.
3557 5020 3884 5093 Propterea

2265 5125 2396 5183 ergo
2419 5122 2475 5168 et
2497 5113 2694 5168 lectum
2717 5113 2938 5183 jubetur
2965 5113 3174 5179 tollere,
3202 5113 3328 5168 licet
3358 5113 3488 5168 vitia
3512 5113 3882 5180 relaxentur,

2265 5211 2531 5273 quatenus
2552 5205 2919 5274 unusquisque
2942 5205 3222 5276 intelligat,
3254 5221 3437 5261 secum
3460 5221 3679 5275 semper
3701 5225 3883 5265 suam

2265 5293 2639 5349 inﬁrmitatem
2689 5303 2924 5364 portare.
2971 5295 3030 5349 ln
3083 5310 3188 5364 qua
3239 5296 3495 5350 nimirum
3529 5296 3886 5357 inﬁrmitate

2264 5399 2372 5439 non
2395 5384 2660 5455 jacemus,
2692 5385 2795 5440 nisi
2825 5385 2951 5440 dum
2972 5387 3371 5442 succumbimus
3392 5404 3407 5454 ;
3431 5387 3559 5457 quia
3583 5386 3888 5450 Dominus

2263 5489 2421 5546 opem
2452 5475 2554 5530 fert
2579 5489 2742 5544 super
2765 5475 2963 5530 lectum
3003 5475 3204 5532 doloris
3249 5478 3440 5542 nostri,
3470 5477 3596 5533 licet
3626 5480 3890 5537 univer-

2262 5583 2380 5625 sum
2427 5577 2653 5625 stratum
2702 5567 2922 5624 humani
2961 5569 3177 5639 generis
3208 5569 3263 5624 in
3299 5569 3614 5624 inﬁrmitate
3657 5585 3886 5631 versa-

2260 5661 2416 5717 verit.
2475 5661 2681 5716 ldcireo
2727 5668 2847 5728 post
2895 5660 3158 5716 medelam
3200 5660 3408 5724 salutis,
3469 5670 3589 5729 post
3628 5665 3888 5723 veniam
