  <div class='ocr_page' id='page_1' title='image "/cluster/home/n/w/nwhite01/storage/ocr_20150623/120/hvd.32044015466923/190.png"; bbox 0 0 4000 6362; ppageno 0'>
   <div class='ocr_carea' id='block_1_1' title="bbox 966 254 2611 375">
    <p class='ocr_par' dir='ltr' id='par_1_1' title="bbox 966 254 2611 375">
     <span class='ocr_line' id='line_1_1' title="bbox 966 254 2611 375; baseline 0.004 -19"><span class='ocrx_word' id='word_1_1' title='bbox 966 290 1327 358; x_wconf 70' lang='grc' dir='ltr'>ιιιιιιοειτιο</span> <span class='ocrx_word' id='word_1_2' title='bbox 1363 254 1430 357; x_wconf 73' lang='lat' dir='ltr'><strong>tu</strong></span> <span class='ocrx_word' id='word_1_3' title='bbox 1470 296 1909 360; x_wconf 60' lang='lat' dir='ltr'><strong>narramus.</strong></span> <span class='ocrx_word' id='word_1_4' title='bbox 1948 334 2016 345; x_wconf 84' lang='lat'><strong>—</strong></span> <span class='ocrx_word' id='word_1_5' title='bbox 2052 304 2181 362; x_wconf 81' lang='lat' dir='ltr'><strong>Lm.</strong></span> <span class='ocrx_word' id='word_1_6' title='bbox 2221 298 2289 375; x_wconf 73' lang='grc' dir='ltr'><strong>ν,</strong></span> <span class='ocrx_word' id='word_1_7' title='bbox 2326 302 2481 364; x_wconf 62' lang='lat' dir='ltr'><strong>car.</strong></span> <span class='ocrx_word' id='word_1_8' title='bbox 2520 305 2611 365; x_wconf 85' lang='lat' dir='ltr'><strong>ut.</strong></span> 
     </span>
    </p>
   </div>
   <div class='ocr_carea' id='block_1_2' title="bbox 3305 320 3412 395">
    <p class='ocr_par' dir='ltr' id='par_1_2' title="bbox 3305 320 3412 395">
     <span class='ocr_line' id='line_1_2' title="bbox 3305 320 3412 395; baseline -0.019 -10"><span class='ocrx_word' id='word_1_9' title='bbox 3305 320 3412 395; x_wconf 71' lang='lat'><strong>879</strong></span> 
     </span>
    </p>
   </div>
   <div class='ocr_carea' id='block_1_3' title="bbox 167 404 3408 510">
    <p class='ocr_par' dir='ltr' id='par_1_3' title="bbox 167 404 3408 510">
     <span class='ocr_line' id='line_1_3' title="bbox 167 404 3408 510; baseline 0.014 -53"><span class='ocrx_word' id='word_1_10' title='bbox 167 410 489 471; x_wconf 78' lang='lat' dir='ltr'><strong>delictorum,</strong></span> <span class='ocrx_word' id='word_1_11' title='bbox 538 404 593 464; x_wconf 91' lang='lat' dir='ltr'><strong>in</strong></span> <span class='ocrx_word' id='word_1_12' title='bbox 620 410 809 465; x_wconf 77' lang='lat' dir='ltr'><strong>eodem</strong></span> <span class='ocrx_word' id='word_1_13' title='bbox 853 408 1183 467; x_wconf 88' lang='lat' dir='ltr'><strong>inﬁrmitatis</strong></span> <span class='ocrx_word' id='word_1_14' title='bbox 1233 413 1371 467; x_wconf 90' lang='lat' dir='ltr'><strong>lecto</strong></span> <span class='ocrx_word' id='word_1_15' title='bbox 1401 428 1506 467; x_wconf 87' lang='lat' dir='ltr'><strong>non</strong></span> <span class='ocrx_word' id='word_1_16' title='bbox 1532 411 1721 482; x_wconf 83' lang='lat' dir='ltr'><strong>jacen-</strong></span> <span class='ocrx_word' id='word_1_17' title='bbox 1750 419 1801 477; x_wconf 77' lang='grc' dir='ltr'>Α</span> <span class='ocrx_word' id='word_1_18' title='bbox 1824 416 2319 510; x_wconf 68' lang='lat' dir='ltr'><strong>praedestinatione,</strong></span> <span class='ocrx_word' id='word_1_19' title='bbox 2341 420 2572 477; x_wconf 86' lang='lat' dir='ltr'><strong>necdum</strong></span> <span class='ocrx_word' id='word_1_20' title='bbox 2595 432 2774 481; x_wconf 88' lang='lat' dir='ltr'><strong>tamen</strong></span> <span class='ocrx_word' id='word_1_21' title='bbox 2797 438 3021 506; x_wconf 81' lang='lat' dir='ltr'><strong>vocatus</strong></span> <span class='ocrx_word' id='word_1_22' title='bbox 3040 433 3106 490; x_wconf 89' lang='lat' dir='ltr'><strong>ad</strong></span> <span class='ocrx_word' id='word_1_23' title='bbox 3134 440 3366 510; x_wconf 87' lang='lat' dir='ltr'><strong>gratiam</strong></span> <span class='ocrx_word' id='word_1_24' title='bbox 3388 463 3408 502; x_wconf 89' lang='lat'><strong>:</strong></span> 
     </span>
    </p>
   </div>
   <div class='ocr_carea' id='block_1_4' title="bbox 165 498 1729 573">
    <p class='ocr_par' dir='ltr' id='par_1_4' title="bbox 165 498 1729 573">
     <span class='ocr_line' id='line_1_4' title="bbox 165 498 1729 573; baseline 0.003 -18"><span class='ocrx_word' id='word_1_25' title='bbox 165 503 297 566; x_wconf 88' lang='lat' dir='ltr'><strong>dum,</strong></span> <span class='ocrx_word' id='word_1_26' title='bbox 328 501 421 556; x_wconf 85' lang='lat' dir='ltr'><strong>sed</strong></span> <span class='ocrx_word' id='word_1_27' title='bbox 447 499 777 570; x_wconf 89' lang='lat' dir='ltr'><strong>portandum</strong></span> <span class='ocrx_word' id='word_1_28' title='bbox 800 509 883 556; x_wconf 90' lang='lat' dir='ltr'><strong>est</strong></span> <span class='ocrx_word' id='word_1_29' title='bbox 922 498 1153 569; x_wconf 77' lang='lat' dir='ltr'><strong>fortiter,</strong></span> <span class='ocrx_word' id='word_1_30' title='bbox 1179 510 1235 558; x_wconf 91' lang='lat' dir='ltr'><strong>et</strong></span> <span class='ocrx_word' id='word_1_31' title='bbox 1259 504 1388 557; x_wconf 89' lang='lat' dir='ltr'><strong>vitia</strong></span> <span class='ocrx_word' id='word_1_32' title='bbox 1418 519 1729 573; x_wconf 67' lang='lat' dir='ltr'><strong>praecaven-</strong></span> 
     </span>
    </p>
   </div>
   <div class='ocr_carea' id='block_1_5' title="bbox 166 590 1727 667">
    <p class='ocr_par' dir='ltr' id='par_1_5' title="bbox 166 590 1727 667">
     <span class='ocr_line' id='line_1_5' title="bbox 166 590 1727 667; baseline 0.003 -20"><span class='ocrx_word' id='word_1_33' title='bbox 166 593 241 647; x_wconf 87' lang='lat' dir='ltr'><strong>da.</strong></span> <span class='ocrx_word' id='word_1_34' title='bbox 268 590 402 646; x_wconf 82' lang='lat' dir='ltr'><strong>Hinc</strong></span> <span class='ocrx_word' id='word_1_35' title='bbox 437 606 571 663; x_wconf 89' lang='lat' dir='ltr'><strong>ergo</strong></span> <span class='ocrx_word' id='word_1_36' title='bbox 614 600 865 661; x_wconf 88' lang='lat' dir='ltr'><strong>patenter</strong></span> <span class='ocrx_word' id='word_1_37' title='bbox 889 593 967 648; x_wconf 86' lang='lat' dir='ltr'><strong>ait</strong></span> <span class='ocrx_word' id='word_1_38' title='bbox 1003 612 1015 648; x_wconf 91' lang='lat'>:</span> <span class='ocrx_word' id='word_1_39' title='bbox 1044 592 1189 649; x_wconf 82' lang='lat' dir='ltr'><strong>Tolle</strong></span> <span class='ocrx_word' id='word_1_40' title='bbox 1232 594 1420 650; x_wconf 87' lang='lat' dir='ltr'><strong>lectum</strong></span> <span class='ocrx_word' id='word_1_41' title='bbox 1465 606 1637 662; x_wconf 85' lang='lat' dir='ltr'><strong>tuum,</strong></span> <span class='ocrx_word' id='word_1_42' title='bbox 1679 613 1727 667; x_wconf 75' lang='grc' dir='ltr'>ει</span> 
     </span>
    </p>
   </div>
   <div class='ocr_carea' id='block_1_6' title="bbox 164 683 1727 759">
    <p class='ocr_par' dir='ltr' id='par_1_6' title="bbox 164 683 1727 759">
     <span class='ocr_line' id='line_1_6' title="bbox 164 683 1727 759; baseline 0.004 -23"><span class='ocrx_word' id='word_1_43' title='bbox 164 684 277 737; x_wconf 71' lang='lat' dir='ltr'><strong>sude</strong></span> <span class='ocrx_word' id='word_1_44' title='bbox 302 683 357 759; x_wconf 78' lang='lat' dir='ltr'><strong>in</strong></span> <span class='ocrx_word' id='word_1_45' title='bbox 380 684 596 738; x_wconf 82' lang='lat' dir='ltr'><strong>domum</strong></span> <span class='ocrx_word' id='word_1_46' title='bbox 618 694 783 740; x_wconf 83' lang='lat' dir='ltr'><strong>tuam.</strong></span> <span class='ocrx_word' id='word_1_47' title='bbox 828 685 1031 742; x_wconf 90' lang='lat' dir='ltr'><strong>Domus</strong></span> <span class='ocrx_word' id='word_1_48' title='bbox 1061 694 1241 743; x_wconf 89' lang='lat' dir='ltr'><strong>autem</strong></span> <span class='ocrx_word' id='word_1_49' title='bbox 1275 696 1479 754; x_wconf 90' lang='lat' dir='ltr'><strong>nostra,</strong></span> <span class='ocrx_word' id='word_1_50' title='bbox 1509 688 1727 759; x_wconf 87' lang='lat' dir='ltr'><strong>paradi-</strong></span> 
     </span>
    </p>
   </div>
   <div class='ocr_carea' id='block_1_7' title="bbox 164 758 1725 849">
    <p class='ocr_par' dir='ltr' id='par_1_7' title="bbox 164 758 1725 849">
     <span class='ocr_line' id='line_1_7' title="bbox 164 758 1725 849; baseline 0.003 -18"><span class='ocrx_word' id='word_1_51' title='bbox 164 792 241 832; x_wconf 87' lang='lat' dir='ltr'><strong>sus</strong></span> <span class='ocrx_word' id='word_1_52' title='bbox 267 758 363 832; x_wconf 74' lang='lat' dir='ltr'><strong>esi.</strong></span> <span class='ocrx_word' id='word_1_53' title='bbox 391 776 472 832; x_wconf 89' lang='lat' dir='ltr'><strong>De</strong></span> <span class='ocrx_word' id='word_1_54' title='bbox 502 791 632 847; x_wconf 88' lang='lat' dir='ltr'><strong>qua,</strong></span> <span class='ocrx_word' id='word_1_55' title='bbox 660 766 904 846; x_wconf 56' lang='lat' dir='ltr'><strong>inquam&#39;,</strong></span> <span class='ocrx_word' id='word_1_56' title='bbox 925 776 1084 832; x_wconf 92' lang='lat' dir='ltr'><strong>domo</strong></span> <span class='ocrx_word' id='word_1_57' title='bbox 1112 775 1380 848; x_wconf 81' lang='lat' dir='ltr'><strong>Propheta</strong></span> <span class='ocrx_word' id='word_1_58' title='bbox 1408 758 1725 849; x_wconf 78' lang='lat' dir='ltr'><strong>gratulando</strong></span> 
     </span>
    </p>
   </div>
   <div class='ocr_carea' id='block_1_8' title="bbox 163 863 1723 937">
    <p class='ocr_par' dir='ltr' id='par_1_8' title="bbox 163 863 1723 937">
     <span class='ocr_line' id='line_1_8' title="bbox 163 863 1723 937; baseline 0.003 -17"><span class='ocrx_word' id='word_1_59' title='bbox 163 868 288 920; x_wconf 86' lang='lat' dir='ltr'><strong>canit</strong></span> <span class='ocrx_word' id='word_1_60' title='bbox 317 884 329 919; x_wconf 92' lang='lat'>:</span> <span class='ocrx_word' id='word_1_61' title='bbox 360 863 600 921; x_wconf 76' lang='lat' dir='ltr'><strong>Lctatus</strong></span> <span class='ocrx_word' id='word_1_62' title='bbox 626 882 740 920; x_wconf 82' lang='lat' dir='ltr'><strong>sum</strong></span> <span class='ocrx_word' id='word_1_63' title='bbox 771 865 827 919; x_wconf 85' lang='lat' dir='ltr'><strong>in</strong></span> <span class='ocrx_word' id='word_1_64' title='bbox 852 865 932 921; x_wconf 76' lang='lat' dir='ltr'><strong>Itis</strong></span> <span class='ocrx_word' id='word_1_65' title='bbox 957 883 1075 937; x_wconf 78' lang='lat' dir='ltr'><strong>qua:</strong></span> <span class='ocrx_word' id='word_1_66' title='bbox 1119 866 1259 921; x_wconf 87' lang='lat' dir='ltr'><strong>dicta</strong></span> <span class='ocrx_word' id='word_1_67' title='bbox 1307 878 1427 924; x_wconf 85' lang='lat' dir='ltr'><strong>sunt</strong></span> <span class='ocrx_word' id='word_1_68' title='bbox 1476 869 1638 935; x_wconf 75' lang='lat' dir='ltr'><strong>milii;</strong></span> <span class='ocrx_word' id='word_1_69' title='bbox 1664 870 1723 925; x_wconf 78' lang='lat' dir='ltr'><strong>in</strong></span> 
     </span>
    </p>
   </div>
   <div class='ocr_carea' id='block_1_9' title="bbox 162 954 1721 1032">
    <p class='ocr_par' dir='ltr' id='par_1_9' title="bbox 162 954 1721 1032">
     <span class='ocr_line' id='line_1_9' title="bbox 162 954 1721 1032; baseline 0.003 -20"><span class='ocrx_word' id='word_1_70' title='bbox 162 960 351 1013; x_wconf 78' lang='lat' dir='ltr'><strong>domum</strong></span> <span class='ocrx_word' id='word_1_71' title='bbox 378 958 592 1013; x_wconf 87' lang='lat' dir='ltr'><strong>Domini</strong></span> <span class='ocrx_word' id='word_1_72' title='bbox 612 958 801 1013; x_wconf 82' lang='lat' dir='ltr'><strong>ibimus</strong></span> <span class='ocrx_word' id='word_1_73' title='bbox 825 954 997 1030; x_wconf 84' lang='lat' dir='ltr'><strong>(Psal.</strong></span> <span class='ocrx_word' id='word_1_74' title='bbox 1024 975 1170 1025; x_wconf 79' lang='lat' dir='ltr'><strong>cxxr,</strong></span> <span class='ocrx_word' id='word_1_75' title='bbox 1193 959 1264 1029; x_wconf 84' lang='lat' dir='ltr'><strong>l).</strong></span> <span class='ocrx_word' id='word_1_76' title='bbox 1284 960 1364 1016; x_wconf 81' lang='lat' dir='ltr'><strong>Ad</strong></span> <span class='ocrx_word' id='word_1_77' title='bbox 1378 977 1538 1032; x_wconf 88' lang='lat' dir='ltr'><strong>quam</strong></span> <span class='ocrx_word' id='word_1_78' title='bbox 1563 962 1721 1017; x_wconf 84' lang='lat' dir='ltr'><strong>uimi-</strong></span> 
     </span>
    </p>
   </div>
   <div class='ocr_carea' id='block_1_10' title="bbox 161 1052 1721 1122">
    <p class='ocr_par' dir='ltr' id='par_1_10' title="bbox 161 1052 1721 1122">
     <span class='ocr_line' id='line_1_10' title="bbox 161 1052 1721 1122; baseline 0.004 -17"><span class='ocrx_word' id='word_1_79' title='bbox 161 1067 263 1105; x_wconf 85' lang='lat' dir='ltr'><strong>rum</strong></span> <span class='ocrx_word' id='word_1_80' title='bbox 320 1052 544 1108; x_wconf 90' lang='lat' dir='ltr'><strong>domum</strong></span> <span class='ocrx_word' id='word_1_81' title='bbox 591 1052 913 1122; x_wconf 84' lang='lat' dir='ltr'><strong>repedantes</strong></span> <span class='ocrx_word' id='word_1_82' title='bbox 940 1094 956 1118; x_wconf 89' lang='lat'><strong>,</strong></span> <span class='ocrx_word' id='word_1_83' title='bbox 1007 1052 1150 1108; x_wconf 88' lang='lat' dir='ltr'><strong>ferre</strong></span> <span class='ocrx_word' id='word_1_84' title='bbox 1214 1054 1471 1110; x_wconf 85' lang='lat' dir='ltr'><strong>debemus</strong></span> <span class='ocrx_word' id='word_1_85' title='bbox 1523 1055 1721 1112; x_wconf 89' lang='lat' dir='ltr'><strong>lectum</strong></span> 
     </span>
    </p>
   </div>
   <div class='ocr_carea' id='block_1_11' title="bbox 161 1142 1718 1215">
    <p class='ocr_par' dir='ltr' id='par_1_11' title="bbox 161 1142 1718 1215">
     <span class='ocr_line' id='line_1_11' title="bbox 161 1142 1718 1215; baseline 0.004 -20"><span class='ocrx_word' id='word_1_86' title='bbox 161 1142 472 1198; x_wconf 75' lang='lat' dir='ltr'><strong>inﬁrmitatis</strong></span> <span class='ocrx_word' id='word_1_87' title='bbox 502 1150 736 1208; x_wconf 67' lang='lat' dir='ltr'><strong>nostrae,</strong></span> <span class='ocrx_word' id='word_1_88' title='bbox 765 1152 986 1199; x_wconf 82' lang='lat' dir='ltr'><strong>orantes</strong></span> <span class='ocrx_word' id='word_1_89' title='bbox 1015 1163 1028 1196; x_wconf 88' lang='lat'><strong>:</strong></span> <span class='ocrx_word' id='word_1_90' title='bbox 1057 1142 1307 1199; x_wconf 77' lang='lat' dir='ltr'><strong>Miserere</strong></span> <span class='ocrx_word' id='word_1_91' title='bbox 1330 1146 1450 1211; x_wconf 76' lang='lat' dir='ltr'><strong>uici,</strong></span> <span class='ocrx_word' id='word_1_92' title='bbox 1478 1146 1718 1215; x_wconf 80' lang='lat' dir='ltr'><strong>Domine,</strong></span> 
     </span>
    </p>
   </div>
   <div class='ocr_carea' id='block_1_12' title="bbox 158 1233 1722 1312">
    <p class='ocr_par' dir='ltr' id='par_1_12' title="bbox 158 1233 1722 1312">
     <span class='ocr_line' id='line_1_12' title="bbox 158 1233 1722 1312; baseline 0.007 -26"><span class='ocrx_word' id='word_1_93' title='bbox 158 1235 386 1303; x_wconf 73' lang='lat' dir='ltr'><strong>quoniam</strong></span> <span class='ocrx_word' id='word_1_94' title='bbox 411 1235 657 1304; x_wconf 77' lang='lat' dir='ltr'><strong>inﬁmus</strong></span> <span class='ocrx_word' id='word_1_95' title='bbox 678 1251 794 1289; x_wconf 76' lang='lat' dir='ltr'><strong>sum</strong></span> <span class='ocrx_word' id='word_1_96' title='bbox 823 1233 995 1307; x_wconf 86' lang='lat' dir='ltr'><strong>(Psal.</strong></span> <span class='ocrx_word' id='word_1_97' title='bbox 1027 1252 1101 1302; x_wconf 77' lang='lat' dir='ltr'><strong>vr,</strong></span> <span class='ocrx_word' id='word_1_98' title='bbox 1133 1238 1209 1308; x_wconf 83' lang='lat'><strong>5).</strong></span> <span class='ocrx_word' id='word_1_99' title='bbox 1238 1238 1305 1292; x_wconf 86' lang='lat' dir='ltr'><strong>Et</strong></span> <span class='ocrx_word' id='word_1_100' title='bbox 1331 1248 1531 1308; x_wconf 91' lang='lat' dir='ltr'><strong>quanto</strong></span> <span class='ocrx_word' id='word_1_101' title='bbox 1559 1240 1722 1312; x_wconf 83' lang='lat' dir='ltr'><strong>fragi-</strong></span> 
     </span>
    </p>
   </div>
   <div class='ocr_carea' id='block_1_13' title="bbox 159 1325 1722 1401">
    <p class='ocr_par' dir='ltr' id='par_1_13' title="bbox 159 1325 1722 1401">
     <span class='ocr_line' id='line_1_13' title="bbox 159 1325 1722 1401; baseline 0.009 -23"><span class='ocrx_word' id='word_1_102' title='bbox 159 1325 320 1390; x_wconf 83' lang='lat' dir='ltr'><strong>liores,</strong></span> <span class='ocrx_word' id='word_1_103' title='bbox 362 1326 583 1381; x_wconf 87' lang='lat' dir='ltr'><strong>Domini</strong></span> <span class='ocrx_word' id='word_1_104' title='bbox 622 1327 952 1399; x_wconf 62' lang='lat' dir='ltr'><strong>suffragante</strong></span> <span class='ocrx_word' id='word_1_105' title='bbox 1001 1331 1194 1401; x_wconf 89' lang='lat' dir='ltr'><strong>gratia,</strong></span> <span class='ocrx_word' id='word_1_106' title='bbox 1237 1341 1389 1387; x_wconf 81' lang='lat' dir='ltr'><strong>tanto</strong></span> <span class='ocrx_word' id='word_1_107' title='bbox 1437 1333 1722 1393; x_wconf 80' lang='lat' dir='ltr'><strong>instantius</strong></span> 
     </span>
    </p>
   </div>
   <div class='ocr_carea' id='block_1_14' title="bbox 160 1417 1717 1494">
    <p class='ocr_par' dir='ltr' id='par_1_14' title="bbox 160 1417 1717 1494">
     <span class='ocr_line' id='line_1_14' title="bbox 160 1417 1717 1494; baseline 0.008 -24"><span class='ocrx_word' id='word_1_108' title='bbox 160 1432 300 1487; x_wconf 85' lang='lat' dir='ltr'><strong>super</strong></span> <span class='ocrx_word' id='word_1_109' title='bbox 323 1417 603 1473; x_wconf 83' lang='lat' dir='ltr'><strong>Christum</strong></span> <span class='ocrx_word' id='word_1_110' title='bbox 630 1418 943 1485; x_wconf 80' lang='lat' dir='ltr'><strong>innitentes,</strong></span> <span class='ocrx_word' id='word_1_111' title='bbox 970 1422 1038 1475; x_wconf 88' lang='lat' dir='ltr'><strong>ad</strong></span> <span class='ocrx_word' id='word_1_112' title='bbox 1073 1423 1291 1478; x_wconf 90' lang='lat' dir='ltr'><strong>domum</strong></span> <span class='ocrx_word' id='word_1_113' title='bbox 1328 1424 1407 1479; x_wconf 90' lang='lat' dir='ltr'><strong>ire</strong></span> <span class='ocrx_word' id='word_1_114' title='bbox 1445 1423 1717 1494; x_wconf 75' lang='lat' dir='ltr'><strong>iubemur.</strong></span> 
     </span>
    </p>
   </div>
   <div class='ocr_carea' id='block_1_15' title="bbox 160 1507 1718 1591">
    <p class='ocr_par' dir='ltr' id='par_1_15' title="bbox 160 1507 1718 1591">
     <span class='ocr_line' id='line_1_15' title="bbox 160 1507 1718 1591; baseline 0.009 -31"><span class='ocrx_word' id='word_1_115' title='bbox 160 1507 280 1576; x_wconf 83' lang='lat' dir='ltr'><strong>Quia</strong></span> <span class='ocrx_word' id='word_1_116' title='bbox 305 1508 552 1579; x_wconf 82' lang='lat' dir='ltr'><strong>profecto</strong></span> <span class='ocrx_word' id='word_1_117' title='bbox 580 1508 753 1565; x_wconf 86' lang='lat' dir='ltr'><strong>lectus</strong></span> <span class='ocrx_word' id='word_1_118' title='bbox 794 1510 1010 1577; x_wconf 88' lang='lat' dir='ltr'><strong>doloris,</strong></span> <span class='ocrx_word' id='word_1_119' title='bbox 1038 1511 1391 1591; x_wconf 77' lang='lat' dir='ltr'><strong>refrigerium</strong></span> <span class='ocrx_word' id='word_1_120' title='bbox 1435 1533 1503 1572; x_wconf 78' lang='lat' dir='ltr'><strong>ex</strong></span> <span class='ocrx_word' id='word_1_121' title='bbox 1547 1518 1718 1589; x_wconf 88' lang='lat' dir='ltr'><strong>gratia</strong></span> 
     </span>
    </p>
   </div>
   <div class='ocr_carea' id='block_1_16' title="bbox 161 1600 1718 1672">
    <p class='ocr_par' dir='ltr' id='par_1_16' title="bbox 161 1600 1718 1672">
     <span class='ocr_line' id='line_1_16' title="bbox 161 1600 1718 1672; baseline 0.008 -20"><span class='ocrx_word' id='word_1_122' title='bbox 161 1606 208 1652; x_wconf 86' lang='lat' dir='ltr'><strong>et</strong></span> <span class='ocrx_word' id='word_1_123' title='bbox 244 1600 474 1668; x_wconf 80' lang='lat' dir='ltr'><strong>quietem</strong></span> <span class='ocrx_word' id='word_1_124' title='bbox 520 1600 869 1657; x_wconf 82' lang='lat' dir='ltr'><strong>beatitudinis</strong></span> <span class='ocrx_word' id='word_1_125' title='bbox 912 1613 1184 1672; x_wconf 86' lang='lat' dir='ltr'><strong>operatur.</strong></span> <span class='ocrx_word' id='word_1_126' title='bbox 1221 1604 1364 1660; x_wconf 85' lang='lat' dir='ltr'><strong>Tunc</strong></span> <span class='ocrx_word' id='word_1_127' title='bbox 1413 1610 1639 1663; x_wconf 73' lang='lat' dir='ltr'><strong>surrexit</strong></span> <span class='ocrx_word' id='word_1_128' title='bbox 1669 1621 1718 1665; x_wconf 89' lang='lat' dir='ltr'><strong>et</strong></span> 
     </span>
    </p>
   </div>
   <div class='ocr_carea' id='block_1_17' title="bbox 163 1687 1720 1765">
    <p class='ocr_par' dir='ltr' id='par_1_17' title="bbox 163 1687 1720 1765">
     <span class='ocr_line' id='line_1_17' title="bbox 163 1687 1720 1765; baseline 0.01 -25"><span class='ocrx_word' id='word_1_129' title='bbox 163 1687 280 1741; x_wconf 80' lang='lat' dir='ltr'><strong>abiit</strong></span> <span class='ocrx_word' id='word_1_130' title='bbox 306 1690 362 1743; x_wconf 78' lang='lat' dir='ltr'><strong>in</strong></span> <span class='ocrx_word' id='word_1_131' title='bbox 390 1690 587 1744; x_wconf 79' lang='lat' dir='ltr'><strong>domum</strong></span> <span class='ocrx_word' id='word_1_132' title='bbox 616 1707 789 1746; x_wconf 88' lang='lat' dir='ltr'><strong>suam.</strong></span> <span class='ocrx_word' id='word_1_133' title='bbox 829 1691 886 1747; x_wconf 87' lang='lat' dir='ltr'><strong>In</strong></span> <span class='ocrx_word' id='word_1_134' title='bbox 914 1709 1022 1749; x_wconf 92' lang='lat' dir='ltr'><strong>uno</strong></span> <span class='ocrx_word' id='word_1_135' title='bbox 1057 1709 1187 1765; x_wconf 85' lang='lat' dir='ltr'><strong>ergo</strong></span> <span class='ocrx_word' id='word_1_136' title='bbox 1218 1705 1489 1751; x_wconf 88' lang='lat' dir='ltr'><strong>momento</strong></span> <span class='ocrx_word' id='word_1_137' title='bbox 1511 1697 1637 1753; x_wconf 84' lang='lat' dir='ltr'><strong>dicti</strong></span> <span class='ocrx_word' id='word_1_138' title='bbox 1664 1708 1720 1755; x_wconf 89' lang='lat' dir='ltr'><strong>et</strong></span> 
     </span>
    </p>
   </div>
   <div class='ocr_carea' id='block_1_18' title="bbox 1832 506 3413 592">
    <p class='ocr_par' dir='ltr' id='par_1_18' title="bbox 1832 506 3413 592">
     <span class='ocr_line' id='line_1_18' title="bbox 1832 506 3413 592; baseline 0.02 -31"><span class='ocrx_word' id='word_1_139' title='bbox 1832 506 1954 562; x_wconf 90' lang='lat' dir='ltr'><strong>ideo</strong></span> <span class='ocrx_word' id='word_1_140' title='bbox 1987 508 2223 564; x_wconf 90' lang='lat' dir='ltr'><strong>nondum</strong></span> <span class='ocrx_word' id='word_1_141' title='bbox 2271 508 2584 569; x_wconf 73' lang='lat' dir='ltr'><strong>Matthaeum</strong></span> <span class='ocrx_word' id='word_1_142' title='bbox 2626 516 2783 583; x_wconf 90' lang='lat' dir='ltr'><strong>vidit,</strong></span> <span class='ocrx_word' id='word_1_143' title='bbox 2832 522 2926 577; x_wconf 89' lang='lat' dir='ltr'><strong>sed</strong></span> <span class='ocrx_word' id='word_1_144' title='bbox 2966 506 3238 585; x_wconf 70' lang='lat' dir='ltr'><strong>hominem</strong></span> <span class='ocrx_word' id='word_1_145' title='bbox 3276 533 3413 592; x_wconf 80' lang='lat' dir='ltr'><strong>Mat-</strong></span> 
     </span>
    </p>
   </div>
   <div class='ocr_carea' id='block_1_19' title="bbox 1831 599 3411 690">
    <p class='ocr_par' dir='ltr' id='par_1_19' title="bbox 1831 599 3411 690">
     <span class='ocr_line' id='line_1_19' title="bbox 1831 599 3411 690; baseline 0.018 -38"><span class='ocrx_word' id='word_1_146' title='bbox 1831 599 2029 690; x_wconf 65' lang='lat' dir='ltr'><strong>thaeum</strong></span> <span class='ocrx_word' id='word_1_147' title='bbox 2068 608 2275 656; x_wconf 90' lang='lat' dir='ltr'><strong>tantum</strong></span> <span class='ocrx_word' id='word_1_148' title='bbox 2315 604 2558 672; x_wconf 89' lang='lat' dir='ltr'><strong>nomine,</strong></span> <span class='ocrx_word' id='word_1_149' title='bbox 2606 609 2833 664; x_wconf 80' lang='lat' dir='ltr'><strong>necdum</strong></span> <span class='ocrx_word' id='word_1_150' title='bbox 2877 614 3073 684; x_wconf 90' lang='lat' dir='ltr'><strong>gratia.</strong></span> <span class='ocrx_word' id='word_1_151' title='bbox 3109 618 3293 690; x_wconf 88' lang='lat' dir='ltr'><strong>Vidit,</strong></span> <span class='ocrx_word' id='word_1_152' title='bbox 3327 626 3411 681; x_wconf 83' lang='lat' dir='ltr'><strong>in-</strong></span> 
     </span>
    </p>
   </div>
   <div class='ocr_carea' id='block_1_20' title="bbox 1829 666 3412 775">
    <p class='ocr_par' dir='ltr' id='par_1_20' title="bbox 1829 666 3412 775">
     <span class='ocr_line' id='line_1_20' title="bbox 1829 666 3412 775; baseline 0.018 -31"><span class='ocrx_word' id='word_1_153' title='bbox 1829 666 2014 763; x_wconf 57' lang='lat' dir='ltr'><strong>qu‘am,</strong></span> <span class='ocrx_word' id='word_1_154' title='bbox 2044 693 2315 749; x_wconf 84' lang='lat' dir='ltr'><strong>hominem</strong></span> <span class='ocrx_word' id='word_1_155' title='bbox 2344 710 2411 750; x_wconf 78' lang='lat' dir='ltr'><strong>ex</strong></span> <span class='ocrx_word' id='word_1_156' title='bbox 2443 697 2507 752; x_wconf 93' lang='lat' dir='ltr'><strong>iis</strong></span> <span class='ocrx_word' id='word_1_157' title='bbox 2536 700 2602 755; x_wconf 92' lang='lat' dir='ltr'><strong>de</strong></span> <span class='ocrx_word' id='word_1_158' title='bbox 2624 701 2822 770; x_wconf 87' lang='lat' dir='ltr'><strong>quibus</strong></span> <span class='ocrx_word' id='word_1_159' title='bbox 2848 666 3066 775; x_wconf 66' lang='lat' dir='ltr'><strong>dicitur,</strong></span> <span class='ocrx_word' id='word_1_160' title='bbox 3104 707 3208 768; x_wconf 80' lang='lat' dir='ltr'><strong>Vos</strong></span> <span class='ocrx_word' id='word_1_161' title='bbox 3236 666 3412 773; x_wconf 53' lang='lat' dir='ltr'><strong>autem</strong></span> 
     </span>
    </p>
   </div>
   <div class='ocr_carea' id='block_1_21' title="bbox 1826 785 3413 868">
    <p class='ocr_par' dir='ltr' id='par_1_21' title="bbox 1826 785 3413 868">
     <span class='ocr_line' id='line_1_21' title="bbox 1826 785 3413 868; baseline 0.017 -29"><span class='ocrx_word' id='word_1_162' title='bbox 1826 785 1960 839; x_wconf 80' lang='lat' dir='ltr'><strong>sicut</strong></span> <span class='ocrx_word' id='word_1_163' title='bbox 2005 785 2240 841; x_wconf 77' lang='lat' dir='ltr'><strong>homines</strong></span> <span class='ocrx_word' id='word_1_164' title='bbox 2276 790 2567 845; x_wconf 82' lang='lat' dir='ltr'><strong>moriemini</strong></span> <span class='ocrx_word' id='word_1_165' title='bbox 2613 789 2785 865; x_wconf 85' lang='lat' dir='ltr'><strong>(Psal.</strong></span> <span class='ocrx_word' id='word_1_166' title='bbox 2827 812 3013 867; x_wconf 77' lang='lat' dir='ltr'><strong>um,</strong></span> <span class='ocrx_word' id='word_1_167' title='bbox 3045 799 3118 868; x_wconf 87' lang='lat'><strong>7).</strong></span> <span class='ocrx_word' id='word_1_168' title='bbox 3161 801 3413 866; x_wconf 81' lang='lat' dir='ltr'><strong>Profecto</strong></span> 
     </span>
    </p>
   </div>
   <div class='ocr_carea' id='block_1_22' title="bbox 1828 875 3413 954">
    <p class='ocr_par' dir='ltr' id='par_1_22' title="bbox 1828 875 3413 954">
     <span class='ocr_line' id='line_1_22' title="bbox 1828 875 3413 954; baseline 0.016 -26"><span class='ocrx_word' id='word_1_169' title='bbox 1828 875 1955 946; x_wconf 85' lang='lat' dir='ltr'><strong>quia</strong></span> <span class='ocrx_word' id='word_1_170' title='bbox 1984 876 2229 933; x_wconf 68' lang='lat' dir='ltr'><strong>caelestia</strong></span> <span class='ocrx_word' id='word_1_171' title='bbox 2260 878 2571 951; x_wconf 88' lang='lat' dir='ltr'><strong>relinquens</strong></span> <span class='ocrx_word' id='word_1_172' title='bbox 2598 924 2613 949; x_wconf 94' lang='lat'><strong>,</strong></span> <span class='ocrx_word' id='word_1_173' title='bbox 2640 886 2853 942; x_wconf 89' lang='lat' dir='ltr'><strong>nonnisi</strong></span> <span class='ocrx_word' id='word_1_174' title='bbox 2882 892 3114 946; x_wconf 86' lang='lat' dir='ltr'><strong>terrenis</strong></span> <span class='ocrx_word' id='word_1_175' title='bbox 3140 892 3307 952; x_wconf 91' lang='lat' dir='ltr'><strong>lucris</strong></span> <span class='ocrx_word' id='word_1_176' title='bbox 3329 897 3413 954; x_wconf 82' lang='lat' dir='ltr'><strong>in-</strong></span> 
     </span>
    </p>
   </div>
   <div class='ocr_carea' id='block_1_23' title="bbox 1826 964 3411 1049">
    <p class='ocr_par' dir='ltr' id='par_1_23' title="bbox 1826 964 3411 1049">
     <span class='ocr_line' id='line_1_23' title="bbox 1826 964 3411 1049; baseline 0.016 -29"><span class='ocrx_word' id='word_1_177' title='bbox 1826 964 2034 1022; x_wconf 88' lang='lat' dir='ltr'><strong>hiabat.</strong></span> <span class='ocrx_word' id='word_1_178' title='bbox 2067 968 2181 1025; x_wconf 85' lang='lat' dir='ltr'><strong>Hoc</strong></span> <span class='ocrx_word' id='word_1_179' title='bbox 2226 970 2391 1041; x_wconf 79' lang='lat' dir='ltr'><strong>igitur</strong></span> <span class='ocrx_word' id='word_1_180' title='bbox 2427 973 2582 1040; x_wconf 90' lang='lat' dir='ltr'><strong>vidit,</strong></span> <span class='ocrx_word' id='word_1_181' title='bbox 2616 977 2759 1047; x_wconf 91' lang='lat' dir='ltr'><strong>quod</strong></span> <span class='ocrx_word' id='word_1_182' title='bbox 2811 979 3029 1049; x_wconf 90' lang='lat' dir='ltr'><strong>eripuit.</strong></span> <span class='ocrx_word' id='word_1_183' title='bbox 3069 981 3127 1037; x_wconf 91' lang='lat' dir='ltr'><strong>ln</strong></span> <span class='ocrx_word' id='word_1_184' title='bbox 3156 984 3411 1045; x_wconf 79' lang='lat' dir='ltr'><strong>Matthteo</strong></span> 
     </span>
    </p>
   </div>
   <div class='ocr_carea' id='block_1_24' title="bbox 1827 1061 3411 1141">
    <p class='ocr_par' dir='ltr' id='par_1_24' title="bbox 1827 1061 3411 1141">
     <span class='ocr_line' id='line_1_24' title="bbox 1827 1061 3411 1141; baseline 0.015 -30"><span class='ocrx_word' id='word_1_185' title='bbox 1827 1072 2061 1129; x_wconf 88' lang='lat' dir='ltr'><strong>namque</strong></span> <span class='ocrx_word' id='word_1_186' title='bbox 2086 1061 2360 1117; x_wconf 83' lang='lat' dir='ltr'><strong>hominem</strong></span> <span class='ocrx_word' id='word_1_187' title='bbox 2397 1064 2643 1121; x_wconf 86' lang='lat' dir='ltr'><strong>salvavit.</strong></span> <span class='ocrx_word' id='word_1_188' title='bbox 2680 1067 2828 1124; x_wconf 83' lang='lat' dir='ltr'><strong>Vidit</strong></span> <span class='ocrx_word' id='word_1_189' title='bbox 2869 1086 2998 1141; x_wconf 91' lang='lat' dir='ltr'><strong>ergo</strong></span> <span class='ocrx_word' id='word_1_190' title='bbox 3042 1072 3317 1133; x_wconf 88' lang='lat' dir='ltr'><strong>hominem</strong></span> <span class='ocrx_word' id='word_1_191' title='bbox 3343 1094 3411 1135; x_wconf 88' lang='lat' dir='ltr'><strong>eo</strong></span> 
     </span>
    </p>
   </div>
   <div class='ocr_carea' id='block_1_25' title="bbox 1826 1153 3408 1225">
    <p class='ocr_par' dir='ltr' id='par_1_25' title="bbox 1826 1153 3408 1225">
     <span class='ocr_line' id='line_1_25' title="bbox 1826 1153 3408 1225; baseline 0.014 -22"><span class='ocrx_word' id='word_1_192' title='bbox 1826 1155 2077 1220; x_wconf 82' lang='lat' dir='ltr'><strong>aspectu,</strong></span> <span class='ocrx_word' id='word_1_193' title='bbox 2110 1167 2218 1223; x_wconf 91' lang='lat' dir='ltr'><strong>quo</strong></span> <span class='ocrx_word' id='word_1_194' title='bbox 2263 1161 2317 1209; x_wconf 92' lang='lat' dir='ltr'><strong>et</strong></span> <span class='ocrx_word' id='word_1_195' title='bbox 2361 1153 2664 1212; x_wconf 82' lang='lat' dir='ltr'><strong>Nathanael</strong></span> <span class='ocrx_word' id='word_1_196' title='bbox 2711 1160 2908 1216; x_wconf 92' lang='lat' dir='ltr'><strong>dicitur</strong></span> <span class='ocrx_word' id='word_1_197' title='bbox 2952 1163 3151 1222; x_wconf 82' lang='lat' dir='ltr'><strong>vidisse</strong></span> <span class='ocrx_word' id='word_1_198' title='bbox 3180 1170 3280 1223; x_wconf 89' lang='lat' dir='ltr'><strong>sub</strong></span> <span class='ocrx_word' id='word_1_199' title='bbox 3304 1170 3408 1225; x_wconf 87' lang='lat' dir='ltr'><strong>ﬁcu</strong></span> 
     </span>
    </p>
   </div>
   <div class='ocr_carea' id='block_1_26' title="bbox 1828 1239 3411 1320">
    <p class='ocr_par' dir='ltr' id='par_1_26' title="bbox 1828 1239 3411 1320">
     <span class='ocr_line' id='line_1_26' title="bbox 1828 1239 3411 1320; baseline 0.014 -27"><span class='ocrx_word' id='word_1_200' title='bbox 1828 1239 2009 1312; x_wconf 86' lang='lat' dir='ltr'><strong>(Joan.</strong></span> <span class='ocrx_word' id='word_1_201' title='bbox 2043 1258 2080 1308; x_wconf 84' lang='grc' dir='ltr'>ι,</span> <span class='ocrx_word' id='word_1_202' title='bbox 2106 1242 2220 1314; x_wconf 73' lang='grc'><strong>48).</strong></span> <span class='ocrx_word' id='word_1_203' title='bbox 2259 1245 2418 1313; x_wconf 85' lang='lat' dir='ltr'><strong>Vidit,</strong></span> <span class='ocrx_word' id='word_1_204' title='bbox 2443 1245 2607 1319; x_wconf 67' lang='grc'><strong>432</strong></span> <span class='ocrx_word' id='word_1_205' title='bbox 2634 1248 2875 1320; x_wconf 89' lang='lat' dir='ltr'><strong>inquam,</strong></span> <span class='ocrx_word' id='word_1_206' title='bbox 2905 1254 3273 1313; x_wconf 87' lang='lat' dir='ltr'><strong>miserationis</strong></span> <span class='ocrx_word' id='word_1_207' title='bbox 3298 1275 3411 1315; x_wconf 68' lang='lat' dir='ltr'><strong>sua:</strong></span> 
     </span>
    </p>
   </div>
   <div class='ocr_carea' id='block_1_27' title="bbox 1826 1330 3403 1417">
    <p class='ocr_par' dir='ltr' id='par_1_27' title="bbox 1826 1330 3403 1417">
     <span class='ocr_line' id='line_1_27' title="bbox 1826 1330 3403 1417; baseline 0.012 -31"><span class='ocrx_word' id='word_1_208' title='bbox 1826 1330 2041 1398; x_wconf 82' lang='lat' dir='ltr'><strong>alfectu,</strong></span> <span class='ocrx_word' id='word_1_209' title='bbox 2073 1334 2168 1390; x_wconf 90' lang='lat' dir='ltr'><strong>sed</strong></span> <span class='ocrx_word' id='word_1_210' title='bbox 2200 1335 2360 1390; x_wconf 90' lang='lat' dir='ltr'><strong>istum</strong></span> <span class='ocrx_word' id='word_1_211' title='bbox 2399 1337 2452 1391; x_wconf 92' lang='lat' dir='ltr'><strong>in</strong></span> <span class='ocrx_word' id='word_1_212' title='bbox 2497 1338 2713 1404; x_wconf 90' lang='lat' dir='ltr'><strong>telonio,</strong></span> <span class='ocrx_word' id='word_1_213' title='bbox 2747 1338 2895 1396; x_wconf 90' lang='lat' dir='ltr'><strong>illum</strong></span> <span class='ocrx_word' id='word_1_214' title='bbox 2926 1352 3106 1400; x_wconf 89' lang='lat' dir='ltr'><strong>autem</strong></span> <span class='ocrx_word' id='word_1_215' title='bbox 3133 1348 3234 1403; x_wconf 88' lang='lat' dir='ltr'><strong>sub</strong></span> <span class='ocrx_word' id='word_1_216' title='bbox 3266 1348 3403 1417; x_wconf 85' lang='lat' dir='ltr'><strong>licu,</strong></span> 
     </span>
    </p>
   </div>
   <div class='ocr_carea' id='block_1_28' title="bbox 1824 1425 3405 1500">
    <p class='ocr_par' dir='ltr' id='par_1_28' title="bbox 1824 1425 3405 1500">
     <span class='ocr_line' id='line_1_28' title="bbox 1824 1425 3405 1500; baseline 0.013 -22"><span class='ocrx_word' id='word_1_217' title='bbox 1824 1440 1933 1497; x_wconf 92' lang='lat' dir='ltr'><strong>quo</strong></span> <span class='ocrx_word' id='word_1_218' title='bbox 1958 1425 2107 1496; x_wconf 88' lang='lat' dir='ltr'><strong>prior</strong></span> <span class='ocrx_word' id='word_1_219' title='bbox 2129 1426 2300 1483; x_wconf 86' lang='lat' dir='ltr'><strong>Adam</strong></span> <span class='ocrx_word' id='word_1_220' title='bbox 2332 1426 2474 1486; x_wconf 90' lang='lat' dir='ltr'><strong>foliis</strong></span> <span class='ocrx_word' id='word_1_221' title='bbox 2502 1446 2560 1486; x_wconf 91' lang='lat' dir='ltr'><strong>se</strong></span> <span class='ocrx_word' id='word_1_222' title='bbox 2585 1440 2921 1500; x_wconf 83' lang='lat' dir='ltr'><strong>contexerat,</strong></span> <span class='ocrx_word' id='word_1_223' title='bbox 2954 1435 3097 1493; x_wconf 91' lang='lat' dir='ltr'><strong>hunc</strong></span> <span class='ocrx_word' id='word_1_224' title='bbox 3122 1446 3298 1496; x_wconf 90' lang='lat' dir='ltr'><strong>tamen</strong></span> <span class='ocrx_word' id='word_1_225' title='bbox 3338 1456 3405 1499; x_wconf 89' lang='lat' dir='ltr'><strong>eo</strong></span> 
     </span>
    </p>
   </div>
   <div class='ocr_carea' id='block_1_29' title="bbox 1826 1516 3410 1603">
    <p class='ocr_par' dir='ltr' id='par_1_29' title="bbox 1826 1516 3410 1603">
     <span class='ocr_line' id='line_1_29' title="bbox 1826 1516 3410 1603; baseline 0.012 -32"><span class='ocrx_word' id='word_1_226' title='bbox 1826 1516 2059 1590; x_wconf 77' lang='lat' dir='ltr'><strong>longius,</strong></span> <span class='ocrx_word' id='word_1_227' title='bbox 2091 1535 2197 1589; x_wconf 92' lang='lat' dir='ltr'><strong>quo</strong></span> <span class='ocrx_word' id='word_1_228' title='bbox 2235 1522 2465 1579; x_wconf 87' lang='lat' dir='ltr'><strong>terrenis</strong></span> <span class='ocrx_word' id='word_1_229' title='bbox 2490 1522 2750 1580; x_wconf 88' lang='lat' dir='ltr'><strong>inhiabat.</strong></span> <span class='ocrx_word' id='word_1_230' title='bbox 2784 1525 2936 1583; x_wconf 87' lang='lat' dir='ltr'><strong>Unde</strong></span> <span class='ocrx_word' id='word_1_231' title='bbox 2966 1530 3033 1585; x_wconf 92' lang='lat' dir='ltr'><strong>ad</strong></span> <span class='ocrx_word' id='word_1_232' title='bbox 3073 1545 3410 1603; x_wconf 83' lang='lat' dir='ltr'><strong>exaggeran-</strong></span> 
     </span>
    </p>
   </div>
   <div class='ocr_carea' id='block_1_30' title="bbox 1826 1610 3410 1686">
    <p class='ocr_par' dir='ltr' id='par_1_30' title="bbox 1826 1610 3410 1686">
     <span class='ocr_line' id='line_1_30' title="bbox 1826 1610 3410 1686; baseline 0.01 -21"><span class='ocrx_word' id='word_1_233' title='bbox 1826 1610 1953 1665; x_wconf 91' lang='lat' dir='ltr'><strong>dmn</strong></span> <span class='ocrx_word' id='word_1_234' title='bbox 1982 1612 2291 1682; x_wconf 87' lang='lat' dir='ltr'><strong>cupiditatis</strong></span> <span class='ocrx_word' id='word_1_235' title='bbox 2332 1630 2445 1670; x_wconf 68' lang='lat' dir='ltr'><strong>suae</strong></span> <span class='ocrx_word' id='word_1_236' title='bbox 2483 1618 2782 1686; x_wconf 91' lang='lat' dir='ltr'><strong>cumulum,</strong></span> <span class='ocrx_word' id='word_1_237' title='bbox 2832 1620 3109 1677; x_wconf 87' lang='lat' dir='ltr'><strong>sedentem</strong></span> <span class='ocrx_word' id='word_1_238' title='bbox 3156 1639 3279 1679; x_wconf 90' lang='lat' dir='ltr'><strong>eum</strong></span> <span class='ocrx_word' id='word_1_239' title='bbox 3330 1626 3410 1682; x_wconf 86' lang='lat' dir='ltr'><strong>vi-</strong></span> 
     </span>
    </p>
   </div>
   <div class='ocr_carea' id='block_1_31' title="bbox 1825 1701 3406 1785">
    <p class='ocr_par' dir='ltr' id='par_1_31' title="bbox 1825 1701 3406 1785">
     <span class='ocr_line' id='line_1_31' title="bbox 1825 1701 3406 1785; baseline 0.011 -30"><span class='ocrx_word' id='word_1_240' title='bbox 1825 1701 1970 1758; x_wconf 91' lang='lat' dir='ltr'><strong>disse</strong></span> <span class='ocrx_word' id='word_1_241' title='bbox 1996 1702 2213 1758; x_wconf 86' lang='lat' dir='ltr'><strong>dicitur.</strong></span> <span class='ocrx_word' id='word_1_242' title='bbox 2242 1704 2478 1762; x_wconf 90' lang='lat' dir='ltr'><strong>Sedebat</strong></span> <span class='ocrx_word' id='word_1_243' title='bbox 2498 1707 2643 1764; x_wconf 89' lang='lat' dir='ltr'><strong>enim</strong></span> <span class='ocrx_word' id='word_1_244' title='bbox 2666 1720 2725 1765; x_wconf 90' lang='lat' dir='ltr'><strong>ut</strong></span> <span class='ocrx_word' id='word_1_245' title='bbox 2749 1712 3007 1783; x_wconf 86' lang='lat' dir='ltr'><strong>magister</strong></span> <span class='ocrx_word' id='word_1_246' title='bbox 3027 1716 3228 1785; x_wconf 83' lang='lat' dir='ltr'><strong>rapinae</strong></span> <span class='ocrx_word' id='word_1_247' title='bbox 3249 1715 3406 1785; x_wconf 75' lang='lat' dir='ltr'><strong>juxta</strong></span> 
     </span>
    </p>
   </div>
   <div class='ocr_carea' id='block_1_32' title="bbox 156 1772 3408 1875">
    <p class='ocr_par' dir='ltr' id='par_1_32' title="bbox 156 1772 3408 1875">
     <span class='ocr_line' id='line_1_32' title="bbox 156 1772 3408 1875; baseline 0.01 -44"><span class='ocrx_word' id='word_1_248' title='bbox 156 1772 321 1849; x_wconf 83' lang='lat' dir='ltr'><strong>operis</strong></span> <span class='ocrx_word' id='word_1_249' title='bbox 349 1780 587 1850; x_wconf 89' lang='lat' dir='ltr'><strong>impletio</strong></span> <span class='ocrx_word' id='word_1_250' title='bbox 634 1797 821 1837; x_wconf 89' lang='lat' dir='ltr'><strong>coram</strong></span> <span class='ocrx_word' id='word_1_251' title='bbox 865 1782 1349 1840; x_wconf 85' lang='lat' dir='ltr'><strong>calumniatoribus</strong></span> <span class='ocrx_word' id='word_1_252' title='bbox 1408 1787 1715 1855; x_wconf 80' lang='lat' dir='ltr'><strong>exhibetur,</strong></span> <span class='ocrx_word' id='word_1_253' title='bbox 1745 1796 1795 1859; x_wconf 79' lang='grc' dir='ltr'><strong>Β</strong></span> <span class='ocrx_word' id='word_1_254' title='bbox 1825 1791 2096 1850; x_wconf 81' lang='lat' dir='ltr'><strong>fornacem</strong></span> <span class='ocrx_word' id='word_1_255' title='bbox 2144 1796 2419 1864; x_wconf 79' lang='lat' dir='ltr'><strong>avaritiae,</strong></span> <span class='ocrx_word' id='word_1_256' title='bbox 2451 1807 2507 1854; x_wconf 86' lang='lat' dir='ltr'><strong>et</strong></span> <span class='ocrx_word' id='word_1_257' title='bbox 2538 1802 2801 1856; x_wconf 66' lang='lat' dir='ltr'><strong>aestuabat</strong></span> <span class='ocrx_word' id='word_1_258' title='bbox 2844 1806 3408 1875; x_wconf 85' lang='lat' dir='ltr'><strong>concupiscentiarum</strong></span> 
     </span>
    </p>
   </div>
   <div class='ocr_carea' id='block_1_33' title="bbox 152 1869 1721 1947">
    <p class='ocr_par' dir='ltr' id='par_1_33' title="bbox 152 1869 1721 1947">
     <span class='ocr_line' id='line_1_33' title="bbox 152 1869 1721 1947; baseline 0.01 -27"><span class='ocrx_word' id='word_1_259' title='bbox 152 1878 202 1921; x_wconf 88' lang='lat' dir='ltr'><strong>ut</strong></span> <span class='ocrx_word' id='word_1_260' title='bbox 234 1869 594 1942; x_wconf 83' lang='lat' dir='ltr'><strong>intelligerent</strong></span> <span class='ocrx_word' id='word_1_261' title='bbox 644 1872 795 1927; x_wconf 91' lang='lat' dir='ltr'><strong>illum</strong></span> <span class='ocrx_word' id='word_1_262' title='bbox 847 1874 915 1929; x_wconf 91' lang='lat' dir='ltr'><strong>de</strong></span> <span class='ocrx_word' id='word_1_263' title='bbox 965 1891 1073 1947; x_wconf 90' lang='lat' dir='ltr'><strong>quo</strong></span> <span class='ocrx_word' id='word_1_264' title='bbox 1126 1875 1331 1933; x_wconf 90' lang='lat' dir='ltr'><strong>dictum</strong></span> <span class='ocrx_word' id='word_1_265' title='bbox 1386 1888 1526 1945; x_wconf 88' lang='lat' dir='ltr'><strong>erat,</strong></span> <span class='ocrx_word' id='word_1_266' title='bbox 1580 1878 1721 1946; x_wconf 83' lang='lat' dir='ltr'><strong>Quia</strong></span> 
     </span>
    </p>
   </div>
   <div class='ocr_carea' id='block_1_34' title="bbox 150 1957 1718 2039">
    <p class='ocr_par' dir='ltr' id='par_1_34' title="bbox 150 1957 1718 2039">
     <span class='ocr_line' id='line_1_34' title="bbox 150 1957 1718 2039; baseline 0.01 -30"><span class='ocrx_word' id='word_1_267' title='bbox 150 1957 241 2027; x_wconf 75' lang='lat' dir='ltr'><strong>ipsr</strong></span> <span class='ocrx_word' id='word_1_268' title='bbox 266 1959 400 2014; x_wconf 74' lang='lat' dir='ltr'><strong>dixit</strong></span> <span class='ocrx_word' id='word_1_269' title='bbox 431 1971 477 2015; x_wconf 86' lang='lat' dir='ltr'><strong>ct</strong></span> <span class='ocrx_word' id='word_1_270' title='bbox 499 1961 645 2031; x_wconf 76' lang='lat' dir='ltr'><strong>facta</strong></span> <span class='ocrx_word' id='word_1_271' title='bbox 669 1971 789 2017; x_wconf 86' lang='lat' dir='ltr'><strong>sunt</strong></span> <span class='ocrx_word' id='word_1_272' title='bbox 811 1960 984 2036; x_wconf 68' lang='lat' dir='ltr'><strong>(Ptol.</strong></span> <span class='ocrx_word' id='word_1_273' title='bbox 1015 1981 1188 2032; x_wconf 76' lang='lat' dir='ltr'><strong>xxxii,</strong></span> <span class='ocrx_word' id='word_1_274' title='bbox 1214 1965 1292 2039; x_wconf 85' lang='lat'><strong>9).</strong></span> <span class='ocrx_word' id='word_1_275' title='bbox 1322 1965 1552 2039; x_wconf 86' lang='lat' dir='ltr'><strong>Propter</strong></span> <span class='ocrx_word' id='word_1_276' title='bbox 1576 1969 1718 2039; x_wconf 90' lang='lat' dir='ltr'><strong>quod</strong></span> 
     </span>
    </p>
   </div>
   <div class='ocr_carea' id='block_1_35' title="bbox 150 2050 437 2120">
    <p class='ocr_par' dir='ltr' id='par_1_35' title="bbox 150 2050 437 2120">
     <span class='ocr_line' id='line_1_35' title="bbox 150 2050 437 2120; baseline 0.014 -17"><span class='ocrx_word' id='word_1_277' title='bbox 150 2050 378 2120; x_wconf 82' lang='lat' dir='ltr'><strong>sequitur</strong></span> <span class='ocrx_word' id='word_1_278' title='bbox 420 2070 437 2107; x_wconf 90' lang='lat'><strong>:</strong></span> 
     </span>
    </p>
   </div>
   <div class='ocr_carea' id='block_1_36' title="bbox 146 2139 1716 2223">
    <p class='ocr_par' dir='ltr' id='par_1_36' title="bbox 146 2139 1716 2223">
     <span class='ocr_line' id='line_1_36' title="bbox 146 2139 1716 2223; baseline 0.008 -29"><span class='ocrx_word' id='word_1_279' title='bbox 146 2142 153 2147; x_wconf 80' lang='grc'><em>’</em></span> <span class='ocrx_word' id='word_1_280' title='bbox 212 2139 453 2198; x_wconf 74' lang='lat' dir='ltr'><strong>Videntes</strong></span> <span class='ocrx_word' id='word_1_281' title='bbox 482 2154 657 2201; x_wconf 87' lang='lat' dir='ltr'><strong>autem</strong></span> <span class='ocrx_word' id='word_1_282' title='bbox 689 2147 854 2203; x_wconf 72' lang='lat' dir='ltr'><strong>lurbw</strong></span> <span class='ocrx_word' id='word_1_283' title='bbox 883 2150 1167 2206; x_wconf 87' lang='lat' dir='ltr'><strong>timuerunt</strong></span> <span class='ocrx_word' id='word_1_284' title='bbox 1197 2160 1245 2206; x_wconf 83' lang='lat' dir='ltr'><strong>et</strong></span> <span class='ocrx_word' id='word_1_285' title='bbox 1290 2149 1716 2223; x_wconf 80' lang='lat' dir='ltr'><strong>gloriﬁcaverunt</strong></span> 
     </span>
    </p>
   </div>
   <div class='ocr_carea' id='block_1_37' title="bbox 147 2231 1719 2310">
    <p class='ocr_par' dir='ltr' id='par_1_37' title="bbox 147 2231 1719 2310">
     <span class='ocr_line' id='line_1_37' title="bbox 147 2231 1719 2310; baseline 0.009 -23"><span class='ocrx_word' id='word_1_286' title='bbox 147 2231 315 2302; x_wconf 73' lang='lat' dir='ltr'><strong>Deum,</strong></span> <span class='ocrx_word' id='word_1_287' title='bbox 362 2238 457 2307; x_wconf 86' lang='lat' dir='ltr'><strong>qui</strong></span> <span class='ocrx_word' id='word_1_288' title='bbox 503 2238 646 2293; x_wconf 85' lang='lat' dir='ltr'><strong>dedit</strong></span> <span class='ocrx_word' id='word_1_289' title='bbox 688 2251 993 2310; x_wconf 81' lang='lat' dir='ltr'><strong>potestatem</strong></span> <span class='ocrx_word' id='word_1_290' title='bbox 1020 2244 1178 2299; x_wconf 85' lang='lat' dir='ltr'><strong>talem</strong></span> <span class='ocrx_word' id='word_1_291' title='bbox 1224 2245 1540 2299; x_wconf 71' lang='lat' dir='ltr'><strong>hominibus.</strong></span> <span class='ocrx_word' id='word_1_292' title='bbox 1586 2244 1719 2301; x_wconf 80' lang='lat' dir='ltr'><strong>Mira</strong></span> 
     </span>
    </p>
   </div>
   <div class='ocr_carea' id='block_1_38' title="bbox 140 2326 1720 2410">
    <p class='ocr_par' dir='ltr' id='par_1_38' title="bbox 140 2326 1720 2410">
     <span class='ocr_line' id='line_1_38' title="bbox 140 2326 1720 2410; baseline 0.008 -27"><span class='ocrx_word' id='word_1_293' title='bbox 140 2326 416 2402; x_wconf 6' lang='lat' dir='ltr'><strong>pobluratio</strong></span> <span class='ocrx_word' id='word_1_294' title='bbox 463 2331 877 2392; x_wconf 65' lang='lat' dir='ltr'><strong>Pharisaeorum.</strong></span> <span class='ocrx_word' id='word_1_295' title='bbox 912 2335 1071 2410; x_wconf 60' lang='lat'><strong>531</strong></span> <span class='ocrx_word' id='word_1_296' title='bbox 1114 2337 1308 2395; x_wconf 78' lang='lat' dir='ltr'><strong>Turbae</strong></span> <span class='ocrx_word' id='word_1_297' title='bbox 1352 2340 1595 2395; x_wconf 80' lang='lat' dir='ltr'><strong>videntes</strong></span> <span class='ocrx_word' id='word_1_298' title='bbox 1636 2356 1720 2396; x_wconf 88' lang='lat' dir='ltr'><strong>re-</strong></span> 
     </span>
    </p>
   </div>
   <div class='ocr_carea' id='block_1_39' title="bbox 143 2421 1718 2493">
    <p class='ocr_par' dir='ltr' id='par_1_39' title="bbox 143 2421 1718 2493">
     <span class='ocr_line' id='line_1_39' title="bbox 143 2421 1718 2493; baseline 0.01 -22"><span class='ocrx_word' id='word_1_299' title='bbox 143 2428 466 2489; x_wconf 85' lang='lat' dir='ltr'><strong>surgentem,</strong></span> <span class='ocrx_word' id='word_1_300' title='bbox 499 2421 690 2479; x_wconf 89' lang='lat' dir='ltr'><strong>saltem</strong></span> <span class='ocrx_word' id='word_1_301' title='bbox 722 2423 815 2480; x_wconf 89' lang='lat' dir='ltr'><strong>alii</strong></span> <span class='ocrx_word' id='word_1_302' title='bbox 849 2428 1062 2493; x_wconf 89' lang='lat' dir='ltr'><strong>timent,</strong></span> <span class='ocrx_word' id='word_1_303' title='bbox 1102 2427 1229 2483; x_wconf 90' lang='lat' dir='ltr'><strong>licet</strong></span> <span class='ocrx_word' id='word_1_304' title='bbox 1261 2430 1492 2485; x_wconf 88' lang='lat' dir='ltr'><strong>necdum</strong></span> <span class='ocrx_word' id='word_1_305' title='bbox 1540 2431 1718 2486; x_wconf 90' lang='lat' dir='ltr'><strong>credi-</strong></span> 
     </span>
    </p>
   </div>
   <div class='ocr_carea' id='block_1_40' title="bbox 141 2505 1717 2590">
    <p class='ocr_par' dir='ltr' id='par_1_40' title="bbox 141 2505 1717 2590">
     <span class='ocr_line' id='line_1_40' title="bbox 141 2505 1717 2590; baseline 0.012 -29"><span class='ocrx_word' id='word_1_306' title='bbox 141 2505 301 2565; x_wconf 71' lang='lat' dir='ltr'><strong>derint</strong></span> <span class='ocrx_word' id='word_1_307' title='bbox 359 2521 423 2566; x_wconf 90' lang='lat' dir='ltr'><strong>ut</strong></span> <span class='ocrx_word' id='word_1_308' title='bbox 462 2512 703 2586; x_wconf 90' lang='lat' dir='ltr'><strong>diligant,</strong></span> <span class='ocrx_word' id='word_1_309' title='bbox 750 2516 841 2572; x_wconf 86' lang='lat' dir='ltr'><strong>alii</strong></span> <span class='ocrx_word' id='word_1_310' title='bbox 903 2516 1222 2590; x_wconf 75' lang='lat' dir='ltr'><strong>gloriﬁcent.</strong></span> <span class='ocrx_word' id='word_1_311' title='bbox 1274 2520 1349 2576; x_wconf 94' lang='lat' dir='ltr'><strong>Illi</strong></span> <span class='ocrx_word' id='word_1_312' title='bbox 1395 2537 1520 2577; x_wconf 87' lang='lat' dir='ltr'><strong>vero</strong></span> <span class='ocrx_word' id='word_1_313' title='bbox 1549 2523 1717 2580; x_wconf 86' lang='lat' dir='ltr'><strong>livore</strong></span> 
     </span>
    </p>
   </div>
   <div class='ocr_carea' id='block_1_41' title="bbox 141 2600 1717 2683">
    <p class='ocr_par' dir='ltr' id='par_1_41' title="bbox 141 2600 1717 2683">
     <span class='ocr_line' id='line_1_41' title="bbox 141 2600 1717 2683; baseline 0.01 -30"><span class='ocrx_word' id='word_1_314' title='bbox 141 2600 325 2656; x_wconf 83' lang='lat' dir='ltr'><strong>acriori</strong></span> <span class='ocrx_word' id='word_1_315' title='bbox 359 2612 669 2669; x_wconf 74' lang='lat' dir='ltr'><strong>morentur,</strong></span> <span class='ocrx_word' id='word_1_316' title='bbox 699 2616 756 2661; x_wconf 90' lang='lat' dir='ltr'><strong>et</strong></span> <span class='ocrx_word' id='word_1_317' title='bbox 784 2607 907 2663; x_wconf 91' lang='lat' dir='ltr'><strong>ideo</strong></span> <span class='ocrx_word' id='word_1_318' title='bbox 933 2608 1407 2666; x_wconf 85' lang='lat' dir='ltr'><strong>calumniabantur</strong></span> <span class='ocrx_word' id='word_1_319' title='bbox 1431 2613 1571 2683; x_wconf 90' lang='lat' dir='ltr'><strong>quod</strong></span> <span class='ocrx_word' id='word_1_320' title='bbox 1599 2610 1717 2668; x_wconf 89' lang='lat' dir='ltr'><strong>bla-</strong></span> 
     </span>
    </p>
   </div>
   <div class='ocr_carea' id='block_1_42' title="bbox 139 2687 1719 2772">
    <p class='ocr_par' dir='ltr' id='par_1_42' title="bbox 139 2687 1719 2772">
     <span class='ocr_line' id='line_1_42' title="bbox 139 2687 1719 2772; baseline 0.01 -29"><span class='ocrx_word' id='word_1_321' title='bbox 139 2687 461 2757; x_wconf 84' lang='lat' dir='ltr'><strong>sphemaret.</strong></span> <span class='ocrx_word' id='word_1_322' title='bbox 504 2692 572 2747; x_wconf 87' lang='lat' dir='ltr'><strong>Et</strong></span> <span class='ocrx_word' id='word_1_323' title='bbox 601 2696 892 2752; x_wconf 90' lang='lat' dir='ltr'><strong>notandum</strong></span> <span class='ocrx_word' id='word_1_324' title='bbox 937 2698 1249 2767; x_wconf 87' lang='lat' dir='ltr'><strong>admodum,</strong></span> <span class='ocrx_word' id='word_1_325' title='bbox 1280 2702 1422 2772; x_wconf 90' lang='lat' dir='ltr'><strong>quod</strong></span> <span class='ocrx_word' id='word_1_326' title='bbox 1455 2712 1509 2757; x_wconf 94' lang='lat' dir='ltr'><strong>et</strong></span> <span class='ocrx_word' id='word_1_327' title='bbox 1542 2704 1719 2761; x_wconf 83' lang='lat' dir='ltr'><strong>adhuc</strong></span> 
     </span>
    </p>
   </div>
   <div class='ocr_carea' id='block_1_43' title="bbox 138 2772 1714 2866">
    <p class='ocr_par' dir='ltr' id='par_1_43' title="bbox 138 2772 1714 2866">
     <span class='ocr_line' id='line_1_43' title="bbox 138 2772 1714 2866; baseline 0.011 -31"><span class='ocrx_word' id='word_1_328' title='bbox 138 2779 434 2854; x_wconf 85' lang='lat' dir='ltr'><strong>imperfecti</strong></span> <span class='ocrx_word' id='word_1_329' title='bbox 485 2788 815 2847; x_wconf 89' lang='lat' dir='ltr'><strong>admirantes</strong></span> <span class='ocrx_word' id='word_1_330' title='bbox 860 2772 1111 2849; x_wconf 49' lang='lat' dir='ltr'><strong>dicau&#39;tur</strong></span> <span class='ocrx_word' id='word_1_331' title='bbox 1153 2794 1482 2866; x_wconf 87' lang='lat' dir='ltr'><strong>gloriﬁcasse</strong></span> <span class='ocrx_word' id='word_1_332' title='bbox 1522 2796 1714 2863; x_wconf 92' lang='lat' dir='ltr'><strong>Deum,</strong></span> 
     </span>
    </p>
   </div>
   <div class='ocr_carea' id='block_1_44' title="bbox 137 2876 1716 2960">
    <p class='ocr_par' dir='ltr' id='par_1_44' title="bbox 137 2876 1716 2960">
     <span class='ocr_line' id='line_1_44' title="bbox 137 2876 1716 2960; baseline 0.01 -31"><span class='ocrx_word' id='word_1_333' title='bbox 137 2876 215 2945; x_wconf 83' lang='lat' dir='ltr'><strong>qui</strong></span> <span class='ocrx_word' id='word_1_334' title='bbox 240 2876 394 2932; x_wconf 84' lang='lat' dir='ltr'><strong>dedit</strong></span> <span class='ocrx_word' id='word_1_335' title='bbox 432 2888 757 2949; x_wconf 84' lang='lat' dir='ltr'><strong>potestatem</strong></span> <span class='ocrx_word' id='word_1_336' title='bbox 785 2883 945 2940; x_wconf 87' lang='lat' dir='ltr'><strong>talem</strong></span> <span class='ocrx_word' id='word_1_337' title='bbox 971 2885 1299 2944; x_wconf 89' lang='lat' dir='ltr'><strong>hominibus.</strong></span> <span class='ocrx_word' id='word_1_338' title='bbox 1345 2889 1450 2945; x_wconf 89' lang='lat' dir='ltr'><strong>Sed</strong></span> <span class='ocrx_word' id='word_1_339' title='bbox 1474 2906 1716 2960; x_wconf 73' lang='lat' dir='ltr'><strong>qumren-</strong></span> 
     </span>
    </p>
   </div>
   <div class='ocr_carea' id='block_1_45' title="bbox 134 2966 1714 3049">
    <p class='ocr_par' dir='ltr' id='par_1_45' title="bbox 134 2966 1714 3049">
     <span class='ocr_line' id='line_1_45' title="bbox 134 2966 1714 3049; baseline 0.011 -31"><span class='ocrx_word' id='word_1_340' title='bbox 134 2966 265 3033; x_wconf 86' lang='lat' dir='ltr'><strong>dum,</strong></span> <span class='ocrx_word' id='word_1_341' title='bbox 292 2977 480 3023; x_wconf 88' lang='lat' dir='ltr'><strong>utrum</strong></span> <span class='ocrx_word' id='word_1_342' title='bbox 509 2968 695 3026; x_wconf 71' lang='lat' dir='ltr'><strong>Iesum</strong></span> <span class='ocrx_word' id='word_1_343' title='bbox 728 2972 896 3029; x_wconf 86' lang='lat' dir='ltr'><strong>Deum</strong></span> <span class='ocrx_word' id='word_1_344' title='bbox 919 2975 1245 3047; x_wconf 85' lang='lat' dir='ltr'><strong>gloriﬁcent,</strong></span> <span class='ocrx_word' id='word_1_345' title='bbox 1272 2978 1362 3049; x_wconf 92' lang='lat' dir='ltr'><strong>qui</strong></span> <span class='ocrx_word' id='word_1_346' title='bbox 1392 2979 1576 3043; x_wconf 85' lang='lat' dir='ltr'><strong>dabat,</strong></span> <span class='ocrx_word' id='word_1_347' title='bbox 1610 2979 1714 3037; x_wconf 90' lang='lat' dir='ltr'><strong>illis</strong></span> 
     </span>
    </p>
   </div>
   <div class='ocr_carea' id='block_1_46' title="bbox 133 3058 1711 3139">
    <p class='ocr_par' dir='ltr' id='par_1_46' title="bbox 133 3058 1711 3139">
     <span class='ocr_line' id='line_1_46' title="bbox 133 3058 1711 3139; baseline 0.011 -28"><span class='ocrx_word' id='word_1_348' title='bbox 133 3058 457 3127; x_wconf 82' lang='lat' dir='ltr'><strong>videntibus,</strong></span> <span class='ocrx_word' id='word_1_349' title='bbox 482 3073 808 3134; x_wconf 89' lang='lat' dir='ltr'><strong>potestatem</strong></span> <span class='ocrx_word' id='word_1_350' title='bbox 836 3066 1144 3125; x_wconf 89' lang='lat' dir='ltr'><strong>hominibus</strong></span> <span class='ocrx_word' id='word_1_351' title='bbox 1170 3071 1395 3125; x_wconf 88' lang='lat' dir='ltr'><strong>sanandi</strong></span> <span class='ocrx_word' id='word_1_352' title='bbox 1428 3072 1609 3139; x_wconf 85' lang='lat' dir='ltr'><strong>verbo,</strong></span> <span class='ocrx_word' id='word_1_353' title='bbox 1641 3088 1711 3128; x_wconf 88' lang='lat' dir='ltr'><strong>an</strong></span> 
     </span>
    </p>
   </div>
   <div class='ocr_carea' id='block_1_47' title="bbox 1821 1883 3405 1960">
    <p class='ocr_par' dir='ltr' id='par_1_47' title="bbox 1821 1883 3405 1960">
     <span class='ocr_line' id='line_1_47' title="bbox 1821 1883 3405 1960; baseline 0.012 -22"><span class='ocrx_word' id='word_1_354' title='bbox 1821 1883 2108 1943; x_wconf 86' lang='lat' dir='ltr'><strong>caloribus.</strong></span> <span class='ocrx_word' id='word_1_355' title='bbox 2135 1884 2246 1942; x_wconf 88' lang='lat' dir='ltr'><strong>Nec</strong></span> <span class='ocrx_word' id='word_1_356' title='bbox 2280 1896 2430 1944; x_wconf 90' lang='lat' dir='ltr'><strong>stans</strong></span> <span class='ocrx_word' id='word_1_357' title='bbox 2459 1900 2518 1945; x_wconf 93' lang='lat' dir='ltr'><strong>ut</strong></span> <span class='ocrx_word' id='word_1_358' title='bbox 2543 1891 2804 1960; x_wconf 85' lang='lat' dir='ltr'><strong>vinceret,</strong></span> <span class='ocrx_word' id='word_1_359' title='bbox 2833 1911 2935 1951; x_wconf 91' lang='lat' dir='ltr'><strong>nec</strong></span> <span class='ocrx_word' id='word_1_360' title='bbox 2970 1897 3158 1955; x_wconf 87' lang='lat' dir='ltr'><strong>abiens</strong></span> <span class='ocrx_word' id='word_1_361' title='bbox 3193 1906 3249 1955; x_wconf 89' lang='lat' dir='ltr'><strong>ut</strong></span> <span class='ocrx_word' id='word_1_362' title='bbox 3278 1915 3405 1956; x_wconf 52' lang='lat' dir='ltr'><strong>eva.</strong></span> 
     </span>
    </p>
   </div>
   <div class='ocr_carea' id='block_1_48' title="bbox 1820 1976 3405 2057">
    <p class='ocr_par' dir='ltr' id='par_1_48' title="bbox 1820 1976 3405 2057">
     <span class='ocr_line' id='line_1_48' title="bbox 1820 1976 3405 2057; baseline 0.012 -28"><span class='ocrx_word' id='word_1_363' title='bbox 1820 1976 1994 2041; x_wconf 87' lang='lat' dir='ltr'><strong>deret,</strong></span> <span class='ocrx_word' id='word_1_364' title='bbox 2023 1979 2116 2033; x_wconf 90' lang='lat' dir='ltr'><strong>sed</strong></span> <span class='ocrx_word' id='word_1_365' title='bbox 2161 1979 2354 2035; x_wconf 85' lang='lat' dir='ltr'><strong>sedens</strong></span> <span class='ocrx_word' id='word_1_366' title='bbox 2398 1989 2456 2035; x_wconf 92' lang='lat' dir='ltr'><strong>ut</strong></span> <span class='ocrx_word' id='word_1_367' title='bbox 2500 1983 2751 2055; x_wconf 88' lang='lat' dir='ltr'><strong>princeps</strong></span> <span class='ocrx_word' id='word_1_368' title='bbox 2790 1988 2989 2057; x_wconf 73' lang='lat' dir='ltr'><strong>rapina:</strong></span> <span class='ocrx_word' id='word_1_369' title='bbox 3032 1991 3405 2048; x_wconf 87' lang='lat' dir='ltr'><strong>ministrormn</strong></span> 
     </span>
    </p>
   </div>
   <div class='ocr_carea' id='block_1_49' title="bbox 1818 2068 3407 2143">
    <p class='ocr_par' dir='ltr' id='par_1_49' title="bbox 1818 2068 3407 2143">
     <span class='ocr_line' id='line_1_49' title="bbox 1818 2068 3407 2143; baseline 0.011 -23"><span class='ocrx_word' id='word_1_370' title='bbox 1818 2068 2056 2138; x_wconf 85' lang='lat' dir='ltr'><strong>praedam</strong></span> <span class='ocrx_word' id='word_1_371' title='bbox 2099 2068 2378 2140; x_wconf 87' lang='lat' dir='ltr'><strong>diriperet.</strong></span> <span class='ocrx_word' id='word_1_372' title='bbox 2408 2069 2543 2127; x_wconf 84' lang='lat' dir='ltr'><strong>Nam</strong></span> <span class='ocrx_word' id='word_1_373' title='bbox 2572 2074 2711 2136; x_wconf 75' lang='grc' dir='ltr'><strong>τέλος</strong></span> <span class='ocrx_word' id='word_1_374' title='bbox 2759 2073 2944 2131; x_wconf 62' lang='lat' dir='ltr'><strong>Graece</strong></span> <span class='ocrx_word' id='word_1_375' title='bbox 2990 2078 3261 2143; x_wconf 83' lang='lat' dir='ltr'><strong>tributum,</strong></span> <span class='ocrx_word' id='word_1_376' title='bbox 3311 2091 3407 2137; x_wconf 90' lang='lat' dir='ltr'><strong>aut</strong></span> 
     </span>
    </p>
   </div>
   <div class='ocr_carea' id='block_1_50' title="bbox 1818 2159 3403 2247">
    <p class='ocr_par' dir='ltr' id='par_1_50' title="bbox 1818 2159 3403 2247">
     <span class='ocr_line' id='line_1_50' title="bbox 1818 2159 3403 2247; baseline 0.012 -35"><span class='ocrx_word' id='word_1_377' title='bbox 1818 2159 2039 2230; x_wconf 72' lang='lat' dir='ltr'><strong>vectigal</strong></span> <span class='ocrx_word' id='word_1_378' title='bbox 2066 2160 2283 2217; x_wconf 90' lang='lat' dir='ltr'><strong>dicitur.</strong></span> <span class='ocrx_word' id='word_1_379' title='bbox 2313 2161 2466 2220; x_wconf 86' lang='lat' dir='ltr'><strong>Unde</strong></span> <span class='ocrx_word' id='word_1_380' title='bbox 2514 2164 2713 2236; x_wconf 88' lang='lat' dir='ltr'><strong>legitur</strong></span> <span class='ocrx_word' id='word_1_381' title='bbox 2761 2168 2813 2223; x_wconf 91' lang='lat' dir='ltr'><strong>iu</strong></span> <span class='ocrx_word' id='word_1_382' title='bbox 2842 2168 3030 2227; x_wconf 76' lang='lat' dir='ltr'><strong>Grteco</strong></span> <span class='ocrx_word' id='word_1_383' title='bbox 3059 2168 3133 2247; x_wconf 74' lang='grc' dir='ltr'>τῷ</span> <span class='ocrx_word' id='word_1_384' title='bbox 3152 2173 3210 2229; x_wconf 85' lang='grc' dir='ltr'><strong>τὸ</strong></span> <span class='ocrx_word' id='word_1_385' title='bbox 3238 2173 3403 2244; x_wconf 74' lang='grc' dir='ltr'>τέλος,</span> 
     </span>
    </p>
   </div>
   <div class='ocr_carea' id='block_1_51' title="bbox 1817 2252 3405 2333">
    <p class='ocr_par' dir='ltr' id='par_1_51' title="bbox 1817 2252 3405 2333">
     <span class='ocr_line' id='line_1_51' title="bbox 1817 2252 3405 2333; baseline 0.009 -27"><span class='ocrx_word' id='word_1_386' title='bbox 1817 2253 1875 2308; x_wconf 80' lang='grc' dir='ltr'><strong>τὸ</strong></span> <span class='ocrx_word' id='word_1_387' title='bbox 1898 2252 2058 2319; x_wconf 78' lang='grc' dir='ltr'><strong>τέλος,</strong></span> <span class='ocrx_word' id='word_1_388' title='bbox 2083 2252 2184 2309; x_wconf 91' lang='lat' dir='ltr'><strong>hoc</strong></span> <span class='ocrx_word' id='word_1_389' title='bbox 2226 2263 2331 2322; x_wconf 87' lang='lat' dir='ltr'><strong>est,</strong></span> <span class='ocrx_word' id='word_1_390' title='bbox 2360 2256 2446 2311; x_wconf 91' lang='lat' dir='ltr'><strong>cui</strong></span> <span class='ocrx_word' id='word_1_391' title='bbox 2470 2257 2754 2325; x_wconf 90' lang='lat' dir='ltr'><strong>tributum,</strong></span> <span class='ocrx_word' id='word_1_392' title='bbox 2782 2261 3040 2317; x_wconf 87' lang='lat' dir='ltr'><strong>tributum</strong></span> <span class='ocrx_word' id='word_1_393' title='bbox 3080 2262 3252 2333; x_wconf 82' lang='lat' dir='ltr'><strong>(Rom.</strong></span> <span class='ocrx_word' id='word_1_394' title='bbox 3281 2281 3405 2333; x_wconf 81' lang='lat' dir='ltr'><strong>xm,</strong></span> 
     </span>
    </p>
   </div>
   <div class='ocr_carea' id='block_1_52' title="bbox 1818 2342 3401 2416">
    <p class='ocr_par' dir='ltr' id='par_1_52' title="bbox 1818 2342 3401 2416">
     <span class='ocr_line' id='line_1_52' title="bbox 1818 2342 3401 2416; baseline 0.011 -20"><span class='ocrx_word' id='word_1_395' title='bbox 1818 2342 1904 2415; x_wconf 91' lang='lat'><strong>7).</strong></span> <span class='ocrx_word' id='word_1_396' title='bbox 1940 2343 2016 2398; x_wconf 78' lang='lat' dir='ltr'><strong>Ex</strong></span> <span class='ocrx_word' id='word_1_397' title='bbox 2042 2359 2149 2416; x_wconf 90' lang='lat' dir='ltr'><strong>quo</strong></span> <span class='ocrx_word' id='word_1_398' title='bbox 2172 2347 2539 2416; x_wconf 88' lang='lat' dir='ltr'><strong>manifestum,</strong></span> <span class='ocrx_word' id='word_1_399' title='bbox 2571 2352 2623 2406; x_wconf 91' lang='lat' dir='ltr'><strong>in</strong></span> <span class='ocrx_word' id='word_1_400' title='bbox 2655 2354 2815 2409; x_wconf 90' lang='lat' dir='ltr'><strong>domo</strong></span> <span class='ocrx_word' id='word_1_401' title='bbox 2843 2356 3123 2411; x_wconf 86' lang='lat' dir='ltr'><strong>tributaria</strong></span> <span class='ocrx_word' id='word_1_402' title='bbox 3155 2372 3276 2412; x_wconf 91' lang='lat' dir='ltr'><strong>eum</strong></span> <span class='ocrx_word' id='word_1_403' title='bbox 3311 2375 3401 2414; x_wconf 67' lang='lat' dir='ltr'><strong>reo</strong></span> 
     </span>
    </p>
   </div>
   <div class='ocr_carea' id='block_1_53' title="bbox 1818 2435 3399 2519">
    <p class='ocr_par' dir='ltr' id='par_1_53' title="bbox 1818 2435 3399 2519">
     <span class='ocr_line' id='line_1_53' title="bbox 1818 2435 3399 2519; baseline 0.01 -31"><span class='ocrx_word' id='word_1_404' title='bbox 1818 2435 2044 2500; x_wconf 87' lang='lat' dir='ltr'><strong>sedisse,</strong></span> <span class='ocrx_word' id='word_1_405' title='bbox 2097 2436 2187 2491; x_wconf 90' lang='lat' dir='ltr'><strong>ubi</strong></span> <span class='ocrx_word' id='word_1_406' title='bbox 2214 2436 2384 2504; x_wconf 90' lang='lat' dir='ltr'><strong>lucra,</strong></span> <span class='ocrx_word' id='word_1_407' title='bbox 2432 2440 2631 2495; x_wconf 89' lang='lat' dir='ltr'><strong>tributa</strong></span> <span class='ocrx_word' id='word_1_408' title='bbox 2678 2443 2761 2497; x_wconf 90' lang='lat' dir='ltr'><strong>vel</strong></span> <span class='ocrx_word' id='word_1_409' title='bbox 2792 2445 3069 2518; x_wconf 85' lang='lat' dir='ltr'><strong>vectigalia</strong></span> <span class='ocrx_word' id='word_1_410' title='bbox 3103 2448 3399 2519; x_wconf 81' lang='lat' dir='ltr'><strong>exigeban-</strong></span> 
     </span>
    </p>
   </div>
   <div class='ocr_carea' id='block_1_54' title="bbox 1820 2523 3402 2598">
    <p class='ocr_par' dir='ltr' id='par_1_54' title="bbox 1820 2523 3402 2598">
     <span class='ocr_line' id='line_1_54' title="bbox 1820 2523 3402 2598; baseline 0.009 -21"><span class='ocrx_word' id='word_1_411' title='bbox 1820 2530 1926 2578; x_wconf 88' lang='lat' dir='ltr'><strong>tur.</strong></span> <span class='ocrx_word' id='word_1_412' title='bbox 1970 2523 2076 2579; x_wconf 89' lang='lat' dir='ltr'><strong>Sed</strong></span> <span class='ocrx_word' id='word_1_413' title='bbox 2122 2528 2270 2581; x_wconf 86' lang='lat' dir='ltr'><strong>venit</strong></span> <span class='ocrx_word' id='word_1_414' title='bbox 2315 2527 2370 2583; x_wconf 92' lang='lat' dir='ltr'><strong>in</strong></span> <span class='ocrx_word' id='word_1_415' title='bbox 2399 2530 2749 2598; x_wconf 63' lang='lat' dir='ltr'><strong>quaestionem</strong></span> <span class='ocrx_word' id='word_1_416' title='bbox 2803 2549 2903 2589; x_wconf 87' lang='lat' dir='ltr'><strong>cur</strong></span> <span class='ocrx_word' id='word_1_417' title='bbox 2933 2533 3216 2591; x_wconf 67' lang='lat' dir='ltr'><strong>Mattlimus</strong></span> <span class='ocrx_word' id='word_1_418' title='bbox 3257 2552 3402 2591; x_wconf 90' lang='lat' dir='ltr'><strong>nunc</strong></span> 
     </span>
    </p>
   </div>
   <div class='ocr_carea' id='block_1_55' title="bbox 1820 2614 3400 2699">
    <p class='ocr_par' dir='ltr' id='par_1_55' title="bbox 1820 2614 3400 2699">
     <span class='ocr_line' id='line_1_55' title="bbox 1820 2614 3400 2699; baseline 0.01 -32"><span class='ocrx_word' id='word_1_419' title='bbox 1820 2621 2039 2669; x_wconf 82' lang='lat' dir='ltr'><strong>vocatus</strong></span> <span class='ocrx_word' id='word_1_420' title='bbox 2095 2614 2323 2687; x_wconf 87' lang='lat' dir='ltr'><strong>legatur,</strong></span> <span class='ocrx_word' id='word_1_421' title='bbox 2371 2635 2496 2674; x_wconf 89' lang='lat' dir='ltr'><strong>cum</strong></span> <span class='ocrx_word' id='word_1_422' title='bbox 2540 2620 2715 2677; x_wconf 84' lang='lat' dir='ltr'><strong>Lucas</strong></span> <span class='ocrx_word' id='word_1_423' title='bbox 2765 2623 2923 2694; x_wconf 83' lang='lat' dir='ltr'><strong>longe</strong></span> <span class='ocrx_word' id='word_1_424' title='bbox 2966 2635 3111 2682; x_wconf 90' lang='lat' dir='ltr'><strong>retro</strong></span> <span class='ocrx_word' id='word_1_425' title='bbox 3162 2640 3400 2699; x_wconf 74' lang='lat' dir='ltr'><strong>eXponat</strong></span> 
     </span>
    </p>
   </div>
   <div class='ocr_carea' id='block_1_56' title="bbox 1819 2702 3405 2784">
    <p class='ocr_par' dir='ltr' id='par_1_56' title="bbox 1819 2702 3405 2784">
     <span class='ocr_line' id='line_1_56' title="bbox 1819 2702 3405 2784; baseline 0.013 -28"><span class='ocrx_word' id='word_1_426' title='bbox 1819 2702 1968 2774; x_wconf 82' lang='lat' dir='ltr'><strong>(an.</strong></span> <span class='ocrx_word' id='word_1_427' title='bbox 1998 2720 2073 2771; x_wconf 76' lang='grc' dir='ltr'><strong>γι,</strong></span> <span class='ocrx_word' id='word_1_428' title='bbox 2121 2706 2209 2778; x_wconf 77' lang='grc'><strong>13)</strong></span> <span class='ocrx_word' id='word_1_429' title='bbox 2256 2707 2536 2765; x_wconf 88' lang='lat' dir='ltr'><strong>duodecim</strong></span> <span class='ocrx_word' id='word_1_430' title='bbox 2573 2713 2842 2783; x_wconf 87' lang='lat' dir='ltr'><strong>apostolos</strong></span> <span class='ocrx_word' id='word_1_431' title='bbox 2889 2716 3049 2771; x_wconf 90' lang='lat' dir='ltr'><strong>simul</strong></span> <span class='ocrx_word' id='word_1_432' title='bbox 3078 2717 3297 2784; x_wconf 89' lang='lat' dir='ltr'><strong>electos,</strong></span> <span class='ocrx_word' id='word_1_433' title='bbox 3346 2733 3405 2776; x_wconf 81' lang='lat' dir='ltr'><strong>ct</strong></span> 
     </span>
    </p>
   </div>
   <div class='ocr_carea' id='block_1_57' title="bbox 1818 2792 3397 2879">
    <p class='ocr_par' dir='ltr' id='par_1_57' title="bbox 1818 2792 3397 2879">
     <span class='ocr_line' id='line_1_57' title="bbox 1818 2792 3397 2879; baseline 0.013 -35"><span class='ocrx_word' id='word_1_434' title='bbox 1818 2792 2034 2848; x_wconf 86' lang='lat' dir='ltr'><strong>audisse</strong></span> <span class='ocrx_word' id='word_1_435' title='bbox 2069 2810 2098 2850; x_wconf 93' lang='lat' dir='ltr'><strong>a</strong></span> <span class='ocrx_word' id='word_1_436' title='bbox 2135 2795 2363 2853; x_wconf 90' lang='lat' dir='ltr'><strong>Domino</strong></span> <span class='ocrx_word' id='word_1_437' title='bbox 2386 2814 2690 2856; x_wconf 85' lang='lat' dir='ltr'><strong>sermonem</strong></span> <span class='ocrx_word' id='word_1_438' title='bbox 2725 2805 2778 2858; x_wconf 91' lang='lat' dir='ltr'><strong>in</strong></span> <span class='ocrx_word' id='word_1_439' title='bbox 2812 2816 3012 2872; x_wconf 86' lang='lat' dir='ltr'><strong>monte,</strong></span> <span class='ocrx_word' id='word_1_440' title='bbox 3044 2822 3204 2877; x_wconf 87' lang='lat' dir='ltr'><strong>quem</strong></span> <span class='ocrx_word' id='word_1_441' title='bbox 3232 2824 3397 2879; x_wconf 88' lang='lat' dir='ltr'><strong>supra</strong></span> 
     </span>
    </p>
   </div>
   <div class='ocr_carea' id='block_1_58' title="bbox 1816 2885 3400 2967">
    <p class='ocr_par' dir='ltr' id='par_1_58' title="bbox 1816 2885 3400 2967">
     <span class='ocr_line' id='line_1_58' title="bbox 1816 2885 3400 2967; baseline 0.012 -30"><span class='ocrx_word' id='word_1_442' title='bbox 1816 2885 2181 2954; x_wconf 81' lang='lat' dir='ltr'><strong>exposuimus.</strong></span> <span class='ocrx_word' id='word_1_443' title='bbox 2231 2886 2388 2944; x_wconf 90' lang='lat' dir='ltr'><strong>Patet</strong></span> <span class='ocrx_word' id='word_1_444' title='bbox 2432 2891 2595 2962; x_wconf 87' lang='lat' dir='ltr'><strong>igitur</strong></span> <span class='ocrx_word' id='word_1_445' title='bbox 2644 2894 2743 2950; x_wconf 91' lang='lat' dir='ltr'><strong>hoc</strong></span> <span class='ocrx_word' id='word_1_446' title='bbox 2774 2898 3003 2967; x_wconf 83' lang='lat' dir='ltr'><strong>mystice</strong></span> <span class='ocrx_word' id='word_1_447' title='bbox 3043 2897 3263 2955; x_wconf 86' lang='lat' dir='ltr'><strong>factum.</strong></span> <span class='ocrx_word' id='word_1_448' title='bbox 3316 2901 3400 2958; x_wconf 88' lang='lat' dir='ltr'><strong>llli</strong></span> 
     </span>
    </p>
   </div>
   <div class='ocr_carea' id='block_1_59' title="bbox 1817 2970 3399 3057">
    <p class='ocr_par' dir='ltr' id='par_1_59' title="bbox 1817 2970 3399 3057">
     <span class='ocr_line' id='line_1_59' title="bbox 1817 2970 3399 3057; baseline 0.014 -30"><span class='ocrx_word' id='word_1_449' title='bbox 1817 2970 2032 3043; x_wconf 82' lang='lat' dir='ltr'><strong>quidem</strong></span> <span class='ocrx_word' id='word_1_450' title='bbox 2084 2978 2360 3048; x_wconf 89' lang='lat' dir='ltr'><strong>signantes</strong></span> <span class='ocrx_word' id='word_1_451' title='bbox 2406 2982 2659 3039; x_wconf 82' lang='lat' dir='ltr'><strong>historica</strong></span> <span class='ocrx_word' id='word_1_452' title='bbox 2710 2989 3044 3057; x_wconf 89' lang='lat' dir='ltr'><strong>narratione,</strong></span> <span class='ocrx_word' id='word_1_453' title='bbox 3088 3000 3215 3047; x_wconf 86' lang='lat' dir='ltr'><strong>ante</strong></span> <span class='ocrx_word' id='word_1_454' title='bbox 3256 2993 3399 3049; x_wconf 86' lang='lat' dir='ltr'><strong>hunc</strong></span> 
     </span>
    </p>
   </div>
   <div class='ocr_carea' id='block_1_60' title="bbox 1818 3071 3398 3141">
    <p class='ocr_par' dir='ltr' id='par_1_60' title="bbox 1818 3071 3398 3141">
     <span class='ocr_line' id='line_1_60' title="bbox 1818 3071 3398 3141; baseline 0.011 -18"><span class='ocrx_word' id='word_1_455' title='bbox 1818 3083 2121 3125; x_wconf 84' lang='lat' dir='ltr'><strong>sermonem</strong></span> <span class='ocrx_word' id='word_1_456' title='bbox 2170 3071 2225 3126; x_wconf 91' lang='lat' dir='ltr'><strong>in</strong></span> <span class='ocrx_word' id='word_1_457' title='bbox 2264 3083 2444 3130; x_wconf 91' lang='lat' dir='ltr'><strong>monte</strong></span> <span class='ocrx_word' id='word_1_458' title='bbox 2494 3091 2587 3133; x_wconf 89' lang='lat' dir='ltr'><strong>eos</strong></span> <span class='ocrx_word' id='word_1_459' title='bbox 2616 3088 2835 3136; x_wconf 91' lang='lat' dir='ltr'><strong>vocatos</strong></span> <span class='ocrx_word' id='word_1_460' title='bbox 2865 3081 3048 3138; x_wconf 90' lang='lat' dir='ltr'><strong>fuisse.</strong></span> <span class='ocrx_word' id='word_1_461' title='bbox 3098 3082 3204 3140; x_wconf 87' lang='lat' dir='ltr'><strong>Sed</strong></span> <span class='ocrx_word' id='word_1_462' title='bbox 3248 3083 3398 3141; x_wconf 81' lang='lat' dir='ltr'><strong>Mat-</strong></span> 
     </span>
    </p>
   </div>
   <div class='ocr_carea' id='block_1_61' title="bbox 133 3143 3394 3248">
    <p class='ocr_par' dir='ltr' id='par_1_61' title="bbox 133 3143 3394 3248">
     <span class='ocr_line' id='line_1_61' title="bbox 133 3143 3394 3248; baseline 0.009 -46"><span class='ocrx_word' id='word_1_463' title='bbox 133 3143 310 3217; x_wconf 84' lang='lat' dir='ltr'><strong>Deum,</strong></span> <span class='ocrx_word' id='word_1_464' title='bbox 346 3168 500 3209; x_wconf 85' lang='lat' dir='ltr'><strong>more</strong></span> <span class='ocrx_word' id='word_1_465' title='bbox 536 3152 844 3212; x_wconf 61' lang='lat' dir='ltr'><strong>Judmorum</strong></span> <span class='ocrx_word' id='word_1_466' title='bbox 865 3196 882 3224; x_wconf 88' lang='lat'><strong>,</strong></span> <span class='ocrx_word' id='word_1_467' title='bbox 911 3158 1003 3229; x_wconf 88' lang='lat' dir='ltr'><strong>qui</strong></span> <span class='ocrx_word' id='word_1_468' title='bbox 1050 3159 1199 3215; x_wconf 82' lang='lat' dir='ltr'><strong>dedit</strong></span> <span class='ocrx_word' id='word_1_469' title='bbox 1243 3161 1448 3217; x_wconf 83' lang='lat' dir='ltr'><strong>homini</strong></span> <span class='ocrx_word' id='word_1_470' title='bbox 1496 3163 1714 3222; x_wconf 81' lang='lat' dir='ltr'><strong>Christo</strong></span> <span class='ocrx_word' id='word_1_471' title='bbox 1741 3149 1788 3214; x_wconf 85' lang='lat' dir='ltr'><strong><em>C</em></strong></span> <span class='ocrx_word' id='word_1_472' title='bbox 1822 3157 1993 3248; x_wconf 69' lang='lat' dir='ltr'><strong>tinens</strong></span> <span class='ocrx_word' id='word_1_473' title='bbox 2020 3169 2142 3230; x_wconf 92' lang='lat' dir='ltr'><strong>post</strong></span> <span class='ocrx_word' id='word_1_474' title='bbox 2197 3164 2484 3221; x_wconf 88' lang='lat' dir='ltr'><strong>sanitatem</strong></span> <span class='ocrx_word' id='word_1_475' title='bbox 2515 3167 2734 3238; x_wconf 86' lang='lat' dir='ltr'><strong>leprosi,</strong></span> <span class='ocrx_word' id='word_1_476' title='bbox 2766 3182 2888 3242; x_wconf 91' lang='lat' dir='ltr'><strong>post</strong></span> <span class='ocrx_word' id='word_1_477' title='bbox 2934 3176 3268 3232; x_wconf 87' lang='lat' dir='ltr'><strong>curationem</strong></span> <span class='ocrx_word' id='word_1_478' title='bbox 3297 3193 3394 3248; x_wconf 84' lang='lat' dir='ltr'><strong>pa—</strong></span> 
     </span>
    </p>
   </div>
   <div class='ocr_carea' id='block_1_62' title="bbox 131 3232 1713 3320">
    <p class='ocr_par' dir='ltr' id='par_1_62' title="bbox 131 3232 1713 3320">
     <span class='ocr_line' id='line_1_62' title="bbox 131 3232 1713 3320; baseline 0.011 -29"><span class='ocrx_word' id='word_1_479' title='bbox 131 3232 263 3306; x_wconf 78' lang='lat' dir='ltr'><strong>lesu,</strong></span> <span class='ocrx_word' id='word_1_480' title='bbox 308 3258 418 3297; x_wconf 89' lang='lat' dir='ltr'><strong>una</strong></span> <span class='ocrx_word' id='word_1_481' title='bbox 471 3258 593 3299; x_wconf 91' lang='lat' dir='ltr'><strong>cum</strong></span> <span class='ocrx_word' id='word_1_482' title='bbox 639 3245 841 3302; x_wconf 88' lang='lat' dir='ltr'><strong>eisdem</strong></span> <span class='ocrx_word' id='word_1_483' title='bbox 880 3248 1137 3320; x_wconf 90' lang='lat' dir='ltr'><strong>apostolis</strong></span> <span class='ocrx_word' id='word_1_484' title='bbox 1185 3248 1345 3306; x_wconf 89' lang='lat' dir='ltr'><strong>talem</strong></span> <span class='ocrx_word' id='word_1_485' title='bbox 1394 3267 1459 3308; x_wconf 92' lang='lat' dir='ltr'><strong>ac</strong></span> <span class='ocrx_word' id='word_1_486' title='bbox 1509 3260 1713 3308; x_wconf 90' lang='lat' dir='ltr'><strong>tantam</strong></span> 
     </span>
    </p>
   </div>
   <div class='ocr_carea' id='block_1_63' title="bbox 128 3336 1714 3401">
    <p class='ocr_par' dir='ltr' id='par_1_63' title="bbox 128 3336 1714 3401">
     <span class='ocr_line' id='line_1_63' title="bbox 128 3336 1714 3401; baseline 0.009 -16"><span class='ocrx_word' id='word_1_487' title='bbox 128 3339 445 3399; x_wconf 83' lang='lat' dir='ltr'><strong>potestatem</strong></span> <span class='ocrx_word' id='word_1_488' title='bbox 484 3336 731 3401; x_wconf 88' lang='lat' dir='ltr'><strong>curandi,</strong></span> <span class='ocrx_word' id='word_1_489' title='bbox 770 3346 831 3393; x_wconf 91' lang='lat' dir='ltr'><strong>ut</strong></span> <span class='ocrx_word' id='word_1_490' title='bbox 863 3353 985 3393; x_wconf 91' lang='lat' dir='ltr'><strong>eum</strong></span> <span class='ocrx_word' id='word_1_491' title='bbox 1019 3348 1228 3396; x_wconf 89' lang='lat' dir='ltr'><strong>tantum</strong></span> <span class='ocrx_word' id='word_1_492' title='bbox 1255 3341 1528 3399; x_wconf 90' lang='lat' dir='ltr'><strong>hominem</strong></span> <span class='ocrx_word' id='word_1_493' title='bbox 1558 3343 1714 3400; x_wconf 88' lang='lat' dir='ltr'><strong>intel-</strong></span> 
     </span>
    </p>
   </div>
   <div class='ocr_carea' id='block_1_64' title="bbox 126 3419 1715 3508">
    <p class='ocr_par' dir='ltr' id='par_1_64' title="bbox 126 3419 1715 3508">
     <span class='ocr_line' id='line_1_64' title="bbox 126 3419 1715 3508; baseline 0.013 -34"><span class='ocrx_word' id='word_1_494' title='bbox 126 3419 305 3494; x_wconf 85' lang='lat' dir='ltr'><strong>ligant,</strong></span> <span class='ocrx_word' id='word_1_495' title='bbox 343 3428 594 3495; x_wconf 87' lang='lat' dir='ltr'><strong>quamvis</strong></span> <span class='ocrx_word' id='word_1_496' title='bbox 642 3445 808 3500; x_wconf 87' lang='lat' dir='ltr'><strong>opera</strong></span> <span class='ocrx_word' id='word_1_497' title='bbox 857 3430 1108 3488; x_wconf 88' lang='lat' dir='ltr'><strong>habuerit</strong></span> <span class='ocrx_word' id='word_1_498' title='bbox 1156 3433 1402 3491; x_wconf 89' lang='lat' dir='ltr'><strong>Deitatis.</strong></span> <span class='ocrx_word' id='word_1_499' title='bbox 1446 3435 1715 3508; x_wconf 83' lang='lat' dir='ltr'><strong>Quidquid</strong></span> 
     </span>
    </p>
   </div>
   <div class='ocr_carea' id='block_1_65' title="bbox 124 3510 1711 3597">
    <p class='ocr_par' dir='ltr' id='par_1_65' title="bbox 124 3510 1711 3597">
     <span class='ocr_line' id='line_1_65' title="bbox 124 3510 1711 3597; baseline 0.012 -31"><span class='ocrx_word' id='word_1_500' title='bbox 124 3510 321 3569; x_wconf 88' lang='lat' dir='ltr'><strong>horum</strong></span> <span class='ocrx_word' id='word_1_501' title='bbox 350 3510 515 3587; x_wconf 80' lang='lat' dir='ltr'><strong>igitur</strong></span> <span class='ocrx_word' id='word_1_502' title='bbox 550 3520 682 3575; x_wconf 84' lang='lat' dir='ltr'><strong>velis</strong></span> <span class='ocrx_word' id='word_1_503' title='bbox 724 3530 1000 3590; x_wconf 65' lang='lat' dir='ltr'><strong>astruere,</strong></span> <span class='ocrx_word' id='word_1_504' title='bbox 1032 3533 1179 3595; x_wconf 89' lang='lat' dir='ltr'><strong>patet</strong></span> <span class='ocrx_word' id='word_1_505' title='bbox 1217 3542 1440 3596; x_wconf 86' lang='lat' dir='ltr'><strong>sensus,</strong></span> <span class='ocrx_word' id='word_1_506' title='bbox 1468 3530 1611 3597; x_wconf 90' lang='lat' dir='ltr'><strong>quod</strong></span> <span class='ocrx_word' id='word_1_507' title='bbox 1656 3529 1711 3586; x_wconf 91' lang='lat' dir='ltr'><strong>in</strong></span> 
     </span>
    </p>
   </div>
   <div class='ocr_carea' id='block_1_66' title="bbox 125 3603 1713 3691">
    <p class='ocr_par' dir='ltr' id='par_1_66' title="bbox 125 3603 1713 3691">
     <span class='ocr_line' id='line_1_66' title="bbox 125 3603 1713 3691; baseline 0.014 -35"><span class='ocrx_word' id='word_1_508' title='bbox 125 3603 222 3660; x_wconf 89' lang='lat' dir='ltr'><strong>illo</strong></span> <span class='ocrx_word' id='word_1_509' title='bbox 259 3616 507 3676; x_wconf 85' lang='lat' dir='ltr'><strong>potestas</strong></span> <span class='ocrx_word' id='word_1_510' title='bbox 544 3608 697 3678; x_wconf 73' lang='lat' dir='ltr'><strong>fuerit</strong></span> <span class='ocrx_word' id='word_1_511' title='bbox 726 3612 973 3671; x_wconf 87' lang='lat' dir='ltr'><strong>Deitatis.</strong></span> <span class='ocrx_word' id='word_1_512' title='bbox 1005 3613 1415 3686; x_wconf 87' lang='lat' dir='ltr'><strong>Verumtamen,</strong></span> <span class='ocrx_word' id='word_1_513' title='bbox 1444 3621 1569 3690; x_wconf 88' lang='lat' dir='ltr'><strong>quia</strong></span> <span class='ocrx_word' id='word_1_514' title='bbox 1589 3636 1713 3691; x_wconf 87' lang='lat' dir='ltr'><strong>pec-</strong></span> 
     </span>
    </p>
   </div>
   <div class='ocr_carea' id='block_1_67' title="bbox 124 3697 1715 3780">
    <p class='ocr_par' dir='ltr' id='par_1_67' title="bbox 124 3697 1715 3780">
     <span class='ocr_line' id='line_1_67' title="bbox 124 3697 1715 3780; baseline 0.012 -31"><span class='ocrx_word' id='word_1_515' title='bbox 124 3705 246 3751; x_wconf 77' lang='lat' dir='ltr'><strong>cata</strong></span> <span class='ocrx_word' id='word_1_516' title='bbox 301 3697 598 3766; x_wconf 85' lang='lat' dir='ltr'><strong>dimiserat,</strong></span> <span class='ocrx_word' id='word_1_517' title='bbox 625 3704 767 3772; x_wconf 90' lang='lat' dir='ltr'><strong>quod</strong></span> <span class='ocrx_word' id='word_1_518' title='bbox 794 3702 962 3760; x_wconf 90' lang='lat' dir='ltr'><strong>solius</strong></span> <span class='ocrx_word' id='word_1_519' title='bbox 990 3704 1086 3761; x_wconf 85' lang='lat' dir='ltr'><strong>Dei</strong></span> <span class='ocrx_word' id='word_1_520' title='bbox 1131 3717 1238 3774; x_wconf 82' lang='lat' dir='ltr'><strong>est,</strong></span> <span class='ocrx_word' id='word_1_521' title='bbox 1281 3718 1337 3764; x_wconf 91' lang='lat' dir='ltr'><strong>et</strong></span> <span class='ocrx_word' id='word_1_522' title='bbox 1359 3709 1715 3780; x_wconf 85' lang='lat' dir='ltr'><strong>cogitationes</strong></span> 
     </span>
    </p>
   </div>
   <div class='ocr_carea' id='block_1_68' title="bbox 123 3788 1712 3865">
    <p class='ocr_par' dir='ltr' id='par_1_68' title="bbox 123 3788 1712 3865">
     <span class='ocr_line' id='line_1_68' title="bbox 123 3788 1712 3865; baseline 0.01 -23"><span class='ocrx_word' id='word_1_523' title='bbox 123 3788 363 3844; x_wconf 86' lang='lat' dir='ltr'><strong>occultas</strong></span> <span class='ocrx_word' id='word_1_524' title='bbox 394 3790 849 3861; x_wconf 86' lang='lat' dir='ltr'><strong>deprehenderat,</strong></span> <span class='ocrx_word' id='word_1_525' title='bbox 894 3804 950 3851; x_wconf 89' lang='lat' dir='ltr'><strong>et</strong></span> <span class='ocrx_word' id='word_1_526' title='bbox 990 3796 1135 3865; x_wconf 89' lang='lat' dir='ltr'><strong>huic,</strong></span> <span class='ocrx_word' id='word_1_527' title='bbox 1181 3799 1407 3856; x_wconf 89' lang='lat' dir='ltr'><strong>sanandi</strong></span> <span class='ocrx_word' id='word_1_528' title='bbox 1438 3816 1501 3855; x_wconf 92' lang='lat' dir='ltr'><strong>ac</strong></span> <span class='ocrx_word' id='word_1_529' title='bbox 1530 3816 1712 3857; x_wconf 88' lang='lat' dir='ltr'><strong>resur-</strong></span> 
     </span>
    </p>
   </div>
   <div class='ocr_carea' id='block_1_69' title="bbox 124 3879 1712 3961">
    <p class='ocr_par' dir='ltr' id='par_1_69' title="bbox 124 3879 1712 3961">
     <span class='ocr_line' id='line_1_69' title="bbox 124 3879 1712 3961; baseline 0.008 -28"><span class='ocrx_word' id='word_1_530' title='bbox 124 3879 322 3954; x_wconf 80' lang='lat' dir='ltr'><strong>gendi,</strong></span> <span class='ocrx_word' id='word_1_531' title='bbox 375 3881 518 3937; x_wconf 89' lang='lat' dir='ltr'><strong>sicut</strong></span> <span class='ocrx_word' id='word_1_532' title='bbox 575 3891 631 3938; x_wconf 91' lang='lat' dir='ltr'><strong>et</strong></span> <span class='ocrx_word' id='word_1_533' title='bbox 683 3884 1132 3956; x_wconf 90' lang='lat' dir='ltr'><strong>quampluribus,</strong></span> <span class='ocrx_word' id='word_1_534' title='bbox 1178 3889 1342 3945; x_wconf 90' lang='lat' dir='ltr'><strong>verbo</strong></span> <span class='ocrx_word' id='word_1_535' title='bbox 1391 3898 1712 3961; x_wconf 89' lang='lat' dir='ltr'><strong>potestatem</strong></span> 
     </span>
    </p>
   </div>
   <div class='ocr_carea' id='block_1_70' title="bbox 126 3965 1711 4055">
    <p class='ocr_par' dir='ltr' id='par_1_70' title="bbox 126 3965 1711 4055">
     <span class='ocr_line' id='line_1_70' title="bbox 126 3965 1711 4055; baseline 0.008 -31"><span class='ocrx_word' id='word_1_536' title='bbox 126 3965 348 4025; x_wconf 83' lang='lat' dir='ltr'><strong>dederat</strong></span> <span class='ocrx_word' id='word_1_537' title='bbox 389 3988 580 4029; x_wconf 85' lang='lat' dir='ltr'><strong>coram</strong></span> <span class='ocrx_word' id='word_1_538' title='bbox 628 3975 731 4041; x_wconf 90' lang='lat' dir='ltr'><strong>eis,</strong></span> <span class='ocrx_word' id='word_1_539' title='bbox 779 3976 981 4032; x_wconf 89' lang='lat' dir='ltr'><strong>rectius</strong></span> <span class='ocrx_word' id='word_1_540' title='bbox 1027 3978 1397 4055; x_wconf 76' lang='lat' dir='ltr'><strong>intelligimus,</strong></span> <span class='ocrx_word' id='word_1_541' title='bbox 1437 3978 1711 4037; x_wconf 87' lang='lat' dir='ltr'><strong>Christum</strong></span> 
     </span>
    </p>
   </div>
   <div class='ocr_carea' id='block_1_71' title="bbox 122 4052 1712 4142">
    <p class='ocr_par' dir='ltr' id='par_1_71' title="bbox 122 4052 1712 4142">
     <span class='ocr_line' id='line_1_71' title="bbox 122 4052 1712 4142; baseline 0.006 -25"><span class='ocrx_word' id='word_1_542' title='bbox 122 4053 290 4117; x_wconf 79' lang='lat' dir='ltr'><strong>Denm</strong></span> <span class='ocrx_word' id='word_1_543' title='bbox 337 4063 458 4122; x_wconf 85' lang='lat' dir='ltr'><strong>illos</strong></span> <span class='ocrx_word' id='word_1_544' title='bbox 506 4056 840 4136; x_wconf 84' lang='lat' dir='ltr'><strong>gloriﬁcasse</strong></span> <span class='ocrx_word' id='word_1_545' title='bbox 890 4083 955 4123; x_wconf 87' lang='lat' dir='ltr'><strong>ac</strong></span> <span class='ocrx_word' id='word_1_546' title='bbox 999 4052 1266 4138; x_wconf 84' lang='lat' dir='ltr'><strong>timuisse,</strong></span> <span class='ocrx_word' id='word_1_547' title='bbox 1316 4085 1476 4142; x_wconf 89' lang='lat' dir='ltr'><strong>quem</strong></span> <span class='ocrx_word' id='word_1_548' title='bbox 1528 4070 1712 4128; x_wconf 90' lang='lat' dir='ltr'><strong>miseri</strong></span> 
     </span>
    </p>
   </div>
   <div class='ocr_carea' id='block_1_72' title="bbox 121 4151 1709 4235">
    <p class='ocr_par' dir='ltr' id='par_1_72' title="bbox 121 4151 1709 4235">
     <span class='ocr_line' id='line_1_72' title="bbox 121 4151 1709 4235; baseline 0.007 -26"><span class='ocrx_word' id='word_1_549' title='bbox 121 4151 372 4213; x_wconf 65' lang='lat' dir='ltr'><strong>Pharisaei</strong></span> <span class='ocrx_word' id='word_1_550' title='bbox 418 4159 650 4215; x_wconf 85' lang='lat' dir='ltr'><strong>credere</strong></span> <span class='ocrx_word' id='word_1_551' title='bbox 694 4158 1002 4217; x_wconf 91' lang='lat' dir='ltr'><strong>noluerunt.</strong></span> <span class='ocrx_word' id='word_1_552' title='bbox 1052 4162 1120 4218; x_wconf 90' lang='lat' dir='ltr'><strong>Et</strong></span> <span class='ocrx_word' id='word_1_553' title='bbox 1158 4163 1273 4219; x_wconf 67' lang='lat' dir='ltr'><strong>haec</strong></span> <span class='ocrx_word' id='word_1_554' title='bbox 1319 4172 1423 4230; x_wconf 89' lang='lat' dir='ltr'><strong>est,</strong></span> <span class='ocrx_word' id='word_1_555' title='bbox 1468 4164 1709 4235; x_wconf 89' lang='lat' dir='ltr'><strong>inquam,</strong></span> 
     </span>
    </p>
   </div>
   <div class='ocr_carea' id='block_1_73' title="bbox 117 4244 1713 4327">
    <p class='ocr_par' dir='ltr' id='par_1_73' title="bbox 117 4244 1713 4327">
     <span class='ocr_line' id='line_1_73' title="bbox 117 4244 1713 4327; baseline 0.008 -28"><span class='ocrx_word' id='word_1_556' title='bbox 117 4254 355 4314; x_wconf 86' lang='lat' dir='ltr'><strong>potestas</strong></span> <span class='ocrx_word' id='word_1_557' title='bbox 386 4265 555 4320; x_wconf 89' lang='lat' dir='ltr'><strong>quam</strong></span> <span class='ocrx_word' id='word_1_558' title='bbox 581 4244 888 4321; x_wconf 88' lang='lat' dir='ltr'><strong>gloriﬁcant</strong></span> <span class='ocrx_word' id='word_1_559' title='bbox 933 4252 1192 4320; x_wconf 89' lang='lat' dir='ltr'><strong>Deitatis,</strong></span> <span class='ocrx_word' id='word_1_560' title='bbox 1236 4270 1341 4327; x_wconf 89' lang='lat' dir='ltr'><strong>qua</strong></span> <span class='ocrx_word' id='word_1_561' title='bbox 1378 4254 1526 4312; x_wconf 88' lang='lat' dir='ltr'><strong>dedit</strong></span> <span class='ocrx_word' id='word_1_562' title='bbox 1564 4255 1622 4311; x_wconf 86' lang='lat' dir='ltr'><strong>in</strong></span> <span class='ocrx_word' id='word_1_563' title='bbox 1653 4271 1713 4312; x_wconf 91' lang='lat' dir='ltr'><strong>se</strong></span> 
     </span>
    </p>
   </div>
   <div class='ocr_carea' id='block_1_74' title="bbox 119 4339 1710 4404">
    <p class='ocr_par' dir='ltr' id='par_1_74' title="bbox 119 4339 1710 4404">
     <span class='ocr_line' id='line_1_74' title="bbox 119 4339 1710 4404; baseline 0.008 -12"><span class='ocrx_word' id='word_1_564' title='bbox 119 4339 464 4397; x_wconf 83' lang='lat' dir='ltr'><strong>credentibus</strong></span> <span class='ocrx_word' id='word_1_565' title='bbox 526 4357 636 4398; x_wconf 89' lang='lat' dir='ltr'><strong>non</strong></span> <span class='ocrx_word' id='word_1_566' title='bbox 703 4341 876 4398; x_wconf 88' lang='lat' dir='ltr'><strong>solum</strong></span> <span class='ocrx_word' id='word_1_567' title='bbox 931 4345 1109 4400; x_wconf 89' lang='lat' dir='ltr'><strong>sanari</strong></span> <span class='ocrx_word' id='word_1_568' title='bbox 1162 4361 1349 4401; x_wconf 89' lang='lat' dir='ltr'><strong>verum</strong></span> <span class='ocrx_word' id='word_1_569' title='bbox 1424 4344 1562 4404; x_wconf 86' lang='lat' dir='ltr'><strong>filios</strong></span> <span class='ocrx_word' id='word_1_570' title='bbox 1613 4344 1710 4404; x_wconf 83' lang='lat' dir='ltr'><strong>Dei</strong></span> 
     </span>
    </p>
   </div>
   <div class='ocr_carea' id='block_1_75' title="bbox 115 4426 1710 4513">
    <p class='ocr_par' dir='ltr' id='par_1_75' title="bbox 115 4426 1710 4513">
     <span class='ocr_line' id='line_1_75' title="bbox 115 4426 1710 4513; baseline 0.007 -27"><span class='ocrx_word' id='word_1_571' title='bbox 115 4426 246 4497; x_wconf 69' lang='lat' dir='ltr'><strong>ﬁeri,</strong></span> <span class='ocrx_word' id='word_1_572' title='bbox 275 4443 335 4490; x_wconf 89' lang='lat' dir='ltr'><strong>et</strong></span> <span class='ocrx_word' id='word_1_573' title='bbox 354 4434 425 4491; x_wconf 90' lang='lat' dir='ltr'><strong>ad</strong></span> <span class='ocrx_word' id='word_1_574' title='bbox 446 4433 672 4492; x_wconf 89' lang='lat' dir='ltr'><strong>domum</strong></span> <span class='ocrx_word' id='word_1_575' title='bbox 695 4434 931 4494; x_wconf 62' lang='lat' dir='ltr'><strong>caelestis</strong></span> <span class='ocrx_word' id='word_1_576' title='bbox 956 4439 1147 4509; x_wconf 75' lang='lat' dir='ltr'><strong>patriae</strong></span> <span class='ocrx_word' id='word_1_577' title='bbox 1171 4439 1494 4512; x_wconf 89' lang='lat' dir='ltr'><strong>quantocius</strong></span> <span class='ocrx_word' id='word_1_578' title='bbox 1514 4455 1710 4513; x_wconf 87' lang='lat' dir='ltr'><strong>perve-</strong></span> 
     </span>
    </p>
   </div>
   <div class='ocr_carea' id='block_1_76' title="bbox 116 4539 242 4583">
    <p class='ocr_par' dir='ltr' id='par_1_76' title="bbox 116 4539 242 4583">
     <span class='ocr_line' id='line_1_76' title="bbox 116 4539 242 4583; baseline 0 0"><span class='ocrx_word' id='word_1_579' title='bbox 116 4539 242 4583; x_wconf 78' lang='lat' dir='ltr'><strong>me.</strong></span> 
     </span>
    </p>
   </div>
   <div class='ocr_carea' id='block_1_77' title="bbox 177 4640 1708 4712">
    <p class='ocr_par' dir='ltr' id='par_1_77' title="bbox 177 4640 1708 4712">
     <span class='ocr_line' id='line_1_77' title="bbox 177 4640 1708 4712; baseline 0.005 -16"><span class='ocrx_word' id='word_1_580' title='bbox 177 4640 246 4696; x_wconf 79' lang='lat' dir='ltr'><strong>Et</strong></span> <span class='ocrx_word' id='word_1_581' title='bbox 284 4659 414 4699; x_wconf 63' lang='lat' dir='ltr'><strong>mm</strong></span> <span class='ocrx_word' id='word_1_582' title='bbox 445 4645 721 4701; x_wconf 71' lang='lat' dir='ltr'><strong>transisset</strong></span> <span class='ocrx_word' id='word_1_583' title='bbox 766 4646 888 4701; x_wconf 83' lang='lat' dir='ltr'><strong>inde</strong></span> <span class='ocrx_word' id='word_1_584' title='bbox 931 4644 1118 4711; x_wconf 75' lang='lat' dir='ltr'><strong>Iesus.</strong></span> <span class='ocrx_word' id='word_1_585' title='bbox 1165 4646 1599 4712; x_wconf 66' lang='lat' dir='ltr'><strong>vidit,,lzpminem</strong></span> <span class='ocrx_word' id='word_1_586' title='bbox 1625 4664 1708 4704; x_wconf 75' lang='lat' dir='ltr'><strong>se-</strong></span> 
     </span>
    </p>
   </div>
   <div class='ocr_carea' id='block_1_78' title="bbox 115 4724 1704 4804">
    <p class='ocr_par' dir='ltr' id='par_1_78' title="bbox 115 4724 1704 4804">
     <span class='ocr_line' id='line_1_78' title="bbox 115 4724 1704 4804; baseline 0.006 -20"><span class='ocrx_word' id='word_1_587' title='bbox 115 4730 313 4787; x_wconf 65' lang='lat' dir='ltr'><strong>datam</strong></span> <span class='ocrx_word' id='word_1_588' title='bbox 355 4735 412 4788; x_wconf 84' lang='lat' dir='ltr'><strong>in</strong></span> <span class='ocrx_word' id='word_1_589' title='bbox 459 4734 677 4799; x_wconf 85' lang='lat' dir='ltr'><strong>tclonio,</strong></span> <span class='ocrx_word' id='word_1_590' title='bbox 727 4724 1040 4792; x_wconf 75' lang='lat' dir='ltr'><strong>Hattlueum</strong></span> <span class='ocrx_word' id='word_1_591' title='bbox 1071 4739 1280 4793; x_wconf 79' lang='lat' dir='ltr'><strong>nomine</strong></span> <span class='ocrx_word' id='word_1_592' title='bbox 1301 4778 1317 4804; x_wconf 93' lang='lat'><strong>,</strong></span> <span class='ocrx_word' id='word_1_593' title='bbox 1360 4746 1409 4793; x_wconf 85' lang='lat' dir='ltr'><strong>et</strong></span> <span class='ocrx_word' id='word_1_594' title='bbox 1454 4739 1530 4793; x_wconf 84' lang='lat' dir='ltr'><strong>ait</strong></span> <span class='ocrx_word' id='word_1_595' title='bbox 1582 4738 1704 4794; x_wconf 84' lang='lat' dir='ltr'><strong>illi:</strong></span> 
     </span>
    </p>
   </div>
   <div class='ocr_carea' id='block_1_79' title="bbox 114 4817 1707 4899">
    <p class='ocr_par' dir='ltr' id='par_1_79' title="bbox 114 4817 1707 4899">
     <span class='ocr_line' id='line_1_79' title="bbox 114 4817 1707 4899; baseline 0.005 -23"><span class='ocrx_word' id='word_1_596' title='bbox 114 4817 346 4891; x_wconf 74' lang='lat' dir='ltr'><strong>Sequere</strong></span> <span class='ocrx_word' id='word_1_597' title='bbox 374 4840 479 4878; x_wconf 85' lang='lat' dir='ltr'><strong>me.</strong></span> <span class='ocrx_word' id='word_1_598' title='bbox 505 4822 855 4881; x_wconf 80' lang='lat' dir='ltr'><strong>Consuetudo</strong></span> <span class='ocrx_word' id='word_1_599' title='bbox 880 4835 969 4883; x_wconf 88' lang='lat' dir='ltr'><strong>est</strong></span> <span class='ocrx_word' id='word_1_600' title='bbox 992 4836 1303 4893; x_wconf 73' lang='lat' dir='ltr'><strong>sanctorum</strong></span> <span class='ocrx_word' id='word_1_601' title='bbox 1331 4828 1386 4883; x_wconf 93' lang='lat' dir='ltr'><strong>in</strong></span> <span class='ocrx_word' id='word_1_602' title='bbox 1410 4827 1707 4899; x_wconf 88' lang='lat' dir='ltr'><strong>Scripturis</strong></span> 
     </span>
    </p>
   </div>
   <div class='ocr_carea' id='block_1_80' title="bbox 112 4908 1707 4989">
    <p class='ocr_par' dir='ltr' id='par_1_80' title="bbox 112 4908 1707 4989">
     <span class='ocr_line' id='line_1_80' title="bbox 112 4908 1707 4989; baseline 0.006 -22"><span class='ocrx_word' id='word_1_603' title='bbox 112 4908 331 4979; x_wconf 79' lang='lat' dir='ltr'><strong>divinis,</strong></span> <span class='ocrx_word' id='word_1_604' title='bbox 368 4915 587 4986; x_wconf 86' lang='lat' dir='ltr'><strong>quoties</strong></span> <span class='ocrx_word' id='word_1_605' title='bbox 630 4916 731 4988; x_wconf 87' lang='lat' dir='ltr'><strong>ipsi</strong></span> <span class='ocrx_word' id='word_1_606' title='bbox 772 4916 840 4973; x_wconf 91' lang='lat' dir='ltr'><strong>de</strong></span> <span class='ocrx_word' id='word_1_607' title='bbox 884 4932 945 4973; x_wconf 89' lang='lat' dir='ltr'><strong>se</strong></span> <span class='ocrx_word' id='word_1_608' title='bbox 970 4918 1285 4989; x_wconf 88' lang='lat' dir='ltr'><strong>loquuntur,</strong></span> <span class='ocrx_word' id='word_1_609' title='bbox 1325 4919 1406 4976; x_wconf 88' lang='lat' dir='ltr'><strong>sic</strong></span> <span class='ocrx_word' id='word_1_610' title='bbox 1450 4919 1609 4989; x_wconf 88' lang='lat' dir='ltr'><strong>quasi</strong></span> <span class='ocrx_word' id='word_1_611' title='bbox 1638 4920 1707 4976; x_wconf 85' lang='lat' dir='ltr'><strong>de</strong></span> 
     </span>
    </p>
   </div>
   <div class='ocr_carea' id='block_1_81' title="bbox 108 5000 1710 5080">
    <p class='ocr_par' dir='ltr' id='par_1_81' title="bbox 108 5000 1710 5080">
     <span class='ocr_line' id='line_1_81' title="bbox 108 5000 1710 5080; baseline 0.003 -18"><span class='ocrx_word' id='word_1_612' title='bbox 108 5000 212 5062; x_wconf 63' lang='lat'><strong>350</strong></span> <span class='ocrx_word' id='word_1_613' title='bbox 237 5005 459 5062; x_wconf 80' lang='lat' dir='ltr'><strong>dicere.</strong></span> <span class='ocrx_word' id='word_1_614' title='bbox 493 5004 605 5061; x_wconf 79' lang='lat' dir='ltr'><strong>Nec</strong></span> <span class='ocrx_word' id='word_1_615' title='bbox 635 5006 932 5075; x_wconf 90' lang='lat' dir='ltr'><strong>immerito,</strong></span> <span class='ocrx_word' id='word_1_616' title='bbox 962 5009 1218 5080; x_wconf 88' lang='lat' dir='ltr'><strong>quoniam</strong></span> <span class='ocrx_word' id='word_1_617' title='bbox 1247 5010 1349 5066; x_wconf 88' lang='lat' dir='ltr'><strong>etsi</strong></span> <span class='ocrx_word' id='word_1_618' title='bbox 1380 5010 1484 5080; x_wconf 86' lang='lat' dir='ltr'><strong>ipsi</strong></span> <span class='ocrx_word' id='word_1_619' title='bbox 1522 5012 1710 5067; x_wconf 87' lang='lat' dir='ltr'><strong>viden-</strong></span> 
     </span>
    </p>
   </div>
   <div class='ocr_carea' id='block_1_82' title="bbox 110 5099 1709 5175">
    <p class='ocr_par' dir='ltr' id='par_1_82' title="bbox 110 5099 1709 5175">
     <span class='ocr_line' id='line_1_82' title="bbox 110 5099 1709 5175; baseline 0.006 -24"><span class='ocrx_word' id='word_1_620' title='bbox 110 5104 196 5151; x_wconf 75' lang='lat' dir='ltr'><strong>tur</strong></span> <span class='ocrx_word' id='word_1_621' title='bbox 220 5099 410 5171; x_wconf 82' lang='lat' dir='ltr'><strong>loqui,</strong></span> <span class='ocrx_word' id='word_1_622' title='bbox 444 5110 627 5156; x_wconf 85' lang='lat' dir='ltr'><strong>tamen</strong></span> <span class='ocrx_word' id='word_1_623' title='bbox 655 5100 891 5173; x_wconf 85' lang='lat' dir='ltr'><strong>Spiritus</strong></span> <span class='ocrx_word' id='word_1_624' title='bbox 912 5112 1133 5161; x_wconf 84' lang='lat' dir='ltr'><strong>sanctus</strong></span> <span class='ocrx_word' id='word_1_625' title='bbox 1160 5102 1398 5175; x_wconf 87' lang='lat' dir='ltr'><strong>loquitur</strong></span> <span class='ocrx_word' id='word_1_626' title='bbox 1430 5104 1482 5158; x_wconf 89' lang='lat' dir='ltr'><strong>in</strong></span> <span class='ocrx_word' id='word_1_627' title='bbox 1507 5103 1610 5169; x_wconf 90' lang='lat' dir='ltr'><strong>eis,</strong></span> <span class='ocrx_word' id='word_1_628' title='bbox 1652 5111 1709 5160; x_wconf 90' lang='lat' dir='ltr'><strong>et</strong></span> 
     </span>
    </p>
   </div>
   <div class='ocr_carea' id='block_1_83' title="bbox 109 5187 1708 5267">
    <p class='ocr_par' dir='ltr' id='par_1_83' title="bbox 109 5187 1708 5267">
     <span class='ocr_line' id='line_1_83' title="bbox 109 5187 1708 5267; baseline 0.006 -22"><span class='ocrx_word' id='word_1_629' title='bbox 109 5187 220 5259; x_wconf 79' lang='lat' dir='ltr'><strong>ipse</strong></span> <span class='ocrx_word' id='word_1_630' title='bbox 257 5192 339 5246; x_wconf 82' lang='lat' dir='ltr'><strong>de</strong></span> <span class='ocrx_word' id='word_1_631' title='bbox 374 5189 482 5247; x_wconf 87' lang='lat' dir='ltr'><strong>illis</strong></span> <span class='ocrx_word' id='word_1_632' title='bbox 508 5207 631 5263; x_wconf 64' lang='lat' dir='ltr'><strong>quae</strong></span> <span class='ocrx_word' id='word_1_633' title='bbox 665 5208 794 5249; x_wconf 84' lang='lat' dir='ltr'><strong>vera</strong></span> <span class='ocrx_word' id='word_1_634' title='bbox 823 5203 967 5261; x_wconf 89' lang='lat' dir='ltr'><strong>sunt,</strong></span> <span class='ocrx_word' id='word_1_635' title='bbox 999 5195 1156 5267; x_wconf 89' lang='lat' dir='ltr'><strong>quasi</strong></span> <span class='ocrx_word' id='word_1_636' title='bbox 1181 5194 1320 5252; x_wconf 89' lang='lat' dir='ltr'><strong>alius</strong></span> <span class='ocrx_word' id='word_1_637' title='bbox 1347 5194 1556 5267; x_wconf 88' lang='lat' dir='ltr'><strong>absque</strong></span> <span class='ocrx_word' id='word_1_638' title='bbox 1582 5195 1708 5254; x_wconf 91' lang='lat' dir='ltr'><strong>fuco</strong></span> 
     </span>
    </p>
   </div>
   <div class='ocr_carea' id='block_1_84' title="bbox 109 5282 1708 5359">
    <p class='ocr_par' dir='ltr' id='par_1_84' title="bbox 109 5282 1708 5359">
     <span class='ocr_line' id='line_1_84' title="bbox 109 5282 1708 5359; baseline 0.001 -19"><span class='ocrx_word' id='word_1_639' title='bbox 109 5282 546 5343; x_wconf 74' lang='lat' dir='ltr'><strong>decolorationis</strong></span> <span class='ocrx_word' id='word_1_640' title='bbox 572 5292 823 5352; x_wconf 85' lang='lat' dir='ltr'><strong>testatur,</strong></span> <span class='ocrx_word' id='word_1_641' title='bbox 854 5287 983 5344; x_wconf 89' lang='lat' dir='ltr'><strong>licet</strong></span> <span class='ocrx_word' id='word_1_642' title='bbox 1007 5304 1074 5344; x_wconf 88' lang='lat' dir='ltr'><strong>eo</strong></span> <span class='ocrx_word' id='word_1_643' title='bbox 1097 5288 1350 5358; x_wconf 91' lang='lat' dir='ltr'><strong>loquendi</strong></span> <span class='ocrx_word' id='word_1_644' title='bbox 1382 5303 1581 5359; x_wconf 87' lang='lat' dir='ltr'><strong>genere</strong></span> <span class='ocrx_word' id='word_1_645' title='bbox 1607 5288 1708 5343; x_wconf 86' lang='lat' dir='ltr'><strong>hu-</strong></span> 
     </span>
    </p>
   </div>
   <div class='ocr_carea' id='block_1_85' title="bbox 106 5373 1705 5450">
    <p class='ocr_par' dir='ltr' id='par_1_85' title="bbox 106 5373 1705 5450">
     <span class='ocr_line' id='line_1_85' title="bbox 106 5373 1705 5450; baseline 0.001 -18"><span class='ocrx_word' id='word_1_646' title='bbox 106 5373 377 5433; x_wconf 67' lang='lat' dir='ltr'><strong>militatis</strong></span> <span class='ocrx_word' id='word_1_647' title='bbox 392 5389 557 5432; x_wconf 83' lang='lat' dir='ltr'><strong>causa</strong></span> <span class='ocrx_word' id='word_1_648' title='bbox 583 5392 642 5432; x_wconf 89' lang='lat' dir='ltr'><strong>se</strong></span> <span class='ocrx_word' id='word_1_649' title='bbox 661 5377 955 5434; x_wconf 89' lang='lat' dir='ltr'><strong>occultent.</strong></span> <span class='ocrx_word' id='word_1_650' title='bbox 985 5377 1078 5434; x_wconf 89' lang='lat' dir='ltr'><strong>Sic</strong></span> <span class='ocrx_word' id='word_1_651' title='bbox 1100 5378 1285 5449; x_wconf 89' lang='lat' dir='ltr'><strong>itaque</strong></span> <span class='ocrx_word' id='word_1_652' title='bbox 1310 5377 1522 5450; x_wconf 81' lang='lat' dir='ltr'><strong>Moyses</strong></span> <span class='ocrx_word' id='word_1_653' title='bbox 1541 5393 1705 5448; x_wconf 91' lang='lat' dir='ltr'><strong>quam</strong></span> 
     </span>
    </p>
   </div>
   <div class='ocr_carea' id='block_1_86' title="bbox 105 5467 1771 5543">
    <p class='ocr_par' dir='ltr' id='par_1_86' title="bbox 105 5467 1771 5543">
     <span class='ocr_line' id='line_1_86' title="bbox 105 5467 1771 5543; baseline -0.002 -17"><span class='ocrx_word' id='word_1_654' title='bbox 105 5480 272 5539; x_wconf 62' lang='grc' dir='ltr'><strong>δεμ,</strong></span> <span class='ocrx_word' id='word_1_655' title='bbox 306 5469 406 5526; x_wconf 72' lang='lat' dir='ltr'><strong>sic</strong></span> <span class='ocrx_word' id='word_1_656' title='bbox 432 5468 625 5534; x_wconf 85' lang='lat' dir='ltr'><strong>Isaias,</strong></span> <span class='ocrx_word' id='word_1_657' title='bbox 665 5470 746 5526; x_wconf 88' lang='lat' dir='ltr'><strong>sic</strong></span> <span class='ocrx_word' id='word_1_658' title='bbox 776 5479 832 5526; x_wconf 91' lang='lat' dir='ltr'><strong>et</strong></span> <span class='ocrx_word' id='word_1_659' title='bbox 865 5467 1101 5526; x_wconf 82' lang='lat' dir='ltr'><strong>Joannes</strong></span> <span class='ocrx_word' id='word_1_660' title='bbox 1118 5469 1432 5539; x_wconf 87' lang='lat' dir='ltr'><strong>loquuntur,</strong></span> <span class='ocrx_word' id='word_1_661' title='bbox 1464 5470 1616 5541; x_wconf 86' lang='lat' dir='ltr'><strong>quasi</strong></span> <span class='ocrx_word' id='word_1_662' title='bbox 1643 5470 1710 5543; x_wconf 80' lang='lat' dir='ltr'><strong>de</strong></span> <span class='ocrx_word' id='word_1_663' title='bbox 1764 5516 1771 5523; x_wconf 96' lang='lat'><strong>.</strong></span> 
     </span>
    </p>
   </div>
   <div class='ocr_carea' id='block_1_87' title="bbox 105 5556 1707 5627">
    <p class='ocr_par' dir='ltr' id='par_1_87' title="bbox 105 5556 1707 5627">
     <span class='ocr_line' id='line_1_87' title="bbox 105 5556 1707 5627; baseline -0.001 -12"><span class='ocrx_word' id='word_1_664' title='bbox 105 5556 304 5627; x_wconf 81' lang='lat' dir='ltr'><strong>altero,</strong></span> <span class='ocrx_word' id='word_1_665' title='bbox 369 5568 432 5614; x_wconf 90' lang='lat' dir='ltr'><strong>ut</strong></span> <span class='ocrx_word' id='word_1_666' title='bbox 481 5560 683 5616; x_wconf 87' lang='lat' dir='ltr'><strong>veritas</strong></span> <span class='ocrx_word' id='word_1_667' title='bbox 713 5559 827 5616; x_wconf 87' lang='lat' dir='ltr'><strong>suis</strong></span> <span class='ocrx_word' id='word_1_668' title='bbox 874 5560 1167 5621; x_wconf 81' lang='lat' dir='ltr'><strong>adornetur</strong></span> <span class='ocrx_word' id='word_1_669' title='bbox 1192 5558 1502 5616; x_wconf 88' lang='lat' dir='ltr'><strong>virtutibus.</strong></span> <span class='ocrx_word' id='word_1_670' title='bbox 1543 5558 1707 5626; x_wconf 71' lang='lat' dir='ltr'><strong>Vidit,</strong></span> 
     </span>
    </p>
   </div>
   <div class='ocr_carea' id='block_1_88' title="bbox 107 5649 1708 5723">
    <p class='ocr_par' dir='ltr' id='par_1_88' title="bbox 107 5649 1708 5723">
     <span class='ocr_line' id='line_1_88' title="bbox 107 5649 1708 5723; baseline 0 -16"><span class='ocrx_word' id='word_1_671' title='bbox 107 5649 308 5723; x_wconf 71' lang='lat' dir='ltr'><strong>inquit,</strong></span> <span class='ocrx_word' id='word_1_672' title='bbox 359 5651 645 5719; x_wconf 78' lang='lat' dir='ltr'><strong>hominem,</strong></span> <span class='ocrx_word' id='word_1_673' title='bbox 674 5653 946 5710; x_wconf 84' lang='lat' dir='ltr'><strong>hominem</strong></span> <span class='ocrx_word' id='word_1_674' title='bbox 986 5653 1088 5718; x_wconf 73' lang='lat' dir='ltr'><strong>ait,</strong></span> <span class='ocrx_word' id='word_1_675' title='bbox 1132 5661 1330 5708; x_wconf 90' lang='lat' dir='ltr'><strong>etnon</strong></span> <span class='ocrx_word' id='word_1_676' title='bbox 1374 5650 1708 5720; x_wconf 71' lang='lat' dir='ltr'><strong>Matthteutn,</strong></span> 
     </span>
    </p>
   </div>
   <div class='ocr_carea' id='block_1_89' title="bbox 106 5740 1710 5819">
    <p class='ocr_par' dir='ltr' id='par_1_89' title="bbox 106 5740 1710 5819">
     <span class='ocr_line' id='line_1_89' title="bbox 106 5740 1710 5819; baseline -0.001 -21"><span class='ocrx_word' id='word_1_677' title='bbox 106 5742 231 5819; x_wconf 69' lang='lat' dir='ltr'><strong>glria</strong></span> <span class='ocrx_word' id='word_1_678' title='bbox 281 5742 581 5800; x_wconf 64' lang='lat' dir='ltr'><strong>blatthteus</strong></span> <span class='ocrx_word' id='word_1_679' title='bbox 633 5743 860 5800; x_wconf 82' lang='lat' dir='ltr'><strong>donatus</strong></span> <span class='ocrx_word' id='word_1_680' title='bbox 904 5743 1307 5813; x_wconf 84' lang='lat' dir='ltr'><strong>interpretatur,</strong></span> <span class='ocrx_word' id='word_1_681' title='bbox 1352 5740 1455 5797; x_wconf 82' lang='lat' dir='ltr'><strong>etsi</strong></span> <span class='ocrx_word' id='word_1_682' title='bbox 1496 5740 1608 5811; x_wconf 86' lang='lat' dir='ltr'><strong>jam</strong></span> <span class='ocrx_word' id='word_1_683' title='bbox 1656 5742 1710 5799; x_wconf 89' lang='lat' dir='ltr'><strong>in</strong></span> 
     </span>
    </p>
   </div>
   <div class='ocr_carea' id='block_1_90' title="bbox 1820 3247 3395 3329">
    <p class='ocr_par' dir='ltr' id='par_1_90' title="bbox 1820 3247 3395 3329">
     <span class='ocr_line' id='line_1_90' title="bbox 1820 3247 3395 3329; baseline 0.014 -26"><span class='ocrx_word' id='word_1_684' title='bbox 1820 3247 2168 3321; x_wconf 84' lang='lat' dir='ltr'><strong>ralyticorum</strong></span> <span class='ocrx_word' id='word_1_685' title='bbox 2217 3262 2663 3329; x_wconf 79' lang='lat' dir='ltr'><strong>czeterorumque,</strong></span> <span class='ocrx_word' id='word_1_686' title='bbox 2698 3264 2934 3319; x_wconf 86' lang='lat' dir='ltr'><strong>medium</strong></span> <span class='ocrx_word' id='word_1_687' title='bbox 2976 3282 3035 3321; x_wconf 90' lang='lat' dir='ltr'><strong>se</strong></span> <span class='ocrx_word' id='word_1_688' title='bbox 3065 3266 3395 3325; x_wconf 86' lang='lat' dir='ltr'><strong>interserere</strong></span> 
     </span>
    </p>
   </div>
   <div class='ocr_carea' id='block_1_91' title="bbox 1818 3341 3397 3426">
    <p class='ocr_par' dir='ltr' id='par_1_91' title="bbox 1818 3341 3397 3426">
     <span class='ocr_line' id='line_1_91' title="bbox 1818 3341 3397 3426; baseline 0.015 -31"><span class='ocrx_word' id='word_1_689' title='bbox 1818 3341 2039 3409; x_wconf 89' lang='lat' dir='ltr'><strong>maluit;</strong></span> <span class='ocrx_word' id='word_1_690' title='bbox 2071 3354 2132 3399; x_wconf 92' lang='lat' dir='ltr'><strong>ut</strong></span> <span class='ocrx_word' id='word_1_691' title='bbox 2172 3344 2262 3401; x_wconf 91' lang='lat' dir='ltr'><strong>ubi</strong></span> <span class='ocrx_word' id='word_1_692' title='bbox 2319 3347 2473 3404; x_wconf 90' lang='lat' dir='ltr'><strong>multi</strong></span> <span class='ocrx_word' id='word_1_693' title='bbox 2518 3350 2725 3408; x_wconf 89' lang='lat' dir='ltr'><strong>debiles</strong></span> <span class='ocrx_word' id='word_1_694' title='bbox 2783 3366 3077 3426; x_wconf 40' lang='lat' dir='ltr'><strong>curantur”</strong></span> <span class='ocrx_word' id='word_1_695' title='bbox 3101 3360 3267 3416; x_wconf 91' lang='lat' dir='ltr'><strong>etiam</strong></span> <span class='ocrx_word' id='word_1_696' title='bbox 3311 3376 3397 3417; x_wconf 53' lang='lat' dir='ltr'><strong>se.</strong></span> 
     </span>
    </p>
   </div>
   <div class='ocr_carea' id='block_1_92' title="bbox 1816 3431 3398 3522">
    <p class='ocr_par' dir='ltr' id='par_1_92' title="bbox 1816 3431 3398 3522">
     <span class='ocr_line' id='line_1_92' title="bbox 1816 3431 3398 3522; baseline 0.014 -36"><span class='ocrx_word' id='word_1_697' title='bbox 1816 3431 1988 3502; x_wconf 89' lang='lat' dir='ltr'><strong>ipsum</strong></span> <span class='ocrx_word' id='word_1_698' title='bbox 2038 3436 2190 3505; x_wconf 88' lang='lat' dir='ltr'><strong>quasi</strong></span> <span class='ocrx_word' id='word_1_699' title='bbox 2226 3437 2454 3494; x_wconf 88' lang='lat' dir='ltr'><strong>debilem</strong></span> <span class='ocrx_word' id='word_1_700' title='bbox 2495 3448 2551 3496; x_wconf 90' lang='lat' dir='ltr'><strong>et</strong></span> <span class='ocrx_word' id='word_1_701' title='bbox 2586 3442 2941 3514; x_wconf 89' lang='lat' dir='ltr'><strong>immundum,</strong></span> <span class='ocrx_word' id='word_1_702' title='bbox 2970 3432 3216 3506; x_wconf 83' lang='lat' dir='ltr'><strong>sanatum</strong></span> <span class='ocrx_word' id='word_1_703' title='bbox 3245 3468 3276 3506; x_wconf 88' lang='lat' dir='ltr'><strong>a</strong></span> <span class='ocrx_word' id='word_1_704' title='bbox 3307 3454 3398 3522; x_wconf 91' lang='lat' dir='ltr'><strong>pio</strong></span> 
     </span>
    </p>
   </div>
   <div class='ocr_carea' id='block_1_93' title="bbox 1816 3521 3395 3613">
    <p class='ocr_par' dir='ltr' id='par_1_93' title="bbox 1816 3521 3395 3613">
     <span class='ocr_line' id='line_1_93' title="bbox 1816 3521 3395 3613; baseline 0.015 -36"><span class='ocrx_word' id='word_1_705' title='bbox 1816 3521 2046 3580; x_wconf 90' lang='lat' dir='ltr'><strong>Domino</strong></span> <span class='ocrx_word' id='word_1_706' title='bbox 2082 3526 2404 3586; x_wconf 90' lang='lat' dir='ltr'><strong>humilitatis</strong></span> <span class='ocrx_word' id='word_1_707' title='bbox 2433 3534 2605 3601; x_wconf 84' lang='lat' dir='ltr'><strong>gratia</strong></span> <span class='ocrx_word' id='word_1_708' title='bbox 2648 3538 2918 3594; x_wconf 88' lang='lat' dir='ltr'><strong>ostendat.</strong></span> <span class='ocrx_word' id='word_1_709' title='bbox 2972 3540 3251 3613; x_wconf 87' lang='lat' dir='ltr'><strong>Simulque</strong></span> <span class='ocrx_word' id='word_1_710' title='bbox 3296 3521 3395 3601; x_wconf 82' lang='lat' dir='ltr'><strong>no-</strong></span> 
     </span>
    </p>
   </div>
   <div class='ocr_carea' id='block_1_94' title="bbox 1766 3615 3390 3702">
    <p class='ocr_par' dir='ltr' id='par_1_94' title="bbox 1766 3615 3390 3702">
     <span class='ocr_line' id='line_1_94' title="bbox 1766 3615 3390 3702; baseline 0.013 -32"><span class='ocrx_word' id='word_1_711' title='bbox 1766 3615 1778 3626; x_wconf 86' lang='lat'><strong>&#39;</strong></span> <span class='ocrx_word' id='word_1_712' title='bbox 1815 3616 2072 3685; x_wconf 89' lang='lat' dir='ltr'><strong>tandum,</strong></span> <span class='ocrx_word' id='word_1_713' title='bbox 2116 3621 2259 3689; x_wconf 90' lang='lat' dir='ltr'><strong>quod</strong></span> <span class='ocrx_word' id='word_1_714' title='bbox 2296 3638 2404 3678; x_wconf 90' lang='lat' dir='ltr'><strong>non</strong></span> <span class='ocrx_word' id='word_1_715' title='bbox 2452 3625 2696 3682; x_wconf 90' lang='lat' dir='ltr'><strong>omnium</strong></span> <span class='ocrx_word' id='word_1_716' title='bbox 2744 3630 3109 3699; x_wconf 88' lang='lat' dir='ltr'><strong>apostolorum</strong></span> <span class='ocrx_word' id='word_1_717' title='bbox 3157 3637 3390 3702; x_wconf 85' lang='lat' dir='ltr'><strong>vocatio,</strong></span> 
     </span>
    </p>
   </div>
   <div class='ocr_carea' id='block_1_95' title="bbox 1812 3710 3392 3793">
    <p class='ocr_par' dir='ltr' id='par_1_95' title="bbox 1812 3710 3392 3793">
     <span class='ocr_line' id='line_1_95' title="bbox 1812 3710 3392 3793; baseline 0.011 -30"><span class='ocrx_word' id='word_1_718' title='bbox 1812 3710 2029 3779; x_wconf 89' lang='lat' dir='ltr'><strong>quando</strong></span> <span class='ocrx_word' id='word_1_719' title='bbox 2071 3712 2155 3767; x_wconf 90' lang='lat' dir='ltr'><strong>vel</strong></span> <span class='ocrx_word' id='word_1_720' title='bbox 2196 3714 2286 3768; x_wconf 93' lang='lat' dir='ltr'><strong>ubi</strong></span> <span class='ocrx_word' id='word_1_721' title='bbox 2315 3713 2457 3771; x_wconf 85' lang='lat' dir='ltr'><strong>facta</strong></span> <span class='ocrx_word' id='word_1_722' title='bbox 2503 3718 2596 3785; x_wconf 87' lang='lat' dir='ltr'><strong>sit,</strong></span> <span class='ocrx_word' id='word_1_723' title='bbox 2635 3718 2691 3773; x_wconf 91' lang='lat' dir='ltr'><strong>in</strong></span> <span class='ocrx_word' id='word_1_724' title='bbox 2735 3719 3024 3793; x_wconf 80' lang='lat' dir='ltr'><strong>Evangelia</strong></span> <span class='ocrx_word' id='word_1_725' title='bbox 3067 3725 3392 3782; x_wconf 89' lang='lat' dir='ltr'><strong>declaretur.</strong></span> 
     </span>
    </p>
   </div>
   <div class='ocr_carea' id='block_1_96' title="bbox 1813 3798 3392 3882">
    <p class='ocr_par' dir='ltr' id='par_1_96' title="bbox 1813 3798 3392 3882">
     <span class='ocr_line' id='line_1_96' title="bbox 1813 3798 3392 3882; baseline 0.013 -27"><span class='ocrx_word' id='word_1_726' title='bbox 1813 3798 1969 3860; x_wconf 83' lang='lat' dir='ltr'><strong>Hunc</strong></span> <span class='ocrx_word' id='word_1_727' title='bbox 1995 3812 2170 3860; x_wconf 90' lang='lat' dir='ltr'><strong>tamen</strong></span> <span class='ocrx_word' id='word_1_728' title='bbox 2203 3822 2326 3862; x_wconf 90' lang='lat' dir='ltr'><strong>cum</strong></span> <span class='ocrx_word' id='word_1_729' title='bbox 2348 3808 2571 3865; x_wconf 87' lang='lat' dir='ltr'><strong>vidisset</strong></span> <span class='ocrx_word' id='word_1_730' title='bbox 2588 3807 2747 3867; x_wconf 77' lang='lat' dir='ltr'><strong>.lesus</strong></span> <span class='ocrx_word' id='word_1_731' title='bbox 2782 3813 3053 3869; x_wconf 86' lang='lat' dir='ltr'><strong>sedentem</strong></span> <span class='ocrx_word' id='word_1_732' title='bbox 3085 3816 3139 3872; x_wconf 93' lang='lat' dir='ltr'><strong>in</strong></span> <span class='ocrx_word' id='word_1_733' title='bbox 3170 3817 3392 3882; x_wconf 85' lang='lat' dir='ltr'><strong>telonio.</strong></span> 
     </span>
    </p>
   </div>
   <div class='ocr_carea' id='block_1_97' title="bbox 1813 3893 3390 3976">
    <p class='ocr_par' dir='ltr' id='par_1_97' title="bbox 1813 3893 3390 3976">
     <span class='ocr_line' id='line_1_97' title="bbox 1813 3893 3390 3976; baseline 0.01 -26"><span class='ocrx_word' id='word_1_734' title='bbox 1813 3894 1949 3951; x_wconf 83' lang='lat' dir='ltr'><strong>dixit</strong></span> <span class='ocrx_word' id='word_1_735' title='bbox 1971 3896 2021 3952; x_wconf 91' lang='lat' dir='ltr'><strong>ei</strong></span> <span class='ocrx_word' id='word_1_736' title='bbox 2049 3912 2064 3950; x_wconf 90' lang='lat'><strong>:</strong></span> <span class='ocrx_word' id='word_1_737' title='bbox 2096 3893 2319 3969; x_wconf 82' lang='lat' dir='ltr'><strong>Sequere</strong></span> <span class='ocrx_word' id='word_1_738' title='bbox 2357 3914 2458 3956; x_wconf 84' lang='lat' dir='ltr'><strong>me.</strong></span> <span class='ocrx_word' id='word_1_739' title='bbox 2484 3899 2554 3957; x_wconf 86' lang='lat' dir='ltr'><strong>Et</strong></span> <span class='ocrx_word' id='word_1_740' title='bbox 2594 3902 2732 3957; x_wconf 87' lang='lat' dir='ltr'><strong>mira</strong></span> <span class='ocrx_word' id='word_1_741' title='bbox 2776 3904 3106 3976; x_wconf 88' lang='lat' dir='ltr'><strong>dispensatio</strong></span> <span class='ocrx_word' id='word_1_742' title='bbox 3141 3908 3254 3964; x_wconf 91' lang='lat' dir='ltr'><strong>Dei.</strong></span> <span class='ocrx_word' id='word_1_743' title='bbox 3285 3908 3390 3965; x_wconf 87' lang='lat' dir='ltr'><strong>Na-</strong></span> 
     </span>
    </p>
   </div>
   <div class='ocr_carea' id='block_1_98' title="bbox 1815 3985 3389 4068">
    <p class='ocr_par' dir='ltr' id='par_1_98' title="bbox 1815 3985 3389 4068">
     <span class='ocr_line' id='line_1_98' title="bbox 1815 3985 3389 4068; baseline 0.011 -28"><span class='ocrx_word' id='word_1_744' title='bbox 1815 3985 2116 4044; x_wconf 88' lang='lat' dir='ltr'><strong>thanaelem</strong></span> <span class='ocrx_word' id='word_1_745' title='bbox 2141 3990 2209 4045; x_wconf 90' lang='lat' dir='ltr'><strong>ad</strong></span> <span class='ocrx_word' id='word_1_746' title='bbox 2253 4005 2313 4047; x_wconf 90' lang='lat' dir='ltr'><strong>se</strong></span> <span class='ocrx_word' id='word_1_747' title='bbox 2342 3989 2458 4061; x_wconf 85' lang='lat' dir='ltr'><strong>jam</strong></span> <span class='ocrx_word' id='word_1_748' title='bbox 2510 3994 2814 4052; x_wconf 90' lang='lat' dir='ltr'><strong>venientem</strong></span> <span class='ocrx_word' id='word_1_749' title='bbox 2840 4013 3003 4068; x_wconf 91' lang='lat' dir='ltr'><strong>quem</strong></span> <span class='ocrx_word' id='word_1_750' title='bbox 3032 3999 3389 4067; x_wconf 87' lang='lat' dir='ltr'><strong>laudat,licet</strong></span> 
     </span>
    </p>
   </div>
   <div class='ocr_carea' id='block_1_99' title="bbox 1812 4080 3392 4155">
    <p class='ocr_par' dir='ltr' id='par_1_99' title="bbox 1812 4080 3392 4155">
     <span class='ocr_line' id='line_1_99' title="bbox 1812 4080 3392 4155; baseline 0.009 -22"><span class='ocrx_word' id='word_1_751' title='bbox 1812 4080 2009 4136; x_wconf 89' lang='lat' dir='ltr'><strong>viderit</strong></span> <span class='ocrx_word' id='word_1_752' title='bbox 2038 4081 2399 4139; x_wconf 87' lang='lat' dir='ltr'><strong>miserationis</strong></span> <span class='ocrx_word' id='word_1_753' title='bbox 2439 4081 2634 4142; x_wconf 84' lang='lat' dir='ltr'><strong>all‘ectu</strong></span> <span class='ocrx_word' id='word_1_754' title='bbox 2672 4088 2772 4143; x_wconf 90' lang='lat' dir='ltr'><strong>sub</strong></span> <span class='ocrx_word' id='word_1_755' title='bbox 2799 4086 2901 4142; x_wconf 83' lang='lat' dir='ltr'><strong>ﬁcu</strong></span> <span class='ocrx_word' id='word_1_756' title='bbox 2923 4128 2940 4155; x_wconf 92' lang='lat'><strong>,</strong></span> <span class='ocrx_word' id='word_1_757' title='bbox 2972 4105 3071 4146; x_wconf 89' lang='lat' dir='ltr'><strong>nec</strong></span> <span class='ocrx_word' id='word_1_758' title='bbox 3111 4100 3289 4147; x_wconf 92' lang='lat' dir='ltr'><strong>tamen</strong></span> <span class='ocrx_word' id='word_1_759' title='bbox 3322 4094 3392 4148; x_wconf 90' lang='lat' dir='ltr'><strong>ad</strong></span> 
     </span>
    </p>
   </div>
   <div class='ocr_carea' id='block_1_100' title="bbox 1811 4172 3392 4255">
    <p class='ocr_par' dir='ltr' id='par_1_100' title="bbox 1811 4172 3392 4255">
     <span class='ocr_line' id='line_1_100' title="bbox 1811 4172 3392 4255; baseline 0.008 -28"><span class='ocrx_word' id='word_1_760' title='bbox 1811 4174 2144 4243; x_wconf 86' lang='lat' dir='ltr'><strong>apostolatus</strong></span> <span class='ocrx_word' id='word_1_761' title='bbox 2167 4172 2401 4232; x_wconf 81' lang='lat' dir='ltr'><strong>ollicium</strong></span> <span class='ocrx_word' id='word_1_762' title='bbox 2438 4186 2594 4233; x_wconf 88' lang='lat' dir='ltr'><strong>vocat</strong></span> <span class='ocrx_word' id='word_1_763' title='bbox 2617 4193 2633 4233; x_wconf 89' lang='lat'><strong>:</strong></span> <span class='ocrx_word' id='word_1_764' title='bbox 2661 4178 2806 4236; x_wconf 90' lang='lat' dir='ltr'><strong>hunc</strong></span> <span class='ocrx_word' id='word_1_765' title='bbox 2828 4189 3010 4238; x_wconf 87' lang='lat' dir='ltr'><strong>autem</strong></span> <span class='ocrx_word' id='word_1_766' title='bbox 3033 4181 3102 4237; x_wconf 90' lang='lat' dir='ltr'><strong>de</strong></span> <span class='ocrx_word' id='word_1_767' title='bbox 3134 4192 3244 4238; x_wconf 90' lang='lat' dir='ltr'><strong>tam</strong></span> <span class='ocrx_word' id='word_1_768' title='bbox 3265 4200 3392 4255; x_wconf 85' lang='lat' dir='ltr'><strong>pro-</strong></span> 
     </span>
    </p>
   </div>
   <div class='ocr_carea' id='block_1_101' title="bbox 1814 4261 3384 4351">
    <p class='ocr_par' dir='ltr' id='par_1_101' title="bbox 1814 4261 3384 4351">
     <span class='ocr_line' id='line_1_101' title="bbox 1814 4261 3384 4351; baseline 0.008 -33"><span class='ocrx_word' id='word_1_769' title='bbox 1814 4261 1990 4320; x_wconf 70' lang='lat' dir='ltr'><strong>funda:</strong></span> <span class='ocrx_word' id='word_1_770' title='bbox 2014 4265 2313 4337; x_wconf 82' lang='lat' dir='ltr'><strong>iniquitatis</strong></span> <span class='ocrx_word' id='word_1_771' title='bbox 2337 4268 2615 4351; x_wconf 72' lang='lat' dir='ltr'><strong>cathedra,</strong></span> <span class='ocrx_word' id='word_1_772' title='bbox 2644 4286 2767 4326; x_wconf 78' lang='lat' dir='ltr'><strong>mox</strong></span> <span class='ocrx_word' id='word_1_773' title='bbox 2790 4273 2860 4328; x_wconf 86' lang='lat' dir='ltr'><strong>ad</strong></span> <span class='ocrx_word' id='word_1_774' title='bbox 2887 4273 3142 4330; x_wconf 89' lang='lat' dir='ltr'><strong>thronum</strong></span> <span class='ocrx_word' id='word_1_775' title='bbox 3164 4284 3384 4347; x_wconf 89' lang='lat' dir='ltr'><strong>aposto-</strong></span> 
     </span>
    </p>
   </div>
   <div class='ocr_carea' id='block_1_102' title="bbox 1811 4356 3385 4437">
    <p class='ocr_par' dir='ltr' id='par_1_102' title="bbox 1811 4356 3385 4437">
     <span class='ocr_line' id='line_1_102' title="bbox 1811 4356 3385 4437; baseline 0.006 -25"><span class='ocrx_word' id='word_1_776' title='bbox 1811 4356 1955 4413; x_wconf 87' lang='lat' dir='ltr'><strong>latus</strong></span> <span class='ocrx_word' id='word_1_777' title='bbox 1985 4357 2280 4415; x_wconf 90' lang='lat' dir='ltr'><strong>clementer</strong></span> <span class='ocrx_word' id='word_1_778' title='bbox 2306 4360 2589 4431; x_wconf 89' lang='lat' dir='ltr'><strong>provehit;</strong></span> <span class='ocrx_word' id='word_1_779' title='bbox 2630 4370 2685 4417; x_wconf 92' lang='lat' dir='ltr'><strong>et</strong></span> <span class='ocrx_word' id='word_1_780' title='bbox 2713 4378 2863 4431; x_wconf 90' lang='lat' dir='ltr'><strong>reor,</strong></span> <span class='ocrx_word' id='word_1_781' title='bbox 2895 4372 2955 4419; x_wconf 91' lang='lat' dir='ltr'><strong>ut</strong></span> <span class='ocrx_word' id='word_1_782' title='bbox 2983 4365 3110 4421; x_wconf 90' lang='lat' dir='ltr'><strong>illud</strong></span> <span class='ocrx_word' id='word_1_783' title='bbox 3140 4364 3385 4437; x_wconf 80' lang='lat' dir='ltr'><strong>Apostoli</strong></span> 
     </span>
    </p>
   </div>
   <div class='ocr_carea' id='block_1_103' title="bbox 1812 4449 3391 4530">
    <p class='ocr_par' dir='ltr' id='par_1_103' title="bbox 1812 4449 3391 4530">
     <span class='ocr_line' id='line_1_103' title="bbox 1812 4449 3391 4530; baseline 0.003 -22"><span class='ocrx_word' id='word_1_784' title='bbox 1812 4449 2163 4521; x_wconf 88' lang='lat' dir='ltr'><strong>compleatur,</strong></span> <span class='ocrx_word' id='word_1_785' title='bbox 2211 4467 2320 4523; x_wconf 90' lang='lat' dir='ltr'><strong>quo</strong></span> <span class='ocrx_word' id='word_1_786' title='bbox 2364 4454 2513 4524; x_wconf 80' lang='lat' dir='ltr'><strong>prius</strong></span> <span class='ocrx_word' id='word_1_787' title='bbox 2541 4454 2839 4510; x_wconf 76' lang='lat' dir='ltr'><strong>abundaret</strong></span> <span class='ocrx_word' id='word_1_788' title='bbox 2874 4456 3144 4523; x_wconf 84' lang='lat' dir='ltr'><strong>delictum,</strong></span> <span class='ocrx_word' id='word_1_789' title='bbox 3173 4474 3391 4530; x_wconf 84' lang='lat' dir='ltr'><strong>supera-</strong></span> 
     </span>
    </p>
   </div>
   <div class='ocr_carea' id='block_1_104' title="bbox 1733 4518 3392 4624">
    <p class='ocr_par' dir='ltr' id='par_1_104' title="bbox 1733 4518 3392 4624">
     <span class='ocr_line' id='line_1_104' title="bbox 1733 4518 3392 4624; baseline 0.005 -25"><span class='ocrx_word' id='word_1_790' title='bbox 1733 4518 1789 4580; x_wconf 81' lang='grc' dir='ltr'>Ῑ)</span> <span class='ocrx_word' id='word_1_791' title='bbox 1814 4518 2071 4601; x_wconf 75' lang='lat' dir='ltr'><strong>bunduret</strong></span> <span class='ocrx_word' id='word_1_792' title='bbox 2092 4518 2263 4616; x_wconf 62' lang='lat' dir='ltr'><strong>gratio</strong></span> <span class='ocrx_word' id='word_1_793' title='bbox 2293 4518 2473 4619; x_wconf 73' lang='lat' dir='ltr'><strong>(Rom.</strong></span> <span class='ocrx_word' id='word_1_794' title='bbox 2505 4563 2546 4613; x_wconf 86' lang='grc' dir='ltr'>ι,</span> <span class='ocrx_word' id='word_1_795' title='bbox 2576 4547 2691 4620; x_wconf 74' lang='grc'><strong>20).</strong></span> <span class='ocrx_word' id='word_1_796' title='bbox 2715 4548 2886 4617; x_wconf 83' lang='lat' dir='ltr'><strong>Quem</strong></span> <span class='ocrx_word' id='word_1_797' title='bbox 2912 4566 3018 4606; x_wconf 91' lang='lat' dir='ltr'><strong>non</strong></span> <span class='ocrx_word' id='word_1_798' title='bbox 3047 4518 3392 4624; x_wconf 46' lang='lat' dir='ltr'><strong>solum&#39;apo-</strong></span> 
     </span>
    </p>
   </div>
   <div class='ocr_carea' id='block_1_105' title="bbox 1813 4637 3386 4710">
    <p class='ocr_par' dir='ltr' id='par_1_105' title="bbox 1813 4637 3386 4710">
     <span class='ocr_line' id='line_1_105' title="bbox 1813 4637 3386 4710; baseline 0.002 -16"><span class='ocrx_word' id='word_1_799' title='bbox 1813 4637 2032 4703; x_wconf 88' lang='lat' dir='ltr'><strong>stolum,</strong></span> <span class='ocrx_word' id='word_1_800' title='bbox 2056 4653 2244 4694; x_wconf 88' lang='lat' dir='ltr'><strong>verum</strong></span> <span class='ocrx_word' id='word_1_801' title='bbox 2284 4638 2669 4710; x_wconf 79' lang='lat' dir='ltr'><strong>evangelin</strong></span> <span class='ocrx_word' id='word_1_802' title='bbox 2696 4655 2816 4697; x_wconf 87' lang='lat' dir='ltr'><strong>esse</strong></span> <span class='ocrx_word' id='word_1_803' title='bbox 2833 4640 3022 4697; x_wconf 86' lang='lat' dir='ltr'><strong>voluit.</strong></span> <span class='ocrx_word' id='word_1_804' title='bbox 3054 4640 3214 4698; x_wconf 81' lang='lat' dir='ltr'><strong>Novit</strong></span> <span class='ocrx_word' id='word_1_805' title='bbox 3239 4644 3386 4700; x_wconf 89' lang='lat' dir='ltr'><strong>enim</strong></span> 
     </span>
    </p>
   </div>
   <div class='ocr_carea' id='block_1_106' title="bbox 1813 4728 3389 4803">
    <p class='ocr_par' dir='ltr' id='par_1_106' title="bbox 1813 4728 3389 4803">
     <span class='ocr_line' id='line_1_106' title="bbox 1813 4728 3389 4803; baseline 0.001 -16"><span class='ocrx_word' id='word_1_806' title='bbox 1813 4729 2008 4787; x_wconf 78' lang='lat' dir='ltr'><strong>artifex</strong></span> <span class='ocrx_word' id='word_1_807' title='bbox 2063 4728 2287 4800; x_wconf 86' lang='lat' dir='ltr'><strong>singula’</strong></span> <span class='ocrx_word' id='word_1_808' title='bbox 2323 4728 2453 4785; x_wconf 90' lang='lat' dir='ltr'><strong>licet</strong></span> <span class='ocrx_word' id='word_1_809' title='bbox 2486 4729 2857 4801; x_wconf 88' lang='lat' dir='ltr'><strong>incomposita,</strong></span> <span class='ocrx_word' id='word_1_810' title='bbox 2897 4733 2964 4787; x_wconf 88' lang='lat' dir='ltr'><strong>ad</strong></span> <span class='ocrx_word' id='word_1_811' title='bbox 3000 4748 3136 4803; x_wconf 90' lang='lat' dir='ltr'><strong>quos</strong></span> <span class='ocrx_word' id='word_1_812' title='bbox 3173 4735 3389 4791; x_wconf 88' lang='lat' dir='ltr'><strong>valeant</strong></span> 
     </span>
    </p>
   </div>
   <div class='ocr_carea' id='block_1_107' title="bbox 1811 4820 3391 4895">
    <p class='ocr_par' dir='ltr' id='par_1_107' title="bbox 1811 4820 3391 4895">
     <span class='ocr_line' id='line_1_107' title="bbox 1811 4820 3391 4895; baseline 0.001 -17"><span class='ocrx_word' id='word_1_813' title='bbox 1811 4838 1943 4879; x_wconf 88' lang='lat' dir='ltr'><strong>usus</strong></span> <span class='ocrx_word' id='word_1_814' title='bbox 1992 4837 2089 4878; x_wconf 92' lang='lat' dir='ltr'><strong>suo</strong></span> <span class='ocrx_word' id='word_1_815' title='bbox 2131 4820 2393 4891; x_wconf 73' lang='lat' dir='ltr'><strong>proﬁcere</strong></span> <span class='ocrx_word' id='word_1_816' title='bbox 2430 4836 2612 4892; x_wconf 79' lang='lat' dir='ltr'><strong>Opere.</strong></span> <span class='ocrx_word' id='word_1_817' title='bbox 2655 4821 2858 4879; x_wconf 85' lang='lat' dir='ltr'><strong>Idcirco</strong></span> <span class='ocrx_word' id='word_1_818' title='bbox 2901 4825 3214 4895; x_wconf 72' lang='lat' dir='ltr'><strong>pmteriens</strong></span> <span class='ocrx_word' id='word_1_819' title='bbox 3257 4826 3391 4880; x_wconf 87' lang='lat' dir='ltr'><strong>vidit</strong></span> 
     </span>
    </p>
   </div>
   <div class='ocr_carea' id='block_1_108' title="bbox 1812 4911 3385 4983">
    <p class='ocr_par' dir='ltr' id='par_1_108' title="bbox 1812 4911 3385 4983">
     <span class='ocr_line' id='line_1_108' title="bbox 1812 4911 3385 4983; baseline 0 -14"><span class='ocrx_word' id='word_1_820' title='bbox 1812 4912 2093 4969; x_wconf 88' lang='lat' dir='ltr'><strong>materiam</strong></span> <span class='ocrx_word' id='word_1_821' title='bbox 2122 4911 2302 4983; x_wconf 87' lang='lat' dir='ltr'><strong>operis</strong></span> <span class='ocrx_word' id='word_1_822' title='bbox 2344 4912 2452 4976; x_wconf 89' lang='lat' dir='ltr'><strong>sui,</strong></span> <span class='ocrx_word' id='word_1_823' title='bbox 2497 4911 2660 4983; x_wconf 86' lang='lat' dir='ltr'><strong>elegit</strong></span> <span class='ocrx_word' id='word_1_824' title='bbox 2687 4912 2829 4968; x_wconf 90' lang='lat' dir='ltr'><strong>unde</strong></span> <span class='ocrx_word' id='word_1_825' title='bbox 2878 4914 3136 4971; x_wconf 83' lang='lat' dir='ltr'><strong>formaret</strong></span> <span class='ocrx_word' id='word_1_826' title='bbox 3185 4931 3281 4970; x_wconf 86' lang='lat' dir='ltr'><strong>vas</strong></span> <span class='ocrx_word' id='word_1_827' title='bbox 3330 4916 3385 4970; x_wconf 92' lang='lat' dir='ltr'><strong>in</strong></span> 
     </span>
    </p>
   </div>
   <div class='ocr_carea' id='block_1_109' title="bbox 1810 5002 3389 5076">
    <p class='ocr_par' dir='ltr' id='par_1_109' title="bbox 1810 5002 3389 5076">
     <span class='ocr_line' id='line_1_109' title="bbox 1810 5002 3389 5076; baseline 0.003 -17"><span class='ocrx_word' id='word_1_828' title='bbox 1810 5004 2097 5071; x_wconf 89' lang='lat' dir='ltr'><strong>honorem,</strong></span> <span class='ocrx_word' id='word_1_829' title='bbox 2143 5002 2284 5074; x_wconf 89' lang='lat' dir='ltr'><strong>quod</strong></span> <span class='ocrx_word' id='word_1_830' title='bbox 2333 5003 2485 5073; x_wconf 91' lang='lat' dir='ltr'><strong>prius</strong></span> <span class='ocrx_word' id='word_1_831' title='bbox 2525 5003 2580 5058; x_wconf 93' lang='lat' dir='ltr'><strong>in</strong></span> <span class='ocrx_word' id='word_1_832' title='bbox 2625 5006 2949 5062; x_wconf 89' lang='lat' dir='ltr'><strong>contumelia</strong></span> <span class='ocrx_word' id='word_1_833' title='bbox 2985 5005 3215 5076; x_wconf 75' lang='lat' dir='ltr'><strong>iacebat.</strong></span> <span class='ocrx_word' id='word_1_834' title='bbox 3245 5006 3389 5064; x_wconf 86' lang='lat' dir='ltr'><strong>Vidit</strong></span> 
     </span>
    </p>
   </div>
   <div class='ocr_carea' id='block_1_110' title="bbox 1811 5096 3386 5169">
    <p class='ocr_par' dir='ltr' id='par_1_110' title="bbox 1811 5096 3386 5169">
     <span class='ocr_line' id='line_1_110' title="bbox 1811 5096 3386 5169; baseline 0.005 -20"><span class='ocrx_word' id='word_1_835' title='bbox 1811 5104 1989 5150; x_wconf 90' lang='lat' dir='ltr'><strong>autem</strong></span> <span class='ocrx_word' id='word_1_836' title='bbox 2022 5134 2038 5160; x_wconf 88' lang='lat'><strong>,</strong></span> <span class='ocrx_word' id='word_1_837' title='bbox 2080 5110 2203 5152; x_wconf 91' lang='lat' dir='ltr'><strong>cum</strong></span> <span class='ocrx_word' id='word_1_838' title='bbox 2258 5096 2594 5165; x_wconf 85' lang='lat' dir='ltr'><strong>approbavit.</strong></span> <span class='ocrx_word' id='word_1_839' title='bbox 2640 5096 2755 5155; x_wconf 87' lang='lat' dir='ltr'><strong>Non</strong></span> <span class='ocrx_word' id='word_1_840' title='bbox 2803 5100 2945 5168; x_wconf 88' lang='lat' dir='ltr'><strong>quod</strong></span> <span class='ocrx_word' id='word_1_841' title='bbox 2999 5101 3227 5169; x_wconf 89' lang='lat' dir='ltr'><strong>probum</strong></span> <span class='ocrx_word' id='word_1_842' title='bbox 3269 5100 3386 5169; x_wconf 86' lang='lat' dir='ltr'><strong>jam</strong></span> 
     </span>
    </p>
   </div>
   <div class='ocr_carea' id='block_1_111' title="bbox 1809 5187 3489 5263">
    <p class='ocr_par' dir='ltr' id='par_1_111' title="bbox 1809 5187 3489 5263">
     <span class='ocr_line' id='line_1_111' title="bbox 1809 5187 3489 5263; baseline 0.004 -19"><span class='ocrx_word' id='word_1_843' title='bbox 1809 5196 1995 5253; x_wconf 89' lang='lat' dir='ltr'><strong>esset,</strong></span> <span class='ocrx_word' id='word_1_844' title='bbox 2045 5187 2141 5244; x_wconf 90' lang='lat' dir='ltr'><strong>sed</strong></span> <span class='ocrx_word' id='word_1_845' title='bbox 2184 5195 2305 5243; x_wconf 88' lang='lat' dir='ltr'><strong>erat</strong></span> <span class='ocrx_word' id='word_1_846' title='bbox 2349 5188 2491 5244; x_wconf 89' lang='lat' dir='ltr'><strong>unde</strong></span> <span class='ocrx_word' id='word_1_847' title='bbox 2520 5190 2603 5244; x_wconf 29' lang='lat' dir='ltr'><strong>‘ab</strong></span> <span class='ocrx_word' id='word_1_848' title='bbox 2640 5190 2843 5261; x_wconf 56' lang='lat' dir='ltr'><strong>,opillce</strong></span> <span class='ocrx_word' id='word_1_849' title='bbox 2881 5191 3159 5263; x_wconf 89' lang='lat' dir='ltr'><strong>probabile</strong></span> <span class='ocrx_word' id='word_1_850' title='bbox 3211 5193 3385 5250; x_wconf 84' lang='lat' dir='ltr'><strong>ﬁeret.</strong></span> <span class='ocrx_word' id='word_1_851' title='bbox 3485 5204 3489 5208; x_wconf 85' lang='lat'>&#39;</span> 
     </span>
    </p>
   </div>
   <div class='ocr_carea' id='block_1_112' title="bbox 1810 5276 3388 5357">
    <p class='ocr_par' dir='ltr' id='par_1_112' title="bbox 1810 5276 3388 5357">
     <span class='ocr_line' id='line_1_112' title="bbox 1810 5276 3388 5357; baseline 0.003 -18"><span class='ocrx_word' id='word_1_852' title='bbox 1810 5284 1901 5340; x_wconf 88' lang='lat' dir='ltr'><strong>Sic</strong></span> <span class='ocrx_word' id='word_1_853' title='bbox 1947 5283 2110 5354; x_wconf 88' lang='lat' dir='ltr'><strong>igitur</strong></span> <span class='ocrx_word' id='word_1_854' title='bbox 2148 5282 2331 5340; x_wconf 87' lang='lat' dir='ltr'><strong>omnia</strong></span> <span class='ocrx_word' id='word_1_855' title='bbox 2378 5283 2434 5339; x_wconf 88' lang='lat' dir='ltr'><strong>in</strong></span> <span class='ocrx_word' id='word_1_856' title='bbox 2483 5276 2746 5357; x_wconf 82' lang='lat' dir='ltr'><strong>principio</strong></span> <span class='ocrx_word' id='word_1_857' title='bbox 2799 5302 2919 5357; x_wconf 68' lang='lat' dir='ltr'><strong>qum</strong></span> <span class='ocrx_word' id='word_1_858' title='bbox 2965 5285 3131 5355; x_wconf 90' lang='lat' dir='ltr'><strong>fecit,</strong></span> <span class='ocrx_word' id='word_1_859' title='bbox 3181 5287 3388 5344; x_wconf 86' lang='lat' dir='ltr'><strong>vidisse</strong></span> 
     </span>
    </p>
   </div>
   <div class='ocr_carea' id='block_1_113' title="bbox 1812 5374 3391 5447">
    <p class='ocr_par' dir='ltr' id='par_1_113' title="bbox 1812 5374 3391 5447">
     <span class='ocr_line' id='line_1_113' title="bbox 1812 5374 3391 5447; baseline 0.002 -14"><span class='ocrx_word' id='word_1_860' title='bbox 1812 5374 2031 5440; x_wconf 90' lang='lat' dir='ltr'><strong>dicitur,</strong></span> <span class='ocrx_word' id='word_1_861' title='bbox 2057 5375 2161 5430; x_wconf 86' lang='lat' dir='ltr'><strong>hoc</strong></span> <span class='ocrx_word' id='word_1_862' title='bbox 2186 5383 2270 5431; x_wconf 88' lang='lat' dir='ltr'><strong>est</strong></span> <span class='ocrx_word' id='word_1_863' title='bbox 2294 5374 2641 5446; x_wconf 86' lang='lat' dir='ltr'><strong>approbasse.</strong></span> <span class='ocrx_word' id='word_1_864' title='bbox 2694 5376 2963 5447; x_wconf 86' lang='lat' dir='ltr'><strong>Quidquid</strong></span> <span class='ocrx_word' id='word_1_865' title='bbox 3012 5378 3158 5434; x_wconf 90' lang='lat' dir='ltr'><strong>enim</strong></span> <span class='ocrx_word' id='word_1_866' title='bbox 3212 5378 3281 5435; x_wconf 87' lang='lat' dir='ltr'><strong>ad</strong></span> <span class='ocrx_word' id='word_1_867' title='bbox 3328 5392 3391 5436; x_wconf 82' lang='lat' dir='ltr'><strong>se</strong></span> 
     </span>
    </p>
   </div>
   <div class='ocr_carea' id='block_1_114' title="bbox 1813 5465 3390 5542">
    <p class='ocr_par' dir='ltr' id='par_1_114' title="bbox 1813 5465 3390 5542">
     <span class='ocr_line' id='line_1_114' title="bbox 1813 5465 3390 5542; baseline 0.004 -21"><span class='ocrx_word' id='word_1_868' title='bbox 1813 5466 1870 5522; x_wconf 89' lang='lat' dir='ltr'><strong>iu</strong></span> <span class='ocrx_word' id='word_1_869' title='bbox 1899 5465 2113 5521; x_wconf 89' lang='lat' dir='ltr'><strong>laudem</strong></span> <span class='ocrx_word' id='word_1_870' title='bbox 2138 5466 2220 5521; x_wconf 90' lang='lat' dir='ltr'><strong>sui</strong></span> <span class='ocrx_word' id='word_1_871' title='bbox 2247 5467 2426 5537; x_wconf 84' lang='lat' dir='ltr'><strong>operis</strong></span> <span class='ocrx_word' id='word_1_872' title='bbox 2454 5479 2688 5532; x_wconf 88' lang='lat' dir='ltr'><strong>revocat,</strong></span> <span class='ocrx_word' id='word_1_873' title='bbox 2723 5468 2873 5538; x_wconf 89' lang='lat' dir='ltr'><strong>prius</strong></span> <span class='ocrx_word' id='word_1_874' title='bbox 2897 5483 2965 5523; x_wconf 83' lang='lat' dir='ltr'><strong>ex</strong></span> <span class='ocrx_word' id='word_1_875' title='bbox 2986 5484 3084 5525; x_wconf 89' lang='lat' dir='ltr'><strong>sua</strong></span> <span class='ocrx_word' id='word_1_876' title='bbox 3108 5470 3390 5542; x_wconf 85' lang='lat' dir='ltr'><strong>indulgen-</strong></span> 
     </span>
    </p>
   </div>
   <div class='ocr_carea' id='block_1_115' title="bbox 1816 5559 3387 5634">
    <p class='ocr_par' dir='ltr' id='par_1_115' title="bbox 1816 5559 3387 5634">
     <span class='ocr_line' id='line_1_115' title="bbox 1816 5559 3387 5634; baseline 0.003 -20"><span class='ocrx_word' id='word_1_877' title='bbox 1816 5559 1905 5617; x_wconf 71' lang='lat' dir='ltr'><strong>tia,</strong></span> <span class='ocrx_word' id='word_1_878' title='bbox 1920 5560 2131 5629; x_wconf 81' lang='lat' dir='ltr'><strong>probat,</strong></span> <span class='ocrx_word' id='word_1_879' title='bbox 2153 5568 2212 5615; x_wconf 92' lang='lat' dir='ltr'><strong>ut</strong></span> <span class='ocrx_word' id='word_1_880' title='bbox 2230 5559 2441 5626; x_wconf 86' lang='lat' dir='ltr'><strong>videat;</strong></span> <span class='ocrx_word' id='word_1_881' title='bbox 2469 5569 2525 5617; x_wconf 92' lang='lat' dir='ltr'><strong>et</strong></span> <span class='ocrx_word' id='word_1_882' title='bbox 2547 5561 2803 5631; x_wconf 90' lang='lat' dir='ltr'><strong>quidquid</strong></span> <span class='ocrx_word' id='word_1_883' title='bbox 2819 5562 3031 5627; x_wconf 87' lang='lat' dir='ltr'><strong>viderit,</strong></span> <span class='ocrx_word' id='word_1_884' title='bbox 3053 5564 3315 5634; x_wconf 83' lang='lat' dir='ltr'><strong>approbat</strong></span> <span class='ocrx_word' id='word_1_885' title='bbox 3333 5564 3387 5619; x_wconf 88' lang='lat' dir='ltr'><strong>in</strong></span> 
     </span>
    </p>
   </div>
   <div class='ocr_carea' id='block_1_116' title="bbox 1816 5648 3393 5723">
    <p class='ocr_par' dir='ltr' id='par_1_116' title="bbox 1816 5648 3393 5723">
     <span class='ocr_line' id='line_1_116' title="bbox 1816 5648 3393 5723; baseline 0.004 -21"><span class='ocrx_word' id='word_1_886' title='bbox 1816 5649 1979 5723; x_wconf 61' lang='lat'><strong>433</strong></span> <span class='ocrx_word' id='word_1_887' title='bbox 2009 5649 2218 5706; x_wconf 88' lang='lat' dir='ltr'><strong>laudem</strong></span> <span class='ocrx_word' id='word_1_888' title='bbox 2263 5648 2488 5722; x_wconf 81' lang='lat' dir='ltr'><strong>perfecti</strong></span> <span class='ocrx_word' id='word_1_889' title='bbox 2525 5651 2736 5721; x_wconf 88' lang='lat' dir='ltr'><strong>operis,</strong></span> <span class='ocrx_word' id='word_1_890' title='bbox 2772 5660 2833 5706; x_wconf 92' lang='lat' dir='ltr'><strong>ut</strong></span> <span class='ocrx_word' id='word_1_891' title='bbox 2862 5651 3100 5709; x_wconf 88' lang='lat' dir='ltr'><strong>reducat.</strong></span> <span class='ocrx_word' id='word_1_892' title='bbox 3135 5654 3274 5710; x_wconf 86' lang='lat' dir='ltr'><strong>Hinc</strong></span> <span class='ocrx_word' id='word_1_893' title='bbox 3302 5662 3393 5710; x_wconf 79' lang='lat' dir='ltr'><strong>est</strong></span> 
     </span>
    </p>
   </div>
   <div class='ocr_carea' id='block_1_117' title="bbox 1820 5740 3393 5831">
    <p class='ocr_par' dir='ltr' id='par_1_117' title="bbox 1820 5740 3393 5831">
     <span class='ocr_line' id='line_1_117' title="bbox 1820 5740 3393 5831; baseline 0.001 -32"><span class='ocrx_word' id='word_1_894' title='bbox 1820 5742 1963 5818; x_wconf 87' lang='lat' dir='ltr'><strong>quod</strong></span> <span class='ocrx_word' id='word_1_895' title='bbox 1999 5741 2075 5798; x_wconf 87' lang='lat' dir='ltr'><strong>ait</strong></span> <span class='ocrx_word' id='word_1_896' title='bbox 2118 5756 2132 5794; x_wconf 86' lang='lat'><strong>:</strong></span> <span class='ocrx_word' id='word_1_897' title='bbox 2178 5740 2368 5831; x_wconf 69' lang='lat' dir='ltr'><strong>Videris</strong></span> <span class='ocrx_word' id='word_1_898' title='bbox 2408 5741 2514 5798; x_wconf 81' lang='lat' dir='ltr'><strong>vidi</strong></span> <span class='ocrx_word' id='word_1_899' title='bbox 2560 5742 2889 5814; x_wconf 61' lang='lat' dir='ltr'><strong>aﬂictionrm</strong></span> <span class='ocrx_word' id='word_1_900' title='bbox 2931 5743 3111 5817; x_wconf 77' lang='lat' dir='ltr'><strong>populi</strong></span> <span class='ocrx_word' id='word_1_901' title='bbox 3138 5745 3273 5814; x_wconf 86' lang='lat' dir='ltr'><strong>mei,</strong></span> <span class='ocrx_word' id='word_1_902' title='bbox 3300 5745 3393 5817; x_wconf 83' lang='lat' dir='ltr'><strong>qui</strong></span> 
     </span>
    </p>
   </div>
  </div>
