  <div class='ocr_page' id='page_1' title='image "/cluster/home/n/w/nwhite01/storage/ocr_20150623/120/hvd.32044015466923/191.png"; bbox 0 0 4000 6362; ppageno 0'>
   <div class='ocr_carea' id='block_1_1' title="bbox 596 310 699 389">
    <p class='ocr_par' dir='ltr' id='par_1_1' title="bbox 596 310 699 389">
     <span class='ocr_line' id='line_1_1' title="bbox 596 310 699 389; baseline 0 0"><span class='ocrx_word' id='word_1_1' title='bbox 596 310 699 389; x_wconf 76' lang='lat' dir='ltr'><strong>s-i</strong></span> 
     </span>
    </p>
   </div>
   <div class='ocr_carea' id='block_1_2' title="bbox 1418 290 3065 386">
    <p class='ocr_par' dir='ltr' id='par_1_2' title="bbox 1418 290 3065 386">
     <span class='ocr_line' id='line_1_2' title="bbox 1418 290 3065 386; baseline -0.005 0"><span class='ocrx_word' id='word_1_2' title='bbox 1418 328 1457 386; x_wconf 91' lang='lat' dir='ltr'><strong>s</strong></span> <span class='ocrx_word' id='word_1_3' title='bbox 1517 325 1873 385; x_wconf 67' lang='lat' dir='ltr'><strong>pascuasu</strong></span> <span class='ocrx_word' id='word_1_4' title='bbox 1909 294 2258 381; x_wconf 72' lang='lat' dir='ltr'><strong>nsnssurt</strong></span> <span class='ocrx_word' id='word_1_5' title='bbox 2292 290 2582 378; x_wconf 63' lang='lat' dir='ltr'><strong>A‘ttBATIS</strong></span> <span class='ocrx_word' id='word_1_6' title='bbox 2619 290 3065 379; x_wconf 65' lang='lat' dir='ltr'><strong>consususrs</strong></span> 
     </span>
    </p>
   </div>
   <div class='ocr_carea' id='block_1_3' title="bbox 3758 290 3855 376">
    <p class='ocr_par' dir='ltr' id='par_1_3' title="bbox 3758 290 3855 376">
     <span class='ocr_line' id='line_1_3' title="bbox 3758 290 3855 376; baseline 0.01 -1"><span class='ocrx_word' id='word_1_7' title='bbox 3758 290 3855 376; x_wconf 59' lang='grc' dir='ltr'>δή</span> 
     </span>
    </p>
   </div>
   <div class='ocr_carea' id='block_1_4' title="bbox 593 409 3861 521">
    <p class='ocr_par' dir='ltr' id='par_1_4' title="bbox 593 409 3861 521">
     <span class='ocr_line' id='line_1_4' title="bbox 593 409 3861 521; baseline -0.005 -15"><span class='ocrx_word' id='word_1_8' title='bbox 593 448 676 508; x_wconf 68' lang='lat' dir='ltr'><strong>ist</strong></span> <span class='ocrx_word' id='word_1_9' title='bbox 700 451 756 505; x_wconf 85' lang='lat' dir='ltr'><strong>in</strong></span> <span class='ocrx_word' id='word_1_10' title='bbox 784 448 1016 521; x_wconf 61' lang='grc' dir='ltr'><strong>Αἴθρη)ιο</strong></span> <span class='ocrx_word' id='word_1_11' title='bbox 1043 448 1242 520; x_wconf 71' lang='lat' dir='ltr'><strong>(Exod.</strong></span> <span class='ocrx_word' id='word_1_12' title='bbox 1282 466 1341 505; x_wconf 88' lang='grc' dir='ltr'>ιιι</span> <span class='ocrx_word' id='word_1_13' title='bbox 1360 490 1375 514; x_wconf 85' lang='grc'><em>,</em></span> <span class='ocrx_word' id='word_1_14' title='bbox 1399 449 1477 518; x_wconf 92' lang='lat'><strong>9).</strong></span> <span class='ocrx_word' id='word_1_15' title='bbox 1501 447 1751 518; x_wconf 81' lang='lat' dir='ltr'><strong>Alioquin</strong></span> <span class='ocrx_word' id='word_1_16' title='bbox 1782 462 1877 503; x_wconf 87' lang='lat' dir='ltr'><strong>eos</strong></span> <span class='ocrx_word' id='word_1_17' title='bbox 1903 445 2008 500; x_wconf 90' lang='lat' dir='ltr'><strong>nisi</strong></span> <span class='ocrx_word' id='word_1_18' title='bbox 2032 443 2183 515; x_wconf 89' lang='lat' dir='ltr'><strong>prius</strong></span> <span class='ocrx_word' id='word_1_19' title='bbox 2208 441 2261 502; x_wconf 78' lang='grc' dir='ltr'><strong>Α</strong></span> <span class='ocrx_word' id='word_1_20' title='bbox 2286 419 2556 512; x_wconf 68' lang='lat' dir='ltr'><strong>speserat;</strong></span> <span class='ocrx_word' id='word_1_21' title='bbox 2582 449 2635 495; x_wconf 90' lang='lat' dir='ltr'><strong>et</strong></span> <span class='ocrx_word' id='word_1_22' title='bbox 2664 440 2784 495; x_wconf 91' lang='lat' dir='ltr'><strong>ideo</strong></span> <span class='ocrx_word' id='word_1_23' title='bbox 2811 420 3107 509; x_wconf 75' lang='lat' dir='ltr'><strong>przepedire</strong></span> <span class='ocrx_word' id='word_1_24' title='bbox 3147 436 3267 492; x_wconf 90' lang='lat' dir='ltr'><strong>illos</strong></span> <span class='ocrx_word' id='word_1_25' title='bbox 3289 436 3420 492; x_wconf 84' lang='lat' dir='ltr'><strong>nihil</strong></span> <span class='ocrx_word' id='word_1_26' title='bbox 3445 444 3671 508; x_wconf 78' lang='lat' dir='ltr'><strong>poterat.</strong></span> <span class='ocrx_word' id='word_1_27' title='bbox 3700 409 3861 493; x_wconf 82' lang='lat' dir='ltr'><strong>Poma</strong></span> 
     </span>
    </p>
   </div>
   <div class='ocr_carea' id='block_1_5' title="bbox 593 540 2178 614">
    <p class='ocr_par' dir='ltr' id='par_1_5' title="bbox 593 540 2178 614">
     <span class='ocr_line' id='line_1_5' title="bbox 593 540 2178 614; baseline -0.004 -17"><span class='ocrx_word' id='word_1_28' title='bbox 593 541 686 597; x_wconf 81' lang='lat' dir='ltr'><strong>ille</strong></span> <span class='ocrx_word' id='word_1_29' title='bbox 715 540 956 607; x_wconf 78' lang='lat' dir='ltr'><strong>videret,</strong></span> <span class='ocrx_word' id='word_1_30' title='bbox 983 541 1110 596; x_wconf 91' lang='lat' dir='ltr'><strong>licet</strong></span> <span class='ocrx_word' id='word_1_31' title='bbox 1146 542 1261 614; x_wconf 86' lang='lat' dir='ltr'><strong>ejus</strong></span> <span class='ocrx_word' id='word_1_32' title='bbox 1293 549 1510 607; x_wconf 88' lang='lat' dir='ltr'><strong>essent,</strong></span> <span class='ocrx_word' id='word_1_33' title='bbox 1541 540 1640 611; x_wconf 89' lang='lat' dir='ltr'><strong>ipsi</strong></span> <span class='ocrx_word' id='word_1_34' title='bbox 1675 540 1742 594; x_wconf 89' lang='lat' dir='ltr'><strong>ad</strong></span> <span class='ocrx_word' id='word_1_35' title='bbox 1780 554 1903 594; x_wconf 91' lang='lat' dir='ltr'><strong>eum</strong></span> <span class='ocrx_word' id='word_1_36' title='bbox 1938 552 2045 591; x_wconf 93' lang='lat' dir='ltr'><strong>non</strong></span> <span class='ocrx_word' id='word_1_37' title='bbox 2089 549 2178 601; x_wconf 52' lang='lat' dir='ltr'><strong>ree</strong></span> 
     </span>
    </p>
   </div>
   <div class='ocr_carea' id='block_1_6' title="bbox 596 627 2178 702">
    <p class='ocr_par' dir='ltr' id='par_1_6' title="bbox 596 627 2178 702">
     <span class='ocr_line' id='line_1_6' title="bbox 596 627 2178 702; baseline -0.004 -15"><span class='ocrx_word' id='word_1_38' title='bbox 596 631 795 688; x_wconf 81' lang='lat' dir='ltr'><strong>dirent.</strong></span> <span class='ocrx_word' id='word_1_39' title='bbox 830 630 920 688; x_wconf 89' lang='lat' dir='ltr'><strong>Sic</strong></span> <span class='ocrx_word' id='word_1_40' title='bbox 947 644 1002 687; x_wconf 89' lang='lat' dir='ltr'><strong>et</strong></span> <span class='ocrx_word' id='word_1_41' title='bbox 1027 631 1248 687; x_wconf 90' lang='lat' dir='ltr'><strong>Petrum</strong></span> <span class='ocrx_word' id='word_1_42' title='bbox 1295 634 1363 687; x_wconf 91' lang='lat' dir='ltr'><strong>de</strong></span> <span class='ocrx_word' id='word_1_43' title='bbox 1388 648 1579 696; x_wconf 81' lang='lat' dir='ltr'><strong>cruce,</strong></span> <span class='ocrx_word' id='word_1_44' title='bbox 1612 632 1704 702; x_wconf 87' lang='lat' dir='ltr'><strong>qui</strong></span> <span class='ocrx_word' id='word_1_45' title='bbox 1745 631 1884 686; x_wconf 88' lang='lat' dir='ltr'><strong>male</strong></span> <span class='ocrx_word' id='word_1_46' title='bbox 1932 627 2178 698; x_wconf 86' lang='lat' dir='ltr'><strong>negando</strong></span> 
     </span>
    </p>
   </div>
   <div class='ocr_carea' id='block_1_7' title="bbox 596 720 2176 801">
    <p class='ocr_par' dir='ltr' id='par_1_7' title="bbox 596 720 2176 801">
     <span class='ocr_line' id='line_1_7' title="bbox 596 720 2176 801; baseline -0.003 -22"><span class='ocrx_word' id='word_1_47' title='bbox 596 733 936 789; x_wconf 84' lang='lat' dir='ltr'><strong>recesserat,</strong></span> <span class='ocrx_word' id='word_1_48' title='bbox 967 725 1238 795; x_wconf 81' lang='lat' dir='ltr'><strong>respexit,</strong></span> <span class='ocrx_word' id='word_1_49' title='bbox 1278 722 1453 780; x_wconf 82' lang='lat' dir='ltr'><strong>ﬂendo</strong></span> <span class='ocrx_word' id='word_1_50' title='bbox 1492 731 1550 778; x_wconf 91' lang='lat' dir='ltr'><strong>ut</strong></span> <span class='ocrx_word' id='word_1_51' title='bbox 1579 724 1799 777; x_wconf 83' lang='lat' dir='ltr'><strong>rediret.</strong></span> <span class='ocrx_word' id='word_1_52' title='bbox 1835 720 1925 777; x_wconf 91' lang='lat' dir='ltr'><strong>Sic</strong></span> <span class='ocrx_word' id='word_1_53' title='bbox 1956 732 2176 801; x_wconf 66' lang='lat' dir='ltr'><strong>omnes,</strong></span> 
     </span>
    </p>
   </div>
   <div class='ocr_carea' id='block_1_8' title="bbox 596 810 2175 888">
    <p class='ocr_par' dir='ltr' id='par_1_8' title="bbox 596 810 2175 888">
     <span class='ocr_line' id='line_1_8' title="bbox 596 810 2175 888; baseline -0.003 -18"><span class='ocrx_word' id='word_1_54' title='bbox 596 829 735 888; x_wconf 82' lang='lat' dir='ltr'><strong>quos</strong></span> <span class='ocrx_word' id='word_1_55' title='bbox 762 818 830 872; x_wconf 88' lang='lat' dir='ltr'><strong>ad</strong></span> <span class='ocrx_word' id='word_1_56' title='bbox 862 830 1016 871; x_wconf 91' lang='lat' dir='ltr'><strong>suam</strong></span> <span class='ocrx_word' id='word_1_57' title='bbox 1042 815 1272 887; x_wconf 78' lang='lat' dir='ltr'><strong>gratiam</strong></span> <span class='ocrx_word' id='word_1_58' title='bbox 1300 824 1486 880; x_wconf 87' lang='lat' dir='ltr'><strong>vocat,</strong></span> <span class='ocrx_word' id='word_1_59' title='bbox 1514 830 1838 887; x_wconf 90' lang='lat' dir='ltr'><strong>quocunque</strong></span> <span class='ocrx_word' id='word_1_60' title='bbox 1865 812 2057 867; x_wconf 84' lang='lat' dir='ltr'><strong>inloco</strong></span> <span class='ocrx_word' id='word_1_61' title='bbox 2087 810 2175 870; x_wconf 44' lang='lat' dir='ltr'><strong>re;</strong></span> 
     </span>
    </p>
   </div>
   <div class='ocr_carea' id='block_1_9' title="bbox 596 886 2179 980">
    <p class='ocr_par' dir='ltr' id='par_1_9' title="bbox 596 886 2179 980">
     <span class='ocr_line' id='line_1_9' title="bbox 596 886 2179 980; baseline -0.006 -14"><span class='ocrx_word' id='word_1_62' title='bbox 596 886 893 973; x_wconf 67' lang='lat' dir='ltr'><strong>cesserint,</strong></span> <span class='ocrx_word' id='word_1_63' title='bbox 930 886 1079 980; x_wconf 73' lang='lat' dir='ltr'><strong>prior</strong></span> <span class='ocrx_word' id='word_1_64' title='bbox 1106 909 1253 964; x_wconf 87' lang='lat' dir='ltr'><strong>videt</strong></span> <span class='ocrx_word' id='word_1_65' title='bbox 1300 908 1457 963; x_wconf 89' lang='lat' dir='ltr'><strong>oculo</strong></span> <span class='ocrx_word' id='word_1_66' title='bbox 1505 886 1750 977; x_wconf 89' lang='lat' dir='ltr'><strong>pietatis,</strong></span> <span class='ocrx_word' id='word_1_67' title='bbox 1782 905 1975 959; x_wconf 89' lang='lat' dir='ltr'><strong>deinde</strong></span> <span class='ocrx_word' id='word_1_68' title='bbox 2020 886 2179 958; x_wconf 73' lang='lat' dir='ltr'><strong>vocat</strong></span> 
     </span>
    </p>
   </div>
   <div class='ocr_carea' id='block_1_10' title="bbox 595 990 2179 1071">
    <p class='ocr_par' dir='ltr' id='par_1_10' title="bbox 595 990 2179 1071">
     <span class='ocr_line' id='line_1_10' title="bbox 595 990 2179 1071; baseline -0.006 -15"><span class='ocrx_word' id='word_1_69' title='bbox 595 1015 708 1056; x_wconf 71' lang='lat' dir='ltr'><strong>sua:</strong></span> <span class='ocrx_word' id='word_1_70' title='bbox 739 999 1066 1071; x_wconf 74' lang='lat' dir='ltr'><strong>dignationis</strong></span> <span class='ocrx_word' id='word_1_71' title='bbox 1097 996 1274 1055; x_wconf 83' lang='lat' dir='ltr'><strong>ofﬁcio</strong></span> <span class='ocrx_word' id='word_1_72' title='bbox 1316 1006 1373 1053; x_wconf 92' lang='lat' dir='ltr'><strong>ut</strong></span> <span class='ocrx_word' id='word_1_73' title='bbox 1403 1014 1526 1053; x_wconf 90' lang='lat' dir='ltr'><strong>eum</strong></span> <span class='ocrx_word' id='word_1_74' title='bbox 1574 996 1723 1067; x_wconf 83' lang='lat' dir='ltr'><strong>sequi</strong></span> <span class='ocrx_word' id='word_1_75' title='bbox 1767 995 2036 1050; x_wconf 90' lang='lat' dir='ltr'><strong>studeant.</strong></span> <span class='ocrx_word' id='word_1_76' title='bbox 2068 990 2179 1046; x_wconf 85' lang='lat' dir='ltr'><strong>Nec</strong></span> 
     </span>
    </p>
   </div>
   <div class='ocr_carea' id='block_1_11' title="bbox 595 1081 2178 1158">
    <p class='ocr_par' dir='ltr' id='par_1_11' title="bbox 595 1081 2178 1158">
     <span class='ocr_line' id='line_1_11' title="bbox 595 1081 2178 1158; baseline -0.007 -11"><span class='ocrx_word' id='word_1_77' title='bbox 595 1088 760 1147; x_wconf 87' lang='lat' dir='ltr'><strong>lstum</strong></span> <span class='ocrx_word' id='word_1_78' title='bbox 801 1090 922 1145; x_wconf 89' lang='lat' dir='ltr'><strong>ideo</strong></span> <span class='ocrx_word' id='word_1_79' title='bbox 970 1088 1193 1144; x_wconf 84' lang='lat' dir='ltr'><strong>divitem</strong></span> <span class='ocrx_word' id='word_1_80' title='bbox 1223 1097 1383 1143; x_wconf 88' lang='lat' dir='ltr'><strong>vocat</strong></span> <span class='ocrx_word' id='word_1_81' title='bbox 1409 1096 1468 1141; x_wconf 94' lang='lat' dir='ltr'><strong>ut</strong></span> <span class='ocrx_word' id='word_1_82' title='bbox 1506 1093 1821 1158; x_wconf 84' lang='lat' dir='ltr'><strong>permaneat</strong></span> <span class='ocrx_word' id='word_1_83' title='bbox 1864 1083 2044 1148; x_wconf 81' lang='lat' dir='ltr'><strong>dives;</strong></span> <span class='ocrx_word' id='word_1_84' title='bbox 2084 1081 2178 1136; x_wconf 90' lang='lat' dir='ltr'><strong>sed</strong></span> 
     </span>
    </p>
   </div>
   <div class='ocr_carea' id='block_1_12' title="bbox 597 1174 2179 1245">
    <p class='ocr_par' dir='ltr' id='par_1_12' title="bbox 597 1174 2179 1245">
     <span class='ocr_line' id='line_1_12' title="bbox 597 1174 2179 1245; baseline -0.006 -11"><span class='ocrx_word' id='word_1_85' title='bbox 597 1187 682 1245; x_wconf 85' lang='lat' dir='ltr'><strong>ut,</strong></span> <span class='ocrx_word' id='word_1_86' title='bbox 716 1178 918 1234; x_wconf 90' lang='lat' dir='ltr'><strong>relictis</strong></span> <span class='ocrx_word' id='word_1_87' title='bbox 943 1179 1217 1243; x_wconf 91' lang='lat' dir='ltr'><strong>omnibus,</strong></span> <span class='ocrx_word' id='word_1_88' title='bbox 1240 1179 1450 1233; x_wconf 81' lang='lat' dir='ltr'><strong>beatam</strong></span> <span class='ocrx_word' id='word_1_89' title='bbox 1487 1184 1631 1231; x_wconf 89' lang='lat' dir='ltr'><strong>amet</strong></span> <span class='ocrx_word' id='word_1_90' title='bbox 1672 1182 2074 1245; x_wconf 79' lang='lat' dir='ltr'><strong>paupertatem,</strong></span> <span class='ocrx_word' id='word_1_91' title='bbox 2124 1174 2179 1225; x_wconf 91' lang='lat' dir='ltr'><strong>et</strong></span> 
     </span>
    </p>
   </div>
   <div class='ocr_carea' id='block_1_13' title="bbox 595 1264 2177 1339">
    <p class='ocr_par' dir='ltr' id='par_1_13' title="bbox 595 1264 2177 1339">
     <span class='ocr_line' id='line_1_13' title="bbox 595 1264 2177 1339; baseline -0.005 -15"><span class='ocrx_word' id='word_1_92' title='bbox 595 1268 901 1338; x_wconf 77' lang='lat' dir='ltr'><strong>exemplum</strong></span> <span class='ocrx_word' id='word_1_93' title='bbox 932 1278 1194 1339; x_wconf 82' lang='lat' dir='ltr'><strong>sequatur</strong></span> <span class='ocrx_word' id='word_1_94' title='bbox 1218 1266 1610 1337; x_wconf 81' lang='lat' dir='ltr'><strong>Praeceptoris:</strong></span> <span class='ocrx_word' id='word_1_95' title='bbox 1648 1264 1914 1335; x_wconf 89' lang='lat' dir='ltr'><strong>siquidem</strong></span> <span class='ocrx_word' id='word_1_96' title='bbox 1948 1276 2053 1317; x_wconf 90' lang='lat' dir='ltr'><strong>non</strong></span> <span class='ocrx_word' id='word_1_97' title='bbox 2088 1276 2177 1316; x_wconf 89' lang='lat' dir='ltr'><strong>so-</strong></span> 
     </span>
    </p>
   </div>
   <div class='ocr_carea' id='block_1_14' title="bbox 596 1352 2177 1429">
    <p class='ocr_par' dir='ltr' id='par_1_14' title="bbox 596 1352 2177 1429">
     <span class='ocr_line' id='line_1_14' title="bbox 596 1352 2177 1429; baseline -0.003 -18"><span class='ocrx_word' id='word_1_98' title='bbox 596 1357 709 1412; x_wconf 85' lang='lat' dir='ltr'><strong>lum</strong></span> <span class='ocrx_word' id='word_1_99' title='bbox 748 1358 960 1413; x_wconf 87' lang='lat' dir='ltr'><strong>incessu</strong></span> <span class='ocrx_word' id='word_1_100' title='bbox 984 1358 1181 1429; x_wconf 91' lang='lat' dir='ltr'><strong>pedum</strong></span> <span class='ocrx_word' id='word_1_101' title='bbox 1201 1399 1214 1423; x_wconf 92' lang='lat'><strong>,</strong></span> <span class='ocrx_word' id='word_1_102' title='bbox 1248 1373 1434 1414; x_wconf 90' lang='lat' dir='ltr'><strong>verum</strong></span> <span class='ocrx_word' id='word_1_103' title='bbox 1478 1354 1779 1411; x_wconf 84' lang='lat' dir='ltr'><strong>imitatione</strong></span> <span class='ocrx_word' id='word_1_104' title='bbox 1810 1352 2064 1425; x_wconf 79' lang='lat' dir='ltr'><strong>perfectae</strong></span> <span class='ocrx_word' id='word_1_105' title='bbox 2093 1353 2177 1407; x_wconf 86' lang='lat' dir='ltr'><strong>vi-’</strong></span> 
     </span>
    </p>
   </div>
   <div class='ocr_carea' id='block_1_15' title="bbox 595 1448 2179 1519">
    <p class='ocr_par' dir='ltr' id='par_1_15' title="bbox 595 1448 2179 1519">
     <span class='ocr_line' id='line_1_15' title="bbox 595 1448 2179 1519; baseline -0.002 -15"><span class='ocrx_word' id='word_1_106' title='bbox 595 1452 685 1504; x_wconf 83' lang='lat' dir='ltr'><strong>tae.</strong></span> <span class='ocrx_word' id='word_1_107' title='bbox 730 1448 1072 1519; x_wconf 87' lang='lat' dir='ltr'><strong>Quapropter</strong></span> <span class='ocrx_word' id='word_1_108' title='bbox 1104 1466 1212 1505; x_wconf 91' lang='lat' dir='ltr'><strong>non</strong></span> <span class='ocrx_word' id='word_1_109' title='bbox 1256 1450 1421 1505; x_wconf 91' lang='lat' dir='ltr'><strong>alium</strong></span> <span class='ocrx_word' id='word_1_110' title='bbox 1451 1449 1516 1504; x_wconf 91' lang='lat' dir='ltr'><strong>ad</strong></span> <span class='ocrx_word' id='word_1_111' title='bbox 1563 1448 1883 1503; x_wconf 90' lang='lat' dir='ltr'><strong>imitandum</strong></span> <span class='ocrx_word' id='word_1_112' title='bbox 1915 1461 2077 1515; x_wconf 91' lang='lat' dir='ltr'><strong>quam</strong></span> <span class='ocrx_word' id='word_1_113' title='bbox 2119 1458 2179 1501; x_wconf 89' lang='lat' dir='ltr'><strong>se</strong></span> 
     </span>
    </p>
   </div>
   <div class='ocr_carea' id='block_1_16' title="bbox 592 1535 2180 1610">
    <p class='ocr_par' dir='ltr' id='par_1_16' title="bbox 592 1535 2180 1610">
     <span class='ocr_line' id='line_1_16' title="bbox 592 1535 2180 1610; baseline -0.003 -16"><span class='ocrx_word' id='word_1_114' title='bbox 592 1539 867 1610; x_wconf 82' lang='lat' dir='ltr'><strong>proponit.</strong></span> <span class='ocrx_word' id='word_1_115' title='bbox 904 1538 968 1594; x_wconf 82' lang='lat' dir='ltr'><strong>Et</strong></span> <span class='ocrx_word' id='word_1_116' title='bbox 1006 1540 1301 1595; x_wconf 87' lang='lat' dir='ltr'><strong>notandum</strong></span> <span class='ocrx_word' id='word_1_117' title='bbox 1343 1538 1484 1609; x_wconf 91' lang='lat' dir='ltr'><strong>quod</strong></span> <span class='ocrx_word' id='word_1_118' title='bbox 1524 1540 1792 1592; x_wconf 71' lang='lat' dir='ltr'><strong>transiens</strong></span> <span class='ocrx_word' id='word_1_119' title='bbox 1816 1551 1938 1591; x_wconf 90' lang='lat' dir='ltr'><strong>eum</strong></span> <span class='ocrx_word' id='word_1_120' title='bbox 1966 1535 2099 1589; x_wconf 89' lang='lat' dir='ltr'><strong>vidit</strong></span> <span class='ocrx_word' id='word_1_121' title='bbox 2124 1538 2180 1591; x_wconf 91' lang='lat' dir='ltr'><strong>et</strong></span> 
     </span>
    </p>
   </div>
   <div class='ocr_carea' id='block_1_17' title="bbox 592 1626 2178 1701">
    <p class='ocr_par' dir='ltr' id='par_1_17' title="bbox 592 1626 2178 1701">
     <span class='ocr_line' id='line_1_17' title="bbox 592 1626 2178 1701; baseline -0.004 -16"><span class='ocrx_word' id='word_1_122' title='bbox 592 1637 772 1685; x_wconf 74' lang='lat' dir='ltr'><strong>vocat.</strong></span> <span class='ocrx_word' id='word_1_123' title='bbox 794 1629 875 1685; x_wconf 83' lang='lat' dir='ltr'><strong>Ad</strong></span> <span class='ocrx_word' id='word_1_124' title='bbox 907 1630 1010 1686; x_wconf 85' lang='lat' dir='ltr'><strong>hoc</strong></span> <span class='ocrx_word' id='word_1_125' title='bbox 1033 1630 1230 1701; x_wconf 89' lang='lat' dir='ltr'><strong>quippe</strong></span> <span class='ocrx_word' id='word_1_126' title='bbox 1259 1637 1339 1695; x_wconf 93' lang='lat' dir='ltr'><strong>ut,</strong></span> <span class='ocrx_word' id='word_1_127' title='bbox 1367 1638 1422 1684; x_wconf 90' lang='lat' dir='ltr'><strong>et</strong></span> <span class='ocrx_word' id='word_1_128' title='bbox 1456 1629 1570 1699; x_wconf 87' lang='lat' dir='ltr'><strong>ipse</strong></span> <span class='ocrx_word' id='word_1_129' title='bbox 1593 1631 1658 1683; x_wconf 92' lang='lat' dir='ltr'><strong>de</strong></span> <span class='ocrx_word' id='word_1_130' title='bbox 1686 1629 1787 1683; x_wconf 90' lang='lat' dir='ltr'><strong>hoc</strong></span> <span class='ocrx_word' id='word_1_131' title='bbox 1813 1626 2010 1682; x_wconf 68' lang='lat' dir='ltr'><strong>smculo</strong></span> <span class='ocrx_word' id='word_1_132' title='bbox 2033 1636 2178 1680; x_wconf 91' lang='lat' dir='ltr'><strong>tran—</strong></span> 
     </span>
    </p>
   </div>
   <div class='ocr_carea' id='block_1_18' title="bbox 598 1715 2175 1792">
    <p class='ocr_par' dir='ltr' id='par_1_18' title="bbox 598 1715 2175 1792">
     <span class='ocr_line' id='line_1_18' title="bbox 598 1715 2175 1792; baseline -0.005 -15"><span class='ocrx_word' id='word_1_133' title='bbox 598 1722 773 1787; x_wconf 74' lang='lat' dir='ltr'><strong>siens,</strong></span> <span class='ocrx_word' id='word_1_134' title='bbox 798 1721 866 1776; x_wconf 88' lang='lat' dir='ltr'><strong>ad</strong></span> <span class='ocrx_word' id='word_1_135' title='bbox 884 1730 1086 1777; x_wconf 65' lang='lat' dir='ltr'><strong>aaterna</strong></span> <span class='ocrx_word' id='word_1_136' title='bbox 1109 1722 1433 1792; x_wconf 89' lang='lat' dir='ltr'><strong>quantocius</strong></span> <span class='ocrx_word' id='word_1_137' title='bbox 1459 1719 1693 1775; x_wconf 83' lang='lat' dir='ltr'><strong>festinet.</strong></span> <span class='ocrx_word' id='word_1_138' title='bbox 1723 1717 1854 1772; x_wconf 86' lang='lat' dir='ltr'><strong>Nam</strong></span> <span class='ocrx_word' id='word_1_139' title='bbox 1878 1726 1933 1771; x_wconf 87' lang='lat' dir='ltr'><strong>et</strong></span> <span class='ocrx_word' id='word_1_140' title='bbox 1955 1715 2175 1770; x_wconf 89' lang='lat' dir='ltr'><strong>Petrum</strong></span> 
     </span>
    </p>
   </div>
   <div class='ocr_carea' id='block_1_19' title="bbox 2285 529 3861 600">
    <p class='ocr_par' dir='ltr' id='par_1_19' title="bbox 2285 529 3861 600">
     <span class='ocr_line' id='line_1_19' title="bbox 2285 529 3861 600; baseline -0.003 -13"><span class='ocrx_word' id='word_1_141' title='bbox 2285 540 2444 587; x_wconf 88' lang='lat' dir='ltr'><strong>erant</strong></span> <span class='ocrx_word' id='word_1_142' title='bbox 2471 532 2828 596; x_wconf 81' lang='lat' dir='ltr'><strong>convallium;</strong></span> <span class='ocrx_word' id='word_1_143' title='bbox 2858 531 3061 586; x_wconf 86' lang='lat' dir='ltr'><strong>idcirco</strong></span> <span class='ocrx_word' id='word_1_144' title='bbox 3090 538 3280 585; x_wconf 88' lang='lat' dir='ltr'><strong>contra</strong></span> <span class='ocrx_word' id='word_1_145' title='bbox 3312 529 3586 591; x_wconf 88' lang='lat' dir='ltr'><strong>uncinum,</strong></span> <span class='ocrx_word' id='word_1_146' title='bbox 3608 545 3769 600; x_wconf 89' lang='lat' dir='ltr'><strong>quem</strong></span> <span class='ocrx_word' id='word_1_147' title='bbox 3786 529 3861 583; x_wconf 87' lang='lat' dir='ltr'><strong>di-</strong></span> 
     </span>
    </p>
   </div>
   <div class='ocr_carea' id='block_1_20' title="bbox 2280 610 3863 694">
    <p class='ocr_par' dir='ltr' id='par_1_20' title="bbox 2280 610 3863 694">
     <span class='ocr_line' id='line_1_20' title="bbox 2280 610 3863 694; baseline -0.003 -12"><span class='ocrx_word' id='word_1_148' title='bbox 2280 627 2404 682; x_wconf 90' lang='lat' dir='ltr'><strong>vina</strong></span> <span class='ocrx_word' id='word_1_149' title='bbox 2432 610 2623 683; x_wconf 86' lang='lat' dir='ltr'><strong>manus</strong></span> <span class='ocrx_word' id='word_1_150' title='bbox 2654 628 2905 690; x_wconf 90' lang='lat' dir='ltr'><strong>tenebat,</strong></span> <span class='ocrx_word' id='word_1_151' title='bbox 2940 626 3193 680; x_wconf 88' lang='lat' dir='ltr'><strong>resistere</strong></span> <span class='ocrx_word' id='word_1_152' title='bbox 3226 624 3543 694; x_wconf 78' lang='lat' dir='ltr'><strong>nequibant.</strong></span> <span class='ocrx_word' id='word_1_153' title='bbox 3588 622 3744 690; x_wconf 85' lang='lat' dir='ltr'><strong>Quod</strong></span> <span class='ocrx_word' id='word_1_154' title='bbox 3772 623 3863 678; x_wconf 77' lang='lat' dir='ltr'><strong>mi-</strong></span> 
     </span>
    </p>
   </div>
   <div class='ocr_carea' id='block_1_21' title="bbox 2282 713 3861 790">
    <p class='ocr_par' dir='ltr' id='par_1_21' title="bbox 2282 713 3861 790">
     <span class='ocr_line' id='line_1_21' title="bbox 2282 713 3861 790; baseline -0.004 -14"><span class='ocrx_word' id='word_1_155' title='bbox 2282 720 2388 776; x_wconf 88' lang='lat' dir='ltr'><strong>seri</strong></span> <span class='ocrx_word' id='word_1_156' title='bbox 2421 719 2725 775; x_wconf 86' lang='lat' dir='ltr'><strong>nescientes</strong></span> <span class='ocrx_word' id='word_1_157' title='bbox 2750 716 3085 790; x_wconf 86' lang='lat' dir='ltr'><strong>Porphyrius</strong></span> <span class='ocrx_word' id='word_1_158' title='bbox 3110 722 3273 786; x_wconf 89' lang='lat' dir='ltr'><strong>atque</strong></span> <span class='ocrx_word' id='word_1_159' title='bbox 3299 713 3545 771; x_wconf 76' lang='lat' dir='ltr'><strong>Julianus</strong></span> <span class='ocrx_word' id='word_1_160' title='bbox 3571 714 3861 786; x_wconf 84' lang='lat' dir='ltr'><strong>Augustus,</strong></span> 
     </span>
    </p>
   </div>
   <div class='ocr_carea' id='block_1_22' title="bbox 2281 804 3857 880">
    <p class='ocr_par' dir='ltr' id='par_1_22' title="bbox 2281 804 3857 880">
     <span class='ocr_line' id='line_1_22' title="bbox 2281 804 3857 880; baseline -0.004 -17"><span class='ocrx_word' id='word_1_161' title='bbox 2281 819 2545 880; x_wconf 87' lang='lat' dir='ltr'><strong>arguunt,</strong></span> <span class='ocrx_word' id='word_1_162' title='bbox 2575 817 2634 863; x_wconf 89' lang='lat' dir='ltr'><strong>ut</strong></span> <span class='ocrx_word' id='word_1_163' title='bbox 2664 809 2775 863; x_wconf 84' lang='lat' dir='ltr'><strong>dixi</strong></span> <span class='ocrx_word' id='word_1_164' title='bbox 2796 850 2808 870; x_wconf 85' lang='lat'><strong>,</strong></span> <span class='ocrx_word' id='word_1_165' title='bbox 2837 807 2922 862; x_wconf 90' lang='lat' dir='ltr'><strong>vel</strong></span> <span class='ocrx_word' id='word_1_166' title='bbox 2967 805 3292 876; x_wconf 88' lang='lat' dir='ltr'><strong>imperitiam</strong></span> <span class='ocrx_word' id='word_1_167' title='bbox 3316 804 3562 861; x_wconf 86' lang='lat' dir='ltr'><strong>historici</strong></span> <span class='ocrx_word' id='word_1_168' title='bbox 3596 804 3857 860; x_wconf 85' lang='lat' dir='ltr'><strong>mentien-</strong></span> 
     </span>
    </p>
   </div>
   <div class='ocr_carea' id='block_1_23' title="bbox 2280 880 3867 969">
    <p class='ocr_par' dir='ltr' id='par_1_23' title="bbox 2280 880 3867 969">
     <span class='ocr_line' id='line_1_23' title="bbox 2280 880 3867 969; baseline -0.002 -13"><span class='ocrx_word' id='word_1_169' title='bbox 2280 880 2388 967; x_wconf 67' lang='lat' dir='ltr'><strong>iis,</strong></span> <span class='ocrx_word' id='word_1_170' title='bbox 2416 901 2497 957; x_wconf 91' lang='lat' dir='ltr'><strong>vel</strong></span> <span class='ocrx_word' id='word_1_171' title='bbox 2521 901 2806 956; x_wconf 87' lang='lat' dir='ltr'><strong>stultitiam</strong></span> <span class='ocrx_word' id='word_1_172' title='bbox 2828 916 3016 956; x_wconf 89' lang='lat' dir='ltr'><strong>eorum</strong></span> <span class='ocrx_word' id='word_1_173' title='bbox 3036 940 3048 962; x_wconf 89' lang='lat'><strong>,</strong></span> <span class='ocrx_word' id='word_1_174' title='bbox 3076 898 3217 968; x_wconf 90' lang='lat' dir='ltr'><strong>quod</strong></span> <span class='ocrx_word' id='word_1_175' title='bbox 3244 900 3399 969; x_wconf 88' lang='lat' dir='ltr'><strong>quasi</strong></span> <span class='ocrx_word' id='word_1_176' title='bbox 3427 897 3867 954; x_wconf 85' lang='lat' dir='ltr'><strong>irrationabiliter</strong></span> 
     </span>
    </p>
   </div>
   <div class='ocr_carea' id='block_1_24' title="bbox 2281 990 3867 1079">
    <p class='ocr_par' dir='ltr' id='par_1_24' title="bbox 2281 990 3867 1079">
     <span class='ocr_line' id='line_1_24' title="bbox 2281 990 3867 1079; baseline -0.003 -29"><span class='ocrx_word' id='word_1_177' title='bbox 2281 996 2454 1051; x_wconf 89' lang='lat' dir='ltr'><strong>secuti</strong></span> <span class='ocrx_word' id='word_1_178' title='bbox 2493 996 2601 1049; x_wconf 92' lang='lat' dir='ltr'><strong>sint</strong></span> <span class='ocrx_word' id='word_1_179' title='bbox 2643 994 2915 1049; x_wconf 88' lang='lat' dir='ltr'><strong>hominem</strong></span> <span class='ocrx_word' id='word_1_180' title='bbox 2965 990 3262 1064; x_wconf 81' lang='lat' dir='ltr'><strong>quemlibet</strong></span> <span class='ocrx_word' id='word_1_181' title='bbox 3290 1008 3347 1047; x_wconf 82' lang='lat' dir='ltr'><strong>se</strong></span> <span class='ocrx_word' id='word_1_182' title='bbox 3378 1000 3696 1057; x_wconf 90' lang='lat' dir='ltr'><strong>vocantem;</strong></span> <span class='ocrx_word' id='word_1_183' title='bbox 3734 1006 3867 1079; x_wconf 38' lang='lat' dir='ltr'><strong>tcum</strong></span> 
     </span>
    </p>
   </div>
   <div class='ocr_carea' id='block_1_25' title="bbox 2281 1083 3868 1156">
    <p class='ocr_par' dir='ltr' id='par_1_25' title="bbox 2281 1083 3868 1156">
     <span class='ocr_line' id='line_1_25' title="bbox 2281 1083 3868 1156; baseline -0.001 -15"><span class='ocrx_word' id='word_1_184' title='bbox 2281 1092 2443 1142; x_wconf 79' lang='lat' dir='ltr'><strong>tantae</strong></span> <span class='ocrx_word' id='word_1_185' title='bbox 2492 1088 2721 1142; x_wconf 85' lang='lat' dir='ltr'><strong>virtutes</strong></span> <span class='ocrx_word' id='word_1_186' title='bbox 2771 1095 3030 1156; x_wconf 88' lang='lat' dir='ltr'><strong>tantaque</strong></span> <span class='ocrx_word' id='word_1_187' title='bbox 3076 1084 3230 1156; x_wconf 89' lang='lat' dir='ltr'><strong>signa</strong></span> <span class='ocrx_word' id='word_1_188' title='bbox 3291 1083 3704 1155; x_wconf 68' lang='lat' dir='ltr'><strong>praecesserint,</strong></span> <span class='ocrx_word' id='word_1_189' title='bbox 3753 1096 3868 1155; x_wconf 67' lang='lat' dir='ltr'><strong>qua</strong></span> 
     </span>
    </p>
   </div>
   <div class='ocr_carea' id='block_1_26' title="bbox 2282 1173 3865 1249">
    <p class='ocr_par' dir='ltr' id='par_1_26' title="bbox 2282 1173 3865 1249">
     <span class='ocr_line' id='line_1_26' title="bbox 2282 1173 3865 1249; baseline -0.003 -16"><span class='ocrx_word' id='word_1_190' title='bbox 2282 1188 2409 1233; x_wconf 90' lang='lat' dir='ltr'><strong>ante</strong></span> <span class='ocrx_word' id='word_1_191' title='bbox 2454 1178 2758 1249; x_wconf 87' lang='lat' dir='ltr'><strong>apostolos,</strong></span> <span class='ocrx_word' id='word_1_192' title='bbox 2791 1193 2955 1248; x_wconf 90' lang='lat' dir='ltr'><strong>quam</strong></span> <span class='ocrx_word' id='word_1_193' title='bbox 3002 1176 3320 1241; x_wconf 90' lang='lat' dir='ltr'><strong>crederent,</strong></span> <span class='ocrx_word' id='word_1_194' title='bbox 3373 1175 3575 1230; x_wconf 89' lang='lat' dir='ltr'><strong>vidisse</strong></span> <span class='ocrx_word' id='word_1_195' title='bbox 3623 1189 3734 1229; x_wconf 91' lang='lat' dir='ltr'><strong>non</strong></span> <span class='ocrx_word' id='word_1_196' title='bbox 3770 1173 3865 1229; x_wconf 85' lang='lat' dir='ltr'><strong>du-</strong></span> 
     </span>
    </p>
   </div>
   <div class='ocr_carea' id='block_1_27' title="bbox 2282 1264 3869 1337">
    <p class='ocr_par' dir='ltr' id='par_1_27' title="bbox 2282 1264 3869 1337">
     <span class='ocr_line' id='line_1_27' title="bbox 2282 1264 3869 1337; baseline -0.003 -12"><span class='ocrx_word' id='word_1_197' title='bbox 2282 1268 2430 1325; x_wconf 90' lang='lat' dir='ltr'><strong>bium</strong></span> <span class='ocrx_word' id='word_1_198' title='bbox 2485 1278 2590 1324; x_wconf 90' lang='lat' dir='ltr'><strong>est.</strong></span> <span class='ocrx_word' id='word_1_199' title='bbox 2646 1268 2747 1333; x_wconf 88' lang='lat' dir='ltr'><strong>Et,</strong></span> <span class='ocrx_word' id='word_1_200' title='bbox 2800 1275 2859 1321; x_wconf 95' lang='lat' dir='ltr'><strong>ut</strong></span> <span class='ocrx_word' id='word_1_201' title='bbox 2907 1267 3089 1330; x_wconf 91' lang='lat' dir='ltr'><strong>aiunt,</strong></span> <span class='ocrx_word' id='word_1_202' title='bbox 3147 1274 3361 1337; x_wconf 89' lang='lat' dir='ltr'><strong>poterat</strong></span> <span class='ocrx_word' id='word_1_203' title='bbox 3402 1265 3469 1320; x_wconf 90' lang='lat' dir='ltr'><strong>ad</strong></span> <span class='ocrx_word' id='word_1_204' title='bbox 3520 1280 3579 1320; x_wconf 89' lang='lat' dir='ltr'><strong>se</strong></span> <span class='ocrx_word' id='word_1_205' title='bbox 3629 1264 3869 1321; x_wconf 79' lang='lat' dir='ltr'><strong>videntes</strong></span> 
     </span>
    </p>
   </div>
   <div class='ocr_carea' id='block_1_28' title="bbox 2282 1352 3867 1432">
    <p class='ocr_par' dir='ltr' id='par_1_28' title="bbox 2282 1352 3867 1432">
     <span class='ocr_line' id='line_1_28' title="bbox 2282 1352 3867 1432; baseline -0.004 -16"><span class='ocrx_word' id='word_1_206' title='bbox 2282 1368 2501 1432; x_wconf 85' lang='lat' dir='ltr'><strong>aspectu</strong></span> <span class='ocrx_word' id='word_1_207' title='bbox 2548 1360 2800 1425; x_wconf 80' lang='lat' dir='ltr'><strong>trahere,</strong></span> <span class='ocrx_word' id='word_1_208' title='bbox 2832 1358 2961 1413; x_wconf 93' lang='lat' dir='ltr'><strong>dum</strong></span> <span class='ocrx_word' id='word_1_209' title='bbox 3002 1357 3180 1429; x_wconf 89' lang='lat' dir='ltr'><strong>fulgor</strong></span> <span class='ocrx_word' id='word_1_210' title='bbox 3228 1357 3343 1427; x_wconf 90' lang='lat' dir='ltr'><strong>ipse</strong></span> <span class='ocrx_word' id='word_1_211' title='bbox 3393 1364 3449 1412; x_wconf 90' lang='lat' dir='ltr'><strong>et</strong></span> <span class='ocrx_word' id='word_1_212' title='bbox 3493 1352 3755 1424; x_wconf 75' lang='lat' dir='ltr'><strong>maiestas</strong></span> <span class='ocrx_word' id='word_1_213' title='bbox 3782 1369 3867 1411; x_wconf 88' lang='lat' dir='ltr'><strong>oc-</strong></span> 
     </span>
    </p>
   </div>
   <div class='ocr_carea' id='block_1_29' title="bbox 2281 1447 3869 1521">
    <p class='ocr_par' dir='ltr' id='par_1_29' title="bbox 2281 1447 3869 1521">
     <span class='ocr_line' id='line_1_29' title="bbox 2281 1447 3869 1521; baseline -0.004 -12"><span class='ocrx_word' id='word_1_214' title='bbox 2281 1454 2424 1509; x_wconf 89' lang='lat' dir='ltr'><strong>culta</strong></span> <span class='ocrx_word' id='word_1_215' title='bbox 2451 1453 2747 1521; x_wconf 83' lang='lat' dir='ltr'><strong>divinitatis</strong></span> <span class='ocrx_word' id='word_1_216' title='bbox 2776 1451 2828 1507; x_wconf 88' lang='lat' dir='ltr'><strong>in</strong></span> <span class='ocrx_word' id='word_1_217' title='bbox 2859 1448 2999 1506; x_wconf 86' lang='lat' dir='ltr'><strong>facie</strong></span> <span class='ocrx_word' id='word_1_218' title='bbox 3042 1449 3339 1506; x_wconf 89' lang='lat' dir='ltr'><strong>relucebat.</strong></span> <span class='ocrx_word' id='word_1_219' title='bbox 3372 1447 3478 1505; x_wconf 88' lang='lat' dir='ltr'><strong>Sed</strong></span> <span class='ocrx_word' id='word_1_220' title='bbox 3524 1449 3612 1504; x_wconf 89' lang='lat' dir='ltr'><strong>isti</strong></span> <span class='ocrx_word' id='word_1_221' title='bbox 3644 1449 3739 1519; x_wconf 87' lang='lat' dir='ltr'><strong>qui</strong></span> <span class='ocrx_word' id='word_1_222' title='bbox 3783 1464 3869 1520; x_wconf 88' lang='lat' dir='ltr'><strong>pu-</strong></span> 
     </span>
    </p>
   </div>
   <div class='ocr_carea' id='block_1_30' title="bbox 2282 1539 3869 1611">
    <p class='ocr_par' dir='ltr' id='par_1_30' title="bbox 2282 1539 3869 1611">
     <span class='ocr_line' id='line_1_30' title="bbox 2282 1539 3869 1611; baseline -0.003 -12"><span class='ocrx_word' id='word_1_223' title='bbox 2282 1560 2401 1600; x_wconf 90' lang='lat' dir='ltr'><strong>rum</strong></span> <span class='ocrx_word' id='word_1_224' title='bbox 2450 1544 2726 1599; x_wconf 88' lang='lat' dir='ltr'><strong>hominem</strong></span> <span class='ocrx_word' id='word_1_225' title='bbox 2773 1541 2939 1597; x_wconf 90' lang='lat' dir='ltr'><strong>fuisse</strong></span> <span class='ocrx_word' id='word_1_226' title='bbox 2990 1539 3139 1596; x_wconf 92' lang='lat' dir='ltr'><strong>illum</strong></span> <span class='ocrx_word' id='word_1_227' title='bbox 3194 1540 3557 1607; x_wconf 82' lang='lat' dir='ltr'><strong>mentiuntur,</strong></span> <span class='ocrx_word' id='word_1_228' title='bbox 3598 1548 3869 1611; x_wconf 88' lang='lat' dir='ltr'><strong>nequeunt</strong></span> 
     </span>
    </p>
   </div>
   <div class='ocr_carea' id='block_1_31' title="bbox 2282 1631 3870 1709">
    <p class='ocr_par' dir='ltr' id='par_1_31' title="bbox 2282 1631 3870 1709">
     <span class='ocr_line' id='line_1_31' title="bbox 2282 1631 3870 1709; baseline -0.003 -17"><span class='ocrx_word' id='word_1_229' title='bbox 2282 1637 2613 1709; x_wconf 82' lang='lat' dir='ltr'><strong>intelligere,</strong></span> <span class='ocrx_word' id='word_1_230' title='bbox 2664 1650 2769 1707; x_wconf 90' lang='lat' dir='ltr'><strong>qua</strong></span> <span class='ocrx_word' id='word_1_231' title='bbox 2813 1634 3017 1690; x_wconf 91' lang='lat' dir='ltr'><strong>virtute</strong></span> <span class='ocrx_word' id='word_1_232' title='bbox 3058 1633 3286 1704; x_wconf 89' lang='lat' dir='ltr'><strong>apostoli</strong></span> <span class='ocrx_word' id='word_1_233' title='bbox 3323 1648 3447 1688; x_wconf 80' lang='lat' dir='ltr'><strong>mox</strong></span> <span class='ocrx_word' id='word_1_234' title='bbox 3496 1631 3723 1688; x_wconf 90' lang='lat' dir='ltr'><strong>odorem</strong></span> <span class='ocrx_word' id='word_1_235' title='bbox 3753 1632 3870 1687; x_wconf 65' lang='lat' dir='ltr'><strong>vita</strong></span> 
     </span>
    </p>
   </div>
   <div class='ocr_carea' id='block_1_32' title="bbox 2284 1733 2602 1800">
    <p class='ocr_par' dir='ltr' id='par_1_32' title="bbox 2284 1733 2602 1800">
     <span class='ocr_line' id='line_1_32' title="bbox 2284 1733 2602 1800; baseline -0.016 -14"><span class='ocrx_word' id='word_1_236' title='bbox 2284 1733 2602 1800; x_wconf 72' lang='lat' dir='ltr'><strong>sequuntur;</strong></span> 
     </span>
    </p>
   </div>
   <div class='ocr_carea' id='block_1_33' title="bbox 594 1791 2195 1889">
    <p class='ocr_par' dir='ltr' id='par_1_33' title="bbox 594 1791 2178 1884">
     <span class='ocr_line' id='line_1_33' title="bbox 594 1791 2178 1884; baseline -0.005 -16"><span class='ocrx_word' id='word_1_237' title='bbox 594 1822 759 1884; x_wconf 84' lang='lat' dir='ltr'><strong>atque</strong></span> <span class='ocrx_word' id='word_1_238' title='bbox 786 1810 1058 1868; x_wconf 77' lang='lat' dir='ltr'><strong>Andream</strong></span> <span class='ocrx_word' id='word_1_239' title='bbox 1096 1791 1202 1869; x_wconf 77' lang='lat' dir='ltr'><strong>non</strong></span> <span class='ocrx_word' id='word_1_240' title='bbox 1252 1823 1404 1868; x_wconf 91' lang='lat' dir='ltr'><strong>stans</strong></span> <span class='ocrx_word' id='word_1_241' title='bbox 1432 1820 1527 1866; x_wconf 89' lang='lat' dir='ltr'><strong>aut</strong></span> <span class='ocrx_word' id='word_1_242' title='bbox 1564 1812 1788 1874; x_wconf 84' lang='lat' dir='ltr'><strong>sedens,</strong></span> <span class='ocrx_word' id='word_1_243' title='bbox 1833 1809 1927 1863; x_wconf 83' lang='lat' dir='ltr'><strong>sed</strong></span> <span class='ocrx_word' id='word_1_244' title='bbox 1962 1822 2178 1878; x_wconf 89' lang='lat' dir='ltr'><strong>peram-</strong></span> 
     </span>
    </p>
   </div>
   <div class='ocr_carea' id='block_1_34' title="bbox 2283 1791 3871 1889">
    <p class='ocr_par' dir='ltr' id='par_1_34' title="bbox 2359 1791 3871 1889">
     <span class='ocr_line' id='line_1_34' title="bbox 2359 1791 3871 1889; baseline -0.004 -15"><span class='ocrx_word' id='word_1_245' title='bbox 2359 1791 2421 1874; x_wconf 54' lang='grc' dir='ltr'>ἐι</span> <span class='ocrx_word' id='word_1_246' title='bbox 2453 1819 2649 1889; x_wconf 80' lang='lat' dir='ltr'><strong>factum</strong></span> <span class='ocrx_word' id='word_1_247' title='bbox 2687 1828 2780 1884; x_wconf 90' lang='lat' dir='ltr'><strong>est,</strong></span> <span class='ocrx_word' id='word_1_248' title='bbox 2815 1817 3170 1873; x_wconf 84' lang='lat' dir='ltr'><strong>discumbente</strong></span> <span class='ocrx_word' id='word_1_249' title='bbox 3192 1832 3250 1871; x_wconf 84' lang='lat' dir='ltr'><strong>eo</strong></span> <span class='ocrx_word' id='word_1_250' title='bbox 3281 1815 3336 1871; x_wconf 85' lang='lat' dir='ltr'><strong>in</strong></span> <span class='ocrx_word' id='word_1_251' title='bbox 3362 1816 3517 1869; x_wconf 89' lang='lat' dir='ltr'><strong>domo</strong></span> <span class='ocrx_word' id='word_1_252' title='bbox 3540 1856 3553 1877; x_wconf 90' lang='lat'><strong>,</strong></span> <span class='ocrx_word' id='word_1_253' title='bbox 3584 1831 3704 1869; x_wconf 83' lang='lat' dir='ltr'><strong>ecce</strong></span> <span class='ocrx_word' id='word_1_254' title='bbox 3724 1812 3871 1868; x_wconf 79' lang='lat' dir='ltr'><strong>multi</strong></span> 
     </span>
    </p>
   </div>
   <div class='ocr_carea' id='block_1_35' title="bbox 594 1899 2180 1970">
    <p class='ocr_par' dir='ltr' id='par_1_35' title="bbox 594 1899 2180 1970">
     <span class='ocr_line' id='line_1_35' title="bbox 594 1899 2180 1970; baseline -0.004 -11"><span class='ocrx_word' id='word_1_255' title='bbox 594 1903 789 1959; x_wconf 88' lang='lat' dir='ltr'><strong>bulans</strong></span> <span class='ocrx_word' id='word_1_256' title='bbox 823 1918 979 1959; x_wconf 90' lang='lat' dir='ltr'><strong>secus</strong></span> <span class='ocrx_word' id='word_1_257' title='bbox 1021 1918 1199 1970; x_wconf 89' lang='lat' dir='ltr'><strong>mare,</strong></span> <span class='ocrx_word' id='word_1_258' title='bbox 1235 1903 1445 1958; x_wconf 89' lang='lat' dir='ltr'><strong>vocavit</strong></span> <span class='ocrx_word' id='word_1_259' title='bbox 1479 1901 1640 1958; x_wconf 91' lang='lat' dir='ltr'><strong>simili</strong></span> <span class='ocrx_word' id='word_1_260' title='bbox 1673 1901 1863 1965; x_wconf 91' lang='lat' dir='ltr'><strong>modo,</strong></span> <span class='ocrx_word' id='word_1_261' title='bbox 1914 1908 1972 1954; x_wconf 92' lang='lat' dir='ltr'><strong>ut</strong></span> <span class='ocrx_word' id='word_1_262' title='bbox 2020 1899 2180 1953; x_wconf 85' lang='lat' dir='ltr'><strong>Jaco-</strong></span> 
     </span>
    </p>
   </div>
   <div class='ocr_carea' id='block_1_36' title="bbox 601 1993 2178 2064">
    <p class='ocr_par' dir='ltr' id='par_1_36' title="bbox 601 1993 2178 2064">
     <span class='ocr_line' id='line_1_36' title="bbox 601 1993 2178 2064; baseline -0.004 -12"><span class='ocrx_word' id='word_1_263' title='bbox 601 1995 727 2052; x_wconf 90' lang='lat' dir='ltr'><strong>bum</strong></span> <span class='ocrx_word' id='word_1_264' title='bbox 772 2006 827 2054; x_wconf 92' lang='lat' dir='ltr'><strong>et</strong></span> <span class='ocrx_word' id='word_1_265' title='bbox 860 1997 1120 2054; x_wconf 83' lang='lat' dir='ltr'><strong>Joannem</strong></span> <span class='ocrx_word' id='word_1_266' title='bbox 1167 1996 1467 2058; x_wconf 89' lang='lat' dir='ltr'><strong>transiens,</strong></span> <span class='ocrx_word' id='word_1_267' title='bbox 1531 1993 1985 2064; x_wconf 88' lang='lat' dir='ltr'><strong>quemadmodum</strong></span> <span class='ocrx_word' id='word_1_268' title='bbox 2037 1993 2178 2047; x_wconf 91' lang='lat' dir='ltr'><strong>idem</strong></span> 
     </span>
    </p>
   </div>
   <div class='ocr_carea' id='block_1_37' title="bbox 594 2080 2176 2158">
    <p class='ocr_par' dir='ltr' id='par_1_37' title="bbox 594 2080 2176 2158">
     <span class='ocr_line' id='line_1_37' title="bbox 594 2080 2176 2158; baseline -0.002 -17"><span class='ocrx_word' id='word_1_269' title='bbox 594 2080 879 2145; x_wconf 76' lang='lat' dir='ltr'><strong>Mattbaeus</strong></span> <span class='ocrx_word' id='word_1_270' title='bbox 930 2096 1161 2143; x_wconf 85' lang='lat' dir='ltr'><strong>testatur</strong></span> <span class='ocrx_word' id='word_1_271' title='bbox 1186 2087 1401 2158; x_wconf 78' lang='lat' dir='ltr'><strong>(Matth.</strong></span> <span class='ocrx_word' id='word_1_272' title='bbox 1455 2102 1527 2151; x_wconf 80' lang='lat' dir='ltr'><strong>tv,</strong></span> <span class='ocrx_word' id='word_1_273' title='bbox 1568 2084 1655 2150; x_wconf 81' lang='lat' dir='ltr'><strong>l8,</strong></span> <span class='ocrx_word' id='word_1_274' title='bbox 1711 2085 1823 2156; x_wconf 72' lang='lat' dir='ltr'><strong>2i).</strong></span> <span class='ocrx_word' id='word_1_275' title='bbox 1855 2083 2176 2155; x_wconf 88' lang='lat' dir='ltr'><strong>Propterea,</strong></span> 
     </span>
    </p>
   </div>
   <div class='ocr_carea' id='block_1_38' title="bbox 599 2177 2178 2251">
    <p class='ocr_par' dir='ltr' id='par_1_38' title="bbox 599 2177 2178 2251">
     <span class='ocr_line' id='line_1_38' title="bbox 599 2177 2178 2251; baseline -0.001 -19"><span class='ocrx_word' id='word_1_276' title='bbox 599 2177 1183 2251; x_wconf 85' lang='lat' dir='ltr'><strong>lector,hujuscemodi</strong></span> <span class='ocrx_word' id='word_1_277' title='bbox 1200 2188 1425 2235; x_wconf 88' lang='lat' dir='ltr'><strong>eventus</strong></span> <span class='ocrx_word' id='word_1_278' title='bbox 1449 2195 1554 2233; x_wconf 92' lang='lat' dir='ltr'><strong>non</strong></span> <span class='ocrx_word' id='word_1_279' title='bbox 1583 2194 1710 2233; x_wconf 79' lang='lat' dir='ltr'><strong>casu</strong></span> <span class='ocrx_word' id='word_1_280' title='bbox 1734 2178 2026 2247; x_wconf 81' lang='lat' dir='ltr'><strong>contigisse</strong></span> <span class='ocrx_word' id='word_1_281' title='bbox 2046 2193 2178 2232; x_wconf 91' lang='lat' dir='ltr'><strong>cen-</strong></span> 
     </span>
    </p>
   </div>
   <div class='ocr_carea' id='block_1_39' title="bbox 595 2265 2179 2328">
    <p class='ocr_par' dir='ltr' id='par_1_39' title="bbox 595 2265 2179 2328">
     <span class='ocr_line' id='line_1_39' title="bbox 595 2265 2179 2328; baseline -0.004 0"><span class='ocrx_word' id='word_1_282' title='bbox 595 2265 741 2328; x_wconf 80' lang='lat' dir='ltr'><strong>seas.</strong></span> <span class='ocrx_word' id='word_1_283' title='bbox 780 2272 894 2327; x_wconf 89' lang='lat' dir='ltr'><strong>lmo</strong></span> <span class='ocrx_word' id='word_1_284' title='bbox 924 2272 1187 2328; x_wconf 91' lang='lat' dir='ltr'><strong>divinitus</strong></span> <span class='ocrx_word' id='word_1_285' title='bbox 1217 2271 1283 2326; x_wconf 87' lang='lat' dir='ltr'><strong>ad</strong></span> <span class='ocrx_word' id='word_1_286' title='bbox 1308 2270 1703 2325; x_wconf 88' lang='lat' dir='ltr'><strong>institutionem</strong></span> <span class='ocrx_word' id='word_1_287' title='bbox 1732 2278 1974 2324; x_wconf 88' lang='lat' dir='ltr'><strong>nostram</strong></span> <span class='ocrx_word' id='word_1_288' title='bbox 1998 2267 2179 2322; x_wconf 88' lang='lat' dir='ltr'><strong>omnia</strong></span> 
     </span>
    </p>
   </div>
   <div class='ocr_carea' id='block_1_40' title="bbox 592 2360 2175 2435">
    <p class='ocr_par' dir='ltr' id='par_1_40' title="bbox 592 2360 2175 2435">
     <span class='ocr_line' id='line_1_40' title="bbox 592 2360 2175 2435; baseline -0.003 -15"><span class='ocrx_word' id='word_1_289' title='bbox 592 2374 892 2435; x_wconf 65' lang='lat' dir='ltr'><strong>prrcparata</strong></span> <span class='ocrx_word' id='word_1_290' title='bbox 911 2407 925 2428; x_wconf 92' lang='lat'><strong>,</strong></span> <span class='ocrx_word' id='word_1_291' title='bbox 968 2374 1235 2434; x_wconf 85' lang='lat' dir='ltr'><strong>quatenus</strong></span> <span class='ocrx_word' id='word_1_292' title='bbox 1273 2373 1329 2419; x_wconf 92' lang='lat' dir='ltr'><strong>et</strong></span> <span class='ocrx_word' id='word_1_293' title='bbox 1358 2362 1491 2418; x_wconf 92' lang='lat' dir='ltr'><strong>ﬁdes</strong></span> <span class='ocrx_word' id='word_1_294' title='bbox 1520 2362 1755 2417; x_wconf 87' lang='lat' dir='ltr'><strong>reniteat</strong></span> <span class='ocrx_word' id='word_1_295' title='bbox 1781 2360 1847 2415; x_wconf 91' lang='lat' dir='ltr'><strong>de</strong></span> <span class='ocrx_word' id='word_1_296' title='bbox 1878 2368 2175 2429; x_wconf 66' lang='lat' dir='ltr'><strong>praecepto,</strong></span> 
     </span>
    </p>
   </div>
   <div class='ocr_carea' id='block_1_41' title="bbox 590 2452 2165 2523">
    <p class='ocr_par' dir='ltr' id='par_1_41' title="bbox 590 2452 2165 2523">
     <span class='ocr_line' id='line_1_41' title="bbox 590 2452 2165 2523; baseline -0.003 -11"><span class='ocrx_word' id='word_1_297' title='bbox 590 2465 647 2512; x_wconf 91' lang='lat' dir='ltr'><strong>et</strong></span> <span class='ocrx_word' id='word_1_298' title='bbox 673 2455 741 2512; x_wconf 91' lang='lat' dir='ltr'><strong>de</strong></span> <span class='ocrx_word' id='word_1_299' title='bbox 769 2456 1016 2512; x_wconf 90' lang='lat' dir='ltr'><strong>doctrina</strong></span> <span class='ocrx_word' id='word_1_300' title='bbox 1043 2457 1170 2511; x_wconf 89' lang='lat' dir='ltr'><strong>hinc</strong></span> <span class='ocrx_word' id='word_1_301' title='bbox 1210 2455 1332 2511; x_wconf 93' lang='lat' dir='ltr'><strong>inde</strong></span> <span class='ocrx_word' id='word_1_302' title='bbox 1360 2454 1582 2511; x_wconf 89' lang='lat' dir='ltr'><strong>uberius</strong></span> <span class='ocrx_word' id='word_1_303' title='bbox 1610 2452 1952 2523; x_wconf 77' lang='lat' dir='ltr'><strong>reSplendeat</strong></span> <span class='ocrx_word' id='word_1_304' title='bbox 1987 2465 2054 2506; x_wconf 78' lang='lat' dir='ltr'><strong>ex</strong></span> <span class='ocrx_word' id='word_1_305' title='bbox 2080 2466 2165 2507; x_wconf 83' lang='lat' dir='ltr'><strong>ne-</strong></span> 
     </span>
    </p>
   </div>
   <div class='ocr_carea' id='block_1_42' title="bbox 590 2547 759 2619">
    <p class='ocr_par' dir='ltr' id='par_1_42' title="bbox 590 2547 759 2619">
     <span class='ocr_line' id='line_1_42' title="bbox 590 2547 759 2619; baseline 0 -17"><span class='ocrx_word' id='word_1_306' title='bbox 590 2547 759 2619; x_wconf 90' lang='lat' dir='ltr'><strong>gotio.</strong></span> 
     </span>
    </p>
   </div>
   <div class='ocr_carea' id='block_1_43' title="bbox 664 2630 2180 2710">
    <p class='ocr_par' dir='ltr' id='par_1_43' title="bbox 664 2630 2180 2710">
     <span class='ocr_line' id='line_1_43' title="bbox 664 2630 2180 2710; baseline -0.003 -18"><span class='ocrx_word' id='word_1_307' title='bbox 664 2634 734 2692; x_wconf 86' lang='lat' dir='ltr'><strong>Et</strong></span> <span class='ocrx_word' id='word_1_308' title='bbox 774 2654 990 2710; x_wconf 84' lang='lat' dir='ltr'><strong>surgens</strong></span> <span class='ocrx_word' id='word_1_309' title='bbox 1021 2647 1229 2693; x_wconf 88' lang='lat' dir='ltr'><strong>secutus</strong></span> <span class='ocrx_word' id='word_1_310' title='bbox 1251 2646 1325 2692; x_wconf 89' lang='lat' dir='ltr'><strong>est</strong></span> <span class='ocrx_word' id='word_1_311' title='bbox 1348 2654 1485 2692; x_wconf 86' lang='lat' dir='ltr'><strong>eum.</strong></span> <span class='ocrx_word' id='word_1_312' title='bbox 1512 2630 1756 2706; x_wconf 81' lang='lat' dir='ltr'><strong>Surgens</strong></span> <span class='ocrx_word' id='word_1_313' title='bbox 1787 2642 1968 2689; x_wconf 89' lang='lat' dir='ltr'><strong>autem</strong></span> <span class='ocrx_word' id='word_1_314' title='bbox 1999 2631 2180 2704; x_wconf 87' lang='lat' dir='ltr'><strong>sequi-</strong></span> 
     </span>
    </p>
   </div>
   <div class='ocr_carea' id='block_1_44' title="bbox 589 2727 2182 2801">
    <p class='ocr_par' dir='ltr' id='par_1_44' title="bbox 589 2727 2182 2801">
     <span class='ocr_line' id='line_1_44' title="bbox 589 2727 2182 2801; baseline -0.002 -16"><span class='ocrx_word' id='word_1_315' title='bbox 589 2740 698 2795; x_wconf 88' lang='lat' dir='ltr'><strong>tur,</strong></span> <span class='ocrx_word' id='word_1_316' title='bbox 728 2730 855 2801; x_wconf 88' lang='lat' dir='ltr'><strong>quia</strong></span> <span class='ocrx_word' id='word_1_317' title='bbox 896 2731 1091 2787; x_wconf 88' lang='lat' dir='ltr'><strong>sedens</strong></span> <span class='ocrx_word' id='word_1_318' title='bbox 1117 2730 1257 2785; x_wconf 90' lang='lat' dir='ltr'><strong>male</strong></span> <span class='ocrx_word' id='word_1_319' title='bbox 1306 2739 1605 2785; x_wconf 90' lang='lat' dir='ltr'><strong>corruerat.</strong></span> <span class='ocrx_word' id='word_1_320' title='bbox 1655 2727 1766 2784; x_wconf 89' lang='lat' dir='ltr'><strong>Nec</strong></span> <span class='ocrx_word' id='word_1_321' title='bbox 1804 2728 1989 2798; x_wconf 89' lang='lat' dir='ltr'><strong>utique</strong></span> <span class='ocrx_word' id='word_1_322' title='bbox 2035 2736 2182 2782; x_wconf 90' lang='lat' dir='ltr'><strong>stare</strong></span> 
     </span>
    </p>
   </div>
   <div class='ocr_carea' id='block_1_45' title="bbox 595 2816 2177 2892">
    <p class='ocr_par' dir='ltr' id='par_1_45' title="bbox 595 2816 2177 2892">
     <span class='ocr_line' id='line_1_45' title="bbox 595 2816 2177 2892; baseline -0.003 -17"><span class='ocrx_word' id='word_1_323' title='bbox 595 2822 877 2892; x_wconf 83' lang='lat' dir='ltr'><strong>quiverat,</strong></span> <span class='ocrx_word' id='word_1_324' title='bbox 907 2821 1149 2890; x_wconf 87' lang='lat' dir='ltr'><strong>pondere</strong></span> <span class='ocrx_word' id='word_1_325' title='bbox 1193 2837 1375 2891; x_wconf 69' lang='lat' dir='ltr'><strong>pravae</strong></span> <span class='ocrx_word' id='word_1_326' title='bbox 1410 2819 1724 2890; x_wconf 90' lang='lat' dir='ltr'><strong>cupiditatis</strong></span> <span class='ocrx_word' id='word_1_327' title='bbox 1768 2832 2008 2887; x_wconf 79' lang='lat' dir='ltr'><strong>pressus.</strong></span> <span class='ocrx_word' id='word_1_328' title='bbox 2039 2816 2177 2872; x_wconf 83' lang='lat' dir='ltr'><strong>Sur-</strong></span> 
     </span>
    </p>
   </div>
   <div class='ocr_carea' id='block_1_46' title="bbox 595 2906 2180 2979">
    <p class='ocr_par' dir='ltr' id='par_1_46' title="bbox 595 2906 2180 2979">
     <span class='ocr_line' id='line_1_46' title="bbox 595 2906 2180 2979; baseline -0.003 -14"><span class='ocrx_word' id='word_1_329' title='bbox 595 2910 770 2974; x_wconf 77' lang='lat' dir='ltr'><strong>rexit,</strong></span> <span class='ocrx_word' id='word_1_330' title='bbox 804 2925 906 2964; x_wconf 89' lang='lat' dir='ltr'><strong>nec</strong></span> <span class='ocrx_word' id='word_1_331' title='bbox 943 2911 1124 2965; x_wconf 92' lang='lat' dir='ltr'><strong>minus</strong></span> <span class='ocrx_word' id='word_1_332' title='bbox 1173 2910 1277 2965; x_wconf 92' lang='lat' dir='ltr'><strong>ﬁde</strong></span> <span class='ocrx_word' id='word_1_333' title='bbox 1326 2924 1486 2979; x_wconf 88' lang='lat' dir='ltr'><strong>quam</strong></span> <span class='ocrx_word' id='word_1_334' title='bbox 1536 2924 1787 2979; x_wconf 90' lang='lat' dir='ltr'><strong>corpore.</strong></span> <span class='ocrx_word' id='word_1_335' title='bbox 1838 2906 2008 2963; x_wconf 89' lang='lat' dir='ltr'><strong>Totus</strong></span> <span class='ocrx_word' id='word_1_336' title='bbox 2051 2921 2180 2978; x_wconf 88' lang='lat' dir='ltr'><strong>ergo</strong></span> 
     </span>
    </p>
   </div>
   <div class='ocr_carea' id='block_1_47' title="bbox 595 2999 2178 3069">
    <p class='ocr_par' dir='ltr' id='par_1_47' title="bbox 595 2999 2178 3069">
     <span class='ocr_line' id='line_1_47' title="bbox 595 2999 2178 3069; baseline -0.003 -13"><span class='ocrx_word' id='word_1_337' title='bbox 595 3000 866 3065; x_wconf 68' lang='lat' dir='ltr'><strong>surrexit,</strong></span> <span class='ocrx_word' id='word_1_338' title='bbox 903 3000 1029 3069; x_wconf 93' lang='lat' dir='ltr'><strong>quia</strong></span> <span class='ocrx_word' id='word_1_339' title='bbox 1081 3008 1225 3055; x_wconf 91' lang='lat' dir='ltr'><strong>totus</strong></span> <span class='ocrx_word' id='word_1_340' title='bbox 1253 2999 1552 3065; x_wconf 85' lang='lat' dir='ltr'><strong>ceciderat;</strong></span> <span class='ocrx_word' id='word_1_341' title='bbox 1596 3008 1652 3054; x_wconf 90' lang='lat' dir='ltr'><strong>et</strong></span> <span class='ocrx_word' id='word_1_342' title='bbox 1683 3008 1900 3054; x_wconf 90' lang='lat' dir='ltr'><strong>secutus</strong></span> <span class='ocrx_word' id='word_1_343' title='bbox 1932 3007 2016 3055; x_wconf 86' lang='lat' dir='ltr'><strong>est</strong></span> <span class='ocrx_word' id='word_1_344' title='bbox 2055 3012 2178 3052; x_wconf 92' lang='lat' dir='ltr'><strong>eum</strong></span> 
     </span>
    </p>
   </div>
   <div class='ocr_carea' id='block_1_48' title="bbox 598 3086 2173 3160">
    <p class='ocr_par' dir='ltr' id='par_1_48' title="bbox 598 3086 2173 3160">
     <span class='ocr_line' id='line_1_48' title="bbox 598 3086 2173 3160; baseline 0.001 -17"><span class='ocrx_word' id='word_1_345' title='bbox 598 3088 872 3155; x_wconf 88' lang='lat' dir='ltr'><strong>moribus,</strong></span> <span class='ocrx_word' id='word_1_346' title='bbox 899 3089 1142 3144; x_wconf 87' lang='lat' dir='ltr'><strong>doctrina</strong></span> <span class='ocrx_word' id='word_1_347' title='bbox 1189 3086 1347 3154; x_wconf 89' lang='lat' dir='ltr'><strong>ﬁdei,</strong></span> <span class='ocrx_word' id='word_1_348' title='bbox 1379 3089 1625 3160; x_wconf 83' lang='lat' dir='ltr'><strong>exemplo</strong></span> <span class='ocrx_word' id='word_1_349' title='bbox 1655 3088 2028 3159; x_wconf 87' lang='lat' dir='ltr'><strong>discipulatus.</strong></span> <span class='ocrx_word' id='word_1_350' title='bbox 2056 3088 2173 3144; x_wconf 87' lang='lat' dir='ltr'><strong>Non</strong></span> 
     </span>
    </p>
   </div>
   <div class='ocr_carea' id='block_1_49' title="bbox 596 3181 2175 3251">
    <p class='ocr_par' dir='ltr' id='par_1_49' title="bbox 596 3181 2175 3251">
     <span class='ocr_line' id='line_1_49' title="bbox 596 3181 2175 3251; baseline 0 -15"><span class='ocrx_word' id='word_1_351' title='bbox 596 3189 655 3236; x_wconf 93' lang='lat' dir='ltr'><strong>ut</strong></span> <span class='ocrx_word' id='word_1_352' title='bbox 676 3181 1030 3251; x_wconf 90' lang='lat' dir='ltr'><strong>quorumdam</strong></span> <span class='ocrx_word' id='word_1_353' title='bbox 1068 3181 1276 3236; x_wconf 88' lang='lat' dir='ltr'><strong>insania</strong></span> <span class='ocrx_word' id='word_1_354' title='bbox 1323 3189 1510 3236; x_wconf 87' lang='lat' dir='ltr'><strong>contra</strong></span> <span class='ocrx_word' id='word_1_355' title='bbox 1556 3197 1656 3237; x_wconf 90' lang='lat' dir='ltr'><strong>nos</strong></span> <span class='ocrx_word' id='word_1_356' title='bbox 1687 3181 1884 3236; x_wconf 82' lang='lat' dir='ltr'><strong>latrare</strong></span> <span class='ocrx_word' id='word_1_357' title='bbox 1925 3195 2056 3236; x_wconf 89' lang='lat' dir='ltr'><strong>ausa</strong></span> <span class='ocrx_word' id='word_1_358' title='bbox 2087 3195 2175 3237; x_wconf 82' lang='lat' dir='ltr'><strong>ca-</strong></span> 
     </span>
    </p>
   </div>
   <div class='ocr_carea' id='block_1_50' title="bbox 594 3269 2177 3343">
    <p class='ocr_par' dir='ltr' id='par_1_50' title="bbox 594 3269 2177 3343">
     <span class='ocr_line' id='line_1_50' title="bbox 594 3269 2177 3343; baseline 0.003 -20"><span class='ocrx_word' id='word_1_359' title='bbox 594 3270 907 3334; x_wconf 88' lang='lat' dir='ltr'><strong>lumniatur,</strong></span> <span class='ocrx_word' id='word_1_360' title='bbox 934 3269 1205 3341; x_wconf 90' lang='lat' dir='ltr'><strong>apostolos</strong></span> <span class='ocrx_word' id='word_1_361' title='bbox 1232 3270 1407 3327; x_wconf 89' lang='lat' dir='ltr'><strong>fatuos</strong></span> <span class='ocrx_word' id='word_1_362' title='bbox 1450 3286 1545 3326; x_wconf 88' lang='lat' dir='ltr'><strong>seu</strong></span> <span class='ocrx_word' id='word_1_363' title='bbox 1576 3272 1769 3327; x_wconf 90' lang='lat' dir='ltr'><strong>stultos</strong></span> <span class='ocrx_word' id='word_1_364' title='bbox 1801 3271 2002 3339; x_wconf 86' lang='lat' dir='ltr'><strong>fuisse,</strong></span> <span class='ocrx_word' id='word_1_365' title='bbox 2033 3271 2177 3343; x_wconf 88' lang='lat' dir='ltr'><strong>quod</strong></span> 
     </span>
    </p>
   </div>
   <div class='ocr_carea' id='block_1_51' title="bbox 596 3360 2176 3435">
    <p class='ocr_par' dir='ltr' id='par_1_51' title="bbox 596 3360 2176 3435">
     <span class='ocr_line' id='line_1_51' title="bbox 596 3360 2176 3435; baseline 0.003 -19"><span class='ocrx_word' id='word_1_366' title='bbox 596 3370 704 3416; x_wconf 89' lang='lat' dir='ltr'><strong>tam</strong></span> <span class='ocrx_word' id='word_1_367' title='bbox 732 3360 909 3416; x_wconf 89' lang='lat' dir='ltr'><strong>subito</strong></span> <span class='ocrx_word' id='word_1_368' title='bbox 939 3360 1115 3417; x_wconf 90' lang='lat' dir='ltr'><strong>adhuc</strong></span> <span class='ocrx_word' id='word_1_369' title='bbox 1141 3362 1295 3418; x_wconf 89' lang='lat' dir='ltr'><strong>inscii</strong></span> <span class='ocrx_word' id='word_1_370' title='bbox 1343 3364 1513 3419; x_wconf 89' lang='lat' dir='ltr'><strong>secuti</strong></span> <span class='ocrx_word' id='word_1_371' title='bbox 1553 3364 1662 3418; x_wconf 92' lang='lat' dir='ltr'><strong>sint</strong></span> <span class='ocrx_word' id='word_1_372' title='bbox 1702 3379 1825 3419; x_wconf 91' lang='lat' dir='ltr'><strong>eum</strong></span> <span class='ocrx_word' id='word_1_373' title='bbox 1856 3379 2016 3435; x_wconf 87' lang='lat' dir='ltr'><strong>quem</strong></span> <span class='ocrx_word' id='word_1_374' title='bbox 2047 3380 2176 3420; x_wconf 85' lang='lat' dir='ltr'><strong>nec-</strong></span> 
     </span>
    </p>
   </div>
   <div class='ocr_carea' id='block_1_52' title="bbox 592 3449 2178 3524">
    <p class='ocr_par' dir='ltr' id='par_1_52' title="bbox 592 3449 2178 3524">
     <span class='ocr_line' id='line_1_52' title="bbox 592 3449 2178 3524; baseline 0.003 -20"><span class='ocrx_word' id='word_1_375' title='bbox 592 3449 718 3505; x_wconf 87' lang='lat' dir='ltr'><strong>dum</strong></span> <span class='ocrx_word' id='word_1_376' title='bbox 750 3452 1128 3521; x_wconf 87' lang='lat' dir='ltr'><strong>probaverant.</strong></span> <span class='ocrx_word' id='word_1_377' title='bbox 1181 3451 1495 3509; x_wconf 84' lang='lat' dir='ltr'><strong>Nescientes</strong></span> <span class='ocrx_word' id='word_1_378' title='bbox 1538 3453 1757 3520; x_wconf 84' lang='lat' dir='ltr'><strong>miseri,</strong></span> <span class='ocrx_word' id='word_1_379' title='bbox 1805 3455 1951 3524; x_wconf 87' lang='lat' dir='ltr'><strong>quod</strong></span> <span class='ocrx_word' id='word_1_380' title='bbox 1986 3468 2053 3508; x_wconf 84' lang='lat' dir='ltr'><strong>ex</strong></span> <span class='ocrx_word' id='word_1_381' title='bbox 2084 3470 2178 3508; x_wconf 89' lang='lat' dir='ltr'><strong>au-</strong></span> 
     </span>
    </p>
   </div>
   <div class='ocr_carea' id='block_1_53' title="bbox 595 3541 2179 3613">
    <p class='ocr_par' dir='ltr' id='par_1_53' title="bbox 595 3541 2179 3613">
     <span class='ocr_line' id='line_1_53' title="bbox 595 3541 2179 3613; baseline 0.002 -17"><span class='ocrx_word' id='word_1_382' title='bbox 595 3541 848 3597; x_wconf 89' lang='lat' dir='ltr'><strong>ctoritate</strong></span> <span class='ocrx_word' id='word_1_383' title='bbox 879 3542 962 3597; x_wconf 91' lang='lat' dir='ltr'><strong>vel</strong></span> <span class='ocrx_word' id='word_1_384' title='bbox 988 3542 1272 3613; x_wconf 87' lang='lat' dir='ltr'><strong>majestate</strong></span> <span class='ocrx_word' id='word_1_385' title='bbox 1295 3542 1537 3613; x_wconf 74' lang='lat' dir='ltr'><strong>iubentis</strong></span> <span class='ocrx_word' id='word_1_386' title='bbox 1571 3544 1783 3613; x_wconf 88' lang='lat' dir='ltr'><strong>potius,</strong></span> <span class='ocrx_word' id='word_1_387' title='bbox 1817 3558 1977 3613; x_wconf 87' lang='lat' dir='ltr'><strong>quam</strong></span> <span class='ocrx_word' id='word_1_388' title='bbox 2009 3559 2075 3599; x_wconf 78' lang='lat' dir='ltr'><strong>ex</strong></span> <span class='ocrx_word' id='word_1_389' title='bbox 2101 3542 2179 3599; x_wconf 66' lang='lat' dir='ltr'><strong>le»</strong></span> 
     </span>
    </p>
   </div>
   <div class='ocr_carea' id='block_1_54' title="bbox 592 3632 2179 3704">
    <p class='ocr_par' dir='ltr' id='par_1_54' title="bbox 592 3632 2179 3704">
     <span class='ocr_line' id='line_1_54' title="bbox 592 3632 2179 3704; baseline 0.001 -17"><span class='ocrx_word' id='word_1_390' title='bbox 592 3633 761 3688; x_wconf 86' lang='lat' dir='ltr'><strong>vitate</strong></span> <span class='ocrx_word' id='word_1_391' title='bbox 790 3633 911 3689; x_wconf 62' lang='lat' dir='ltr'><strong>haec</strong></span> <span class='ocrx_word' id='word_1_392' title='bbox 934 3632 1135 3688; x_wconf 78' lang='lat' dir='ltr'><strong>fecere.</strong></span> <span class='ocrx_word' id='word_1_393' title='bbox 1167 3634 1223 3690; x_wconf 89' lang='lat' dir='ltr'><strong>Si</strong></span> <span class='ocrx_word' id='word_1_394' title='bbox 1252 3635 1397 3689; x_wconf 91' lang='lat' dir='ltr'><strong>enim</strong></span> <span class='ocrx_word' id='word_1_395' title='bbox 1422 3633 1475 3688; x_wconf 92' lang='lat' dir='ltr'><strong>in</strong></span> <span class='ocrx_word' id='word_1_396' title='bbox 1501 3633 1738 3689; x_wconf 91' lang='lat' dir='ltr'><strong>succinis</strong></span> <span class='ocrx_word' id='word_1_397' title='bbox 1758 3674 1773 3699; x_wconf 96' lang='lat'><strong>,</strong></span> <span class='ocrx_word' id='word_1_398' title='bbox 1807 3641 1903 3687; x_wconf 92' lang='lat' dir='ltr'><strong>aut</strong></span> <span class='ocrx_word' id='word_1_399' title='bbox 1928 3642 2179 3704; x_wconf 75' lang='lat' dir='ltr'><strong>magaete</strong></span> 
     </span>
    </p>
   </div>
   <div class='ocr_carea' id='block_1_55' title="bbox 589 3724 2177 3796">
    <p class='ocr_par' dir='ltr' id='par_1_55' title="bbox 589 3724 2177 3796">
     <span class='ocr_line' id='line_1_55' title="bbox 589 3724 2177 3796; baseline 0.001 -17"><span class='ocrx_word' id='word_1_400' title='bbox 589 3724 767 3796; x_wconf 86' lang='lat' dir='ltr'><strong>lapide</strong></span> <span class='ocrx_word' id='word_1_401' title='bbox 797 3733 949 3780; x_wconf 90' lang='lat' dir='ltr'><strong>tanta</strong></span> <span class='ocrx_word' id='word_1_402' title='bbox 978 3725 1060 3781; x_wconf 89' lang='lat' dir='ltr'><strong>vis</strong></span> <span class='ocrx_word' id='word_1_403' title='bbox 1094 3725 1275 3781; x_wconf 89' lang='lat' dir='ltr'><strong>inesse</strong></span> <span class='ocrx_word' id='word_1_404' title='bbox 1309 3725 1530 3791; x_wconf 90' lang='lat' dir='ltr'><strong>dicitur,</strong></span> <span class='ocrx_word' id='word_1_405' title='bbox 1552 3734 1613 3781; x_wconf 91' lang='lat' dir='ltr'><strong>ut</strong></span> <span class='ocrx_word' id='word_1_406' title='bbox 1639 3728 1831 3781; x_wconf 87' lang='lat' dir='ltr'><strong>saltem</strong></span> <span class='ocrx_word' id='word_1_407' title='bbox 1863 3725 2000 3780; x_wconf 88' lang='lat' dir='ltr'><strong>levia</strong></span> <span class='ocrx_word' id='word_1_408' title='bbox 2027 3740 2177 3795; x_wconf 71' lang='lat' dir='ltr'><strong>qua:-</strong></span> 
     </span>
    </p>
   </div>
   <div class='ocr_carea' id='block_1_56' title="bbox 592 3815 2178 3889">
    <p class='ocr_par' dir='ltr' id='par_1_56' title="bbox 592 3815 2178 3889">
     <span class='ocr_line' id='line_1_56' title="bbox 592 3815 2178 3889; baseline -0.001 -17"><span class='ocrx_word' id='word_1_409' title='bbox 592 3819 727 3875; x_wconf 90' lang='lat' dir='ltr'><strong>libet</strong></span> <span class='ocrx_word' id='word_1_410' title='bbox 770 3818 1137 3889; x_wconf 88' lang='lat' dir='ltr'><strong>contraposita</strong></span> <span class='ocrx_word' id='word_1_411' title='bbox 1175 3818 1242 3872; x_wconf 90' lang='lat' dir='ltr'><strong>ad</strong></span> <span class='ocrx_word' id='word_1_412' title='bbox 1271 3832 1329 3872; x_wconf 90' lang='lat' dir='ltr'><strong>se</strong></span> <span class='ocrx_word' id='word_1_413' title='bbox 1375 3817 1625 3884; x_wconf 90' lang='lat' dir='ltr'><strong>trahant,</strong></span> <span class='ocrx_word' id='word_1_414' title='bbox 1658 3825 1861 3887; x_wconf 91' lang='lat' dir='ltr'><strong>quanto</strong></span> <span class='ocrx_word' id='word_1_415' title='bbox 1890 3817 2062 3887; x_wconf 86' lang='lat' dir='ltr'><strong>magis</strong></span> <span class='ocrx_word' id='word_1_416' title='bbox 2095 3815 2178 3871; x_wconf 88' lang='lat' dir='ltr'><strong>vis</strong></span> 
     </span>
    </p>
   </div>
   <div class='ocr_carea' id='block_1_57' title="bbox 589 3906 2177 3979">
    <p class='ocr_par' dir='ltr' id='par_1_57' title="bbox 589 3906 2177 3979">
     <span class='ocr_line' id='line_1_57' title="bbox 589 3906 2177 3979; baseline -0.002 -16"><span class='ocrx_word' id='word_1_417' title='bbox 589 3919 643 3963; x_wconf 88' lang='lat' dir='ltr'><strong>et</strong></span> <span class='ocrx_word' id='word_1_418' title='bbox 667 3910 840 3965; x_wconf 89' lang='lat' dir='ltr'><strong>virtus</strong></span> <span class='ocrx_word' id='word_1_419' title='bbox 866 3909 1063 3963; x_wconf 70' lang='lat' dir='ltr'><strong>divina:</strong></span> <span class='ocrx_word' id='word_1_420' title='bbox 1090 3909 1394 3979; x_wconf 70' lang='lat' dir='ltr'><strong>maiestatis</strong></span> <span class='ocrx_word' id='word_1_421' title='bbox 1422 3909 1651 3964; x_wconf 88' lang='lat' dir='ltr'><strong>interius</strong></span> <span class='ocrx_word' id='word_1_422' title='bbox 1678 3923 1773 3963; x_wconf 92' lang='lat' dir='ltr'><strong>eos</strong></span> <span class='ocrx_word' id='word_1_423' title='bbox 1796 3906 2098 3972; x_wconf 82' lang='lat' dir='ltr'><strong>afﬁciebat,</strong></span> <span class='ocrx_word' id='word_1_424' title='bbox 2122 3914 2177 3962; x_wconf 93' lang='lat' dir='ltr'><strong>et</strong></span> 
     </span>
    </p>
   </div>
   <div class='ocr_carea' id='block_1_58' title="bbox 590 4000 2178 4071">
    <p class='ocr_par' dir='ltr' id='par_1_58' title="bbox 590 4000 2178 4071">
     <span class='ocr_line' id='line_1_58' title="bbox 590 4000 2178 4071; baseline -0.001 -14"><span class='ocrx_word' id='word_1_425' title='bbox 590 4018 702 4057; x_wconf 82' lang='lat' dir='ltr'><strong>suae</strong></span> <span class='ocrx_word' id='word_1_426' title='bbox 737 4001 1043 4058; x_wconf 90' lang='lat' dir='ltr'><strong>dilectionis</strong></span> <span class='ocrx_word' id='word_1_427' title='bbox 1072 4001 1304 4056; x_wconf 84' lang='lat' dir='ltr'><strong>&#39;ﬂamma</strong></span> <span class='ocrx_word' id='word_1_428' title='bbox 1349 4016 1379 4055; x_wconf 89' lang='lat' dir='ltr'><strong>a</strong></span> <span class='ocrx_word' id='word_1_429' title='bbox 1409 4010 1631 4071; x_wconf 85' lang='lat' dir='ltr'><strong>torpore</strong></span> <span class='ocrx_word' id='word_1_430' title='bbox 1669 4001 1911 4055; x_wconf 90' lang='lat' dir='ltr'><strong>solvebat</strong></span> <span class='ocrx_word' id='word_1_431' title='bbox 1941 4000 2178 4055; x_wconf 85' lang='lat' dir='ltr'><strong>inﬁdeli-</strong></span> 
     </span>
    </p>
   </div>
   <div class='ocr_carea' id='block_1_59' title="bbox 594 4089 2179 4163">
    <p class='ocr_par' dir='ltr' id='par_1_59' title="bbox 594 4089 2179 4163">
     <span class='ocr_line' id='line_1_59' title="bbox 594 4089 2179 4163; baseline 0 -17"><span class='ocrx_word' id='word_1_432' title='bbox 594 4092 760 4147; x_wconf 81' lang='lat' dir='ltr'><strong>tatis?</strong></span> <span class='ocrx_word' id='word_1_433' title='bbox 790 4090 903 4147; x_wconf 82' lang='lat' dir='ltr'><strong>Nec</strong></span> <span class='ocrx_word' id='word_1_434' title='bbox 947 4099 1162 4163; x_wconf 86' lang='lat' dir='ltr'><strong>poterat</strong></span> <span class='ocrx_word' id='word_1_435' title='bbox 1189 4093 1386 4147; x_wconf 89' lang='lat' dir='ltr'><strong>durare</strong></span> <span class='ocrx_word' id='word_1_436' title='bbox 1428 4089 1600 4160; x_wconf 88' lang='lat' dir='ltr'><strong>frigus</strong></span> <span class='ocrx_word' id='word_1_437' title='bbox 1628 4089 1950 4156; x_wconf 89' lang='lat' dir='ltr'><strong>dubietatis,</strong></span> <span class='ocrx_word' id='word_1_438' title='bbox 1981 4106 2011 4144; x_wconf 92' lang='lat' dir='ltr'><strong>a</strong></span> <span class='ocrx_word' id='word_1_439' title='bbox 2042 4089 2179 4146; x_wconf 87' lang='lat' dir='ltr'><strong>facie</strong></span> 
     </span>
    </p>
   </div>
   <div class='ocr_carea' id='block_1_60' title="bbox 590 4179 2179 4253">
    <p class='ocr_par' dir='ltr' id='par_1_60' title="bbox 590 4179 2179 4253">
     <span class='ocr_line' id='line_1_60' title="bbox 590 4179 2179 4253; baseline -0.003 -13"><span class='ocrx_word' id='word_1_440' title='bbox 590 4183 789 4240; x_wconf 89' lang='lat' dir='ltr'><strong>caloris</strong></span> <span class='ocrx_word' id='word_1_441' title='bbox 823 4199 929 4253; x_wconf 92' lang='lat' dir='ltr'><strong>quo</strong></span> <span class='ocrx_word' id='word_1_442' title='bbox 958 4184 1104 4240; x_wconf 89' lang='lat' dir='ltr'><strong>intus</strong></span> <span class='ocrx_word' id='word_1_443' title='bbox 1144 4184 1435 4248; x_wconf 88' lang='lat' dir='ltr'><strong>urebatur;</strong></span> <span class='ocrx_word' id='word_1_444' title='bbox 1479 4183 1575 4238; x_wconf 90' lang='lat' dir='ltr'><strong>sed</strong></span> <span class='ocrx_word' id='word_1_445' title='bbox 1602 4180 1892 4252; x_wconf 85' lang='lat' dir='ltr'><strong>liquefacta</strong></span> <span class='ocrx_word' id='word_1_446' title='bbox 1919 4197 2073 4238; x_wconf 91' lang='lat' dir='ltr'><strong>mens</strong></span> <span class='ocrx_word' id='word_1_447' title='bbox 2099 4179 2179 4237; x_wconf 86' lang='lat' dir='ltr'><strong>af-</strong></span> 
     </span>
    </p>
   </div>
   <div class='ocr_carea' id='block_1_61' title="bbox 593 4271 2180 4345">
    <p class='ocr_par' dir='ltr' id='par_1_61' title="bbox 593 4271 2180 4345">
     <span class='ocr_line' id='line_1_61' title="bbox 593 4271 2180 4345; baseline -0.001 -16"><span class='ocrx_word' id='word_1_448' title='bbox 593 4275 733 4330; x_wconf 90' lang='lat' dir='ltr'><strong>fectu</strong></span> <span class='ocrx_word' id='word_1_449' title='bbox 765 4275 1077 4343; x_wconf 88' lang='lat' dir='ltr'><strong>charitatis,</strong></span> <span class='ocrx_word' id='word_1_450' title='bbox 1130 4275 1385 4331; x_wconf 89' lang='lat' dir='ltr'><strong>currebat</strong></span> <span class='ocrx_word' id='word_1_451' title='bbox 1416 4290 1539 4330; x_wconf 80' lang='lat' dir='ltr'><strong>mox</strong></span> <span class='ocrx_word' id='word_1_452' title='bbox 1588 4283 1713 4345; x_wconf 91' lang='lat' dir='ltr'><strong>post</strong></span> <span class='ocrx_word' id='word_1_453' title='bbox 1755 4271 1960 4330; x_wconf 83' lang='lat' dir='ltr'><strong>fontem</strong></span> <span class='ocrx_word' id='word_1_454' title='bbox 1981 4314 1996 4341; x_wconf 97' lang='lat'><strong>,</strong></span> <span class='ocrx_word' id='word_1_455' title='bbox 2024 4271 2180 4342; x_wconf 82' lang='lat' dir='ltr'><strong>cujus</strong></span> 
     </span>
    </p>
   </div>
   <div class='ocr_carea' id='block_1_62' title="bbox 593 4365 2177 4440">
    <p class='ocr_par' dir='ltr' id='par_1_62' title="bbox 593 4365 2177 4440">
     <span class='ocr_line' id='line_1_62' title="bbox 593 4365 2177 4440; baseline -0.002 -15"><span class='ocrx_word' id='word_1_456' title='bbox 593 4377 710 4425; x_wconf 88' lang='lat' dir='ltr'><strong>erat</strong></span> <span class='ocrx_word' id='word_1_457' title='bbox 740 4368 1021 4425; x_wconf 86' lang='lat' dir='ltr'><strong>dulcedine</strong></span> <span class='ocrx_word' id='word_1_458' title='bbox 1051 4384 1335 4440; x_wconf 88' lang='lat' dir='ltr'><strong>respersa;</strong></span> <span class='ocrx_word' id='word_1_459' title='bbox 1365 4367 1612 4423; x_wconf 88' lang='lat' dir='ltr'><strong>nesciens</strong></span> <span class='ocrx_word' id='word_1_460' title='bbox 1649 4366 1899 4423; x_wconf 88' lang='lat' dir='ltr'><strong>dubitare</strong></span> <span class='ocrx_word' id='word_1_461' title='bbox 1943 4367 2009 4422; x_wconf 89' lang='lat' dir='ltr'><strong>de</strong></span> <span class='ocrx_word' id='word_1_462' title='bbox 2053 4365 2177 4432; x_wconf 76' lang='lat' dir='ltr'><strong>illo,</strong></span> 
     </span>
    </p>
   </div>
   <div class='ocr_carea' id='block_1_63' title="bbox 593 4457 2176 4532">
    <p class='ocr_par' dir='ltr' id='par_1_63' title="bbox 593 4457 2176 4532">
     <span class='ocr_line' id='line_1_63' title="bbox 593 4457 2176 4532; baseline -0.001 -19"><span class='ocrx_word' id='word_1_463' title='bbox 593 4458 746 4529; x_wconf 84' lang='lat' dir='ltr'><strong>cujus</strong></span> <span class='ocrx_word' id='word_1_464' title='bbox 766 4457 880 4529; x_wconf 81' lang='lat' dir='ltr'><strong>jam</strong></span> <span class='ocrx_word' id='word_1_465' title='bbox 914 4458 1107 4530; x_wconf 84' lang='lat' dir='ltr'><strong>spiritu</strong></span> <span class='ocrx_word' id='word_1_466' title='bbox 1136 4457 1301 4532; x_wconf 65' lang='grc'><strong>434</strong></span> <span class='ocrx_word' id='word_1_467' title='bbox 1335 4458 1561 4513; x_wconf 89' lang='lat' dir='ltr'><strong>interius</strong></span> <span class='ocrx_word' id='word_1_468' title='bbox 1600 4459 1875 4530; x_wconf 88' lang='lat' dir='ltr'><strong>agebatur.</strong></span> <span class='ocrx_word' id='word_1_469' title='bbox 1905 4457 2176 4514; x_wconf 86' lang='lat' dir='ltr'><strong>Currebat</strong></span> 
     </span>
    </p>
   </div>
   <div class='ocr_carea' id='block_1_64' title="bbox 597 4523 2256 4620">
    <p class='ocr_par' dir='ltr' id='par_1_64' title="bbox 597 4523 2256 4620">
     <span class='ocr_line' id='line_1_64' title="bbox 597 4523 2256 4620; baseline -0.002 -15"><span class='ocrx_word' id='word_1_470' title='bbox 597 4523 783 4607; x_wconf 75' lang='lat' dir='ltr'><strong>autem</strong></span> <span class='ocrx_word' id='word_1_471' title='bbox 795 4523 971 4615; x_wconf 70' lang='lat' dir='ltr'><strong>mens,</strong></span> <span class='ocrx_word' id='word_1_472' title='bbox 995 4523 1479 4615; x_wconf 64' lang='lat' dir='ltr'><strong>sedtraﬁebantur,</strong></span> <span class='ocrx_word' id='word_1_473' title='bbox 1508 4551 1576 4605; x_wconf 88' lang='lat' dir='ltr'><strong>de</strong></span> <span class='ocrx_word' id='word_1_474' title='bbox 1596 4523 1703 4619; x_wconf 76' lang='lat' dir='ltr'><strong>quo</strong></span> <span class='ocrx_word' id='word_1_475' title='bbox 1730 4564 1925 4620; x_wconf 88' lang='lat' dir='ltr'><strong>sponsa</strong></span> <span class='ocrx_word' id='word_1_476' title='bbox 1956 4550 2007 4604; x_wconf 91' lang='lat' dir='ltr'><strong>in</strong></span> <span class='ocrx_word' id='word_1_477' title='bbox 2034 4548 2177 4603; x_wconf 88' lang='lat' dir='ltr'><strong>Can-</strong></span> <span class='ocrx_word' id='word_1_478' title='bbox 2201 4523 2256 4584; x_wconf 80' lang='grc' dir='ltr'><strong>Ῑ)</strong></span> 
     </span>
    </p>
   </div>
   <div class='ocr_carea' id='block_1_65' title="bbox 599 4640 2174 4712">
    <p class='ocr_par' dir='ltr' id='par_1_65' title="bbox 599 4640 2174 4712">
     <span class='ocr_line' id='line_1_65' title="bbox 599 4640 2174 4712; baseline -0.001 -15"><span class='ocrx_word' id='word_1_479' title='bbox 599 4643 750 4706; x_wconf 86' lang='lat' dir='ltr'><strong>ticis,</strong></span> <span class='ocrx_word' id='word_1_480' title='bbox 782 4640 953 4697; x_wconf 77' lang='lat' dir='ltr'><strong>Trahe</strong></span> <span class='ocrx_word' id='word_1_481' title='bbox 987 4660 1068 4697; x_wconf 85' lang='lat' dir='ltr'><strong>me</strong></span> <span class='ocrx_word' id='word_1_482' title='bbox 1091 4653 1203 4712; x_wconf 87' lang='lat' dir='ltr'><strong>post</strong></span> <span class='ocrx_word' id='word_1_483' title='bbox 1236 4653 1285 4697; x_wconf 87' lang='lat' dir='ltr'><strong>te</strong></span> <span class='ocrx_word' id='word_1_484' title='bbox 1304 4684 1319 4709; x_wconf 91' lang='lat'><strong>,</strong></span> <span class='ocrx_word' id='word_1_485' title='bbox 1357 4659 1627 4697; x_wconf 70' lang='lat' dir='ltr'><strong>curramus</strong></span> <span class='ocrx_word' id='word_1_486' title='bbox 1651 4644 1705 4697; x_wconf 86' lang='lat' dir='ltr'><strong>in</strong></span> <span class='ocrx_word' id='word_1_487' title='bbox 1748 4643 1904 4697; x_wconf 82' lang='lat' dir='ltr'><strong>odore</strong></span> <span class='ocrx_word' id='word_1_488' title='bbox 1935 4657 2174 4712; x_wconf 78' lang='lat' dir='ltr'><strong>unguen-</strong></span> 
     </span>
    </p>
   </div>
   <div class='ocr_carea' id='block_1_66' title="bbox 591 4731 2172 4805">
    <p class='ocr_par' dir='ltr' id='par_1_66' title="bbox 591 4731 2172 4805">
     <span class='ocr_line' id='line_1_66' title="bbox 591 4731 2172 4805; baseline 0 -17"><span class='ocrx_word' id='word_1_489' title='bbox 591 4744 768 4788; x_wconf 84' lang='lat' dir='ltr'><strong>torum</strong></span> <span class='ocrx_word' id='word_1_490' title='bbox 798 4742 1008 4787; x_wconf 80' lang='lat' dir='ltr'><strong>tuorum</strong></span> <span class='ocrx_word' id='word_1_491' title='bbox 1053 4731 1229 4804; x_wconf 84' lang='lat' dir='ltr'><strong>(Cant.</strong></span> <span class='ocrx_word' id='word_1_492' title='bbox 1264 4751 1314 4798; x_wconf 80' lang='grc' dir='ltr'>ι,</span> <span class='ocrx_word' id='word_1_493' title='bbox 1362 4734 1453 4805; x_wconf 75' lang='grc'><strong>4);</strong></span> <span class='ocrx_word' id='word_1_494' title='bbox 1502 4749 1567 4789; x_wconf 86' lang='lat' dir='ltr'><strong>ac</strong></span> <span class='ocrx_word' id='word_1_495' title='bbox 1612 4734 1658 4789; x_wconf 88' lang='lat' dir='ltr'><strong>si</strong></span> <span class='ocrx_word' id='word_1_496' title='bbox 1704 4742 1953 4804; x_wconf 87' lang='lat' dir='ltr'><strong>patenter</strong></span> <span class='ocrx_word' id='word_1_497' title='bbox 1994 4734 2172 4799; x_wconf 90' lang='lat' dir='ltr'><strong>dicat,</strong></span> 
     </span>
    </p>
   </div>
   <div class='ocr_carea' id='block_1_67' title="bbox 599 4824 2175 4897">
    <p class='ocr_par' dir='ltr' id='par_1_67' title="bbox 599 4824 2175 4897">
     <span class='ocr_line' id='line_1_67' title="bbox 599 4824 2175 4897; baseline -0.002 -15"><span class='ocrx_word' id='word_1_498' title='bbox 599 4827 753 4883; x_wconf 89' lang='lat' dir='ltr'><strong>trabe</strong></span> <span class='ocrx_word' id='word_1_499' title='bbox 800 4826 949 4897; x_wconf 89' lang='lat' dir='ltr'><strong>prius</strong></span> <span class='ocrx_word' id='word_1_500' title='bbox 990 4841 1075 4882; x_wconf 89' lang='lat' dir='ltr'><strong>me</strong></span> <span class='ocrx_word' id='word_1_501' title='bbox 1121 4834 1179 4881; x_wconf 91' lang='lat' dir='ltr'><strong>ut</strong></span> <span class='ocrx_word' id='word_1_502' title='bbox 1223 4842 1545 4897; x_wconf 72' lang='lat' dir='ltr'><strong>essurgam,</strong></span> <span class='ocrx_word' id='word_1_503' title='bbox 1588 4825 1758 4881; x_wconf 90' lang='lat' dir='ltr'><strong>donec</strong></span> <span class='ocrx_word' id='word_1_504' title='bbox 1785 4824 1977 4881; x_wconf 88' lang='lat' dir='ltr'><strong>debilis</strong></span> <span class='ocrx_word' id='word_1_505' title='bbox 2006 4833 2061 4879; x_wconf 91' lang='lat' dir='ltr'><strong>et</strong></span> <span class='ocrx_word' id='word_1_506' title='bbox 2088 4825 2175 4879; x_wconf 54' lang='lat' dir='ltr'><strong>ius</strong></span> 
     </span>
    </p>
   </div>
   <div class='ocr_carea' id='block_1_68' title="bbox 599 4915 2177 4987">
    <p class='ocr_par' dir='ltr' id='par_1_68' title="bbox 599 4915 2177 4987">
     <span class='ocr_line' id='line_1_68' title="bbox 599 4915 2177 4987; baseline -0.002 -14"><span class='ocrx_word' id='word_1_507' title='bbox 599 4917 753 4973; x_wconf 89' lang='lat' dir='ltr'><strong>ﬁrma</strong></span> <span class='ocrx_word' id='word_1_508' title='bbox 779 4917 984 4981; x_wconf 90' lang='lat' dir='ltr'><strong>videor,</strong></span> <span class='ocrx_word' id='word_1_509' title='bbox 1017 4917 1188 4971; x_wconf 89' lang='lat' dir='ltr'><strong>donec</strong></span> <span class='ocrx_word' id='word_1_510' title='bbox 1214 4917 1562 4987; x_wconf 69' lang='lat' dir='ltr'><strong>aegrotatione</strong></span> <span class='ocrx_word' id='word_1_511' title='bbox 1590 4923 1865 4986; x_wconf 85' lang='lat' dir='ltr'><strong>torpesco;</strong></span> <span class='ocrx_word' id='word_1_512' title='bbox 1909 4915 2063 4970; x_wconf 90' lang='lat' dir='ltr'><strong>trabe</strong></span> <span class='ocrx_word' id='word_1_513' title='bbox 2087 4929 2177 4970; x_wconf 91' lang='lat' dir='ltr'><strong>me</strong></span> 
     </span>
    </p>
   </div>
   <div class='ocr_carea' id='block_1_69' title="bbox 596 5006 2177 5083">
    <p class='ocr_par' dir='ltr' id='par_1_69' title="bbox 596 5006 2177 5083">
     <span class='ocr_line' id='line_1_69' title="bbox 596 5006 2177 5083; baseline -0.004 -17"><span class='ocrx_word' id='word_1_514' title='bbox 596 5020 717 5083; x_wconf 83' lang='lat' dir='ltr'><strong>post</strong></span> <span class='ocrx_word' id='word_1_515' title='bbox 744 5018 810 5073; x_wconf 90' lang='lat' dir='ltr'><strong>te,</strong></span> <span class='ocrx_word' id='word_1_516' title='bbox 852 5016 913 5063; x_wconf 93' lang='lat' dir='ltr'><strong>ut</strong></span> <span class='ocrx_word' id='word_1_517' title='bbox 932 5007 1324 5063; x_wconf 87' lang='lat' dir='ltr'><strong>convalescam.</strong></span> <span class='ocrx_word' id='word_1_518' title='bbox 1351 5006 1545 5063; x_wconf 83' lang='lat' dir='ltr'><strong>Postea</strong></span> <span class='ocrx_word' id='word_1_519' title='bbox 1570 5022 1699 5062; x_wconf 89' lang='lat' dir='ltr'><strong>vero</strong></span> <span class='ocrx_word' id='word_1_520' title='bbox 1728 5021 2009 5062; x_wconf 90' lang='lat' dir='ltr'><strong>curremus</strong></span> <span class='ocrx_word' id='word_1_521' title='bbox 2029 5046 2043 5071; x_wconf 92' lang='lat'><strong>,</strong></span> <span class='ocrx_word' id='word_1_522' title='bbox 2075 5019 2177 5060; x_wconf 85' lang='lat' dir='ltr'><strong>nec</strong></span> 
     </span>
    </p>
   </div>
   <div class='ocr_carea' id='block_1_70' title="bbox 598 5096 2174 5169">
    <p class='ocr_par' dir='ltr' id='par_1_70' title="bbox 598 5096 2174 5169">
     <span class='ocr_line' id='line_1_70' title="bbox 598 5096 2174 5169; baseline -0.005 -13"><span class='ocrx_word' id='word_1_523' title='bbox 598 5102 716 5157; x_wconf 88' lang='lat' dir='ltr'><strong>sine</strong></span> <span class='ocrx_word' id='word_1_524' title='bbox 744 5098 1087 5169; x_wconf 73' lang='lat' dir='ltr'><strong>adiumento,</strong></span> <span class='ocrx_word' id='word_1_525' title='bbox 1119 5097 1214 5151; x_wconf 87' lang='lat' dir='ltr'><strong>sed</strong></span> <span class='ocrx_word' id='word_1_526' title='bbox 1238 5096 1292 5150; x_wconf 87' lang='lat' dir='ltr'><strong>in</strong></span> <span class='ocrx_word' id='word_1_527' title='bbox 1320 5096 1487 5151; x_wconf 91' lang='lat' dir='ltr'><strong>odore</strong></span> <span class='ocrx_word' id='word_1_528' title='bbox 1510 5105 1906 5166; x_wconf 87' lang='lat' dir='ltr'><strong>unguentorum</strong></span> <span class='ocrx_word' id='word_1_529' title='bbox 1938 5104 2174 5149; x_wconf 90' lang='lat' dir='ltr'><strong>tuorum.</strong></span> 
     </span>
    </p>
   </div>
   <div class='ocr_carea' id='block_1_71' title="bbox 599 5186 2179 5261">
    <p class='ocr_par' dir='ltr' id='par_1_71' title="bbox 599 5186 2179 5261">
     <span class='ocr_line' id='line_1_71' title="bbox 599 5186 2179 5261; baseline -0.006 -13"><span class='ocrx_word' id='word_1_530' title='bbox 599 5192 807 5261; x_wconf 71' lang='lat' dir='ltr'><strong>Quibus</strong></span> <span class='ocrx_word' id='word_1_531' title='bbox 861 5189 1093 5247; x_wconf 86' lang='lat' dir='ltr'><strong>recreati</strong></span> <span class='ocrx_word' id='word_1_532' title='bbox 1147 5188 1516 5245; x_wconf 88' lang='lat' dir='ltr'><strong>odoramentis</strong></span> <span class='ocrx_word' id='word_1_533' title='bbox 1578 5186 1836 5242; x_wconf 88' lang='lat' dir='ltr'><strong>indefessi</strong></span> <span class='ocrx_word' id='word_1_534' title='bbox 1887 5194 2010 5256; x_wconf 84' lang='lat' dir='ltr'><strong>post</strong></span> <span class='ocrx_word' id='word_1_535' title='bbox 2053 5196 2179 5239; x_wconf 87' lang='lat' dir='ltr'><strong>eum</strong></span> 
     </span>
    </p>
   </div>
   <div class='ocr_carea' id='block_1_72' title="bbox 601 5275 2180 5355">
    <p class='ocr_par' dir='ltr' id='par_1_72' title="bbox 601 5275 2180 5355">
     <span class='ocr_line' id='line_1_72' title="bbox 601 5275 2180 5355; baseline -0.005 -17"><span class='ocrx_word' id='word_1_536' title='bbox 601 5283 771 5339; x_wconf 85' lang='lat' dir='ltr'><strong>ibant.</strong></span> <span class='ocrx_word' id='word_1_537' title='bbox 792 5282 1113 5355; x_wconf 16' lang='lat' dir='ltr'><strong>‘Tetigerant</strong></span> <span class='ocrx_word' id='word_1_538' title='bbox 1146 5280 1322 5346; x_wconf 91' lang='lat' dir='ltr'><strong>enim,</strong></span> <span class='ocrx_word' id='word_1_539' title='bbox 1347 5293 1417 5334; x_wconf 92' lang='lat' dir='ltr'><strong>ne</strong></span> <span class='ocrx_word' id='word_1_540' title='bbox 1439 5277 1659 5334; x_wconf 91' lang='lat' dir='ltr'><strong>dubium</strong></span> <span class='ocrx_word' id='word_1_541' title='bbox 1700 5276 1832 5346; x_wconf 90' lang='lat' dir='ltr'><strong>quin</strong></span> <span class='ocrx_word' id='word_1_542' title='bbox 1861 5276 1963 5330; x_wconf 91' lang='lat' dir='ltr'><strong>ista</strong></span> <span class='ocrx_word' id='word_1_543' title='bbox 2007 5275 2180 5330; x_wconf 84' lang='lat' dir='ltr'><strong>virtu-</strong></span> 
     </span>
    </p>
   </div>
   <div class='ocr_carea' id='block_1_73' title="bbox 601 5367 2182 5441">
    <p class='ocr_par' dir='ltr' id='par_1_73' title="bbox 601 5367 2182 5441">
     <span class='ocr_line' id='line_1_73' title="bbox 601 5367 2182 5441; baseline -0.003 -12"><span class='ocrx_word' id='word_1_544' title='bbox 601 5382 716 5430; x_wconf 87' lang='lat' dir='ltr'><strong>tum</strong></span> <span class='ocrx_word' id='word_1_545' title='bbox 746 5384 1021 5441; x_wconf 88' lang='lat' dir='ltr'><strong>aromata,</strong></span> <span class='ocrx_word' id='word_1_546' title='bbox 1050 5387 1211 5430; x_wconf 86' lang='lat' dir='ltr'><strong>nares</strong></span> <span class='ocrx_word' id='word_1_547' title='bbox 1251 5387 1471 5436; x_wconf 88' lang='lat' dir='ltr'><strong>eorum,</strong></span> <span class='ocrx_word' id='word_1_548' title='bbox 1523 5370 1647 5427; x_wconf 89' lang='lat' dir='ltr'><strong>dum</strong></span> <span class='ocrx_word' id='word_1_549' title='bbox 1698 5377 1825 5424; x_wconf 91' lang='lat' dir='ltr'><strong>ante</strong></span> <span class='ocrx_word' id='word_1_550' title='bbox 1878 5367 1997 5424; x_wconf 89' lang='lat' dir='ltr'><strong>illos</strong></span> <span class='ocrx_word' id='word_1_551' title='bbox 2046 5368 2182 5425; x_wconf 90' lang='lat' dir='ltr'><strong>odor</strong></span> 
     </span>
    </p>
   </div>
   <div class='ocr_carea' id='block_1_74' title="bbox 599 5464 2182 5543">
    <p class='ocr_par' dir='ltr' id='par_1_74' title="bbox 599 5464 2182 5543">
     <span class='ocr_line' id='line_1_74' title="bbox 599 5464 2182 5543; baseline -0.001 -20"><span class='ocrx_word' id='word_1_552' title='bbox 599 5468 725 5523; x_wconf 65' lang='lat' dir='ltr'><strong>vita</strong></span> <span class='ocrx_word' id='word_1_553' title='bbox 750 5470 1028 5526; x_wconf 86' lang='lat' dir='ltr'><strong>transiret.</strong></span> <span class='ocrx_word' id='word_1_554' title='bbox 1058 5470 1127 5526; x_wconf 85' lang='lat' dir='ltr'><strong>Et</strong></span> <span class='ocrx_word' id='word_1_555' title='bbox 1170 5470 1292 5525; x_wconf 89' lang='lat' dir='ltr'><strong>ideo</strong></span> <span class='ocrx_word' id='word_1_556' title='bbox 1318 5469 1519 5537; x_wconf 89' lang='lat' dir='ltr'><strong>absque</strong></span> <span class='ocrx_word' id='word_1_557' title='bbox 1554 5466 1663 5521; x_wconf 91' lang='lat' dir='ltr'><strong>ulla</strong></span> <span class='ocrx_word' id='word_1_558' title='bbox 1690 5464 1890 5543; x_wconf 89' lang='lat' dir='ltr'><strong>mentis</strong></span> <span class='ocrx_word' id='word_1_559' title='bbox 1917 5474 2182 5522; x_wconf 81' lang='lat' dir='ltr'><strong>retracta-</strong></span> 
     </span>
    </p>
   </div>
   <div class='ocr_carea' id='block_1_75' title="bbox 601 5556 2181 5629">
    <p class='ocr_par' dir='ltr' id='par_1_75' title="bbox 601 5556 2181 5629">
     <span class='ocr_line' id='line_1_75' title="bbox 601 5556 2181 5629; baseline -0.003 -14"><span class='ocrx_word' id='word_1_560' title='bbox 601 5558 781 5626; x_wconf 90' lang='lat' dir='ltr'><strong>tione,</strong></span> <span class='ocrx_word' id='word_1_561' title='bbox 808 5560 1011 5618; x_wconf 83' lang='lat' dir='ltr'><strong>relictis</strong></span> <span class='ocrx_word' id='word_1_562' title='bbox 1052 5561 1335 5625; x_wconf 88' lang='lat' dir='ltr'><strong>omnibus,</strong></span> <span class='ocrx_word' id='word_1_563' title='bbox 1363 5574 1429 5615; x_wconf 89' lang='lat' dir='ltr'><strong>ea</strong></span> <span class='ocrx_word' id='word_1_564' title='bbox 1458 5573 1578 5629; x_wconf 65' lang='lat' dir='ltr'><strong>quae</strong></span> <span class='ocrx_word' id='word_1_565' title='bbox 1624 5558 1948 5613; x_wconf 87' lang='lat' dir='ltr'><strong>intrinsecus</strong></span> <span class='ocrx_word' id='word_1_566' title='bbox 1972 5556 2181 5629; x_wconf 50' lang='lat' dir='ltr'><strong>fragm;</strong></span> 
     </span>
    </p>
   </div>
   <div class='ocr_carea' id='block_1_76' title="bbox 605 5648 2177 5722">
    <p class='ocr_par' dir='ltr' id='par_1_76' title="bbox 605 5648 2177 5722">
     <span class='ocr_line' id='line_1_76' title="bbox 605 5648 2177 5722; baseline 0.001 -17"><span class='ocrx_word' id='word_1_567' title='bbox 605 5651 735 5705; x_wconf 88' lang='lat' dir='ltr'><strong>bant</strong></span> <span class='ocrx_word' id='word_1_568' title='bbox 775 5650 928 5707; x_wconf 89' lang='lat' dir='ltr'><strong>ocius</strong></span> <span class='ocrx_word' id='word_1_569' title='bbox 975 5654 1359 5722; x_wconf 89' lang='lat' dir='ltr'><strong>sequebantur.</strong></span> <span class='ocrx_word' id='word_1_570' title='bbox 1394 5650 1511 5705; x_wconf 90' lang='lat' dir='ltr'><strong>lmo</strong></span> <span class='ocrx_word' id='word_1_571' title='bbox 1558 5649 1809 5705; x_wconf 89' lang='lat' dir='ltr'><strong>trahebat</strong></span> <span class='ocrx_word' id='word_1_572' title='bbox 1842 5665 1938 5705; x_wconf 89' lang='lat' dir='ltr'><strong>eos</strong></span> <span class='ocrx_word' id='word_1_573' title='bbox 1983 5651 2065 5706; x_wconf 88' lang='lat' dir='ltr'><strong>vis</strong></span> <span class='ocrx_word' id='word_1_574' title='bbox 2100 5648 2177 5706; x_wconf 85' lang='lat' dir='ltr'><strong>di-</strong></span> 
     </span>
    </p>
   </div>
   <div class='ocr_carea' id='block_1_77' title="bbox 603 5742 2213 5822">
    <p class='ocr_par' dir='ltr' id='par_1_77' title="bbox 603 5742 2213 5822">
     <span class='ocr_line' id='line_1_77' title="bbox 603 5742 2213 5822; baseline 0.002 -23"><span class='ocrx_word' id='word_1_575' title='bbox 603 5743 751 5818; x_wconf 79' lang='lat' dir='ltr'><strong>vina,</strong></span> <span class='ocrx_word' id='word_1_576' title='bbox 773 5744 1003 5806; x_wconf 75' lang='lat' dir='ltr'><strong>uncinos</strong></span> <span class='ocrx_word' id='word_1_577' title='bbox 1022 5758 1306 5822; x_wconf 82' lang='lat' dir='ltr'><strong>pomorum</strong></span> <span class='ocrx_word' id='word_1_578' title='bbox 1330 5742 1556 5811; x_wconf 74' lang='lat' dir='ltr'><strong>scilicet,</strong></span> <span class='ocrx_word' id='word_1_579' title='bbox 1580 5753 1740 5816; x_wconf 87' lang='lat' dir='ltr'><strong>quem</strong></span> <span class='ocrx_word' id='word_1_580' title='bbox 1761 5743 2023 5815; x_wconf 79' lang='lat' dir='ltr'><strong>propheta</strong></span> <span class='ocrx_word' id='word_1_581' title='bbox 2047 5760 2179 5802; x_wconf 80' lang='lat' dir='ltr'><strong>con-</strong></span> <span class='ocrx_word' id='word_1_582' title='bbox 2206 5812 2213 5819; x_wconf 31' lang='lat'><strong><em>.</em></strong></span> 
     </span>
    </p>
   </div>
   <div class='ocr_carea' id='block_1_78' title="bbox 2279 1907 3871 1982">
    <p class='ocr_par' dir='ltr' id='par_1_78' title="bbox 2279 1907 3871 1982">
     <span class='ocr_line' id='line_1_78' title="bbox 2279 1907 3871 1982; baseline -0.003 -17"><span class='ocrx_word' id='word_1_583' title='bbox 2279 1910 2547 1982; x_wconf 80' lang='lat' dir='ltr'><strong>publicani</strong></span> <span class='ocrx_word' id='word_1_584' title='bbox 2574 1921 2619 1963; x_wconf 88' lang='lat' dir='ltr'><strong>et</strong></span> <span class='ocrx_word' id='word_1_585' title='bbox 2662 1920 2957 1979; x_wconf 85' lang='lat' dir='ltr'><strong>peccatores</strong></span> <span class='ocrx_word' id='word_1_586' title='bbox 2999 1909 3289 1975; x_wconf 79' lang='lat' dir='ltr'><strong>venientes,</strong></span> <span class='ocrx_word' id='word_1_587' title='bbox 3338 1907 3737 1962; x_wconf 81' lang='lat' dir='ltr'><strong>discumbebant</strong></span> <span class='ocrx_word' id='word_1_588' title='bbox 3760 1922 3871 1961; x_wconf 81' lang='lat' dir='ltr'><strong>ctus</strong></span> 
     </span>
    </p>
   </div>
   <div class='ocr_carea' id='block_1_79' title="bbox 2280 1992 3866 2069">
    <p class='ocr_par' dir='ltr' id='par_1_79' title="bbox 2280 1992 3866 2069">
     <span class='ocr_line' id='line_1_79' title="bbox 2280 1992 3866 2069; baseline -0.006 -11"><span class='ocrx_word' id='word_1_589' title='bbox 2280 2002 2428 2058; x_wconf 77' lang='lat' dir='ltr'><strong>Jesu.</strong></span> <span class='ocrx_word' id='word_1_590' title='bbox 2455 2000 2565 2056; x_wconf 86' lang='lat' dir='ltr'><strong>Nec</strong></span> <span class='ocrx_word' id='word_1_591' title='bbox 2594 1998 2814 2055; x_wconf 91' lang='lat' dir='ltr'><strong>dubium</strong></span> <span class='ocrx_word' id='word_1_592' title='bbox 2842 1997 2972 2069; x_wconf 91' lang='lat' dir='ltr'><strong>quin</strong></span> <span class='ocrx_word' id='word_1_593' title='bbox 2993 2007 3055 2053; x_wconf 92' lang='lat' dir='ltr'><strong>ut</strong></span> <span class='ocrx_word' id='word_1_594' title='bbox 3076 1996 3250 2054; x_wconf 84' lang='lat' dir='ltr'><strong>Lucas</strong></span> <span class='ocrx_word' id='word_1_595' title='bbox 3272 1996 3471 2051; x_wconf 85' lang='lat' dir='ltr'><strong>astruit</strong></span> <span class='ocrx_word' id='word_1_596' title='bbox 3493 1994 3649 2065; x_wconf 87' lang='lat' dir='ltr'><strong>(Luc.</strong></span> <span class='ocrx_word' id='word_1_597' title='bbox 3679 2010 3737 2061; x_wconf 92' lang='lat' dir='ltr'><strong>v,</strong></span> <span class='ocrx_word' id='word_1_598' title='bbox 3759 1992 3866 2067; x_wconf 74' lang='lat'><strong>29),</strong></span> 
     </span>
    </p>
   </div>
   <div class='ocr_carea' id='block_1_80' title="bbox 2281 2080 3871 2161">
    <p class='ocr_par' dir='ltr' id='par_1_80' title="bbox 2281 2080 3871 2161">
     <span class='ocr_line' id='line_1_80' title="bbox 2281 2080 3871 2161; baseline -0.004 -14"><span class='ocrx_word' id='word_1_599' title='bbox 2281 2102 2335 2147; x_wconf 91' lang='lat' dir='ltr'><strong>et</strong></span> <span class='ocrx_word' id='word_1_600' title='bbox 2361 2092 2571 2147; x_wconf 84' lang='lat' dir='ltr'><strong>Marcus</strong></span> <span class='ocrx_word' id='word_1_601' title='bbox 2617 2090 2671 2149; x_wconf 84' lang='lat' dir='ltr'><strong>in</strong></span> <span class='ocrx_word' id='word_1_602' title='bbox 2714 2080 2874 2146; x_wconf 84' lang='lat' dir='ltr'><strong>domo</strong></span> <span class='ocrx_word' id='word_1_603' title='bbox 2902 2090 3073 2161; x_wconf 89' lang='lat' dir='ltr'><strong>ipsius</strong></span> <span class='ocrx_word' id='word_1_604' title='bbox 3122 2088 3357 2144; x_wconf 70' lang='lat' dir='ltr'><strong>Matthaai</strong></span> <span class='ocrx_word' id='word_1_605' title='bbox 3404 2086 3601 2159; x_wconf 67' lang='lat' dir='ltr'><strong>(Marc.</strong></span> <span class='ocrx_word' id='word_1_606' title='bbox 3635 2102 3710 2146; x_wconf 83' lang='grc' dir='ltr'>ιι.</span> <span class='ocrx_word' id='word_1_607' title='bbox 3750 2084 3871 2158; x_wconf 80' lang='grc'><strong>15),</strong></span> 
     </span>
    </p>
   </div>
   <div class='ocr_carea' id='block_1_81' title="bbox 2282 2174 3871 2257">
    <p class='ocr_par' dir='ltr' id='par_1_81' title="bbox 2282 2174 3871 2257">
     <span class='ocr_line' id='line_1_81' title="bbox 2282 2174 3871 2257; baseline -0.006 -17"><span class='ocrx_word' id='word_1_608' title='bbox 2282 2186 2409 2257; x_wconf 89' lang='lat' dir='ltr'><strong>quia</strong></span> <span class='ocrx_word' id='word_1_609' title='bbox 2442 2193 2731 2255; x_wconf 85' lang='lat' dir='ltr'><strong>paraverat</strong></span> <span class='ocrx_word' id='word_1_610' title='bbox 2753 2182 2801 2239; x_wconf 89' lang='lat' dir='ltr'><strong>ei</strong></span> <span class='ocrx_word' id='word_1_611' title='bbox 2830 2182 2958 2238; x_wconf 86' lang='lat' dir='ltr'><strong>Levi</strong></span> <span class='ocrx_word' id='word_1_612' title='bbox 2990 2180 3300 2238; x_wconf 91' lang='lat' dir='ltr'><strong>convivium</strong></span> <span class='ocrx_word' id='word_1_613' title='bbox 3332 2180 3387 2234; x_wconf 93' lang='lat' dir='ltr'><strong>in</strong></span> <span class='ocrx_word' id='word_1_614' title='bbox 3419 2179 3581 2234; x_wconf 88' lang='lat' dir='ltr'><strong>domo</strong></span> <span class='ocrx_word' id='word_1_615' title='bbox 3612 2192 3732 2232; x_wconf 90' lang='lat' dir='ltr'><strong>sua.</strong></span> <span class='ocrx_word' id='word_1_616' title='bbox 3760 2174 3871 2231; x_wconf 76' lang='lat' dir='ltr'><strong>Ma-</strong></span> 
     </span>
    </p>
   </div>
   <div class='ocr_carea' id='block_1_82' title="bbox 2284 2264 3874 2346">
    <p class='ocr_par' dir='ltr' id='par_1_82' title="bbox 2284 2264 3874 2346">
     <span class='ocr_line' id='line_1_82' title="bbox 2284 2264 3874 2346; baseline -0.009 -14"><span class='ocrx_word' id='word_1_617' title='bbox 2284 2276 2480 2332; x_wconf 82' lang='lat' dir='ltr'><strong>nifeste</strong></span> <span class='ocrx_word' id='word_1_618' title='bbox 2508 2274 2787 2346; x_wconf 88' lang='lat' dir='ltr'><strong>complens</strong></span> <span class='ocrx_word' id='word_1_619' title='bbox 2832 2273 2962 2329; x_wconf 92' lang='lat' dir='ltr'><strong>illud</strong></span> <span class='ocrx_word' id='word_1_620' title='bbox 3006 2269 3246 2344; x_wconf 86' lang='lat' dir='ltr'><strong>Apostoli</strong></span> <span class='ocrx_word' id='word_1_621' title='bbox 3266 2310 3281 2335; x_wconf 93' lang='lat'><strong>,</strong></span> <span class='ocrx_word' id='word_1_622' title='bbox 3309 2267 3368 2323; x_wconf 88' lang='lat' dir='ltr'><strong>Si</strong></span> <span class='ocrx_word' id='word_1_623' title='bbox 3395 2267 3536 2322; x_wconf 82' lang='lat' dir='ltr'><strong>vobis</strong></span> <span class='ocrx_word' id='word_1_624' title='bbox 3575 2264 3874 2339; x_wconf 74' lang='lat' dir='ltr'><strong>spiritantia</strong></span> 
     </span>
    </p>
   </div>
   <div class='ocr_carea' id='block_1_83' title="bbox 2282 2358 3874 2436">
    <p class='ocr_par' dir='ltr' id='par_1_83' title="bbox 2282 2358 3874 2436">
     <span class='ocr_line' id='line_1_83' title="bbox 2282 2358 3874 2436; baseline -0.009 -13"><span class='ocrx_word' id='word_1_625' title='bbox 2282 2368 2683 2431; x_wconf 79' lang='lat' dir='ltr'><strong>seminavimus,</strong></span> <span class='ocrx_word' id='word_1_626' title='bbox 2733 2365 2951 2436; x_wconf 75' lang='lat' dir='ltr'><strong>dignum</strong></span> <span class='ocrx_word' id='word_1_627' title='bbox 2986 2372 3094 2427; x_wconf 87' lang='lat' dir='ltr'><strong>est,</strong></span> <span class='ocrx_word' id='word_1_628' title='bbox 3138 2370 3195 2416; x_wconf 89' lang='lat' dir='ltr'><strong>ut</strong></span> <span class='ocrx_word' id='word_1_629' title='bbox 3233 2369 3401 2416; x_wconf 86' lang='lat' dir='ltr'><strong>vestra</strong></span> <span class='ocrx_word' id='word_1_630' title='bbox 3427 2358 3665 2413; x_wconf 79' lang='lat' dir='ltr'><strong>carnalia</strong></span> <span class='ocrx_word' id='word_1_631' title='bbox 3709 2366 3874 2411; x_wconf 81' lang='lat' dir='ltr'><strong>meta-</strong></span> 
     </span>
    </p>
   </div>
   <div class='ocr_carea' id='block_1_84' title="bbox 2282 2445 3877 2529">
    <p class='ocr_par' dir='ltr' id='par_1_84' title="bbox 2282 2445 3877 2529">
     <span class='ocr_line' id='line_1_84' title="bbox 2282 2445 3877 2529; baseline -0.006 -16"><span class='ocrx_word' id='word_1_632' title='bbox 2282 2475 2397 2513; x_wconf 80' lang='lat' dir='ltr'><strong>mus</strong></span> <span class='ocrx_word' id='word_1_633' title='bbox 2425 2456 2475 2529; x_wconf 94' lang='grc'><strong>(1</strong></span> <span class='ocrx_word' id='word_1_634' title='bbox 2502 2455 2624 2512; x_wconf 83' lang='lat' dir='ltr'><strong>Cor.</strong></span> <span class='ocrx_word' id='word_1_635' title='bbox 2660 2473 2746 2523; x_wconf 73' lang='grc' dir='ltr'>ιχ,</span> <span class='ocrx_word' id='word_1_636' title='bbox 2778 2455 2889 2529; x_wconf 80' lang='lat' dir='ltr'><strong>ll).</strong></span> <span class='ocrx_word' id='word_1_637' title='bbox 2922 2452 3127 2510; x_wconf 68' lang='lat' dir='ltr'><strong>ﬂectus</strong></span> <span class='ocrx_word' id='word_1_638' title='bbox 3153 2452 3320 2524; x_wconf 89' lang='lat' dir='ltr'><strong>igitur</strong></span> <span class='ocrx_word' id='word_1_639' title='bbox 3343 2449 3512 2516; x_wconf 91' lang='lat' dir='ltr'><strong>ordo,</strong></span> <span class='ocrx_word' id='word_1_640' title='bbox 3539 2456 3599 2503; x_wconf 92' lang='lat' dir='ltr'><strong>ut</strong></span> <span class='ocrx_word' id='word_1_641' title='bbox 3633 2448 3792 2518; x_wconf 89' lang='lat' dir='ltr'><strong>prius</strong></span> <span class='ocrx_word' id='word_1_642' title='bbox 3823 2445 3877 2503; x_wconf 87' lang='lat' dir='ltr'><strong>ﬁ-</strong></span> 
     </span>
    </p>
   </div>
   <div class='ocr_carea' id='block_1_85' title="bbox 2282 2539 3874 2618">
    <p class='ocr_par' dir='ltr' id='par_1_85' title="bbox 2282 2539 3874 2618">
     <span class='ocr_line' id='line_1_85' title="bbox 2282 2539 3874 2618; baseline -0.006 -15"><span class='ocrx_word' id='word_1_643' title='bbox 2282 2550 2401 2604; x_wconf 87' lang='lat' dir='ltr'><strong>dem</strong></span> <span class='ocrx_word' id='word_1_644' title='bbox 2430 2549 2764 2618; x_wconf 79' lang='lat' dir='ltr'><strong>susciperet,</strong></span> <span class='ocrx_word' id='word_1_645' title='bbox 2791 2546 2987 2602; x_wconf 91' lang='lat' dir='ltr'><strong>deinde</strong></span> <span class='ocrx_word' id='word_1_646' title='bbox 3016 2543 3425 2599; x_wconf 89' lang='lat' dir='ltr'><strong>renuntiaturus</strong></span> <span class='ocrx_word' id='word_1_647' title='bbox 3448 2539 3731 2602; x_wconf 90' lang='lat' dir='ltr'><strong>omnibus,</strong></span> <span class='ocrx_word' id='word_1_648' title='bbox 3767 2553 3874 2594; x_wconf 87' lang='lat' dir='ltr'><strong>non</strong></span> 
     </span>
    </p>
   </div>
   <div class='ocr_carea' id='block_1_86' title="bbox 2282 2629 3875 2703">
    <p class='ocr_par' dir='ltr' id='par_1_86' title="bbox 2282 2629 3875 2703">
     <span class='ocr_line' id='line_1_86' title="bbox 2282 2629 3875 2703; baseline -0.006 -10"><span class='ocrx_word' id='word_1_649' title='bbox 2282 2636 2561 2693; x_wconf 72' lang='lat' dir='ltr'><strong>luxuriose</strong></span> <span class='ocrx_word' id='word_1_650' title='bbox 2602 2636 2935 2693; x_wconf 87' lang='lat' dir='ltr'><strong>distribuens</strong></span> <span class='ocrx_word' id='word_1_651' title='bbox 2953 2677 2969 2702; x_wconf 98' lang='lat'><strong>,</strong></span> <span class='ocrx_word' id='word_1_652' title='bbox 2999 2636 3092 2691; x_wconf 92' lang='lat' dir='ltr'><strong>sed</strong></span> <span class='ocrx_word' id='word_1_653' title='bbox 3120 2651 3188 2691; x_wconf 80' lang='lat' dir='ltr'><strong>ex</strong></span> <span class='ocrx_word' id='word_1_654' title='bbox 3216 2633 3329 2689; x_wconf 91' lang='lat' dir='ltr'><strong>suis</strong></span> <span class='ocrx_word' id='word_1_655' title='bbox 3355 2631 3661 2703; x_wconf 90' lang='lat' dir='ltr'><strong>sumptibus</strong></span> <span class='ocrx_word' id='word_1_656' title='bbox 3692 2629 3875 2702; x_wconf 82' lang='lat' dir='ltr'><strong>hospi-</strong></span> 
     </span>
    </p>
   </div>
   <div class='ocr_carea' id='block_1_87' title="bbox 2282 2722 3876 2797">
    <p class='ocr_par' dir='ltr' id='par_1_87' title="bbox 2282 2722 3876 2797">
     <span class='ocr_line' id='line_1_87' title="bbox 2282 2722 3876 2797; baseline -0.004 -13"><span class='ocrx_word' id='word_1_657' title='bbox 2282 2730 2506 2785; x_wconf 88' lang='lat' dir='ltr'><strong>talitatis</strong></span> <span class='ocrx_word' id='word_1_658' title='bbox 2526 2729 2833 2784; x_wconf 88' lang='lat' dir='ltr'><strong>convivium</strong></span> <span class='ocrx_word' id='word_1_659' title='bbox 2866 2727 3095 2783; x_wconf 90' lang='lat' dir='ltr'><strong>Domino</strong></span> <span class='ocrx_word' id='word_1_660' title='bbox 3124 2731 3473 2797; x_wconf 67' lang='lat' dir='ltr'><strong>praepararet.</strong></span> <span class='ocrx_word' id='word_1_661' title='bbox 3502 2722 3662 2777; x_wconf 88' lang='lat' dir='ltr'><strong>Prius</strong></span> <span class='ocrx_word' id='word_1_662' title='bbox 3694 2729 3876 2777; x_wconf 77' lang='lat' dir='ltr'><strong>tamen</strong></span> 
     </span>
    </p>
   </div>
   <div class='ocr_carea' id='block_1_88' title="bbox 2282 2809 3876 2890">
    <p class='ocr_par' dir='ltr' id='par_1_88' title="bbox 2282 2809 3876 2890">
     <span class='ocr_line' id='line_1_88' title="bbox 2282 2809 3876 2890; baseline -0.006 -15"><span class='ocrx_word' id='word_1_663' title='bbox 2282 2820 2411 2876; x_wconf 89' lang='lat' dir='ltr'><strong>illud</strong></span> <span class='ocrx_word' id='word_1_664' title='bbox 2438 2820 2683 2876; x_wconf 82' lang='lat' dir='ltr'><strong>exhibuit</strong></span> <span class='ocrx_word' id='word_1_665' title='bbox 2724 2820 2776 2875; x_wconf 91' lang='lat' dir='ltr'><strong>in</strong></span> <span class='ocrx_word' id='word_1_666' title='bbox 2820 2825 3074 2890; x_wconf 87' lang='lat' dir='ltr'><strong>pectore,</strong></span> <span class='ocrx_word' id='word_1_667' title='bbox 3117 2815 3272 2886; x_wconf 82' lang='lat' dir='ltr'><strong>juxta</strong></span> <span class='ocrx_word' id='word_1_668' title='bbox 3312 2813 3480 2879; x_wconf 84' lang='lat' dir='ltr'><strong>illud,</strong></span> <span class='ocrx_word' id='word_1_669' title='bbox 3514 2811 3650 2867; x_wconf 84' lang='lat' dir='ltr'><strong>Ecce</strong></span> <span class='ocrx_word' id='word_1_670' title='bbox 3693 2822 3779 2867; x_wconf 84' lang='lat' dir='ltr'><strong>sto</strong></span> <span class='ocrx_word' id='word_1_671' title='bbox 3815 2809 3876 2866; x_wconf 80' lang='lat' dir='ltr'><strong>ad</strong></span> 
     </span>
    </p>
   </div>
   <div class='ocr_carea' id='block_1_89' title="bbox 2280 2902 3875 2982">
    <p class='ocr_par' dir='ltr' id='par_1_89' title="bbox 2280 2902 3875 2982">
     <span class='ocr_line' id='line_1_89' title="bbox 2280 2902 3875 2982; baseline -0.006 -15"><span class='ocrx_word' id='word_1_672' title='bbox 2280 2912 2472 2969; x_wconf 84' lang='lat' dir='ltr'><strong>ostium</strong></span> <span class='ocrx_word' id='word_1_673' title='bbox 2494 2923 2540 2966; x_wconf 90' lang='lat' dir='ltr'><strong>et</strong></span> <span class='ocrx_word' id='word_1_674' title='bbox 2563 2911 2742 2982; x_wconf 71' lang='lat' dir='ltr'><strong>pulso,</strong></span> <span class='ocrx_word' id='word_1_675' title='bbox 2769 2912 2814 2966; x_wconf 89' lang='lat' dir='ltr'><strong>si</strong></span> <span class='ocrx_word' id='word_1_676' title='bbox 2833 2912 2947 2982; x_wconf 88' lang='lat' dir='ltr'><strong>quis</strong></span> <span class='ocrx_word' id='word_1_677' title='bbox 2975 2908 3236 2981; x_wconf 86' lang='lat' dir='ltr'><strong>aperuerit</strong></span> <span class='ocrx_word' id='word_1_678' title='bbox 3263 2908 3391 2961; x_wconf 80' lang='lat' dir='ltr'><strong>mihi</strong></span> <span class='ocrx_word' id='word_1_679' title='bbox 3403 2904 3631 2976; x_wconf 83' lang='lat' dir='ltr'><strong>januam</strong></span> <span class='ocrx_word' id='word_1_680' title='bbox 3660 2902 3875 2959; x_wconf 75' lang='lat' dir='ltr'><strong>intrabo</strong></span> 
     </span>
    </p>
   </div>
   <div class='ocr_carea' id='block_1_90' title="bbox 2280 2994 3876 3073">
    <p class='ocr_par' dir='ltr' id='par_1_90' title="bbox 2280 2994 3876 3073">
     <span class='ocr_line' id='line_1_90' title="bbox 2280 2994 3876 3073; baseline -0.004 -17"><span class='ocrx_word' id='word_1_681' title='bbox 2280 3002 2351 3056; x_wconf 78' lang='lat' dir='ltr'><strong>ad</strong></span> <span class='ocrx_word' id='word_1_682' title='bbox 2371 3020 2509 3067; x_wconf 89' lang='lat' dir='ltr'><strong>eum,</strong></span> <span class='ocrx_word' id='word_1_683' title='bbox 2534 3011 2581 3055; x_wconf 90' lang='lat' dir='ltr'><strong>et</strong></span> <span class='ocrx_word' id='word_1_684' title='bbox 2603 3002 2813 3056; x_wconf 72' lang='lat' dir='ltr'><strong>caenabo</strong></span> <span class='ocrx_word' id='word_1_685' title='bbox 2840 3017 2957 3055; x_wconf 90' lang='lat' dir='ltr'><strong>cum</strong></span> <span class='ocrx_word' id='word_1_686' title='bbox 2978 2999 3075 3054; x_wconf 85' lang='lat' dir='ltr'><strong>illo</strong></span> <span class='ocrx_word' id='word_1_687' title='bbox 3096 3040 3111 3065; x_wconf 92' lang='lat'><strong>,</strong></span> <span class='ocrx_word' id='word_1_688' title='bbox 3143 3008 3190 3053; x_wconf 92' lang='lat' dir='ltr'><strong>et</strong></span> <span class='ocrx_word' id='word_1_689' title='bbox 3218 2998 3326 3069; x_wconf 82' lang='lat' dir='ltr'><strong>ipse</strong></span> <span class='ocrx_word' id='word_1_690' title='bbox 3348 3013 3547 3051; x_wconf 87' lang='lat' dir='ltr'><strong>mecum</strong></span> <span class='ocrx_word' id='word_1_691' title='bbox 3575 2994 3763 3067; x_wconf 77' lang='lat' dir='ltr'><strong>(Apoc.</strong></span> <span class='ocrx_word' id='word_1_692' title='bbox 3799 3009 3876 3073; x_wconf 80' lang='lat' dir='ltr'><strong>tu,</strong></span> 
     </span>
    </p>
   </div>
   <div class='ocr_carea' id='block_1_91' title="bbox 2284 3089 3877 3163">
    <p class='ocr_par' dir='ltr' id='par_1_91' title="bbox 2284 3089 3877 3163">
     <span class='ocr_line' id='line_1_91' title="bbox 2284 3089 3877 3163; baseline -0.003 -18"><span class='ocrx_word' id='word_1_693' title='bbox 2284 3089 2397 3163; x_wconf 74' lang='lat'><strong>20).</strong></span> <span class='ocrx_word' id='word_1_694' title='bbox 2433 3091 2585 3161; x_wconf 90' lang='lat' dir='ltr'><strong>Quod</strong></span> <span class='ocrx_word' id='word_1_695' title='bbox 2635 3094 2816 3162; x_wconf 90' lang='lat' dir='ltr'><strong>itaque</strong></span> <span class='ocrx_word' id='word_1_696' title='bbox 2842 3090 3151 3148; x_wconf 87' lang='lat' dir='ltr'><strong>convivium</strong></span> <span class='ocrx_word' id='word_1_697' title='bbox 3182 3099 3312 3145; x_wconf 91' lang='lat' dir='ltr'><strong>tunc</strong></span> <span class='ocrx_word' id='word_1_698' title='bbox 3338 3089 3584 3160; x_wconf 89' lang='lat' dir='ltr'><strong>paravit,</strong></span> <span class='ocrx_word' id='word_1_699' title='bbox 3616 3101 3743 3142; x_wconf 92' lang='lat' dir='ltr'><strong>cum</strong></span> <span class='ocrx_word' id='word_1_700' title='bbox 3776 3100 3877 3157; x_wconf 85' lang='lat' dir='ltr'><strong>per</strong></span> 
     </span>
    </p>
   </div>
   <div class='ocr_carea' id='block_1_92' title="bbox 2287 3177 3872 3251">
    <p class='ocr_par' dir='ltr' id='par_1_92' title="bbox 2287 3177 3872 3251">
     <span class='ocr_line' id='line_1_92' title="bbox 2287 3177 3872 3251; baseline -0.004 -12"><span class='ocrx_word' id='word_1_701' title='bbox 2287 3184 2445 3239; x_wconf 89' lang='lat' dir='ltr'><strong>ﬁdem</strong></span> <span class='ocrx_word' id='word_1_702' title='bbox 2474 3197 2596 3238; x_wconf 91' lang='lat' dir='ltr'><strong>eum</strong></span> <span class='ocrx_word' id='word_1_703' title='bbox 2624 3182 2677 3237; x_wconf 90' lang='lat' dir='ltr'><strong>in</strong></span> <span class='ocrx_word' id='word_1_704' title='bbox 2707 3184 2889 3238; x_wconf 90' lang='lat' dir='ltr'><strong>animo</strong></span> <span class='ocrx_word' id='word_1_705' title='bbox 2905 3182 2972 3236; x_wconf 89' lang='lat' dir='ltr'><strong>ad</strong></span> <span class='ocrx_word' id='word_1_706' title='bbox 2988 3181 3329 3237; x_wconf 90' lang='lat' dir='ltr'><strong>dilectionem</strong></span> <span class='ocrx_word' id='word_1_707' title='bbox 3350 3179 3600 3251; x_wconf 90' lang='lat' dir='ltr'><strong>suscepit.</strong></span> <span class='ocrx_word' id='word_1_708' title='bbox 3627 3177 3745 3245; x_wconf 90' lang='lat' dir='ltr'><strong>Sic,</strong></span> <span class='ocrx_word' id='word_1_709' title='bbox 3774 3178 3872 3243; x_wconf 86' lang='lat' dir='ltr'><strong>sic,</strong></span> 
     </span>
    </p>
   </div>
   <div class='ocr_carea' id='block_1_93' title="bbox 2281 3271 3874 3348">
    <p class='ocr_par' dir='ltr' id='par_1_93' title="bbox 2281 3271 3874 3348">
     <span class='ocr_line' id='line_1_93' title="bbox 2281 3271 3874 3348; baseline -0.003 -14"><span class='ocrx_word' id='word_1_710' title='bbox 2281 3277 2586 3334; x_wconf 89' lang='lat' dir='ltr'><strong>convivium</strong></span> <span class='ocrx_word' id='word_1_711' title='bbox 2617 3278 2845 3348; x_wconf 88' lang='lat' dir='ltr'><strong>quisque</strong></span> <span class='ocrx_word' id='word_1_712' title='bbox 2870 3275 3099 3331; x_wconf 89' lang='lat' dir='ltr'><strong>Domino</strong></span> <span class='ocrx_word' id='word_1_713' title='bbox 3132 3284 3278 3330; x_wconf 91' lang='lat' dir='ltr'><strong>recte</strong></span> <span class='ocrx_word' id='word_1_714' title='bbox 3301 3271 3464 3346; x_wconf 60' lang='lat'><strong>5.35</strong></span> <span class='ocrx_word' id='word_1_715' title='bbox 3489 3280 3668 3343; x_wconf 88' lang='lat' dir='ltr'><strong>parat,</strong></span> <span class='ocrx_word' id='word_1_716' title='bbox 3685 3273 3874 3344; x_wconf 52' lang='lat' dir='ltr'><strong>quise</strong></span> 
     </span>
    </p>
   </div>
   <div class='ocr_carea' id='block_1_94' title="bbox 2278 3361 3874 3440">
    <p class='ocr_par' dir='ltr' id='par_1_94' title="bbox 2278 3361 3874 3440">
     <span class='ocr_line' id='line_1_94' title="bbox 2278 3361 3874 3440; baseline -0.003 -17"><span class='ocrx_word' id='word_1_717' title='bbox 2278 3369 2461 3440; x_wconf 89' lang='lat' dir='ltr'><strong>prius,</strong></span> <span class='ocrx_word' id='word_1_718' title='bbox 2519 3376 2631 3423; x_wconf 91' lang='lat' dir='ltr'><strong>tum</strong></span> <span class='ocrx_word' id='word_1_719' title='bbox 2682 3383 2813 3433; x_wconf 89' lang='lat' dir='ltr'><strong>sua,</strong></span> <span class='ocrx_word' id='word_1_720' title='bbox 2864 3367 3090 3423; x_wconf 90' lang='lat' dir='ltr'><strong>devotus</strong></span> <span class='ocrx_word' id='word_1_721' title='bbox 3138 3365 3417 3435; x_wconf 90' lang='lat' dir='ltr'><strong>impendit.</strong></span> <span class='ocrx_word' id='word_1_722' title='bbox 3482 3361 3664 3417; x_wconf 79' lang='lat' dir='ltr'><strong>Voluit</strong></span> <span class='ocrx_word' id='word_1_723' title='bbox 3719 3363 3874 3419; x_wconf 87' lang='lat' dir='ltr'><strong>enim</strong></span> 
     </span>
    </p>
   </div>
   <div class='ocr_carea' id='block_1_95' title="bbox 2279 3452 3879 3527">
    <p class='ocr_par' dir='ltr' id='par_1_95' title="bbox 2279 3452 3879 3527">
     <span class='ocr_line' id='line_1_95' title="bbox 2279 3452 3879 3527; baseline -0.004 -12"><span class='ocrx_word' id='word_1_724' title='bbox 2279 3459 2499 3515; x_wconf 85' lang='lat' dir='ltr'><strong>Christo</strong></span> <span class='ocrx_word' id='word_1_725' title='bbox 2530 3458 2700 3513; x_wconf 89' lang='lat' dir='ltr'><strong>vicem</strong></span> <span class='ocrx_word' id='word_1_726' title='bbox 2732 3457 3028 3527; x_wconf 87' lang='lat' dir='ltr'><strong>rependere</strong></span> <span class='ocrx_word' id='word_1_727' title='bbox 3051 3496 3066 3521; x_wconf 91' lang='lat'><strong>,</strong></span> <span class='ocrx_word' id='word_1_728' title='bbox 3094 3462 3149 3510; x_wconf 89' lang='lat' dir='ltr'><strong>et</strong></span> <span class='ocrx_word' id='word_1_729' title='bbox 3177 3454 3301 3509; x_wconf 91' lang='lat' dir='ltr'><strong>ideo</strong></span> <span class='ocrx_word' id='word_1_730' title='bbox 3329 3468 3453 3508; x_wconf 82' lang='lat' dir='ltr'><strong>mox</strong></span> <span class='ocrx_word' id='word_1_731' title='bbox 3481 3452 3529 3508; x_wconf 89' lang='lat' dir='ltr'><strong>el</strong></span> <span class='ocrx_word' id='word_1_732' title='bbox 3558 3452 3879 3508; x_wconf 85' lang='lat' dir='ltr'><strong>convivium</strong></span> 
     </span>
    </p>
   </div>
   <div class='ocr_carea' id='block_1_96' title="bbox 2282 3542 3880 3620">
    <p class='ocr_par' dir='ltr' id='par_1_96' title="bbox 2282 3542 3880 3620">
     <span class='ocr_line' id='line_1_96' title="bbox 2282 3542 3880 3620; baseline -0.004 -13"><span class='ocrx_word' id='word_1_733' title='bbox 2282 3552 2336 3607; x_wconf 92' lang='lat' dir='ltr'><strong>in</strong></span> <span class='ocrx_word' id='word_1_734' title='bbox 2365 3553 2525 3608; x_wconf 92' lang='lat' dir='ltr'><strong>domo</strong></span> <span class='ocrx_word' id='word_1_735' title='bbox 2553 3563 2648 3606; x_wconf 84' lang='lat' dir='ltr'><strong>sua</strong></span> <span class='ocrx_word' id='word_1_736' title='bbox 2681 3556 2869 3620; x_wconf 87' lang='lat' dir='ltr'><strong>parat,</strong></span> <span class='ocrx_word' id='word_1_737' title='bbox 2897 3557 2959 3603; x_wconf 92' lang='lat' dir='ltr'><strong>ut</strong></span> <span class='ocrx_word' id='word_1_738' title='bbox 2988 3562 3018 3602; x_wconf 91' lang='lat' dir='ltr'><strong>a</strong></span> <span class='ocrx_word' id='word_1_739' title='bbox 3046 3562 3154 3617; x_wconf 87' lang='lat' dir='ltr'><strong>quo</strong></span> <span class='ocrx_word' id='word_1_740' title='bbox 3177 3545 3289 3617; x_wconf 85' lang='lat' dir='ltr'><strong>jam</strong></span> <span class='ocrx_word' id='word_1_741' title='bbox 3328 3542 3590 3616; x_wconf 90' lang='lat' dir='ltr'><strong>perennia</strong></span> <span class='ocrx_word' id='word_1_742' title='bbox 3618 3546 3880 3615; x_wconf 76' lang='lat' dir='ltr'><strong>sperabat</strong></span> 
     </span>
    </p>
   </div>
   <div class='ocr_carea' id='block_1_97' title="bbox 2280 3633 3878 3710">
    <p class='ocr_par' dir='ltr' id='par_1_97' title="bbox 2280 3633 3878 3710">
     <span class='ocr_line' id='line_1_97' title="bbox 2280 3633 3878 3710; baseline -0.005 -12"><span class='ocrx_word' id='word_1_743' title='bbox 2280 3643 2453 3707; x_wconf 86' lang='lat' dir='ltr'><strong>bona,</strong></span> <span class='ocrx_word' id='word_1_744' title='bbox 2484 3643 2535 3697; x_wconf 90' lang='lat' dir='ltr'><strong>ei</strong></span> <span class='ocrx_word' id='word_1_745' title='bbox 2579 3653 2679 3695; x_wconf 72' lang='lat' dir='ltr'><strong>sua</strong></span> <span class='ocrx_word' id='word_1_746' title='bbox 2727 3639 3017 3710; x_wconf 83' lang='lat' dir='ltr'><strong>largiretur</strong></span> <span class='ocrx_word' id='word_1_747' title='bbox 3055 3635 3394 3708; x_wconf 89' lang='lat' dir='ltr'><strong>temporalia.</strong></span> <span class='ocrx_word' id='word_1_748' title='bbox 3444 3633 3715 3690; x_wconf 67' lang='lat' dir='ltr'><strong>Caeterum</strong></span> <span class='ocrx_word' id='word_1_749' title='bbox 3767 3634 3878 3690; x_wconf 85' lang='lat' dir='ltr'><strong>Do-</strong></span> 
     </span>
    </p>
   </div>
   <div class='ocr_carea' id='block_1_98' title="bbox 2281 3722 3878 3802">
    <p class='ocr_par' dir='ltr' id='par_1_98' title="bbox 2281 3722 3878 3802">
     <span class='ocr_line' id='line_1_98' title="bbox 2281 3722 3878 3802; baseline -0.008 -14"><span class='ocrx_word' id='word_1_750' title='bbox 2281 3733 2464 3789; x_wconf 90' lang='lat' dir='ltr'><strong>minus</strong></span> <span class='ocrx_word' id='word_1_751' title='bbox 2501 3746 2607 3787; x_wconf 92' lang='lat' dir='ltr'><strong>non</strong></span> <span class='ocrx_word' id='word_1_752' title='bbox 2630 3739 2851 3802; x_wconf 86' lang='lat' dir='ltr'><strong>prepter</strong></span> <span class='ocrx_word' id='word_1_753' title='bbox 2875 3727 3061 3800; x_wconf 89' lang='lat' dir='ltr'><strong>epulas</strong></span> <span class='ocrx_word' id='word_1_754' title='bbox 3090 3726 3288 3783; x_wconf 85' lang='lat' dir='ltr'><strong>terreni</strong></span> <span class='ocrx_word' id='word_1_755' title='bbox 3320 3725 3493 3780; x_wconf 89' lang='lat' dir='ltr'><strong>victus</strong></span> <span class='ocrx_word' id='word_1_756' title='bbox 3521 3723 3588 3778; x_wconf 91' lang='lat' dir='ltr'><strong>ad</strong></span> <span class='ocrx_word' id='word_1_757' title='bbox 3618 3722 3878 3802; x_wconf 83' lang='lat' dir='ltr'><strong>convivia</strong></span> 
     </span>
    </p>
   </div>
   <div class='ocr_carea' id='block_1_99' title="bbox 2284 3800 3883 3895">
    <p class='ocr_par' dir='ltr' id='par_1_99' title="bbox 2284 3800 3883 3895">
     <span class='ocr_line' id='line_1_99' title="bbox 2284 3800 3883 3895; baseline -0.008 -15"><span class='ocrx_word' id='word_1_758' title='bbox 2284 3834 2393 3880; x_wconf 87' lang='lat' dir='ltr'><strong>tam</strong></span> <span class='ocrx_word' id='word_1_759' title='bbox 2417 3800 2728 3895; x_wconf 81' lang='lat' dir='ltr'><strong>frequenter</strong></span> <span class='ocrx_word' id='word_1_760' title='bbox 2749 3821 2889 3886; x_wconf 91' lang='lat' dir='ltr'><strong>ibat,</strong></span> <span class='ocrx_word' id='word_1_761' title='bbox 2917 3818 3011 3875; x_wconf 88' lang='lat' dir='ltr'><strong>sed</strong></span> <span class='ocrx_word' id='word_1_762' title='bbox 3031 3827 3091 3873; x_wconf 90' lang='lat' dir='ltr'><strong>ut</strong></span> <span class='ocrx_word' id='word_1_763' title='bbox 3119 3817 3457 3874; x_wconf 90' lang='lat' dir='ltr'><strong>occasionem</strong></span> <span class='ocrx_word' id='word_1_764' title='bbox 3488 3815 3718 3872; x_wconf 88' lang='lat' dir='ltr'><strong>haberet</strong></span> <span class='ocrx_word' id='word_1_765' title='bbox 3737 3800 3883 3888; x_wconf 49' lang='lat' dir='ltr'><strong>prae:</strong></span> 
     </span>
    </p>
   </div>
   <div class='ocr_carea' id='block_1_100' title="bbox 2282 3902 3883 3987">
    <p class='ocr_par' dir='ltr' id='par_1_100' title="bbox 2282 3902 3883 3987">
     <span class='ocr_line' id='line_1_100' title="bbox 2282 3902 3883 3987; baseline -0.004 -17"><span class='ocrx_word' id='word_1_766' title='bbox 2282 3913 2459 3971; x_wconf 87' lang='lat' dir='ltr'><strong>standi</strong></span> <span class='ocrx_word' id='word_1_767' title='bbox 2492 3915 2746 3987; x_wconf 85' lang='lat' dir='ltr'><strong>gratiam.</strong></span> <span class='ocrx_word' id='word_1_768' title='bbox 2781 3911 2920 3967; x_wconf 83' lang='lat' dir='ltr'><strong>Hinc</strong></span> <span class='ocrx_word' id='word_1_769' title='bbox 2960 3924 3091 3967; x_wconf 90' lang='lat' dir='ltr'><strong>sane</strong></span> <span class='ocrx_word' id='word_1_770' title='bbox 3131 3909 3343 3978; x_wconf 76' lang='lat' dir='ltr'><strong>quaties</strong></span> <span class='ocrx_word' id='word_1_771' title='bbox 3385 3908 3703 3964; x_wconf 81' lang='lat' dir='ltr'><strong>interfuisse</strong></span> <span class='ocrx_word' id='word_1_772' title='bbox 3755 3902 3883 3981; x_wconf 56' lang='lat' dir='ltr'><strong>legi;</strong></span> 
     </span>
    </p>
   </div>
   <div class='ocr_carea' id='block_1_101' title="bbox 2282 4002 3879 4105">
    <p class='ocr_par' dir='ltr' id='par_1_101' title="bbox 2282 4002 3879 4105">
     <span class='ocr_line' id='line_1_101' title="bbox 2282 4002 3879 4105; baseline -0.004 -41"><span class='ocrx_word' id='word_1_773' title='bbox 2282 4016 2392 4074; x_wconf 89' lang='lat' dir='ltr'><strong>tur,</strong></span> <span class='ocrx_word' id='word_1_774' title='bbox 2427 4014 2521 4061; x_wconf 92' lang='lat' dir='ltr'><strong>aut</strong></span> <span class='ocrx_word' id='word_1_775' title='bbox 2540 4021 2604 4061; x_wconf 90' lang='lat' dir='ltr'><strong>ea</strong></span> <span class='ocrx_word' id='word_1_776' title='bbox 2632 4020 2751 4076; x_wconf 77' lang='lat' dir='ltr'><strong>qum</strong></span> <span class='ocrx_word' id='word_1_777' title='bbox 2774 4004 2958 4061; x_wconf 89' lang='lat' dir='ltr'><strong>docuit</strong></span> <span class='ocrx_word' id='word_1_778' title='bbox 2990 4010 3380 4066; x_wconf 88' lang='lat' dir='ltr'><strong>memorantur,</strong></span> <span class='ocrx_word' id='word_1_779' title='bbox 3406 4009 3500 4056; x_wconf 91' lang='lat' dir='ltr'><strong>aut</strong></span> <span class='ocrx_word' id='word_1_780' title='bbox 3524 4016 3643 4071; x_wconf 68' lang='lat' dir='ltr'><strong>quae</strong></span> <span class='ocrx_word' id='word_1_781' title='bbox 3671 4002 3847 4073; x_wconf 89' lang='lat' dir='ltr'><strong>gessit</strong></span> <span class='ocrx_word' id='word_1_782' title='bbox 3842 4039 3879 4105; x_wconf 53' lang='lat' dir='ltr'><strong><em>J</em></strong></span> 
     </span>
    </p>
   </div>
   <div class='ocr_carea' id='block_1_102' title="bbox 2281 4093 3884 4171">
    <p class='ocr_par' dir='ltr' id='par_1_102' title="bbox 2281 4093 3884 4171">
     <span class='ocr_line' id='line_1_102' title="bbox 2281 4093 3884 4171; baseline -0.004 -17"><span class='ocrx_word' id='word_1_783' title='bbox 2281 4108 2550 4171; x_wconf 89' lang='lat' dir='ltr'><strong>quatenus</strong></span> <span class='ocrx_word' id='word_1_784' title='bbox 2576 4112 2765 4153; x_wconf 89' lang='lat' dir='ltr'><strong>omnes</strong></span> <span class='ocrx_word' id='word_1_785' title='bbox 2792 4112 2889 4168; x_wconf 91' lang='lat' dir='ltr'><strong>per</strong></span> <span class='ocrx_word' id='word_1_786' title='bbox 2934 4098 3038 4153; x_wconf 88' lang='lat' dir='ltr'><strong>hoc</strong></span> <span class='ocrx_word' id='word_1_787' title='bbox 3061 4096 3128 4150; x_wconf 89' lang='lat' dir='ltr'><strong>ad</strong></span> <span class='ocrx_word' id='word_1_788' title='bbox 3152 4093 3280 4150; x_wconf 71' lang='lat' dir='ltr'><strong>vitae</strong></span> <span class='ocrx_word' id='word_1_789' title='bbox 3313 4093 3501 4164; x_wconf 89' lang='lat' dir='ltr'><strong>epulas</strong></span> <span class='ocrx_word' id='word_1_790' title='bbox 3524 4094 3723 4150; x_wconf 87' lang='lat' dir='ltr'><strong>venire</strong></span> <span class='ocrx_word' id='word_1_791' title='bbox 3747 4093 3884 4149; x_wconf 51' lang='lat' dir='ltr'><strong>invi;</strong></span> 
     </span>
    </p>
   </div>
   <div class='ocr_carea' id='block_1_103' title="bbox 2280 4184 3882 4256">
    <p class='ocr_par' dir='ltr' id='par_1_103' title="bbox 2280 4184 3882 4256">
     <span class='ocr_line' id='line_1_103' title="bbox 2280 4184 3882 4256; baseline -0.004 -11"><span class='ocrx_word' id='word_1_792' title='bbox 2280 4196 2444 4245; x_wconf 88' lang='lat' dir='ltr'><strong>taret.</strong></span> <span class='ocrx_word' id='word_1_793' title='bbox 2483 4186 2637 4245; x_wconf 88' lang='lat' dir='ltr'><strong>Unde</strong></span> <span class='ocrx_word' id='word_1_794' title='bbox 2662 4202 2769 4243; x_wconf 92' lang='lat' dir='ltr'><strong>non</strong></span> <span class='ocrx_word' id='word_1_795' title='bbox 2795 4188 2977 4242; x_wconf 91' lang='lat' dir='ltr'><strong>minus</strong></span> <span class='ocrx_word' id='word_1_796' title='bbox 3026 4184 3093 4241; x_wconf 90' lang='lat' dir='ltr'><strong>ad</strong></span> <span class='ocrx_word' id='word_1_797' title='bbox 3136 4193 3487 4256; x_wconf 89' lang='lat' dir='ltr'><strong>peccatores,</strong></span> <span class='ocrx_word' id='word_1_798' title='bbox 3521 4200 3687 4255; x_wconf 89' lang='lat' dir='ltr'><strong>quam</strong></span> <span class='ocrx_word' id='word_1_799' title='bbox 3716 4186 3882 4240; x_wconf 84' lang='lat' dir='ltr'><strong>etiam</strong></span> 
     </span>
    </p>
   </div>
   <div class='ocr_carea' id='block_1_104' title="bbox 2281 4274 3885 4353">
    <p class='ocr_par' dir='ltr' id='par_1_104' title="bbox 2281 4274 3885 4353">
     <span class='ocr_line' id='line_1_104' title="bbox 2281 4274 3885 4353; baseline -0.004 -13"><span class='ocrx_word' id='word_1_800' title='bbox 2281 4291 2337 4340; x_wconf 93' lang='lat' dir='ltr'><strong>et</strong></span> <span class='ocrx_word' id='word_1_801' title='bbox 2374 4282 2443 4337; x_wconf 89' lang='lat' dir='ltr'><strong>ad</strong></span> <span class='ocrx_word' id='word_1_802' title='bbox 2472 4295 2566 4338; x_wconf 87' lang='lat' dir='ltr'><strong>eos</strong></span> <span class='ocrx_word' id='word_1_803' title='bbox 2589 4282 2681 4353; x_wconf 92' lang='lat' dir='ltr'><strong>qui</strong></span> <span class='ocrx_word' id='word_1_804' title='bbox 2705 4297 2765 4336; x_wconf 91' lang='lat' dir='ltr'><strong>se</strong></span> <span class='ocrx_word' id='word_1_805' title='bbox 2786 4281 2961 4351; x_wconf 84' lang='lat' dir='ltr'><strong>justos</strong></span> <span class='ocrx_word' id='word_1_806' title='bbox 2999 4279 3377 4344; x_wconf 62' lang='lat' dir='ltr'><strong>aestimabant,</strong></span> <span class='ocrx_word' id='word_1_807' title='bbox 3409 4278 3581 4332; x_wconf 90' lang='lat' dir='ltr'><strong>intrat</strong></span> <span class='ocrx_word' id='word_1_808' title='bbox 3609 4286 3669 4332; x_wconf 89' lang='lat' dir='ltr'><strong>ut</strong></span> <span class='ocrx_word' id='word_1_809' title='bbox 3698 4274 3885 4353; x_wconf 64' lang='lat' dir='ltr'><strong>cunctj</strong></span> 
     </span>
    </p>
   </div>
   <div class='ocr_carea' id='block_1_105' title="bbox 2282 4346 3887 4444">
    <p class='ocr_par' dir='ltr' id='par_1_105' title="bbox 2282 4346 3887 4444">
     <span class='ocr_line' id='line_1_105' title="bbox 2282 4346 3887 4444; baseline -0.002 -14"><span class='ocrx_word' id='word_1_810' title='bbox 2282 4388 2340 4431; x_wconf 90' lang='lat' dir='ltr'><strong>se</strong></span> <span class='ocrx_word' id='word_1_811' title='bbox 2366 4346 2680 4444; x_wconf 74' lang='lat' dir='ltr'><strong>peccatores</strong></span> <span class='ocrx_word' id='word_1_812' title='bbox 2703 4346 3037 4442; x_wconf 78' lang='lat' dir='ltr'><strong>intelligant,</strong></span> <span class='ocrx_word' id='word_1_813' title='bbox 3065 4379 3120 4426; x_wconf 92' lang='lat' dir='ltr'><strong>et</strong></span> <span class='ocrx_word' id='word_1_814' title='bbox 3150 4370 3217 4427; x_wconf 91' lang='lat' dir='ltr'><strong>ad</strong></span> <span class='ocrx_word' id='word_1_815' title='bbox 3247 4368 3451 4425; x_wconf 91' lang='lat' dir='ltr'><strong>fontem</strong></span> <span class='ocrx_word' id='word_1_816' title='bbox 3483 4346 3887 4426; x_wconf 58' lang='lat' dir='ltr'><strong>misericordi£</strong></span> 
     </span>
    </p>
   </div>
   <div class='ocr_carea' id='block_1_106' title="bbox 2282 4458 3891 4541">
    <p class='ocr_par' dir='ltr' id='par_1_106' title="bbox 2282 4458 3891 4541">
     <span class='ocr_line' id='line_1_106' title="bbox 2282 4458 3891 4541; baseline -0.001 -20"><span class='ocrx_word' id='word_1_817' title='bbox 2282 4474 2523 4521; x_wconf 89' lang='lat' dir='ltr'><strong>currant.</strong></span> <span class='ocrx_word' id='word_1_818' title='bbox 2552 4464 2689 4519; x_wconf 87' lang='lat' dir='ltr'><strong>Nam</strong></span> <span class='ocrx_word' id='word_1_819' title='bbox 2715 4471 2771 4520; x_wconf 91' lang='lat' dir='ltr'><strong>et</strong></span> <span class='ocrx_word' id='word_1_820' title='bbox 2800 4463 2888 4519; x_wconf 92' lang='lat' dir='ltr'><strong>isti</strong></span> <span class='ocrx_word' id='word_1_821' title='bbox 2919 4464 3012 4534; x_wconf 93' lang='lat' dir='ltr'><strong>qui</strong></span> <span class='ocrx_word' id='word_1_822' title='bbox 3042 4478 3167 4517; x_wconf 89' lang='lat' dir='ltr'><strong>cum</strong></span> <span class='ocrx_word' id='word_1_823' title='bbox 3198 4461 3427 4519; x_wconf 88' lang='lat' dir='ltr'><strong>Domino</strong></span> <span class='ocrx_word' id='word_1_824' title='bbox 3456 4463 3509 4518; x_wconf 92' lang='lat' dir='ltr'><strong>in</strong></span> <span class='ocrx_word' id='word_1_825' title='bbox 3554 4463 3725 4519; x_wconf 91' lang='lat' dir='ltr'><strong>domo</strong></span> <span class='ocrx_word' id='word_1_826' title='bbox 3753 4458 3891 4541; x_wconf 64' lang='lat' dir='ltr'><strong>epui_</strong></span> 
     </span>
    </p>
   </div>
   <div class='ocr_carea' id='block_1_107' title="bbox 2284 4544 3890 4626">
    <p class='ocr_par' dir='ltr' id='par_1_107' title="bbox 2284 4544 3890 4626">
     <span class='ocr_line' id='line_1_107' title="bbox 2284 4544 3890 4626; baseline 0 -15"><span class='ocrx_word' id='word_1_827' title='bbox 2284 4556 2486 4621; x_wconf 90' lang='lat' dir='ltr'><strong>lantur,</strong></span> <span class='ocrx_word' id='word_1_828' title='bbox 2512 4571 2650 4626; x_wconf 93' lang='lat' dir='ltr'><strong>quos</strong></span> <span class='ocrx_word' id='word_1_829' title='bbox 2687 4565 3005 4626; x_wconf 88' lang='lat' dir='ltr'><strong>peceatores</strong></span> <span class='ocrx_word' id='word_1_830' title='bbox 3046 4564 3341 4621; x_wconf 89' lang='lat' dir='ltr'><strong>accusant,</strong></span> <span class='ocrx_word' id='word_1_831' title='bbox 3383 4571 3489 4611; x_wconf 91' lang='lat' dir='ltr'><strong>non</strong></span> <span class='ocrx_word' id='word_1_832' title='bbox 3536 4556 3609 4610; x_wconf 90' lang='lat' dir='ltr'><strong>ita</strong></span> <span class='ocrx_word' id='word_1_833' title='bbox 3650 4572 3788 4612; x_wconf 85' lang='lat' dir='ltr'><strong>eum</strong></span> <span class='ocrx_word' id='word_1_834' title='bbox 3823 4544 3890 4611; x_wconf 70' lang='lat' dir='ltr'><strong>e6</strong></span> 
     </span>
    </p>
   </div>
   <div class='ocr_carea' id='block_1_108' title="bbox 2286 4638 3892 4716">
    <p class='ocr_par' dir='ltr' id='par_1_108' title="bbox 2286 4638 3892 4716">
     <span class='ocr_line' id='line_1_108' title="bbox 2286 4638 3892 4716; baseline -0.001 -14"><span class='ocrx_word' id='word_1_835' title='bbox 2286 4648 2632 4703; x_wconf 89' lang='lat' dir='ltr'><strong>discumbunt</strong></span> <span class='ocrx_word' id='word_1_836' title='bbox 2653 4655 2711 4700; x_wconf 91' lang='lat' dir='ltr'><strong>ut</strong></span> <span class='ocrx_word' id='word_1_837' title='bbox 2738 4638 3056 4716; x_wconf 84' lang='lat' dir='ltr'><strong>peccatores</strong></span> <span class='ocrx_word' id='word_1_838' title='bbox 3095 4653 3482 4715; x_wconf 83' lang='lat' dir='ltr'><strong>permaneant,</strong></span> <span class='ocrx_word' id='word_1_839' title='bbox 3516 4645 3614 4701; x_wconf 87' lang='lat' dir='ltr'><strong>sed</strong></span> <span class='ocrx_word' id='word_1_840' title='bbox 3637 4655 3706 4700; x_wconf 90' lang='lat' dir='ltr'><strong>ut</strong></span> <span class='ocrx_word' id='word_1_841' title='bbox 3736 4646 3892 4701; x_wconf 84' lang='lat' dir='ltr'><strong>dein-</strong></span> 
     </span>
    </p>
   </div>
   <div class='ocr_carea' id='block_1_109' title="bbox 2284 4721 3894 4808">
    <p class='ocr_par' dir='ltr' id='par_1_109' title="bbox 2284 4721 3894 4808">
     <span class='ocr_line' id='line_1_109' title="bbox 2284 4721 3894 4808; baseline 0 -15"><span class='ocrx_word' id='word_1_842' title='bbox 2284 4753 2411 4807; x_wconf 88' lang='lat' dir='ltr'><strong>ceps</strong></span> <span class='ocrx_word' id='word_1_843' title='bbox 2442 4721 2566 4792; x_wconf 70' lang='lat' dir='ltr'><strong>cum</strong></span> <span class='ocrx_word' id='word_1_844' title='bbox 2593 4737 2845 4793; x_wconf 70' lang='lat' dir='ltr'><strong>Matthazo</strong></span> <span class='ocrx_word' id='word_1_845' title='bbox 2873 4736 2991 4806; x_wconf 77' lang='lat' dir='ltr'><strong>ejus</strong></span> <span class='ocrx_word' id='word_1_846' title='bbox 3019 4738 3333 4808; x_wconf 82' lang='lat' dir='ltr'><strong>magisterio</strong></span> <span class='ocrx_word' id='word_1_847' title='bbox 3374 4738 3718 4793; x_wconf 69' lang='lat' dir='ltr'><strong>adhaereant.</strong></span> <span class='ocrx_word' id='word_1_848' title='bbox 3754 4735 3894 4793; x_wconf 77' lang='lat' dir='ltr'><strong>Inde</strong></span> 
     </span>
    </p>
   </div>
   <div class='ocr_carea' id='block_1_110' title="bbox 2285 4828 3856 4899">
    <p class='ocr_par' dir='ltr' id='par_1_110' title="bbox 2285 4828 3856 4899">
     <span class='ocr_line' id='line_1_110' title="bbox 2285 4828 3856 4899; baseline 0.002 -19"><span class='ocrx_word' id='word_1_849' title='bbox 2285 4836 2521 4897; x_wconf 86' lang='lat' dir='ltr'><strong>namque</strong></span> <span class='ocrx_word' id='word_1_850' title='bbox 2544 4836 2629 4882; x_wconf 89' lang='lat' dir='ltr'><strong>est</strong></span> <span class='ocrx_word' id='word_1_851' title='bbox 2658 4829 2802 4897; x_wconf 89' lang='lat' dir='ltr'><strong>quod</strong></span> <span class='ocrx_word' id='word_1_852' title='bbox 2832 4828 3035 4884; x_wconf 87' lang='lat' dir='ltr'><strong>eisdem</strong></span> <span class='ocrx_word' id='word_1_853' title='bbox 3071 4828 3529 4884; x_wconf 85' lang='lat' dir='ltr'><strong>calumniantibus</strong></span> <span class='ocrx_word' id='word_1_854' title='bbox 3558 4828 3856 4899; x_wconf 83' lang='lat' dir='ltr'><strong>objicitur.</strong></span> 
     </span>
    </p>
   </div>
   <div class='ocr_carea' id='block_1_111' title="bbox 2358 4918 3893 4990">
    <p class='ocr_par' dir='ltr' id='par_1_111' title="bbox 2358 4918 3893 4990">
     <span class='ocr_line' id='line_1_111' title="bbox 2358 4918 3893 4990; baseline 0.001 -17"><span class='ocrx_word' id='word_1_855' title='bbox 2358 4918 2482 4973; x_wconf 84' lang='lat' dir='ltr'><strong>Non</strong></span> <span class='ocrx_word' id='word_1_856' title='bbox 2503 4928 2577 4973; x_wconf 83' lang='lat' dir='ltr'><strong>est</strong></span> <span class='ocrx_word' id='word_1_857' title='bbox 2600 4934 2730 4990; x_wconf 79' lang='lat' dir='ltr'><strong>opus</strong></span> <span class='ocrx_word' id='word_1_858' title='bbox 2757 4918 3048 4974; x_wconf 81' lang='lat' dir='ltr'><strong>valentibus</strong></span> <span class='ocrx_word' id='word_1_859' title='bbox 3078 4921 3308 4975; x_wconf 76' lang='lat' dir='ltr'><strong>medicus</strong></span> <span class='ocrx_word' id='word_1_860' title='bbox 3329 4960 3343 4985; x_wconf 92' lang='lat'><strong>,</strong></span> <span class='ocrx_word' id='word_1_861' title='bbox 3367 4920 3458 4974; x_wconf 82' lang='lat' dir='ltr'><strong>sed</strong></span> <span class='ocrx_word' id='word_1_862' title='bbox 3493 4921 3631 4974; x_wconf 79' lang='lat' dir='ltr'><strong>male</strong></span> <span class='ocrx_word' id='word_1_863' title='bbox 3672 4920 3893 4975; x_wconf 75' lang='lat' dir='ltr'><strong>habets-</strong></span> 
     </span>
    </p>
   </div>
   <div class='ocr_carea' id='block_1_112' title="bbox 2286 5009 3896 5080">
    <p class='ocr_par' dir='ltr' id='par_1_112' title="bbox 2286 5009 3896 5080">
     <span class='ocr_line' id='line_1_112' title="bbox 2286 5009 3896 5080; baseline -0.001 -15"><span class='ocrx_word' id='word_1_864' title='bbox 2286 5009 2457 5075; x_wconf 78' lang='lat' dir='ltr'><strong>tibus,</strong></span> <span class='ocrx_word' id='word_1_865' title='bbox 2506 5019 2563 5065; x_wconf 89' lang='lat' dir='ltr'><strong>et</strong></span> <span class='ocrx_word' id='word_1_866' title='bbox 2609 5010 2783 5065; x_wconf 89' lang='lat' dir='ltr'><strong>illud:</strong></span> <span class='ocrx_word' id='word_1_867' title='bbox 2816 5009 3239 5065; x_wconf 66' lang='lat' dir='ltr'><strong>Misericordia»:</strong></span> <span class='ocrx_word' id='word_1_868' title='bbox 3280 5010 3397 5065; x_wconf 89' lang='lat' dir='ltr'><strong>volo</strong></span> <span class='ocrx_word' id='word_1_869' title='bbox 3427 5019 3476 5065; x_wconf 84' lang='lat' dir='ltr'><strong>et</strong></span> <span class='ocrx_word' id='word_1_870' title='bbox 3511 5025 3615 5064; x_wconf 80' lang='lat' dir='ltr'><strong>non</strong></span> <span class='ocrx_word' id='word_1_871' title='bbox 3656 5009 3896 5080; x_wconf 69' lang='lat' dir='ltr'><strong>sacriﬁ-</strong></span> 
     </span>
    </p>
   </div>
   <div class='ocr_carea' id='block_1_113' title="bbox 2287 5103 3899 5175">
    <p class='ocr_par' dir='ltr' id='par_1_113' title="bbox 2287 5103 3899 5175">
     <span class='ocr_line' id='line_1_113' title="bbox 2287 5103 3899 5175; baseline 0.001 -18"><span class='ocrx_word' id='word_1_872' title='bbox 2287 5104 2445 5157; x_wconf 74' lang='lat' dir='ltr'><strong>cium.</strong></span> <span class='ocrx_word' id='word_1_873' title='bbox 2473 5104 2722 5159; x_wconf 82' lang='lat' dir='ltr'><strong>Ostendit</strong></span> <span class='ocrx_word' id='word_1_874' title='bbox 2758 5104 2922 5175; x_wconf 87' lang='lat' dir='ltr'><strong>igitur</strong></span> <span class='ocrx_word' id='word_1_875' title='bbox 2947 5105 3064 5159; x_wconf 87' lang='lat' dir='ltr'><strong>suis</strong></span> <span class='ocrx_word' id='word_1_876' title='bbox 3110 5104 3419 5173; x_wconf 88' lang='lat' dir='ltr'><strong>responsis,</strong></span> <span class='ocrx_word' id='word_1_877' title='bbox 3449 5118 3548 5159; x_wconf 88' lang='lat' dir='ltr'><strong>cur</strong></span> <span class='ocrx_word' id='word_1_878' title='bbox 3587 5104 3654 5158; x_wconf 86' lang='lat' dir='ltr'><strong>ad</strong></span> <span class='ocrx_word' id='word_1_879' title='bbox 3690 5103 3899 5159; x_wconf 79' lang='lat' dir='ltr'><strong>convi-</strong></span> 
     </span>
    </p>
   </div>
   <div class='ocr_carea' id='block_1_114' title="bbox 2286 5194 3903 5266">
    <p class='ocr_par' dir='ltr' id='par_1_114' title="bbox 2286 5194 3903 5266">
     <span class='ocr_line' id='line_1_114' title="bbox 2286 5194 3903 5266; baseline 0.003 -19"><span class='ocrx_word' id='word_1_880' title='bbox 2286 5194 2372 5249; x_wconf 86' lang='lat' dir='ltr'><strong>via</strong></span> <span class='ocrx_word' id='word_1_881' title='bbox 2401 5203 2747 5264; x_wconf 72' lang='lat' dir='ltr'><strong>peccatorum</strong></span> <span class='ocrx_word' id='word_1_882' title='bbox 2792 5195 3011 5250; x_wconf 89' lang='lat' dir='ltr'><strong>intrarit</strong></span> <span class='ocrx_word' id='word_1_883' title='bbox 3038 5213 3052 5249; x_wconf 86' lang='lat'><strong>:</strong></span> <span class='ocrx_word' id='word_1_884' title='bbox 3080 5195 3331 5266; x_wconf 89' lang='lat' dir='ltr'><strong>equidem</strong></span> <span class='ocrx_word' id='word_1_885' title='bbox 3372 5208 3481 5250; x_wconf 86' lang='lat' dir='ltr'><strong>non</strong></span> <span class='ocrx_word' id='word_1_886' title='bbox 3505 5205 3565 5250; x_wconf 91' lang='lat' dir='ltr'><strong>ut</strong></span> <span class='ocrx_word' id='word_1_887' title='bbox 3597 5195 3903 5266; x_wconf 72' lang='lat' dir='ltr'><strong>acciperet</strong></span> 
     </span>
    </p>
   </div>
   <div class='ocr_carea' id='block_1_115' title="bbox 2288 5283 3901 5355">
    <p class='ocr_par' dir='ltr' id='par_1_115' title="bbox 2288 5283 3901 5355">
     <span class='ocr_line' id='line_1_115' title="bbox 2288 5283 3901 5355; baseline 0.002 -15"><span class='ocrx_word' id='word_1_888' title='bbox 2288 5299 2471 5350; x_wconf 88' lang='lat' dir='ltr'><strong>escas,</strong></span> <span class='ocrx_word' id='word_1_889' title='bbox 2504 5296 2692 5340; x_wconf 90' lang='lat' dir='ltr'><strong>verum</strong></span> <span class='ocrx_word' id='word_1_890' title='bbox 2738 5293 2798 5340; x_wconf 91' lang='lat' dir='ltr'><strong>ut</strong></span> <span class='ocrx_word' id='word_1_891' title='bbox 2844 5293 3130 5355; x_wconf 60' lang='lat' dir='ltr'><strong>praestaret</strong></span> <span class='ocrx_word' id='word_1_892' title='bbox 3161 5283 3620 5350; x_wconf 84' lang='lat' dir='ltr'><strong>misericordiam,</strong></span> <span class='ocrx_word' id='word_1_893' title='bbox 3652 5283 3901 5343; x_wconf 69' lang='lat' dir='ltr'><strong>miseris</strong></span> 
     </span>
    </p>
   </div>
   <div class='ocr_carea' id='block_1_116' title="bbox 2287 5374 3900 5447">
    <p class='ocr_par' dir='ltr' id='par_1_116' title="bbox 2287 5374 3900 5447">
     <span class='ocr_line' id='line_1_116' title="bbox 2287 5374 3900 5447; baseline 0.001 -14"><span class='ocrx_word' id='word_1_894' title='bbox 2287 5386 2344 5433; x_wconf 85' lang='lat' dir='ltr'><strong>et</strong></span> <span class='ocrx_word' id='word_1_895' title='bbox 2374 5376 2752 5447; x_wconf 77' lang='lat' dir='ltr'><strong>languentibus</strong></span> <span class='ocrx_word' id='word_1_896' title='bbox 2777 5377 3105 5447; x_wconf 86' lang='lat' dir='ltr'><strong>indulgentia</strong></span> <span class='ocrx_word' id='word_1_897' title='bbox 3138 5376 3467 5433; x_wconf 83' lang='lat' dir='ltr'><strong>subveniret.</strong></span> <span class='ocrx_word' id='word_1_898' title='bbox 3496 5374 3607 5431; x_wconf 81' lang='lat' dir='ltr'><strong>Nec</strong></span> <span class='ocrx_word' id='word_1_899' title='bbox 3635 5383 3900 5444; x_wconf 62' lang='lat' dir='ltr'><strong>praeter-</strong></span> 
     </span>
    </p>
   </div>
   <div class='ocr_carea' id='block_1_117' title="bbox 2285 5465 3906 5537">
    <p class='ocr_par' dir='ltr' id='par_1_117' title="bbox 2285 5465 3906 5537">
     <span class='ocr_line' id='line_1_117' title="bbox 2285 5465 3906 5537; baseline 0.002 -15"><span class='ocrx_word' id='word_1_900' title='bbox 2285 5466 2521 5523; x_wconf 88' lang='lat' dir='ltr'><strong>eundum</strong></span> <span class='ocrx_word' id='word_1_901' title='bbox 2564 5468 2706 5537; x_wconf 90' lang='lat' dir='ltr'><strong>quod</strong></span> <span class='ocrx_word' id='word_1_902' title='bbox 2736 5466 3027 5523; x_wconf 69' lang='lat' dir='ltr'><strong>Mattbaeus</strong></span> <span class='ocrx_word' id='word_1_903' title='bbox 3063 5466 3134 5522; x_wconf 85' lang='lat' dir='ltr'><strong>ob</strong></span> <span class='ocrx_word' id='word_1_904' title='bbox 3177 5466 3231 5521; x_wconf 93' lang='lat' dir='ltr'><strong>id</strong></span> <span class='ocrx_word' id='word_1_905' title='bbox 3286 5466 3493 5522; x_wconf 89' lang='lat' dir='ltr'><strong>electus</strong></span> <span class='ocrx_word' id='word_1_906' title='bbox 3521 5465 3593 5521; x_wconf 87' lang='lat' dir='ltr'><strong>sit</strong></span> <span class='ocrx_word' id='word_1_907' title='bbox 3620 5466 3692 5521; x_wconf 89' lang='lat' dir='ltr'><strong>de</strong></span> <span class='ocrx_word' id='word_1_908' title='bbox 3738 5467 3906 5525; x_wconf 68' lang='lat' dir='ltr'><strong>telo-</strong></span> 
     </span>
    </p>
   </div>
   <div class='ocr_carea' id='block_1_118' title="bbox 2284 5557 3907 5630">
    <p class='ocr_par' dir='ltr' id='par_1_118' title="bbox 2284 5557 3907 5630">
     <span class='ocr_line' id='line_1_118' title="bbox 2284 5557 3907 5630; baseline 0.002 -16"><span class='ocrx_word' id='word_1_909' title='bbox 2284 5560 2396 5622; x_wconf 92' lang='lat' dir='ltr'><strong>nio,</strong></span> <span class='ocrx_word' id='word_1_910' title='bbox 2442 5568 2711 5630; x_wconf 87' lang='lat' dir='ltr'><strong>quatenus</strong></span> <span class='ocrx_word' id='word_1_911' title='bbox 2757 5572 2915 5615; x_wconf 90' lang='lat' dir='ltr'><strong>nemo</strong></span> <span class='ocrx_word' id='word_1_912' title='bbox 2959 5558 3298 5613; x_wconf 86' lang='lat' dir='ltr'><strong>immanitate</strong></span> <span class='ocrx_word' id='word_1_913' title='bbox 3323 5557 3590 5613; x_wconf 86' lang='lat' dir='ltr'><strong>scelerum</strong></span> <span class='ocrx_word' id='word_1_914' title='bbox 3642 5572 3907 5617; x_wconf 69' lang='lat' dir='ltr'><strong>suorum</strong></span> 
     </span>
    </p>
   </div>
   <div class='ocr_carea' id='block_1_119' title="bbox 2284 5648 3909 5719">
    <p class='ocr_par' dir='ltr' id='par_1_119' title="bbox 2284 5648 3909 5719">
     <span class='ocr_line' id='line_1_119' title="bbox 2284 5648 3909 5719; baseline -0.001 -11"><span class='ocrx_word' id='word_1_915' title='bbox 2284 5650 2587 5717; x_wconf 85' lang='lat' dir='ltr'><strong>difﬁderet,</strong></span> <span class='ocrx_word' id='word_1_916' title='bbox 2639 5650 2848 5706; x_wconf 90' lang='lat' dir='ltr'><strong>Domini</strong></span> <span class='ocrx_word' id='word_1_917' title='bbox 2895 5649 3138 5706; x_wconf 90' lang='lat' dir='ltr'><strong>bonitate</strong></span> <span class='ocrx_word' id='word_1_918' title='bbox 3179 5656 3476 5715; x_wconf 85' lang='lat' dir='ltr'><strong>attractus,</strong></span> <span class='ocrx_word' id='word_1_919' title='bbox 3505 5648 3598 5719; x_wconf 89' lang='lat' dir='ltr'><strong>qui</strong></span> <span class='ocrx_word' id='word_1_920' title='bbox 3644 5648 3715 5705; x_wconf 83' lang='lat' dir='ltr'><strong>de</strong></span> <span class='ocrx_word' id='word_1_921' title='bbox 3770 5657 3909 5708; x_wconf 67' lang='lat' dir='ltr'><strong>tam</strong></span> 
     </span>
    </p>
   </div>
   <div class='ocr_carea' id='block_1_120' title="bbox 2286 5738 3914 5821">
    <p class='ocr_par' dir='ltr' id='par_1_120' title="bbox 2286 5738 3914 5821">
     <span class='ocr_line' id='line_1_120' title="bbox 2286 5738 3914 5821; baseline -0.004 -19"><span class='ocrx_word' id='word_1_922' title='bbox 2286 5746 2409 5803; x_wconf 87' lang='lat' dir='ltr'><strong>imis</strong></span> <span class='ocrx_word' id='word_1_923' title='bbox 2437 5755 2494 5801; x_wconf 85' lang='lat' dir='ltr'><strong>et</strong></span> <span class='ocrx_word' id='word_1_924' title='bbox 2516 5741 2787 5800; x_wconf 68' lang='lat' dir='ltr'><strong>obscwnis</strong></span> <span class='ocrx_word' id='word_1_925' title='bbox 2816 5740 3111 5815; x_wconf 74' lang='lat' dir='ltr'><strong>quaestibus</strong></span> <span class='ocrx_word' id='word_1_926' title='bbox 3138 5740 3287 5799; x_wconf 84' lang='lat' dir='ltr'><strong>videt</strong></span> <span class='ocrx_word' id='word_1_927' title='bbox 3327 5738 3473 5799; x_wconf 88' lang='lat' dir='ltr'><strong>hunc</strong></span> <span class='ocrx_word' id='word_1_928' title='bbox 3514 5750 3914 5821; x_wconf 41' lang='lat' dir='ltr'><strong>provectas“</strong></span> 
     </span>
    </p>
   </div>
  </div>
