4000 6362
185 326 288 400 ⁵⁷5

986 321 1349 381 ΕΧΡΟΞΙΤΙΟ
1384 326 1447 380 ΙΝ
1490 325 1923 383 ΜΑΤΤΗᾹΞΠΜ.
1964 362 2030 370 —
2070 331 2194 402 LIB.
2242 335 2304 400 Υ,
2341 335 2495 408 CAP.
2533 335 2624 392 IX.

3329 341 3433 404 374

187 457 238 501 et
283 443 330 496 in
370 454 600 523 numero
641 420 1005 523 apostolorum
1053 443 1234 496 subito
1285 454 1750 498 eonnumeratum.
1780 451 1830 507 Α
1861 445 1968 498 imo
1995 423 2296 504 humilibus
2329 461 2384 504 et
2429 455 2801 522 peccatoribus
2851 469 2934 510 me
2985 457 3255 528 impendo.
3311 459 3439 540 Haec

187 533 328 590 Unde
376 543 502 585 mox
545 535 601 585 et
655 531 710 584 in
755 530 915 584 domn
963 531 1112 600 ejus,
1155 547 1273 601 qua.-
1321 531 1496 588 fnerat
1540 533 1755 588 ofﬁcina

173 621 534 684 crudelitatis,
559 619 837 676 cellarium
869 619 1104 687 fraudis,
1124 630 1178 676 et
1209 619 1464 693 spelunca
1502 623 1756 693 iniquita-

185 717 275 780 tis,
320 712 441 769 fons
488 721 713 768 emanat
757 713 975 783 pietatis
1012 728 1026 768 :
1066 719 1126 770 ut
1171 715 1326 770 multi
1374 715 1643 787 publicani
1690 730 1754 770 ac

179 817 479 879 peccttores
499 806 669 886 quasi
696 807 763 860 ad
808 807 974 861 vitam
1003 809 1310 863 resuscitati
1330 850 1344 874 ,
1371 824 1492 864 cum
1529 809 1754 866 Domino

181 897 584 968 participantur.
619 893 870 966 Alioquin
901 897 946 952 si
976 898 1026 952 in
1059 885 1295 968 peccatis
1317 915 1636 970 permanere
1662 901 1752 955 de-

176 1000 480 1058 cernerent,
533 992 616 1056 ei,
661 990 753 1060 qui
797 989 914 1045 sine
968 999 1192 1059 peccato
1241 999 1360 1056 est,
1411 1006 1750 1062 nequaquam

175 1085 404 1141 cenvesci
439 1084 730 1157 auderent.
780 1081 894 1136 lmo
929 1081 1086 1136 unius
1129 1083 1428 1152 peccatoris
1468 1083 1751 1138 conversio

175 1164 339 1230 inultis
364 1174 682 1245 exemplum
709 1172 939 1244 przehuit
965 1173 1316 1243 poenitentiae.
1365 1172 1588 1228 Mutavit
1623 1188 1750 1245 ergo

173 1263 439 1320 Mattbseus
472 1264 753 1335 negotium
778 1305 792 1328 ,
829 1276 930 1317 nec
959 1263 1171 1328 amisit,
1206 1265 1330 1318 dum
1380 1264 1433 1318 in
1479 1264 1638 1318 domo
1681 1265 1749 1320 ad

174 1373 315 1426 quam
342 1356 502 1425 prius
530 1355 733 1410 multos
759 1369 940 1410 secum
965 1361 1186 1424 propter
1216 1354 1360 1408 lucra
1385 1356 1744 1422 conduxerat,

172 1447 231 1499 ad
268 1447 483 1500 veniam
521 1443 762 1500 invitat:
815 1453 870 1499 et
905 1443 995 1513 qui
1043 1453 1162 1500 erat
1206 1445 1464 1515 magister
1511 1446 1744 1515 rapinae,

173 1533 338 1590 factus
381 1543 464 1588 est
516 1533 823 1604 exemplum
869 1533 1060 1588 VCIliLl‘.
1115 1533 1266 1588 Unde
1315 1535 1568 1589 conducit
1603 1536 1746 1591 illico

181 1641 299 1680 suos
346 1627 414 1680 ad
455 1626 692 1681 scholam
736 1627 890 1690 vitae,
922 1641 1056 1696 quos
1101 1624 1434 1680 conduxerat
1479 1629 1629 1697 prius
1679 1629 1745 1683 ad

177 1728 426 1788 quaestura
457 1718 666 1774 mortis.
695 1717 917 1788 Accepit
940 1718 1120 1786 itaque
1145 1717 1247 1771 alia
1273 1715 1474 1771 talenta
1496 1755 1510 1784 ,
1542 1718 1744 1774 idcirco

1861 543 2047 588 contra
2075 553 2167 592 eos
2193 539 2334 593 dicta
2369 541 2586 610 gravius
2617 543 2984 612 proferuntur,
3015 550 3141 617 quia
3169 549 3348 619 justos
3377 539 3436 610 se

1858 627 2286 698 mentiebantur;
2321 631 2612 688 humilibus
2653 645 2830 689 autem
2859 647 2913 691 et
2943 640 3324 698 confitentibus
3349 659 3436 703 sa-

1857 715 1941 773 lus
1978 719 2220 775 offertur.
2261 721 2550 792 Propterea
2591 727 2778 781 beatus
2807 727 3128 798 Apostolus:
3164 706 3432 790 Conclusit

1854 811 1992 864 enim
2020 811 2161 867 Deus
2191 818 2366 868 omnia
2395 817 2488 870 sub
2516 828 2726 888 peccato
2745 859 2759 881 ,
2783 830 2836 872 ut
2862 823 3101 878 omnibus
3126 805 3439 882 misereatur

1855 903 2026 974 (Rom.
2061 922 2113 960 χι
2137 949 2152 972 ,
2182 905 2293 978 5Q).
2325 909 2389 963 Et
2433 909 2631 964 David:
2683 909 2873 966 Omnes
2909 914 3328 986 declinaverunt,
3360 921 3434 986 si-

1853 993 1964 1047 mul
1993 996 2202 1051 inutiles
2243 998 2372 1068 facti
2410 1011 2567 1067 sunt;
2599 1018 2700 1055 non
2727 999 2888 1076 437
2921 1014 2993 1056 est
3033 1006 3123 1075 qui
3149 1005 3310 1074 faciat
3347 1008 3436 1063 θος

1854 1098 2009 1148 num,
2042 1103 2142 1140 non
2173 1098 2245 1141 est
2279 1106 2437 1159 usque
2464 1091 2534 1144 ad
2563 1109 2722 1146 unum
2757 1089 2930 1163 (Psal.
2967 1110 3094 1160 xut,
3125 1097 3200 1167 5).
3229 1096 3434 1156 Idcirco

1852 1175 2042 1232 melius
2079 1187 2162 1233 est
2191 1179 2242 1234 in
2287 1181 2448 1236 domo
2484 1183 2622 1237 beati
2656 1183 2889 1238 Mattlnei
2930 1185 3146 1241 Christo
3172 1203 3293 1242 cum
3332 1205 3425 1259 pu-

1847 1267 2078 1326 blicanis
2101 1283 2154 1327 et
2177 1277 2553 1343 peccatoribus
2579 1277 2922 1348 participari,
2949 1295 3108 1349 quam
3139 1297 3259 1336 cum
3291 1281 3432 1339 Pha-

1849 1362 2020 1416 risazis
2047 1364 2186 1419 male
2215 1366 2331 1420 sine
2363 1367 2452 1421 illo
2477 1367 2786 1438 justilicari.
2812 1369 2987 1441 Jejuni
3020 1373 3236 1442 quidem
3270 1383 3431 1430 erant

1850 1454 1970 1508 cibo
2001 1457 2218 1522 salutis,
2251 1470 2534 1530 propterea
2583 1480 2687 1517 non
2722 1466 3028 1520 sentiebant
3059 1483 3118 1523 se
3148 1469 3387 1542 aagrotos'
3407 1489 3425 1526 :

1848 1551 1902 1596 et
1935 1548 2162 1600 saturati
2183 1549 2441 1615 iactantia
2463 1550 3056 1620 falszejttstilicaliouis,
3087 1555 3204 1611 ideo
3226 1557 3432 1614 nescie-

1845 1633 1976 1689 bant
2021 1638 2229 1696 esurire
2273 1642 2735 1710 misericordiam,
2769 1656 2822 1698 et
2871 1661 3112 1716 quterere
3157 1648 3426 1704 medicum

1848 1735 2118 1796 perpetuze
2143 1729 2408 1786 sanitatis.
2436 1732 2682 1803 Alioquin
2723 1737 2844 1805 quis
2871 1747 2985 1791 erat
3015 1738 3066 1791 in
3097 1753 3294 1809 genere
3320 1740 3421 1794 hu-

169 1807 324 1862 I'cl'ert
372 1809 480 1862 alia
527 1808 702 1863 lucra.
751 1805 816 1862 Ει
862 1809 1024 1862 Siculi
1073 1807 1211 1862 beati
1259 1809 1584 1880 piscatores,
1629 1808 1741 1877 iam
1771 1808 1819 1870 Β
1849 1834 2009 1872 manu
2039 1835 2239 1887 sanus,
2269 1833 2567 1890 mgrotanle
2609 1826 2720 1895 ipsa
2769 1837 2959 1881 natura
2989 1805 3209 1897 peccato
3237 1830 3424 1898 prima

167 1901 291 1956 alios
323 1901 376 1955 in
411 1915 614 1972 sagena
663 1901 866 1957 Christi
915 1901 1132 1971 capiunt
1168 1902 1374 1972 pisces,
1427 1902 1494 1955 ita
1544 1902 1630 1957 hic
1675 1902 1740 1957 de

162 1993 364 2062 negotio
426 1993 598 2048 veniae
643 1992 776 2048 alios
827 2009 1009 2048 secum
1064 2003 1378 2063 peceatores
1426 2005 1479 2049 et
1506 1995 1740 2064 publica-

167 2099 253 2138 nos
281 2084 557 2154 plurimos
600 2083 764 2162 5.36
810 2085 1036 2151 invitat,
1085 2095 1140 2140 et
1183 2103 1370 2141 onmes
1423 2089 1739 2144 recumbunt

160 2193 264 2230 cunt
295 2175 430 2232 Iesu
461 2178 516 2233 in
549 2178 708 2234 domo
732 2180 1139 2234 misericordiae.
1174 2181 1249 2235 De
1274 2181 1470 2250 quibus
1508 2198 1740 2253 evange-

155 2271 266 2327 lista
295 2272 517 2328 Marcus
549 2290 563 2327 :
595 2273 791 2340 Multi,
822 2274 1025 2343 inquit,
1054 2285 1354 2344 peccatores
1389 2285 1436 2328 et
1473 2274 1737 2343 publicani

155 2365 516 2418 recumbebant
533 2381 654 2418 cum
677 2363 804 2418 Jesu
825 2375 871 2417 et
886 2363 1160 2434 discipulis
1182 2363 1295 2434 ejus
1317 2361 1512 2434 (Marc.
1540 2382 1597 2428 ll,
1631 2365 1733 2436 l5).

153 2457 315 2512 Erant
355 2458 504 2512 enim
535 2456 689 2512 tnulti
720 2457 813 2528 qui
860 2455 1222 2528 sequebantur
1251 2472 1396 2511 cum.
1428 2455 1738 2525 Sequeban-

151 2560 232 2604 tur
274 2559 502 2614 autem,
533 2551 660 2619 quia
706 2549 831 2604 huic
856 2549 1057 2604 dictum
1108 2547 1320 2614 fuerat,
1370 2547 1595 2618 Sequere
1637 2563 1733 2602 me.

148 2641 380 2712 Apparet
418 2655 551 2712 ergo
578 2640 718 2712 quod
751 2639 900 2714 prius
929 2655 1026 2710 per
1053 2638 1408 2708 ignorantiam
1436 2637 1580 2692 lucra
1607 2654 1736 2690 con-

143 2736 454 2804 quisierant
496 2731 784 2804 praesentia
805 2774 820 2798 ,
852 2733 943 2802 qui
977 2741 1086 2788 tam
1117 2731 1297 2787 subito
1319 2732 1386 2784 ad
1415 2746 1571 2784 unius
1610 2746 1737 2783 con-

152 2827 460 2882 versionem
488 2825 629 2896 rapti
653 2834 781 2880 sunt
803 2826 869 2879 ad
895 2825 1096 2879 divina.
1124 2821 1304 2878 Facile
1327 2822 1470 2877 enim
1501 2833 1738 2877 contem-

147 2919 307 2978 nitur,
337 2917 486 2988 quod
513 2917 570 2972 in
597 2915 1056 2986 comparationem
1083 2913 1289 2984 adepta:
1310 2911 1388 2968 rei
1418 2911 1734 2967 vilissimum

144 3005 436 3074 iudicatur.
465 3005 603 3062 Tum
627 3020 919 3078 generosus
937 3003 1060 3074 jure
1089 3012 1342 3059 censetur
1375 3003 1587 3057 animus
1608 3043 1621 3068 ,
1643 3001 1734 3072 qui

150 3106 256 3150 tam
309 3097 496 3152 subito
526 3111 624 3166 per
655 3095 842 3159 fidem,
877 3111 998 3164 qua:
1042 3109 1232 3165 magna
1261 3101 1512 3163 putarat,
1542 3100 1596 3147 et
1626 3101 1733 3146 tam

1843 1911 2104 1981 originis?
2151 1914 2285 1969 llinc
2329 1916 2591 1990 benignus
2639 1921 2878 1975 medicus
2923 1921 3096 1976 adhuc
3129 1937 3222 1977 eos
3265 1922 3422 1992 quasi

1843 2003 2161 2075 languentes
2197 2019 2396 2062 monet.
3189 2021 3207 2033 ‘

1913 2094 2132 2162 Euntes,
2160 2098 2349 2169 inquit,
2368 2100 2550 2153 discite
2569 2100 2694 2170 quid
2722 2101 2788 2154 sit
2813 2117 2830 2154 :
2857 2099 3273 2156 Misericordiam
3301 2105 3416 2158 volo

1840 2197 1887 2240 et
1913 2204 2014 2242 non
2029 2191 2365 2260 sacri/icium.
2391 2192 2464 2246 De
2479 2193 2737 2263 propheta
2756 2193 3038 2262 proferens
3053 2195 3420 2252 testimonium

1841 2277 2089 2348 suggillat
2124 2282 2264 2352 quod
2305 2280 2477 2348 justos
2504 2298 2562 2338 se
2585 2283 2964 2338 existimantes
2991 2294 3335 2355 peccatorum
3363 2294 3420 2342 et

1838 2367 2248 2438 publicanorum
2295 2374 2567 2429 consortia
2615 2375 2958 2439 declinarint,
3007 2385 3292 2446 propterea
3335 2377 3420 2432 in-

1841 2461 1974 2514 vitat
2004 2461 2068 2516 ad
2103 2462 2422 2526 doctrinam,
2459 2474 2517 2518 ut
2542 2465 2720 2520 dicant
2745 2465 2871 2536 quid
2894 2466 2965 2520 sit
2987 2467 3128 2534 quod
3157 2467 3421 2536 scriptum

1838 2565 1869 2604 c
1904 2558 1944 2612 ι,
1968 2549 2379 2607 .lliscricordiam
2395 2553 2507 2607 colo
2529 2565 2698 2609 etnon
2726 2555 3041 2624 sacriﬁcium
3063 2554 3206 2627 (Ose.
3236 2571 3312 2620 Vt,
3339 2557 3414 2627 6).

1841 2637 2262 2695 Illismicordiam
2291 2656 2418 2714 ergo
2449 2643 2561 2696 vul‘t
2607 2643 2787 2698 divina
2836 2644 3030 2716 pietas,
3075 2652 3134 2699 ut
3170 2645 3414 2701 onmium

1841 2730 2180 2794 ntiscreatttr,
2211 2741 2263 2787 et
2295 2749 2484 2790 omnes
2531 2750 2650 2790 eam
2699 2735 3005 2806 implorent,
3053 2746 3216 2808 atque
3272 2752 3420 2816 comt-

1837 2819 2106 2890 patientcs
2127 2822 2177 2876 in
2204 2823 2430 2879 invicem
2447 2826 2873 2881 misericordiam
2899 2827 3224 2896 prmstando,
3241 2827 3420 2884 nullus

1839 2910 2156 2968 inﬁrmitate
2200 2915 2366 2969 miser
2397 2925 2700 2983 remaneat;
2733 2917 2876 2986 quod
2918 2917 3004 2971 isti
3041 2917 3415 2988 dedignantes,

1840 3017 1938 3054 nec
1967 3001 2085 3055 aliis
2110 3012 2386 3071 przestare,
2412 3020 2512 3060 nec
2545 3005 2644 3060 sibi
2684 3022 2926 3076 quzererc
2967 3007 3254 3071 curabant,
3294 3022 3417 3060 cre—

1840 3091 2028 3148 dentes
2055 3108 2112 3148 se
2141 3094 2190 3148 in
2207 3096 2513 3162 sacrificiis,
2540 3106 2594 3152 et
2619 3099 2879 3163 sabbatis,
2911 3115 2976 3153 ac
3019 3097 3317 3154 neomeniis
3331 3099 3416 3168 ju-

147 3185 303 3242 facile
335 3196 529 3258 captus
561 3201 746 3240 amore
776 3185 1014 3240 melioris
1059 3184 1180 3238 vita:
1207 3181 1593 3254 praetermittit.
1622 3180 1726 3238 Sed
1758 3167 1805 3231 C
1837 3183 2223 3252 stilicari.Qu:e
2245 3187 2370 3242 dum
2384 3189 2862 3260 reprobat,horum
2879 3167 3417 3246 sectatoresostendit

148 3278 345 3332 invidia
381 3292 601 3350 semper
644 3275 788 3332 bono
819 3275 1047 3331 alterius
1094 3284 1396 3346 torquetur,
1443 3282 1731 3344 propterea

145 3363 408 3422 Pharisaei
433 3367 634 3421 adeunt
660 3365 950 3436 discipulos
985 3365 1228 3421 dicentes
1263 3384 1276 3419 :

153 3445 166 3452 ’
215 3457 402 3527 Quare
439 3461 687 3532 magister
710 3469 876 3514 vester
915 3475 1033 3512 cum
1061 3457 1352 3530 publicanis
1377 3466 1422 3510 et
1449 3457 1735 3528 peccatori-

145 3557 246 3607 bus
289 3552 611 3605 manducet?
648 3551 892 3606 Primum
923 3550 1164 3605 inﬁrmos
1213 3551 1390 3605 adhuc
1419 3551 1621 3607 adeunt
1653 3549 1736 3603 di-

145 3640 437 3714 scipulos,
473 3641 589 3712 quia
623 3659 728 3698 non
769 3643 969 3698 audent
994 3651 1178 3714 aperte
1208 3641 1521 3713 Magistrum
1553 3657 1733 3712 repre-

145 3731 413 3788 hendere.
453 3729 644 3788 Deinde
669 3748 824 3787 suam
863 3733 1160 3788 ostendunt
1196 3733 1521 3802 imperitiam
1543 3773 1558 3799 ,
1590 3730 1734 3802 quod

148 3839 243 3878 nec
274 3822 488 3892 seipsos
540 3821 875 3894 intelligant,
906 3837 1004 3878 nec
1049 3837 1171 3876 eum
1211 3837 1372 3892 quem
1409 3819 1726 3878 calumniari

150 3922 436 3968 conantur.
463 3908 724 3968 Nesciunt
763 3912 947 3968 miseri
985 3913 1128 3982 quod
1155 3928 1314 3967 nemo
1333 3913 1450 3968 sine
1472 3909 1689 3984 peccato
1715 3933 1728 3970 :

149 4012 206 4060 et
240 4005 285 4058 si
316 4004 696 4074 peccatoribus
749 4019 856 4058 non
906 4004 1366 4070 communicaret,
1417 4019 1575 4058 nemo
1620 4004 1730 4058 vita

144 4094 339 4170 dignus
366 4106 534 4154 esset.
587 4096 751 4152 Venit
792 4096 1022 4166 denique
1057 4095 1135 4151 eis
1161 4097 1279 4151 haec
1313 4095 1624 4166 superstitio
1663 4094 1732 4150 de

139 4191 420 4259 iactantia,
472 4199 527 4247 et
575 4206 684 4245 non
733 4189 800 4244 de
834 4189 1068 4258 justitia,
1099 4189 1382 4260 quoniam,
1421 4188 1560 4244 sicut
1600 4187 1736 4243 Pro-

144 4284 302 4354 pheta
332 4282 487 4338 canit
507 4324 524 4345 ,
559 4281 684 4336 Non
705 4280 1088 4352 justiﬁcabitur
1115 4282 1170 4335 in
1200 4293 1473 4352 conspectu
1497 4289 1587 4335 tuo
1617 4298 1729 4338 om-

147 4377 222 4430 nis
249 4377 426 4430 virens
460 4371 636 4446 (Psal.
669 4387 846 4439 chtt,
891 4371 969 4445 2).
1020 4369 1174 4428 Unde
1203 4372 1460 4426 Dominus
1507 4372 1732 4428 audiens

144 4467 256 4522 hac
300 4466 525 4532 aiebat,
560 4463 685 4518 Non
718 4473 793 4518 est
835 4479 965 4534 opus
1015 4461 1305 4518 valentibus
1333 4461 1594 4530 medicus,
1641 4462 1732 4517 sed

1833 3281 2148 3340 peceatores
2168 3291 2304 3338 esse,
2336 3289 2388 3330 et
2409 3291 2664 3345 provocat
2685 3279 3003 3348 quantocius
3019 3280 3082 3334 ad
3109 3279 3415 3334 miscricor-

1836 3365 1976 3420 diam
2009 3367 2313 3422 convolare.
2350 3368 2610 3424 Medicum
2650 3373 2864 3442 quidem
2911 3387 2968 3426 se
2997 3372 3108 3426 vult
3164 3372 3445 3445 intelligi,_

1835 3455 1926 3525 qui
1959 3457 2168 3511 noverit
2201 3456 2545 3514 inﬁrmitates
2569 3474 2778 3523 eorum,
2808 3461 2897 3529 qui
2935 3475 2999 3513 ex
3040 3458 3250 3528 justitia
3277 3459 3411 3530 legis

1837 3547 2118 3602 tumebaut
2188 3549 2565 3618 superstitiosa
2642 3550 3090 3618 pnesumptione;
3158 3561 3413 3604 cancrum

1836 3639 1975 3694 male
2019 3640 2365 3706 habentibus,
2442 3641 2534 3711 qui
2587 3657 2696 3696 sua:
2733 3639 3040 3711 fragilitatis
3087 3643 3416 3698 conscientia

1834 3729 1983 3794 victi,
2013 3729 2242 3801 gratiam
2292 3732 2593 3801 requirunt,
2624 3747 2682 3786 se
2729 3731 2886 3785 oﬂ‘ert
2933 3731 3258 3786 ultroneum.
3308 3731 3409 3788 Ubi

1834 3820 1990 3876 simul
2017 3822 2272 3886 ostendit,
2297 3829 2356 3876 ut
2381 3823 2641 3892 praunisi,
2660 3823 2802 3892 quod
2829 3822 2906 3888 hi,
2937 3839 3074 3892 quos
3099 3822 3412 3894 culpabant,

1833 3929 1939 3966 non
1973 3911 2308 3984 in-pristinis
2332 3913 2681 3984 permansere
2707 3916 2870 3984 vitiis,
2901 3917 2993 3972 sed
3037 3917 3411 3986 penitentiam

1833 4013 2051 4073 agentes
2076 4006 2454 4074 przecesserint
2481 4006 2534 4060 in
2561 4022 2724 4078 regno
2750 4008 2841 4062 Dei
2872 4008 3155 4064 venientes
3170 4008 3236 4063 ad
3257 4008 3414 4063 Chri-

1833 4101 1997 4150 stum.
2020 4093 2100 4150 Ad
2132 4096 2232 4151 hoc
2253 4097 2450 4167 quippe
2487 4097 2804 4154 vulneratus
2847 4108 2928 4154 est
2965 4108 3186 4170 propter
3212 4100 3410 4170 iniqui-

1835 4189 1972 4238 tates
2002 4193 2236 4251 nostras,
2266 4194 2328 4240 ut
2352 4186 2470 4256 ejus
2503 4185 2670 4242 livore
2697 4203 3034 4242 sanarentur.
3061 4187 3294 4242 Attritus
3327 4199 3410 4244 es;

1831 4283 2049 4345 propter
2077 4276 2282 4331 scelera
2296 4285 2502 4344 nostra,
2529 4285 2590 4332 ut
2613 4279 2780 4349 gratis
2807 4260 2876 4333 ab
2895 4274 3412 4346 eojustiticaremur.

1833 4365 1986 4422 Unde
2023 4369 2134 4422 ait:

1912 4459 2034 4514 Non
2075 4463 2186 4516 veni
2220 4479 2402 4517 vocare
2420 4466 2616 4532 justas,
2663 4465 2754 4520 sed
2787 4477 3102 4536 peccatores.
3137 4465 3242 4522 Sed
3273 4466 3412 4526 forte

145 4559 275 4614 male
303 4524 648 4612 habentibus.
680 4554 796 4610 Non
839 4524 981 4626 quod
1013 4553 1246 4624 aliquem
1280 4566 1474 4610 sanum
1505 4571 1532 4608 a
1568 4524 1815 4610 medi-n
1839 4560 2017 4608 movet
2064 4551 2317 4623 aliquem,
2347 4524 2615 4624 quomodo
2650 4524 2866 4622 dixerit,
2901 4557 3025 4614 Non
3065 4559 3178 4612 veni
3213 4524 3412 4629 justas,

143 4650 257 4705 cina
289 4664 414 4706 suae
439 4647 634 4703 salutis
659 4647 968 4720 exciperet,
996 4647 1089 4701 sed
1120 4653 1176 4702 ut
1212 4661 1402 4702 onmes
1449 4663 1570 4704 reos
1610 4664 1732 4704 esse

147 4749 504 4798 monstraret.
555 4737 709 4807 Quod
752 4737 799 4792 si
843 4737 1104 4793 medicina
1158 4737 1300 4794 circa
1347 4747 1578 4808 aegrotos
1625 4756 1733 4796 non

143 4834 307 4893 fuerit
329 4834 578 4890 adhibita
600 4873 616 4898 ,
645 4833 795 4888 sanis
821 4831 949 4902 quid
978 4833 1232 4900 prodesse
1263 4831 1497 4901 poterit?
1522 4832 1602 4887 Ad
1631 4833 1734 4888 hoc

143 4909 344 4998 quippe
372 4924 440 4978 ad
470 4921 785 4976 Mattbteum
816 4919 997 4985 venit,
1039 4921 1163 4990 quia
1197 4919 1284 4975 ille
1315 4931 1552 4993 aagrotus
1581 4930 1728 4990 erat,

142 5023 202 5072 ut
224 5013 479 5070 avaritia:
509 5021 728 5068 curaret
755 5011 978 5066 vulnera
998 5053 1013 5078 ,
1045 5021 1105 5066 ut
1131 5013 1601 5082 concupiscentiae
1649 5029 1732 5069 re-

143 5105 474 5177 stingueret.
501 5101 620 5157 Non
653 5111 831 5158 tamen
857 5103 972 5158 ilth
1004 5103 1124 5158 ideo
1163 5103 1325 5170 dicit,
1361 5103 1516 5174 quasi
1546 5104 1619 5158 illi
1640 5105 1732 5175 qui

141 5210 265 5251 eum
295 5191 708 5263 reprehendere
752 5191 1113 5246 moliebantur
1151 5193 1266 5248 sani
1298 5201 1508 5258 essent,
1541 5193 1633 5249 sed
1675 5202 1734 5248 ut

145 5281 562 5340 inﬁrmantibus
605 5296 664 5337 se
713 5283 1032 5338 medicinam
1086 5283 1416 5339 ostenderet.
1467 5283 1734 5340 Caaterum

143 5375 266 5433 illos
303 5375 406 5446 qui
434 5375 501 5429 de
530 5373 663 5428 falsa
692 5373 826 5445 legis
847 5371 1061 5442 iustitia
1100 5377 1530 5446 praesumebant,
1565 5381 1735 5450 magis

143 5466 535 5542 exprobrando
561 5465 762 5538 tangit,
795 5481 958 5537 quam
1011 5474 1070 5520 ut
1095 5467 1292 5538 -justos
1321 5483 1443 5523 esse
1475 5469 1734 5526 conﬁtea-

146 5571 255 5616 tur.
309 5560 396 5614 Ac
423 5557 467 5614 si
495 5565 682 5628 aperte
707 5556 850 5612 dicat
878 5577 892 5611 :
923 5557 1184 5614 Omnibus
1209 5559 1360 5624 veni,
1394 5561 1519 5630 quia
1547 5577 1736 5618 omnes

141 5637 612 5732 inorbo_pressos
653 5651 808 5719 novi;
855 5653 950 5708 sed
989 5652 1174 5720 vobis,
1213 5654 1306 5726 qui
1352 5655 1418 5711 de
1452 5656 1738 5726 supercilio

147 5743 312 5800 mala!
356 5727 794 5818 praesumptionis
823 5743 1119 5816 jactitatis,
1171 5761 1284 5801 non
1321 5761 1457 5818 opus
1505 5747 1733 5806 videor:

1837 4642 1927 4698 sed
1963 4653 2256 4714 peccatores
2287 4661 2488 4711 vocare,
2539 4662 2660 4702 cttm
2715 4648 2966 4706 onuiibus
3018 4657 3218 4719 pateat,
3270 4652 3414 4720 quod

1835 4737 1998 4794 etiam
2037 4751 2150 4803 eos,
2179 4753 2318 4808 quos
2363 4738 2657 4795 secundum
2691 4738 2958 4808 justitiam
3001 4741 3248 4799 Mosaicae
3279 4743 3414 4813 legis

1836 4837 1998 4900 atque
2027 4829 2268 4884 instituta
2301 4829 2568 4899 perfectos
2593 4831 2818 4898 invenit,
2851 4832 2918 4888 ad
2941 4833 3264 4906 evangelicae
3291 4833 3408 4889 cul-

1837 4935 1960 4974 men
2001 4919 2353 4989 perfectionis
2401 4921 2660 4992 plurimos
2703 4925 2931 4980 vocavit.
2994 4925 3052 4980 Si
3095 4925 3240 4980 enim
3269 4923 3416 4984 solos

1835 5020 2166 5080 peccatores,
2191 5020 2244 5066 et
2269 5027 2374 5068 non
2401 5014 2565 5068 etiam
2599 5011 2775 5082 iustos
2802 5029 2869 5070 ex
2902 5015 3018 5086 lege
3048 5023 3288 5078 vocaret,
3318 5027 3413 5068 ue-

1787 5133 1792 5138 -
1835 5118 2104 5176 quaquam
2150 5103 2452 5161 Nathanael
2505 5105 2850 5178 discipulatui
2917 5107 3034 5178 ejus
3085 5107 3412 5174 adhaereret,

1838 5211 1997 5268 quem
2044 5195 2111 5250 ad
2164 5211 2223 5252 se
2275 5197 2577 5254 venientem
2634 5206 2782 5254 tanta
2826 5197 2982 5253 laude
3009 5198 3228 5269 dignum
3259 5197 3416 5252 duxit

1840 5285 2121 5340 extollere.
2163 5285 2268 5342 Sed
2306 5295 2361 5343 et
2385 5287 2568 5343 caueri
2623 5303 2760 5358 quos
2792 5303 2860 5343 ex
2884 5287 3002 5358 lege
3028 5285 3206 5356 justos
3244 5283 3412 5342 fuisse

1842 5395 2002 5434 nemo
2036 5379 2263 5445 dubitat,
2305 5396 2576 5450 nunquam
2625 5381 2692 5435 ad
2737 5380 2926 5435 altiora
2960 5379 3126 5452 438
3153 5379 3406 5452 erigeret,

1837 5471 1882 5526 si
1915 5471 2090 5542 etiam
2111 5471 2177 5526 de
2215 5471 2300 5527 bis
2328 5487 2432 5526 non
2461 5473 2682 5544 eligeret
2711 5487 2807 5542 per
2848 5473 3098 5543 gratiam,
3147 5487 3283 5541 quos
3311 5459 3415 5537 vol

1840 5572 2008 5618 caret.
2054 5562 2222 5631 Quem
2271 5564 2446 5619 locum
2486 5579 2615 5618 sane
2667 5563 2840 5619 Lucas
2883 5563 3121 5636 apertius
3169 5564 3416 5620 fortassis

1841 5655 2087 5726 explanat
2151 5653 2300 5727 (Luc.
2353 5671 2403 5720 v,
2452 5655 2587 5726 32):
2624 5655 2746 5710 Non
2800 5655 2937 5722 veni,
2986 5657 3180 5727 inquit,
3229 5673 3412 5712 vocare

1835 5749 2044 5820 justas,
2074 5745 2164 5802 sed
2186 5757 2477 5801 peccatores
2506 5746 2559 5800 ia
2585 5747 2974 5820 paenitentiam;
2995 5763 3061 5804 ac
3096 5747 3142 5805 si
3167 5753 3414 5821 patenter
