4004 6362
582 357 685 412 575

1397 360 1456 416 S.
1495 353 1850 418 PASCHASII
1886 358 2235 417 BADBERTI
2272 359 2561 417 ABBATIS
2595 356 3040 417 CORBEIENSIS

3733 360 3832 417 376

581 471 855 525 insinuet:
879 469 1080 527 Omnes
1116 472 1331 542 quidem
1361 473 1560 528 electos
1588 475 1655 529 ad
1684 489 1852 543 regna
1889 473 2150 550 caelorum
2177 485 2232 544 Α
2255 489 2398 530 nunc
2451 472 2716 528 adulando
2757 474 3117 544 interrogant,
3177 483 3325 528 nunc
3364 471 3832 544 reprehendendo,

581 561 840 616 Dominus
888 570 1076 629 vocat;
1120 563 1212 617 sed
1257 563 1376 619 illos
1436 563 1768 619 solummodo
1796 565 1861 620 ad
1888 566 2153 636 poeniten-

582 652 734 718 tiam,
783 668 920 723 quos
963 653 1210 724 graviora
1259 654 1453 709 delicta
1494 654 1681 727 ligant.
1711 655 1834 712 lllos
1864 655 2150 727 siquidem,

581 751 641 796 ut
663 743 998 812 perfectioris
1014 744 1135 798 vita:
1157 743 1368 800 culmen
1390 745 1826 816 apprehendant;
1857 746 1988 802 istos
2002 761 2153 812 vero,

581 845 674 901 ut,
710 851 808 905 per
855 837 1227 906 pmnitentiam
1287 839 1532 909 priorum
1589 846 1769 895 errata
1832 837 2152 894 delictorum

581 928 856 983 damnent.
885 929 1068 985 Potest
1102 939 1281 985 tamen
1325 940 1380 986 et
1427 930 1584 987 aliter
1624 932 1987 1003 interpretari,
2029 931 2154 986 Non

580 1023 694 1075 veni
722 1038 904 1076 vocare
933 1023 1132 1092 justas,
1181 1038 1248 1080 eo
1286 1025 1430 1094 quod
1470 1040 1576 1079 non
1626 1024 1745 1080 illos
1786 1026 2063 1080 vocaverit
2088 1041 2153 1080 ex

579 1112 1066 1180 prmdestinatione,
1097 1114 1186 1182 qui
1237 1130 1388 1168 suam
1418 1114 1658 1171 volentes
1701 1115 1970 1186 justitiam
2025 1131 2155 1170 con-

579 1203 800 1259 stituere
823 1204 914 1260 Dei
933 1206 1156 1276 justitite
1187 1223 1292 1262 non
1314 1217 1438 1262 sunt
1466 1206 1710 1275 subjecti,
1743 1208 1836 1262 sed
1863 1222 1955 1263 eos
1979 1208 2155 1277 potius

579 1294 693 1364 qui,
731 1311 841 1350 sua:
866 1286 1165 1366 fragilitatis
1193 1299 1416 1363 conscii,
1434 1298 1677 1354 conﬁteri
1700 1315 1806 1355 non
1829 1299 2155 1353 erubescant

579 1388 721 1455 quod
762 1403 950 1444 omnes
997 1400 1354 1459 peccaverunt
1400 1400 1454 1446 et
1507 1399 1666 1461 egent
1715 1391 1887 1461 gratia
1944 1390 2060 1456 Dei,
2101 1398 2157 1444 et

580 1477 719 1544 quod
753 1477 804 1531 in
835 1477 1371 1535 multisoffendimus
1407 1495 1616 1535 omnes.
1647 1478 1798 1534 Licet
1825 1478 2069 1550 profecto
2100 1485 2156 1532 et

581 1566 645 1621 de
677 1568 760 1623 his
786 1571 1077 1636 vocaverit,
1125 1586 1259 1641 quos
1312 1572 1463 1642 prius
1516 1571 1648 1626 falsa
1679 1571 1897 1626 inflabat
1942 1570 2153 1641 justitia

580 1667 854 1715 correctos
882 1662 947 1715 ad
978 1661 1380 1731 paenitentiam;
1413 1671 1590 1717 tamen
1622 1659 1986 1726 manifestum,
2010 1660 2153 1731 quod

582 1766 686 1805 non
708 1752 820 1822 jam
851 1752 915 1807 de
957 1769 1049 1808 sua
1078 1753 1160 1808 vel
1191 1753 1324 1823 legis
1344 1754 1552 1823 justitia
1591 1762 2007 1822 praesumentes;
2059 1752 2152 1806 sed

2255 582 2398 622 nunc
2412 565 2568 632 dolis,
2599 580 2742 621 nunc
2766 565 2998 631 insidiis,
3024 580 3167 621 nunc
3190 565 3392 636 apertis
3417 566 3669 622 odiorum
3695 567 3836 625 blas-

2255 657 2486 730 phemiis
2529 665 2692 727 atque
2743 655 3084 712 contumeliis
3125 665 3408 727 appetunt,
3462 658 3710 730 pulsant,
3756 659 3837 717 in-

2256 758 2550 812 sectantur,
2572 756 2628 803 et
2647 747 2868 818 cupiunt
2887 748 3224 812 subvertere,
3255 762 3415 818 quem
3438 763 3598 804 nemo
3627 748 3833 814 fallere,

2257 855 2415 895 nemo
2442 839 2710 894 contraire
2740 846 2972 908 poterat.
3003 837 3140 892 Hinc
3170 845 3253 893 est
3281 853 3415 894 sane
3467 838 3612 908 quod
3643 838 3839 894 Phari-

2257 932 2348 988 saei
2404 931 2556 1001 prius
2593 930 2733 1000 apud
2771 928 3061 999 discipulos
3103 939 3288 983 notam
3321 930 3377 983 in
3423 928 3747 999 magistrum
3773 930 3840 985 de

2255 1021 2657 1093 publicanorum
2685 1020 2931 1076 convivio
2960 1027 3309 1089 componunt,
3344 1020 3486 1088 apud
3515 1025 3836 1086 magistrum

2255 1128 2398 1167 nunc
2425 1113 2618 1167 iterum
2647 1111 2735 1166 isti
2765 1125 2872 1166 una
2898 1125 3022 1165 cum
3049 1111 3255 1164 eisdem
3279 1107 3572 1164 Pharisaeis
3595 1106 3839 1187 discipu—

2255 1203 2336 1261 los
2370 1205 2606 1276 captiose
2647 1203 2801 1274 quasi
2827 1201 3019 1272 jejunii
3069 1202 3302 1267 nescios,
3343 1209 3400 1256 et
3436 1199 3575 1270 gula:
3615 1199 3833 1254 deditos

2257 1305 2536 1352 accusant.
2567 1294 2916 1350 Praetendunt
2943 1294 3130 1365 "igitur
3168 1293 3449 1364 discipulis
3475 1293 3541 1348 de
3572 1292 3839 1362 magistro

2256 1389 2476 1459 laqueos
2498 1388 2764 1451 odiorum,
2805 1393 2860 1441 et
2907 1386 3169 1456 magistro
3201 1400 3392 1440 rursus
3443 1384 3509 1440 de
3557 1381 3840 1452 discipulis

2256 1481 2494 1536 fomenta
2555 1477 2839 1534 discordia:
2903 1476 3194 1532 seminant.
3249 1473 3309 1528 In
3374 1480 3606 1543 utroque
3653 1482 3838 1528 tamen

2257 1580 2498 1640 agentes,
2531 1576 2592 1623 ut
2614 1567 2730 1636 ejus
2755 1566 3052 1622 doctrinam
3079 1563 3392 1629 evellerent,
3421 1573 3476 1619 et
3498 1571 3692 1618 contra
3715 1578 3841 1617 eum

2258 1660 2482 1718 insidias
2529 1659 2848 1714 excitarent.
2903 1656 3205 1712 lmmittunt
3233 1654 3524 1723 aliquando
3553 1653 3839 1724 oppositas

2256 1765 2538 1823 personas,
2569 1763 2712 1803 nunc
2736 1745 3084 1804 Sadducteos.
3118 1759 3261 1798 nunc
3295 1741 3654 1806 Herodianus,
3693 1757 3841 1796 nunc

580 1842 667 1897 isti
723 1851 776 1896 et
825 1842 898 1896 illi
945 1858 1132 1897 omnes
1184 1844 1273 1913 qui
1322 1844 1456 1898 salvi
1527 1842 1661 1896 ﬁunt
1725 1843 1901 1914 gratia
1951 1841 2153 1896 Christi
2183 1837 2230 1897 B
2259 1843 2357 1914 ipsi
2402 1855 2500 1910 per
2543 1853 2600 1894 se
2642 1835 2902 1892 Pharisaei
2951 1833 3187 1889 arcuatis
3225 1833 3454 1888 saeviunt
3501 1830 3721 1901 iaculis.
3772 1831 3843 1886 Et

579 1934 644 1986 ad
671 1934 881 1988 veniam
900 1931 1286 2002 justiﬁcantur.
1315 1934 1608 2003 Propterea
1637 1947 1765 2001 ergo
1789 1933 1912 2002 jure
1940 1947 2044 1986 non
2072 1930 2158 1999 ju-

578 2034 691 2078 stos
713 2037 908 2077 vocare
927 2024 1152 2088 dicitur;
1184 2024 1309 2094 quia
1331 2025 1429 2078 etsi
1447 2023 1713 2093 justitiam
1737 2021 1871 2092 legis
1897 2022 2155 2088 habuere,

585 2116 797 2171 nonnisi
856 2114 1056 2171 Christi
1096 2116 1266 2186 gratia
1309 2114 1589 2183 justiﬁcati
1631 2114 1771 2184 apud
1811 2113 1977 2168 Deum
2009 2112 2158 2167 inve-

579 2206 820 2261 niuntur.
877 2206 990 2273 Qua
1050 2206 1116 2260 de
1163 2221 1324 2260 causa
1384 2205 1640 2271 insinuat,
1695 2205 1838 2274 quod
1885 2220 1993 2260 non
2034 2219 2157 2274 pec-

576 2306 788 2352 catores
843 2296 1027 2368 diligat
1077 2297 1354 2361 duntaxat,
1395 2299 1488 2351 sed
1547 2304 1859 2367 peccatores
1913 2295 2156 2350 absolute

583 2397 742 2441 vocat
771 2388 822 2441 in
846 2388 1244 2457 pmniteutiam,
1285 2399 1344 2443 ut
1385 2404 1480 2444 eos
1512 2404 1611 2457 per
1637 2389 1880 2443 eamdem
1907 2388 2156 2457 baptismi

574 2477 975 2548 paenitentiam,
997 2477 1062 2532 de
1085 2493 1190 2548 qua
1215 2477 1373 2548 longe
1398 2494 1561 2548 supra
1582 2477 1835 2541 diximus,
1854 2477 1921 2532 ad
1942 2477 2156 2532 veniam

570 2569 680 2638 jam
705 2567 883 2637 justas
911 2571 1188 2642 suscipiat.
1224 2571 1432 2639 Quibus
1477 2569 1720 2641 profecto
1748 2569 1928 2625 verbis
1955 2569 2152 2640 duplici

575 2674 759 2714 errore
788 2659 907 2715 illos
935 2660 1188 2731 deceptos
1215 2660 1428 2732 probat,
1470 2660 1595 2714 dum
1622 2667 1678 2713 et
1705 2674 1763 2714 se
1785 2656 1962 2727 justos
2005 2657 2152 2712 arbi-

575 2749 883 2815 trabantur,
917 2759 969 2806 et
995 2767 1089 2807 eos
1117 2753 1547 2808 criminabantur
1579 2752 1828 2821 injustas,
1869 2752 1961 2820 qui
1984 2823 1990 2827 '
2015 2752 2152 2807 resi-

576 2844 834 2913 piscendo
863 2859 894 2897 a
925 2844 1079 2898 malis
1107 2843 1218 2911 jam
1245 2845 1468 2914 justitia:
1497 2845 1948 2914 prapinquabant.
1985 2842 2154 2912 lgitur

579 2947 678 2987 nec
709 2948 784 2996 se,
822 2949 924 2988 nec
976 2934 1096 2988 iltos
1127 2944 1428 2989 noverant:
1469 2935 1588 2988 ideo
1616 2933 1783 2988 Iudex
1825 2947 1918 2987 eos
1952 2932 2154 2988 discer-

580 3039 734 3089 nens,
770 3007 904 3078 istos
950 3023 1015 3076 ad
1042 3022 1395 3077 humilitatem
1454 3023 1718 3092 reprimit,
1761 3021 1879 3076 illos
1906 3021 1972 3076 ad
2003 3037 2152 3091 spem

578 3113 751 3168 venia:
775 3113 1058 3183 sublimat;
1091 3113 1333 3182 utrisque
1365 3121 1544 3166 tamen
1587 3128 1646 3166 se
1687 3111 1953 3166 medicum
1983 3111 2150 3181 gratis

2259 1934 2418 1988 modo
2445 1932 2666 1987 mittunt
2695 1927 2986 1997 discipulos
3011 1922 3258 1989 Joannis,
3287 1930 3348 1976 ut
3375 1921 3477 1992 ipsi
3499 1929 3694 1977 contra
3717 1935 3841 1975 eum

2255 2027 2494 2090 veniant,
2523 2038 2685 2094 quem
2709 2019 2968 2090 magister
2989 2016 3400 2087 praedicaverat.
3439 2012 3701 2084 Alioquin
3718 2028 3843 2083 qua:

2255 2126 2401 2174 esset
2443 2130 2630 2170 eorum
2669 2111 2900 2168 societas
2927 2123 3051 2162 cum
3097 2106 3302 2161 eisdem
3355 2104 3664 2170 Pharismis,
3695 2107 3835 2174 qm-

2256 2225 2378 2264 rum
2395 2208 2586 2279 dogma
2609 2205 2793 2274 dispar
2816 2200 2975 2256 erat?
3001 2198 3108 2254 Sed
3129 2196 3313 2267 junxit
3333 2211 3428 2253 eos
3452 2197 3680 2262 invidia,
3703 2211 3844 2267 quos

2256 2299 2537 2369 disciplina
2560 2295 2903 2351 dissociabat.
2927 2291 3004 2346 llli
3032 2290 3270 2360 quidem,
3286 2297 3346 2344 ut
3372 2288 3589 2360 Moysen
3618 2287 3844 2344 Christo

2256 2391 2610 2466 praeferrent;
2647 2388 2738 2443 isti
2768 2400 2917 2449 vero,
2946 2383 3124 2438 eidem
3153 2389 3213 2436 ut
3237 2380 3499 2437 Joannem
3545 2390 3847 2450 antepone-

2257 2491 2395 2538 rent.
2432 2479 2661 2548 Utrique
2693 2491 2880 2533 errore
2908 2489 3090 2545 pares,
3119 2473 3338 2543 utrique
3375 2471 3542 2526 livore
3596 2487 3845 2526 commu-

2256 2573 2397 2627 niter
2420 2570 2724 2626 saevientes.
2775 2566 2978 2635 Quibus
3029 2562 3312 2628 Dominus,
3368 2562 3495 2631 quia
3544 2561 3840 2631 disciplina

2253 2661 2478 2718 Joannis
2505 2669 2663 2717 erant
2695 2658 2908 2724 imbuti,
2944 2671 3201 2728 sponsum
3229 2669 3288 2710 se
3330 2654 3594 2720 insinuat,
3623 2654 3692 2710 de
3727 2669 3842 2725 quo

2255 2754 2514 2824 magister
2551 2765 2738 2807 eorum
2794 2747 3160 2818 praedixerat:
3211 2744 3316 2811 Qui
3367 2744 3519 2798 habet
3565 2761 3845 2814 sponsam,

2253 2862 2474 2916 sponsus
2519 2853 2620 2910 est,
2668 2843 2868 2898 amicus
2913 2851 3087 2894 autem
3134 2837 3312 2908 sponsi
3368 2836 3563 2906 gaudio
3618 2837 3845 2906 gaudet,

2254 2939 2378 3010 quia
2405 2945 2506 2991 stat
2528 2945 2574 2991 et
2593 2927 2738 2989 audit
2760 2947 2935 2987 vocem
2960 2929 3135 3001 sponsi
3159 2927 3339 3000 (Iaan.
3369 2943 3454 2992 ιιι,
3479 2926 3596 2997 29).
3624 2925 3698 2982 Et
3712 2943 3848 2983 con-

2255 3029 2532 3085 venienter
2569 3027 2720 3090 satis,
2753 3033 2815 3080 ut
2861 3040 2929 3079 ex
2975 3022 3217 3093 magistri
3249 3021 3334 3076 sui
3363 3035 3498 3077 voce
3523 3021 3845 3088 crederent,

2256 3129 2312 3174 et
2367 3135 2474 3173 non
2540 3125 2793 3187 cogerent
2831 3113 3132 3170 insidiando
3191 3121 3436 3184 tempora
3488 3112 3676 3181 sponsi
3720 3111 3849 3168 laeta

577 3193 753 3259 Olreri.
779 3203 886 3259 Sed
910 3204 962 3257 in
989 3203 1131 3268 istis,
1172 3211 1300 3272 puto
1325 3201 1414 3257 ille
1451 3202 1635 3256 senior
1659 3199 1800 3255 ﬁlius
1828 3200 1957 3256 foris
2002 3210 2151 3256 stans
2179 3189 2225 3253 C
2258 3200 2493 3267 tristiﬁis
2536 3208 2851 3281 permisceri
2899 3204 3226 3261 Pharisaicag
3269 3195 3423 3276 legis.
3474 3202 3588 3260 Nec
3614 3205 3848 3260 dubium

579 3295 804 3359 invidet,
832 3303 887 3350 et
907 3293 1046 3348 male
1065 3292 1304 3363 jejunat;
1339 3293 1392 3347 in
1424 3292 1530 3349 illis
1549 3307 1679 3347 vero
1693 3291 1880 3360 junior
1901 3307 2154 3350 reversus

578 3389 817 3457 paternis
853 3386 1185 3460 gloriﬁcatur
1225 3385 1400 3450 donis,
1448 3395 1503 3441 et
1529 3383 2153 3452 convescensjustiﬁca-

578 3491 686 3534 tur.
717 3480 867 3534 Felix
899 3488 1077 3534 tantus
1099 3476 1450 3550 evangelista,
1479 3477 1570 3546 qui
1600 3491 1697 3533 sua
1728 3477 1992 3531 duntaxat
2024 3491 2155 3531 con-

577 3573 842 3636 versione,
883 3587 1099 3643 gregem
1129 3570 1328 3626 meruit
1353 3568 1764 3640 publicanorum
1787 3567 1854 3622 ad
1876 3566 2152 3623 Christum

578 3665 810 3719 trahere.
865 3661 1018 3718 Unde
1043 3661 1184 3717 sicut
1221 3661 1273 3715 in
1304 3659 1572 3731 principio
1600 3657 1759 3727 hujus
1807 3659 1987 3729 operis
2017 3673 2154 3728 prae-

577 3757 850 3820 miseram,
883 3769 1068 3809 curam
1107 3753 1246 3822 gerit
1271 3752 1322 3806 in
1353 3752 1500 3806 omni
1529 3765 1691 3820 opere
1736 3765 1834 3806 suo
1861 3749 1929 3804 de
1961 3764 2154 3821 pecca-

578 3846 813 3910 toribus;
862 3843 1007 3913 quod
1047 3841 1295 3899 fortassis
1323 3839 1440 3910 ejus
1469 3841 1796 3906 convivium,
1831 3841 1887 3896 in
1923 3855 2031 3910 quo
2058 3855 2152 3895 eos

575 3953 696 3991 cum
725 3935 942 3990 Christo
974 3933 1327 3997 conduxerat,
1358 3933 1796 3997 demonstrabat;
1844 3931 1987 4001 quod
2035 3931 2151 4000 ipse

575 4027 686 4082 suis
713 4024 992 4094 exemplis,
1023 4039 1118 4079 sua
1159 4022 1428 4086 doctrina,
1475 4037 1586 4076 sum
1631 4021 2030 4091 praedicationis
2072 4019 2155 4075 of-

579 4118 720 4182 ficio,
752 4131 935 4170 curam
979 4128 1164 4169 eorum
1210 4123 1380 4183 gerat,
1420 4112 1513 4182 qui
1546 4110 1790 4166 nefandis
1834 4111 2153 4167 criminibus

577 4211 652 4265 rei
685 4210 1023 4273 tenebantur,
1055 4215 1114 4262 ut
1160 4221 1281 4261 cum
1328 4204 1545 4260 Christo
1573 4204 1746 4274 epulis
1767 4213 1984 4260 (sternte
2029 4204 2153 4259 vitae

576 4300 909 4370 Saginentur.
956 4297 1061 4352 Sed
1101 4296 1362 4366 quazritur
1417 4296 1485 4350 ad
1547 4295 1807 4361 litteram,
1856 4310 1977 4350 cum
2010 4295 2151 4351 sicut

573 4390 747 4446 Lucas
781 4389 1020 4444 insinuat
1049 4387 1199 4460 (Luc.
1227 4403 1279 4452 v,
1307 4386 1421 4457 28),
1460 4385 1662 4441 relictis
1690 4386 1938 4440 omnibus
1984 4385 2151 4460 5.39

574 4489 790 4536 secutus
813 4482 883 4536 sit
912 4469 1187 4536 Christum
1223 4480 1289 4534 de
1323 4479 1550 4541 teloneo,
1582 4479 1853 4549 quomodo
1882 4489 2068 4549 postea
2094 4481 2148 4535 in

574 4576 734 4629 doma
777 4590 871 4628 sua
906 4575 1017 4629 suis
1044 4573 1348 4644 sumptibus
1378 4581 1567 4644 pascat
1600 4587 1724 4627 eum
1754 4587 1877 4627 cum
1908 4562 2149 4643 publica-

576 4669 660 4723 nis
708 4677 762 4722 et
799 4666 1212 4739 peccatoribus?
1246 4666 1325 4721 Ex
1352 4681 1459 4736 quo
1489 4665 1660 4735 liquet
1685 4665 1829 4736 quod
1877 4681 1965 4721 res
2007 4666 2149 4720 votis

543 4749 767 4830 imagis,
822 4773 983 4828 quam
1036 4771 1199 4812 manu
1253 4756 1595 4827 relinquitur.
1669 4754 1909 4826 Reliquit
1967 4764 2148 4810 autem

570 4852 774 4917 omnia,
805 4867 872 4908 ex
902 4866 1009 4920 quo
1037 4865 1094 4906 se
1123 4848 1273 4904 novit
1293 4847 1443 4904 illum
1492 4847 1714 4912 imitari,
1742 4857 1798 4902 et
1826 4847 1949 4905 ideo
1969 4848 2022 4903 in
2053 4849 2149 4903 do-

571 4957 662 4997 mo
696 4957 811 5006 sua,
855 4955 960 5012 qua
1013 4938 1340 5009 praesidebat
1392 4937 1460 4993 ad
1517 4937 1810 5004 teloneum,
1845 4954 1954 4994 non
1992 4940 2148 5008 quasi

571 5032 831 5086 Dominus
863 5032 1070 5090 domus,
1097 5029 1191 5084 sed
1211 5029 1367 5099 quasi
1389 5028 1633 5083 minister
1663 5027 1835 5084 ﬁdelis
1861 5028 2067 5098 spernit
2093 5034 2149 5083 et

571 5126 844 5194 dispensat
871 5123 1071 5178 caduca
1095 5121 1407 5192 prudenter;
1433 5121 1519 5176 cui
1540 5129 1738 5176 aeterna
1761 5121 2146 5177 committenda

571 5226 745 5282 erant.
771 5217 827 5272 In
856 5216 1008 5285 cujus
1030 5215 1283 5270 nimirum
1307 5215 1554 5270 convivio
1575 5214 1892 5285 suppliciter
1917 5215 2147 5270 obsecro

572 5291 692 5365 clim
717 5309 935 5366 Christo
965 5307 1049 5363 vel
1079 5307 1298 5362 ultimus
1323 5305 1548 5376 cpulari,
1581 5314 1634 5358 et
1674 5305 1939 5360 medicina
1977 5305 2145 5375 ipsius

571 5421 606 5462 a
632 5406 789 5461 malis
824 5406 1018 5476 quibus
1055 5401 1372 5475 pmpedior,
1406 5403 1606 5456 sanari.

646 5496 814 5563 Tunc,
841 5497 1034 5566 inquit,
1057 5502 1384 5550 accesserunt
1407 5492 1475 5545 ad
1499 5508 1614 5547 eum
1636 5489 1881 5561 discipuli
1898 5489 2144 5558 Joannis,

572 5591 838 5644 dicentes:
871 5588 1047 5654 Quare
1074 5606 1168 5643 nos
1206 5597 1251 5642 et
1295 5585 1556 5640 Pharisa'i
1572 5585 1878 5656 jejunamus
1904 5585 2147 5658 frequen-

573 5693 670 5748 ter,
695 5680 937 5751 discipuli
982 5691 1155 5734 autent
1200 5680 1277 5732 tui
1326 5695 1428 5732 non
1477 5676 2016 5746 iejunant?Grandis
2050 5677 2144 5732 Ju-

574 5772 812 5830 daorum
853 5768 1052 5826 invidia
1081 5779 1136 5824 et
1172 5766 1374 5838 perﬁda
1409 5766 1696 5832 calliditas,
1727 5783 1831 5837 qua
1869 5765 2141 5825 Christum

2256 3301 2345 3356 illa
2363 3299 2589 3370 jejunia,
2621 3313 2729 3353 non
2751 3297 2816 3352 de
2839 3295 3122 3366 praeceptis
3160 3293 3445 3365 implendas
3471 3293 3630 3359 vitae,
3649 3295 3750 3349 sed
3779 3295 3850 3349 de

2257 3395 2550 3451 traditione
2591 3392 2992 3449 Pharisaeorum
3037 3389 3201 3464 “.0
3249 3398 3427 3455 erant,
3482 3390 3682 3461 quibus
3743 3389 3852 3445 Ec-

2254 3487 2431 3544 clesiae
2460 3485 2741 3558 prtesentis
2790 3483 3124 3555 ﬁgurabatur
3174 3477 3506 3538 observatio.
3557 3480 3719 3537 Unde
3746 3497 3851 3552 pa-

2255 3590 2432 3636 tenter
2479 3581 2590 3635 ait:
2627 3578 2752 3634 Non
2780 3587 2997 3649 possunt
3017 3577 3267 3649 jejunare
3295 3577 3397 3648 ﬁlii
3439 3594 3668 3648 sponsa.
3720 3575 3846 3632 Non

2253 3671 2396 3742 quod
2427 3685 2520 3725 eos
2534 3667 2782 3740 jejunare
2804 3667 2990 3734 nollet,
3022 3667 3324 3738 praesertim
3355 3683 3481 3723 cum
3512 3683 3704 3724 eorum
3730 3668 3850 3722 vita

2255 3779 2361 3818 non
2384 3762 2528 3816 aliud
2558 3776 2718 3831 quam
2736 3757 2999 3830 jejunium
3029 3757 3224 3827 fuerit;
3251 3759 3345 3816 sed
3374 3768 3432 3814 ut
3453 3759 3649 3816 altiora
3679 3761 3847 3816 nobis

2254 3857 2605 3914 monstraret,
2642 3848 2784 3919 quod
2827 3863 2933 3904 non
2959 3857 3186 3920 possunt
3208 3847 3455 3920 jejunare
3487 3849 3699 3920 jejunia
3749 3849 3849 3906 illa

2253 3943 2587 4008 Pharisaica,
2618 3957 2737 4012 quae
2785 3949 2878 3996 aut
2909 3942 2975 3998 de
3005 3942 3184 4014 rigore
3211 3941 3347 4014 legis
3395 3941 3717 4006 veniebant,
3751 3952 3852 3998 aut

2254 4036 2323 4090 de
2352 4034 2734 4104 superstitione
2763 4035 3166 4107 magistrorum.
3201 4034 3386 4104 Neque
3408 4034 3586 4091 adhuc
3611 4034 3724 4090 'illa
3753 4036 3846 4091 in-

2255 4123 2492 4190 stabant,
2523 4137 2642 4193 quae
2667 4133 2854 4194 postea
2877 4123 3114 4194 Spiritus
3145 4125 3320 4179 sancti
3351 4123 3528 4196 gratia
3567 4124 3846 4189 roborati,

2252 4215 2548 4287 perfectius
2569 4215 2947 4288 impleverunt.
2969 4216 3178 4271 Interea
3197 4216 3324 4286 quia
3343 4231 3596 4286 sponsam
3619 4217 3848 4286 quaerit,

2246 4307 2452 4380 jejunia
2473 4309 2703 4379 seponit,
2733 4308 2989 4379 relinquit
3019 4317 3256 4374 austera,
3285 4317 3338 4364 et
3362 4309 3508 4379 quod
3529 4323 3745 4380 sponsze
3766 4320 3854 4364 te-

2252 4417 2384 4457 nera
2415 4401 2750 4456 tantumdem
2783 4399 3015 4470 requirit
3050 4397 3281 4466 affectio,
3307 4408 3478 4456 totum
3525 4415 3585 4456 se
3610 4400 3707 4455 dat
3733 4402 3852 4471 spi—

2254 4493 2501 4550 ritalibus
2541 4492 2773 4565 gaudiis,
2809 4491 3051 4561 indulget
3096 4492 3290 4562 epulis,
3345 4503 3406 4546 ut
3432 4492 3503 4547 sit
3529 4492 3652 4546 ﬁliis
3703 4508 3854 4562 quos

2255 4585 2520 4640 laetantes
2547 4583 2715 4646 ducit,
2747 4591 2891 4637 totus
2916 4581 3164 4648 blandus,
3197 4591 3342 4638 totus
3362 4581 3611 4637 amabilis
3633 4591 3691 4636 et
3716 4598 3855 4638 sua-

2254 4673 2355 4738 vis,
2388 4679 2537 4727 totus
2558 4669 2804 4727 festivus.
2831 4668 3103 4726 Processit
3129 4671 3274 4726 enim
3306 4679 3561 4740 tanquam
3602 4685 3854 4740 sponsus

2253 4763 2320 4819 de
2343 4761 2578 4818 thalamo
2605 4778 2725 4828 suo,
2759 4770 2816 4816 et
2836 4760 3120 4816 exsultans
3144 4759 3385 4816 occurrit
3422 4775 3454 4815 a
3479 4765 3693 4815 summa
3728 4774 3855 4816 om-

2253 4853 2428 4908 lorum
2457 4853 2663 4908 vertice
2689 4867 2861 4923 usque
2889 4851 2956 4906 ad
2994 4867 3265 4907 summum
3293 4849 3430 4919 ejus,
3475 4851 3646 4906 donec
3673 4866 3858 4922 spon-

2253 4960 2371 5000 sam
2406 4943 2518 4999 suis
2541 4942 2828 4999 conﬁrmet
2855 4943 3089 4998 dotibus.
3134 4941 3363 5012 Propter
3390 4943 3533 5012 quod
3560 4942 3857 4999 interdum

2254 5036 2548 5105 praastabat
2594 5051 2653 5091 se
2693 5035 2922 5101 mensis,
2975 5033 3388 5090 convivantibus
3436 5027 3722 5100 intererat,
3791 5046 3860 5093 et

2251 5126 2504 5182 omnibus
2549 5125 2913 5182 communiter
2963 5141 3020 5180 se
3073 5124 3384 5191 exhibebat,
3437 5125 3608 5181 donec
3635 5127 3860 5182 divinis

2252 5218 2489 5273 humana
2516 5218 2888 5289 conjungeret,
2916 5225 2972 5272 et
3009 5215 3215 5274 faceret
3249 5216 3316 5272 de
3359 5219 3590 5273 terrenis
3613 5219 3866 5276 caeleste

2251 5313 2604 5367 consortium.
2653 5312 2762 5368 Nec
2807 5313 3056 5379 dubium,
3095 5313 3238 5382 quod
3280 5312 3332 5368 in
3359 5313 3644 5370 vocatione
3690 5312 3862 5369 beati

2255 5403 2511 5470 Matthaai,
2574 5403 2706 5458 licet
2761 5402 3019 5460 Hebraeus
3069 5412 3232 5470 esset,
3291 5405 3418 5474 quia
3463 5412 3652 5460 contra
3705 5404 3865 5476 legis

2254 5493 2587 5549 sanctionem
2619 5509 2678 5550 se
2713 5493 3080 5550 transfuderat
3102 5494 3364 5552 Romanis
3401 5509 3596 5567 parere
3615 5497 3865 5564 quaesti—

2253 5587 2374 5654 bus,
2423 5603 2520 5658 per
2571 5604 2694 5644 eum
2736 5588 2947 5644 vacatio
3003 5586 3257 5644 Gentium
3293 5588 3628 5659 designatur.
3682 5587 3867 5647 Unde

2252 5696 2374 5736 cum
2399 5697 2464 5735 eo
2493 5698 2615 5736 mox
2647 5683 2795 5736 multi
2826 5681 3098 5752 publicani
3149 5691 3204 5737 et
3247 5689 3566 5754 peccatores
3611 5682 3870 5739 veniunt

2253 5774 2558 5828 convivium
2613 5775 2968 5838 celebrantes,
3022 5782 3077 5829 et
3124 5789 3233 5832 non
3283 5773 3682 5846 qualecunque,
3743 5774 3874 5840 sed
