4004 6362
191 274 288 356 επ

991 298 1354 357 EXPOSITIO
1388 299 1456 355 IN
1496 262 2024 358 murimuri.—
2057 300 2202 388 Lm.‘
2221 302 2286 386 v,
2327 302 2609 380 can-lix.

3335 317 3444 375 378

189 432 446 488 magnum,
477 424 539 472 ut
564 413 743 473 Lucas
785 417 863 473 ait
890 416 1041 488 (Luc.
1074 435 1126 484 v,
1155 420 1271 490 29).
1313 419 1466 486 Quod
1509 417 1753 488 profecto
1781 421 1829 478 Λ
1856 417 2078 483 Deinde,
2105 419 2236 472 dicit
2258 419 2360 485 eis,
2387 423 2530 491 quod
2562 423 2951 492 nequissimum
2979 427 3106 482 illud
3132 427 3437 490 daemonum

186 511 398 583 mystice
436 509 569 564 illud
611 509 920 564 ostenditur
939 524 1060 564 esse
1083 511 1412 572 convivium,
1453 525 1559 579 quo
1593 509 1752 563 simul

187 615 400 673 sponsus
421 609 478 655 et
508 614 735 670 Sponsa.
764 599 1076 655 cmlestibus
1117 601 1395 670 redempta
1443 601 1620 666 donis,
1655 600 1753 655 foe-

187 692 448 747 derantur.
480 688 551 742 Et
581 698 641 742 ut
668 688 830 744 altius
853 687 1046 756 fatear,
1075 689 1216 744 idem
1242 705 1476 759 sponsus
1503 700 1587 744 est
1610 690 1751 744 vitu~

187 784 260 838 lus
285 781 368 836 ille
394 779 678 850 saginatus
726 779 818 849 qui
873 779 1156 845 occiditur,
1181 779 1338 848 juxta
1381 780 1602 836 alterius
1645 781 1751 836 loci

185 870 504 944 parabolam,
537 871 681 934 unde
713 869 856 926 istud
908 872 1215 926 convivium
1238 872 1498 946 divinitus
1531 873 1750 928 instrui-

185 977 278 1020 tur.
299 963 404 1020 Sed
426 965 497 1020 ah
519 964 725 1020 eisdem
757 964 849 1034 qui
870 964 1146 1020 Christum
1170 979 1268 1035 per
1296 965 1454 1020 ﬁdem
1483 967 1535 1020 in
1569 966 1748 1022 animo

183 1056 470 1111 dilectionis
495 1054 694 1110 alfectu
725 1055 1047 1124 suscipiunt,
1073 1055 1260 1125 utique
1290 1065 1646 1127 praaparatur.
1673 1058 1746 1114 lbi

180 1163 394 1215 namque
442 1146 718 1216 publicani
769 1155 824 1201 et
879 1157 1216 1216 peccatores,
1273 1148 1348 1204 ibi
1379 1149 1530 1224 Raab
1560 1165 1742 1206 mere-

179 1241 294 1302 trix,
319 1239 391 1294 ibi
433 1237 612 1308 Tyrus
663 1245 718 1292 et
759 1238 990 1308 populus
1022 1237 1365 1309 Ethiopum,
1431 1256 1568 1310 quos
1604 1241 1743 1295 idem

176 1329 486 1399 evangelista
505 1329 576 1384 ad
601 1327 801 1384 Christi
826 1329 1034 1384 vocavit
1052 1331 1300 1399 gratiam.
1325 1329 1461 1387 Hinc
1488 1332 1754 1400 Dominus,

176 1438 267 1491 per
289 1420 648 1491 prophetam:
685 1417 838 1474 Ultra
867 1421 1088 1490 ﬂumina
1126 1421 1417 1492 Ethiopia:
1459 1424 1580 1478 inde
1620 1442 1743 1494 sup-

178 1514 321 1581 plices
369 1513 470 1566 mei
495 1511 680 1582 (Soph.
710 1527 797 1578 ιιι,
842 1513 955 1584 10).
1001 1513 1294 1584 Propterea
1342 1531 1442 1570 nec
1473 1516 1742 1572 immerito

183 1606 306 1659 Levi
361 1623 599 1676 magnum
631 1621 966 1677 praeparasse
1001 1611 1308 1665 convivium
1337 1611 1562 1678 dicitur,
1609 1615 1738 1683 quia

178 1699 438 1768 gentilitas
480 1700 593 1753 lucc
637 1699 822 1753 omnia
873 1699 926 1754 in
960 1700 1121 1755 domo
1156 1717 1275 1766 sua,
1311 1703 1516 1758 scilicet
1545 1703 1596 1757 in
1633 1703 1736 1759 Ec-

1856 527 2047 590 genus,
2074 529 2177 567 non
2216 514 2316 568 nisi
2345 513 2564 582 jejuniis
2598 526 2654 571 et
2688 519 3028 576 orationibus
3056 533 3239 592 posset
3278 541 3440 597 supe-

1856 604 1984 657 rari.
2037 601 2379 673 Quapropter
2423 604 2467 659 si
2509 620 2602 661 eos
2645 607 2866 664 vincere
2903 609 3036 674 vult,
3065 627 3170 680 qua
3204 615 3437 683 ratione,

1855 693 2093 764 quandiu
2129 709 2250 747 cum
2282 694 2385 749 illis
2409 705 2527 750 erat
2560 711 2666 752 non
2708 697 2996 754 debuerint
3027 698 3318 768 jejunare!
3344 703 3436 761 Vel

1854 783 2122 852 quomodo
2173 800 2279 838 non
2316 783 2662 854 jejunahant,
2712 803 2836 842 cum
2887 790 3065 845 omnis
3111 794 3266 847 turba
3314 810 3436 851 cum

1853 889 1918 929 eo
1941 890 2295 944 perseverans
2341 891 2448 931 non
2476 877 2674 933 habeat
2698 879 2841 948 quod
2866 881 3182 946 manducet;
3214 899 3437 952 praescr-

1855 965 1946 1018 tim
1988 981 2110 1018 cum
2150 983 2255 1020 non
2309 966 2412 1022 nisi
2454 968 2712 1038 quinque,
2743 979 2836 1024 aut
2876 970 3025 1036 alibi,
3059 982 3262 1044 septem
3298 977 3438 1031 inter

1849 1069 2039 1110 omnes
2070 1071 2235 1125 panes
2262 1057 2636 1113 inveniantur?
2661 1058 2825 1132 ω
2855 1059 3088 1116 Putasne
3129 1062 3232 1117 illis
3267 1065 3438 1118 omni-

1849 1141 1950 1198 bus
1988 1142 2382 1214 jejunantibus,
2421 1145 2672 1204 Christus
2700 1159 2755 1203 et
2797 1149 2897 1204 soli
2940 1151 3278 1220 prandebant
3307 1169 3434 1222 apo-

1848 1235 2007 1290 stoli?
2032 1237 2188 1290 Absit
2222 1253 2320 1292 nos
2355 1239 2428 1293 ita
2462 1239 2726 1309 desipere.
2762 1240 2868 1296 Sed
2914 1244 3058 1312 quod
3106 1245 3284 1300 verius
3327 1255 3432 1312 est,

1848 1325 1942 1380 filii
1971 1328 2151 1397 sponsi
2183 1327 2366 1398 lugere
2396 1329 2480 1384 vel
2501 1328 2768 1399 jejunare,
2799 1333 3036 1402 quandiu
3063 1350 3186 1388 cum
3221 1335 3326 1390 illis
3350 1347 3432 1392 est

1847 1432 2098 1486 sponsus,
2130 1420 2355 1489 mystice
2399 1431 2700 1490 nequeunt,
2749 1423 2874 1492 quia
2921 1422 3189 1480 introrsus
3236 1427 3431 1496 gaudio

1845 1508 2079 1578 gaudent
2100 1511 2350 1580 Spiritali,
2377 1520 2432 1566 et
2451 1514 2623 1582 epulis
2643 1515 2929 1584 epulantur
2954 1524 3170 1571 aeternae
3199 1517 3430 1573 beatitu-

1845 1598 2005 1654 dinis.
2032 1599 2145 1655 Hoc
2189 1602 2370 1673 itaque
2417 1604 2612 1674 gaudio
2643 1604 2879 1661 Joannes
2912 1608 3179 1678 gaudebat
3213 1619 3430 1680 propter

1844 1707 2030 1749 vocem
2072 1697 2277 1767 sponsi,
2324 1713 2428 1752 non
2482 1700 2623 1768 quod
2675 1715 2904 1770 sponsus
2949 1711 3118 1765 esset,
3161 1703 3256 1757 sed
3301 1705 3425 1773 quia

171 1790 318 1843 clesia
340 1789 561 1844 Christo
588 1805 686 1859 per
731 1790 892 1844 fidem
929 1792 1193 1847 exhibuit.
1249 1793 1317 1848 Et
1363 1794 1485 1849 ideo
1533 1796 1736 1851 dictum

1841 1783 2047 1840 amicus
2089 1786 2205 1855 ejus
2247 1795 2384 1840 erat.
2420 1786 2484 1841 Et
2517 1787 2645 1843 hinc
2689 1799 2772 1843 est
2815 1790 2957 1859 quod
3005 1791 3080 1844 ait
3132 1806 3237 1846 non
3269 1809 3427 1863 posse

170 1882 314 1935 estin
339 1896 578 1950 persona
634 1881 845 1936 Domini
876 1900 889 1936 :
925 1881 1129 1937 Memor
1171 1901 1260 1938 ero
1311 1884 1461 1939 Raab
1491 1897 1536 1940 et
1567 1886 1738 1959 Baby-

171 1971 306 2036 lanis,
322 1972 608 2025 scientibus
638 1988 717 2025 me
741 1969 912 2042 (Psal.
945 1988 1165 2039 Lxxxvl,
1198 1973 1276 2046 4).
1309 1973 1564 2030 Sciebant
1592 1992 1737 2031 nam-

167 2075 256 2130 que
269 2059 380 2128 jam
413 2061 505 2116 isti
529 2060 826 2126 Christum,
869 2071 923 2117 et
974 2063 1095 2119 ideo
1148 2080 1357 2120 memor
1410 2081 1596 2122 eorum
1629 2068 1736 2122 Do-

166 2153 348 2216 minus,
396 2168 509 2207 non
557 2153 730 2208 solum
776 2153 843 2208 ad
892 2153 1051 2209 fidem
1105 2170 1200 2210 eos
1251 2164 1496 2222 vocarat,
1542 2171 1732 2213 verum

163 2245 305 2297 etiam
364 2259 555 2299 secum
613 2245 681 2298 ad
741 2245 1047 2300 convivium
1099 2246 1414 2310 admittens,
1475 2248 1734 2302 vestierat

161 2333 295 2406 αι
332 2345 486 2389 veste
515 2335 762 2404 nuptiali.
799 2335 1084 2404 Propterea
1113 2336 1212 2406 ﬁlii
1235 2341 1414 2408 sponsi
1443 2355 1506 2394 ac
1529 2356 1732 2409 sponsae

160 2428 376 2494 quand’u
431 2444 553 2480 cum
601 2427 704 2480 illis
756 2437 831 2481 est
871 2445 1110 2497 sponsus,
1155 2429 1402 2500 jejunare
1450 2443 1727 2502 nequeant.

158 2515 260 2569 Filii
297 2526 490 2572 autem
540 2516 661 2571 ideo
711 2518 980 2582 dicuntur,
1033 2519 1156 2588 quia
1197 2534 1264 2574 ex
1296 2519 1400 2576 [ide
1429 2519 1632 2576 Christi
1676 2531 1730 2577 et

158 2605 393 2662 Ecclesiae
416 2608 616 2671 renati,
641 2607 901 2663 maternis
928 2609 1106 2664 adhuc
1133 2609 1416 2665 alebantur
1441 2613 1724 2668 doctrinis.

155 2697 334 2756 Omnes
355 2700 588 2770 quidem
618 2701 799 2771 sponsi
828 2715 891 2756 ac
922 2716 1134 2770 sponsae
1161 2701 1278 2769 filii,
1310 2703 1412 2759 etsi
1441 2719 1509 2760 ex
1544 2691 1725 2759 omni-

157 2790 243 2846 bus
288 2807 498 2862 sponsa
548 2807 656 2846 una
709 2801 1155 2863 concorporatur,
1200 2801 1259 2848 ut
1296 2794 1436 2850 idem
1479 2795 1589 2851 sint
1630 2796 1725 2852 filii

152 2885 290 2938 simul
316 2885 542 2940 collecti
576 2885 627 2938 in
653 2885 859 2940 unitate
887 2885 1034 2952 ﬁdei,
1083 2901 1204 2957 quae
1250 2896 1306 2942 et
1338 2903 1559 2957 sponsa,
1591 2889 1723 2944 cha-

153 2979 308 3033 ritatis
337 2977 556 3033 [cedere
586 2978 799 3033 sociati.
832 2978 986 3034 Unde
1010 2994 1113 3034 nec
1141 2980 1412 3036 immerito
1441 2981 1494 3035 in
1525 2982 1722 3037 eadem

152 3068 291 3124 domo
313 3084 524 3140 sponsa
574 3084 696 3124 cum
740 3084 936 3139 sponso
991 3072 1328 3127 vescebatur.
1385 3071 1493 3128 Sed
1541 3075 1721 3143 sponsi

1840 1874 2023 1944 sponsi
2058 1874 2196 1930 lilios
2229 1874 2496 1944 jejunare,
2523 1876 2649 1931 licet
2681 1878 2753 1932 illi
2781 1879 3043 1950 jejunent,
3069 1881 3161 1949 qui
3195 1882 3423 1936 necdum

1838 1966 1906 2020 ad
1944 1967 2160 2036 nuptias
2207 1968 2492 2022 intrarant.
2522 1970 2656 2036 Quia
2686 1970 2937 2024 nimirum
2970 1986 3158 2026 omnes
3188 1971 3259 2026 illi
3285 1973 3425 2043 jeju—

1835 2065 1967 2111 nant
2016 2057 2106 2126 qui
2151 2073 2344 2128 panem
2395 2058 2520 2112 vitae
2565 2060 2828 2130 ignorant.
2858 2060 3104 2116 Christus
3145 2072 3324 2116 autem
3370 2071 3426 2117 et

1834 2163 2062 2218 sponsus
2113 2160 2167 2204 et
2197 2150 2353 2220 panis
2395 2160 2510 2215 est,
2543 2159 2704 2220 atque
2748 2151 3052 2206 convivium
3083 2151 3419 2207 deliciarum.

1831 2242 1874 2295 A
1904 2257 2010 2312 quo
2031 2241 2200 2312 jejuni
2227 2250 2399 2306 erant,
2424 2242 2514 2312 qui
2549 2243 2775 2296 necdum
2822 2245 3066 2298 renovati
3108 2244 3418 2312 nuptiarum

1833 2332 2097 2389 interesse
2127 2335 2483 2403 nequiverant
2510 2336 2701 2405 epulis.
2738 2335 2870 2390 Hinc
2897 2351 3028 2390 sane
3058 2337 3304 2404 sequitur
3335 2354 3349 2390 :

1905 2423 2072 2498 Nemo
2117 2427 2514 2480 commissuram
2564 2429 2733 2498 panni
2778 2428 2924 2481 rudis
2965 2428 3120 2480 mittit
3165 2428 3218 2480 in
3263 2430 3420 2482 vesti-

1829 2526 2002 2571 mento
2051 2519 2226 2582 veteri,
2257 2535 2319 2571 ne
2366 2517 2538 2588 major
2589 2519 2820 2572 scissura
2867 2519 2998 2587 ﬁat;
3041 2535 3203 2588 neque
3243 2521 3419 2572 vinum

1830 2625 2016 2663 novum
2044 2611 2097 2664 in
2123 2620 2263 2664 utres
2290 2621 2502 2676 veteres,
2531 2620 2586 2666 et
2619 2611 2844 2680 reliqua.
2878 2611 3044 2680 Igitur
3079 2611 3315 2681 antiqua:
3345 2613 3420 2667 le-

1826 2697 1910 2769 gis
1938 2698 2320 2768 supellectilem
2359 2709 2512 2755 vetus
2547 2701 2779 2771 appellat
2801 2702 3201 2767 vestimentum,
3227 2702 3416 2758 Judai-

1828 2789 1907 2845 cis
1935 2790 2176 2845 attritum
2211 2791 2423 2859 studiis,
2456 2793 2704 2847 sensibus
2729 2802 3064 2862 corruptum,
3097 2795 3259 2848 sectis
3285 2794 3418 2850 scis-

1825 2895 1964 2947 sum,
1989 2881 2202 2936 actibus
2230 2881 2530 2936 obsoletum
2563 2900 2576 2935 :
2606 2883 3018 2938 commissuram
3043 2891 3222 2937 autem
3250 2883 3417 2951 panni

1825 2970 1998 3035 rudis,
2039 2970 2313 3041 Evangelii
2354 2980 2626 3041 nuncupat
2666 2971 3061 3050 indumentum.
3105 2971 3240 3039 Quia
3283 2988 3415 3042 pro-

1824 3063 1966 3120 fecto
2005 3068 2145 3120 sicut
2185 3067 2506 3122 vestimento
2546 3067 2742 3137 tegitur
2781 3083 2996 3136 corpus,
3032 3067 3104 3122 ita
3151 3068 3416 3123 doctrinis

154 3158 232 3214 lilii
263 3169 475 3216 tantum
502 3160 626 3215 ideo
655 3169 936 3227 vocantur,
962 3168 1023 3215 ut
1054 3161 1357 3216 teneritudo
1385 3160 1508 3217 ﬁdei
1533 3177 1720 3218 eorum
1749 3147 1793 3210 C
1824 3157 2004 3211 anima
2039 3160 2366 3228 cooperitur.
2397 3159 2504 3215 Sed
2550 3159 2693 3215 aliud
2743 3168 2826 3215 est
2877 3160 3260 3215 vestimentum
3314 3177 3409 3216 ve-

147 3261 197 3306 et
233 3253 542 3308 tirocinium
575 3252 926 3322 discipulatus
957 3254 1281 3320 insinuetur,
1313 3261 1535 3325 propter
1577 3255 1720 3324 quod

147 3341 217 3397 eis
236 3358 337 3397 non
361 3343 565 3399 debeat
591 3359 759 3414 grave
781 3342 982 3413 aliquid
1010 3344 1307 3414 imponere.

221 3431 435 3487 Venient
480 3443 675 3499 autem,
708 3434 906 3504 inquit,
937 3435 1047 3488 dies
1087 3451 1207 3488 cum
1247 3433 1514 3504 auferetur
1547 3435 1611 3489 ab
1645 3435 1720 3490 eis

144 3538 391 3592 sponsus,
419 3535 467 3576 et
495 3534 608 3577 tunc
626 3524 966 3595 jejunabunt.
996 3525 1150 3582 Patet
1177 3540 1244 3580 ex
1275 3526 1378 3581 hoc
1409 3525 1529 3582 loco
1577 3528 1718 3596 quod

143 3627 332 3667 omnes
359 3611 437 3665 illi
469 3613 577 3667 dies
617 3615 812 3684 quibus
837 3614 1086 3670 Christus
1116 3616 1170 3670 in
1206 3630 1369 3672 carne
1409 3616 1533 3681 fuit,
1563 3616 1718 3686 quasi

146 3703 253 3762 dies
277 3703 440 3760 convi
450 3703 514 3758 vii
538 3713 591 3759 et
613 3705 927 3776 nuptiarum
951 3704 1154 3760 fuerint
1181 3707 1362 3776 sponsi
1391 3721 1456 3761 ac
1483 3720 1715 3776 sponsae,

147 3796 208 3850 de
249 3798 443 3866 quibus
489 3797 721 3867 spiritali
773 3797 1045 3876 connubio
1088 3798 1315 3870 apostoli
1359 3798 1471 3869 jam
1524 3798 1714 3866 creati,

146 3885 316 3957 lugere
341 3905 447 3945 non
478 3898 751 3962 poterant,
778 3879 1033 3961 quandiu'
1063 3905 1319 3961 sponsum
1351 3905 1474 3946 cum
1520 3905 1740 3962 sponsa,

141 3976 196 4034 in
221 3979 447 4037 thalamo
474 3996 597 4037 esse
621 3981 946 4054 gaudebant.
980 3980 1088 4038 Sed
1114 3982 1356 4049 venient,
1380 3982 1575 4052 inquit,
1601 3980 1716 4038 dies

139 4086 253 4131 am
289 4078 614 4134 transierint
634 4079 858 4149 nuptiae,
888 4087 945 4134 et
967 4079 1235 4150 passionis
1265 4095 1329 4136 ac
1362 4081 1717 4138 resurrectio-

143 4168 216 4225 nis
245 4179 458 4244 tempus
503 4187 600 4227 seu
649 4173 981 4229 ascensionis
1009 4173 1308 4240 advenerit,
1339 4183 1465 4230 tunc
1505 4173 1714 4244 jejuna-

141 4254 255 4314 bunt
279 4277 294 4316 :
321 4271 463 4318 tunc
495 4264 702 4336 utique,
734 4279 859 4318 cum
906 4265 1184 4322 auferetur
1229 4265 1297 4320 ab
1333 4266 1412 4322 eis
1457 4281 1709 4337 sponsus.

142 4346 621 4422 lultiplicaverunt
662 4369 731 4410 ex
770 4355 873 4410 hoc
913 4353 1033 4411 loco
1061 4365 1183 4427 post
1212 4356 1326 4411 dies
1359 4358 1712 4429 quadraginta

140 4443 379 4507 passionis
420 4459 556 4501 mox
588 4443 793 4516 jejunia
835 4445 935 4519 illa_
963 4447 1329 4503 ecclesiastica
1367 4447 1706 4514 celebranda,

139 4531 244 4590 licet
269 4539 467 4594 statim
508 4538 625 4594 dies
661 4538 782 4594 illos
823 4537 1170 4595 Pentecostes
1208 4539 1444 4611 Spiritus
1489 4550 1708 4598 sanctus

139 4627 404 4686 adveniens
461 4628 688 4686 festivos
736 4630 1086 4687 dedicaverit.
1117 4633 1194 4687 De
1233 4648 1338 4703 qua
1368 4650 1502 4689 sane
1546 4651 1707 4691 occa-

137 4714 262 4772 sione
286 4735 433 4775 anns
463 4718 653 4776 Prisca
696 4730 752 4776 et
780 4720 1068 4777 Maximilla
1112 4721 1301 4778 saltem
1347 4732 1473 4794 post
1515 4722 1709 4780 Pente-

135 4816 293 4864 costen
320 4811 676 4868 tradiderunt
700 4812 1169 4883 quadragesimam
1201 4812 1525 4881 faciendam,
1551 4816 1707 4887 quasi

135 4894 288 4954 ablato
314 4915 533 4972 sponso
558 4917 684 4957 mox
709 4902 941 4958 debeant
969 4901 1061 4958 ﬁlii
1094 4904 1276 4974 sponsi
1300 4905 1567 4975 jejunare.
1601 4905 1705 4962 Sed

132 4981 306 5045 Christi
346 4991 607 5048 Ecclesia
651 4991 781 5047 illud
822 4993 890 5048 ad
931 4993 1235 5063 passionem
1264 5002 1319 5048 et
1353 4994 1708 5050 resurrectio-

133 5091 236 5136 nem
274 5101 456 5157 usque
503 5083 735 5152 distulit,
767 5095 828 5142 ut
860 5087 1120 5158 spiritalis
1164 5088 1365 5159 saginae
1400 5086 1608 5157 jejunio
1637 5088 1704 5144 ad

131 5167 239 5227 illud
265 5173 539 5232 Paschale
577 5185 973 5232 sacramentum
1001 5176 1192 5233 animae
1218 5177 1411 5233 melius
1437 5193 1706 5250 prtepara-

132 5271 312 5318 rentur.
348 5265 566 5320 Tamen
593 5266 822 5336 apostoli
856 5283 962 5322 non
988 5267 1160 5322 solum
1189 5277 1309 5336 post
1331 5269 1704 5324 ascensionem

130 5351 306 5411 Christi
348 5364 647 5426 ceperunt
680 5355 826 5420 ﬂere,
859 5371 1044 5412 verum
1082 5359 1136 5412 in
1172 5358 1444 5427 passione.
1475 5357 1696 5427 Expleta

129 5452 282 5499 autem
320 5445 891 5516 ascensione,.di_ebus
921 5447 1433 5522 quibusadventum
1463 5445 1698 5518 Spiritus

127 5539 276 5607 nacti
305 5537 707 5610 exspectabant
742 5538 859 5593 sine
890 5539 1050 5594 dubio
1075 5550 1129 5594 et
1154 5539 1406 5608 deinceps
1430 5537 1618 5606 ﬂentes
1640 5545 1696 5591 et

127 5625 448 5686 abstinentes
491 5636 666 5683 erant.
713 5627 820 5684 Sed
855 5639 909 5684 et
950 5631 1207 5685 Dominus
1237 5629 1505 5698 quomodo
1532 5628 1694 5682 disci-

125 5717 258 5788 μὼε
298 5720 930 5797 ριόιῑὶιῃξτθιλὶθὶυηθτθ,
978 5727 1068 5794 qui
1118 5734 1173 5780 et
1222 5725 1335 5797 ipse
1381 5722 1693 5810 jejunabatif

1827 3255 1931 3312 tus,
1959 3246 2106 3302 aliud
2134 3264 2262 3304 vero
2293 3265 2520 3315 novum;
2555 3250 2679 3320 quia
2705 3261 2859 3305 vetus
2887 3251 3288 3320 corruptionem
3315 3267 3413 3321 pa-

1823 3337 1955 3391 titur
1981 3339 2245 3394 vetustate
2277 3349 2677 3409 consumptum,
2705 3341 2792 3395 cui
2828 3341 2872 3395 si
2903 3350 3158 3396 assuatur
3185 3357 3406 3408 novum,

1820 3429 1971 3499 pejor
2012 3432 2245 3486 scissura
2281 3432 2360 3497 ﬁt,
2393 3433 2520 3487 dum
2547 3442 2601 3487 et
2629 3433 2758 3488 illud
2799 3435 2941 3503 quod
2981 3443 3099 3490 erat
3130 3435 3409 3506 signiﬁca-

1822 3523 1984 3577 tionis
2012 3525 2187 3594 gratia
2221 3525 2566 3594 promissum,
2599 3526 2987 3594 corrumpitur,
3015 3534 3072 3579 et
3106 3525 3236 3580 illud
3264 3528 3407 3596 quod

1822 3619 1887 3670 ad
1921 3617 2149 3673 salutem
2178 3619 2417 3672 omnium
2456 3626 2576 3672 erat
2620 3619 3024 3687 repromissum,
3049 3633 3149 3688 per
3175 3634 3234 3674 se
3261 3619 3409 3674 sutli-

1817 3726 1944 3767 cere
1970 3726 2075 3766 non
2109 3710 2426 3766 aestimatur.
2461 3710 2574 3764 Hoc
2606 3709 2760 3778 plane
2813 3708 3075 3764 Ebionitaa
3117 3724 3224 3764 non
3256 3709 3410 3763 intel-

1818 3801 2068 3874 ligentes,
2098 3802 2554 3858 commiscuerunt
2585 3817 2723 3856 nova
2752 3801 3042 3867 veteribus,
3077 3815 3183 3856 non
3209 3809 3404 3871 putan-

1822 3904 1900 3950 tes
1938 3895 2055 3950 sine
2101 3893 2218 3964 lege
2248 3893 2413 3965 Moysi
2445 3892 2646 3948 Christi
2675 3892 3020 3964 Evangelium
3067 3907 3226 3965 posse
3263 3894 3408 3948 sutli-

1818 3997 1961 4038 cere.
1989 3983 2101 4040 Lex
2130 3983 2346 4053 quidem
2372 3997 2468 4054 per
2494 3996 2552 4037 se
2577 3997 2748 4053 usque
2772 3981 2838 4036 ad
2859 3983 3108 4052 gratiam,
3135 3983 3262 4038 licet
3288 3992 3402 4038 tra-

1815 4074 2112 4129 ditionibus
2159 4073 2559 4128 Pharisaeorum
2607 4080 2750 4128 esset
2789 4080 3134 4143 consumpta,
3175 4073 3403 4128 multum

1814 4167 2048 4237 profuit;
2078 4167 2172 4222 sed
2215 4167 2503 4222 inchoante
2536 4166 2728 4235 gratia,
2762 4182 2869 4222 non
2907 4167 3074 4221 vestis
3102 4166 3402 4238 Evangelii,

1815 4272 1935 4326 quae
1963 4259 2028 4313 de
2055 4258 2176 4329 agni
2210 4257 2406 4312 vellere
2435 4264 2684 4312 contexta
2718 4265 2820 4322 est,
2850 4256 2900 4311 ei
2940 4256 3151 4312 admitti
3188 4255 3398 4312 debuit.

1812 4347 1924 4403 lmo
1955 4348 2288 4403 cessantibus
2327 4347 2535 4418 ﬁguris,
2564 4356 2831 4402 vetustate
2858 4347 3157 4414 exinanita,
3185 4362 3251 4401 ea
3281 4363 3401 4417 quae

1815 4439 1866 4493 in
1903 4440 2089 4494 eadem
2120 4447 2277 4492 erant
2299 4437 2414 4506 lege
2453 4438 2671 4507 agenda:
2693 4437 2836 4502 vitae,
2867 4437 2922 4492 in
2971 4437 3209 4492 novitate
3240 4452 3402 4508 opor-

1735 4501 1789 4561 D
1815 4529 1960 4584 tebat
1993 4529 2243 4584 transire.
2276 4501 2430 4583 Unde
2469 4501 2726 4594 Joannes,
2753 4543 2875 4583 cum
2903 4526 2969 4583 de
2999 4501 3292 4583 dilectione
3316 4527 3398 4583 lo-

1811 4630 2101 4691 queretur:
2127 4619 2330 4685 Filioli,
2357 4620 2661 4673 mandatum
2691 4635 2879 4673 novum
2921 4619 2989 4673 do
3029 4619 3187 4684 vobis,
3224 4618 3401 4689 inquit

1811 4709 1867 4781 (I
1885 4709 2048 4764 Joan.
2089 4725 2149 4775 ιι,
2190 4707 2621 4779 8),.mandatum
2665 4708 2806 4784 quod
2847 4710 2912 4763 ab
2958 4707 3114 4764 initio
3149 4709 3394 4764 audistis.

1811 4801 1948 4869 Quia
1989 4798 2230 4871 profecto
2265 4798 2355 4852 illa
2393 4799 2574 4852 omnia
2621 4814 2727 4853 non
2768 4797 3071 4864 vetustatis,
3101 4798 3193 4853 sed
3241 4798 3394 4851 novi-

1813 4895 1937 4948 tatis
1981 4901 2155 4948 erant.
2191 4892 2456 4948 Caeterum
2494 4881 2864 4958 sabbatismus
2891 4898 2946 4946 et
2974 4889 3300 4956 Neomeniaa,
3330 4905 3394 4945 ac

1808 4986 1947 5039 ritus
1968 4983 2319 5054 jejuniorum,
2347 4982 2430 5037 vel
2464 4981 2667 5050 reliqua
2695 4981 3059 5051 signiﬁcanda;
3088 4981 3211 5035 vitae
3237 4980 3394 5034 insti-

1808 5083 1945 5148 tuta,
1972 5074 2124 5145 quasi
2162 5073 2544 5128 vestimentum
2573 5081 2747 5138 vetus,
2768 5072 2882 5139 jam
2909 5079 3225 5141 consumpta
3254 5087 3391 5142 pra:-

1808 5169 2087 5244 terieranit,
2121 5167 2283 5222 veluti
2315 5170 2520 5221 umbrae
2556 5165 2888 5222 clarescente
2925 5165 3061 5222 luce.
3095 5164 3386 5237 Propterea

1806 5263 1890 5318 his
1911 5278 2018 5317 non
2043 5261 2341 5317 assuendus
2364 5271 2481 5316 erat
2505 5277 2716 5332 pannus
2744 5276 2895 5315 novat
2917 5261 3195 5316 doctrinae.
3223 5260 3386 5334 m

1810 5355 2047 5424 Utraque
2089 5364 2266 5410 tamen
2307 5354 2571 5419 doctrina,
2591 5355 2714 5425 jure
2742 5369 2952 5424 pannus
2979 5362 3074 5407 aut
3103 5355 3390 5432 vestimen-

1805 5453 1918 5498 tum
1969 5445 2186 5509 dicitur,
2229 5444 2423 5514 quibus
2470 5444 2650 5498 induta
2702 5443 2882 5497 anima
2936 5457 3040 5498 non
3099 5444 3308 5499 timebit
3340 5435 3389 5500 'a

1803 5534 2002 5604 frigore
2066 5534 2432 5600 infidelitatis,
2497 5548 2668 5602 neque
2730 5533 2971 5588 nuditate
3057 5536 3364 5604 turpabitur

1801 5628 1935 5696 Quia
1986 5629 2097 5682 ὶιίερ
2148 5636 2232 5682 est
2281 5627 2365 5680 illa
2418 5625 2713 5695 stragulata
2746 5626 2911 5680 vestis
2949 5625 3087 5680 mira
3129 5628 3388 5683 varietate

1799 5732 2011 5792 ornata,
2043 5737 2203 5794 quam
2248 5721 2400 5776 nobis
2440 5719 2492 5774 in
2527 5717 2816 5775 Salomone
2845 5719 3108 5791 sapientia
3137 5719 3384 5790 perfecit.
