4004 6362
671 311 776 377 379

1453 319 1510 372 s.
1548 316 1903 374 PASCHASII
1939 304 2286 375 RADBERTI
2322 321 2613 379 ABBATIS
2651 307 3100 380 CORBEIENSIS
3292 342 3297 349 ~
3754 322 3836 398 53'"

672 433 780 489 Sed
803 440 858 487 et
887 424 1104 501 quidam
1130 430 1198 485 de
1219 430 1553 501 philosophia
1585 432 1771 487 dicunt
1798 433 1898 486 sub
1928 434 2107 502 specie
2134 450 2251 488 mu-
2276 439 2327 498 Α
2355 435 2599 493 doctrina
2639 446 2903 493 vetustate
2945 439 3159 502 attrita,
3205 426 3491 496 novitatem
3527 446 3848 519 praceptorum

672 524 841 589 lieris,
865 522 1011 591 quod
1046 522 1297 575 habuerit
1326 529 1501 576 vestes
1528 523 1711 578 subtili
1747 523 1976 579 artiﬁcio
2001 534 2056 580 et
2085 526 2249 581 indis-

671 614 882 672 solubili
930 614 1158 669 materia
1196 614 1483 684 perfectas,
1514 630 1650 684 quas
1692 616 1804 685 ipsa
1845 617 2250 675 suismanibus

670 717 940 766 texuerat.
960 708 1197 775 Quarum
1225 710 1432 778 species
1460 710 1664 765 ferebat
1694 726 1757 766 ac
1772 712 1816 766 si
1846 710 2086 768 fumosus
2114 714 2250 768 ima-

668 804 839 873 gines,
870 817 1005 872 quas
1047 801 1218 873 caligo
1266 804 1508 872 quaadam
1550 803 1805 875 neglecta:
1830 808 2112 861 vetustatis
2148 807 2248 863 ob-

667 896 927 959 duxerat;
961 895 1168 949 habens
1215 895 1267 948 in
1314 896 1571 949 extremis
1614 896 1863 951 deorsum
1907 908 1944 952 II
1978 896 2246 962 Graecum,

665 985 806 1055 quod
830 985 1101 1055 signiﬁcat
1130 988 1425 1055 practicam
1451 987 1641 1053 vitam,
1674 988 1726 1041 in
1755 990 2022 1058 supremis
2048 1004 2177 1043 vero
2206 998 2248 1045 Θ

663 1076 965 1147 legebatur,
1039 1078 1335 1132 theoricam
1400 1077 1587 1133 volens
1660 1080 1983 1149 exprimere.
2044 1080 2248 1147 Quibus

665 1179 853 1239 aperte
896 1170 1154 1235 insinuat,
1187 1169 1431 1225 habitum
1477 1172 1803 1237 animarum,
1836 1173 2111 1241 sapientia:
2153 1173 2248 1227 do—

665 1263 897 1317 ctrinam
927 1277 1071 1328 esse,
1112 1264 1237 1318 licet
1276 1264 1593 1319 traditiones
1640 1265 1913 1319 hominum
1945 1280 2064 1319 eam
2101 1280 2249 1319 com-

664 1354 1079 1409 maculaverint.
1125 1354 1326 1422 Quibus
1374 1356 1598 1410 remotis
1629 1371 1691 1409 ac
1720 1356 1763 1409 si
1809 1344 2045 1419 umbris,
2100 1365 2248 1425 patet

664 1444 799 1498 lucis
818 1444 1040 1506 veritas,
1072 1460 1191 1514 quae
1226 1445 1479 1499 nimirum
1508 1461 1610 1499 non
1638 1454 1818 1516 potest
1841 1447 2049 1500 admitti
2078 1445 2245 1500 vesti-

664 1545 846 1593 mento
869 1536 1058 1600 veteri,
1085 1552 1154 1591 ne
1183 1536 1334 1606 pejor
1363 1538 1653 1591 obcaecatio
1692 1538 1803 1603 ﬁat,
1833 1538 1876 1593 si
1920 1537 2010 1591 lux
2055 1539 2248 1593 obscu-

662 1637 815 1683 retur
862 1629 916 1683 in
960 1628 1214 1693 tenebris,
1246 1628 1353 1682 imo
1385 1627 1556 1696 caligo
1593 1642 1778 1682 earum
1826 1629 2028 1683 rectius
2058 1628 2101 1683 si
2139 1627 2247 1682 cla-

664 1732 843 1778 rescat
888 1716 963 1777 in‘
992 1722 1186 1777 lucem.
1217 1722 1599 1777 Verumtamen
1644 1721 1798 1777 audis
1832 1723 2243 1777 commissuram

2353 526 2498 584 ferre
2543 529 2853 598 nequibant.
2890 530 2956 584 Et
3003 530 3124 599 ipsi,
3164 537 3329 596 utres,
3370 533 3545 588 vinum
3580 539 3849 610 nuptiarum,

2354 621 2419 676 de
2473 638 2580 691 quo
2636 623 2861 693 apostoli
2912 623 3046 678 ebrii
3080 622 3432 692 loquebantur
3486 627 3636 685 variis
3684 631 3848 703 linguis,

2353 712 2629 766 continere
2660 728 2764 766 non
2791 722 3060 782 poterant.
3088 712 3164 768 De
3186 729 3290 783 quo
3311 715 3553 771 nimirum
3581 719 3689 774 vino
3713 725 3851 778 archi-

2354 803 2600 859 triclinus
2642 820 2839 873 sponso
2879 805 3049 860 fertur
3076 805 3277 860 dixisse
3308 825 3320 860 :
3350 806 3571 863 Servasti
3606 811 3753 866 vinum
3784 815 3851 868 lo-

2354 911 2477 949 num
2519 912 2679 966 usque
2725 896 2897 951 adhuc
2923 896 3104 968 (Joan.
3136 915 3199 963 ll,
3231 897 3340 966 10).
3381 898 3528 966 Quod
3565 901 3762 971 denique
3797 906 3852 960 vi-

2354 1002 2505 1052 num,
2538 989 2766 1043 necdum
2799 988 3055 1044 Pharisaei
3097 990 3321 1060 quibant
3349 990 3486 1047 ferre
3515 1001 3747 1050 vetustate
3767 1013 3852 1052 cor-

2352 1079 2515 1148 rupti.
2552 1078 2712 1134 Utres
2747 1089 2925 1135 autem
2962 1082 3104 1147 novi,
3136 1082 3341 1137 scilicet
3383 1083 3598 1153 apostoli
3630 1094 3678 1141 et
3712 1101 3850 1143 eorum

2353 1169 2675 1235 imitatores,
2705 1169 2795 1225 illo
2822 1171 3185 1242 replebantur.
3210 1174 3345 1241 Quia
3374 1175 3518 1244 prius
3544 1180 3600 1228 ut
3625 1186 3751 1229 utres
3773 1178 3853 1248 pel-

2352 1259 2481 1315 lium
2517 1262 2584 1315 ab
2620 1264 2767 1316 onmi
2818 1263 3067 1332 squalore
3113 1272 3429 1335 purgantur,
3455 1273 3507 1320 et
3539 1267 3783 1336 pigmentis
3810 1268 3852 1322 li-

2353 1351 2578 1404 niuntur
2600 1351 3074 1407 odoramentorum
3106 1354 3353 1418 interius,
3376 1354 3450 1408 ita
3480 1355 3687 1410 contecti
3710 1356 3852 1412 divinis

2353 1441 2714 1498 torcularibus
2752 1443 2861 1512 apti
2912 1446 3273 1500 censebantur
3309 1446 3611 1510 virtutibus,
3648 1455 3696 1503 et
3728 1448 3851 1516 gratia

2355 1528 2591 1601 Spiritus
2636 1535 2808 1589 sancti
2862 1531 3115 1605 reparati.
3148 1534 3295 1602 Quos
3340 1551 3470 1591 sane
3514 1538 3664 1592 David
3700 1538 3851 1594 futuros

2353 1623 2619 1691 aspiciens
2663 1624 2729 1679 de
2771 1640 2830 1680 se
2873 1627 3123 1694 gemebat
3161 1627 3346 1683 dicens
3380 1647 3393 1681 :
3435 1626 3718 1697 Defecerunt
3754 1630 3849 1681 oculi

2352 1714 2453 1765 mei
2475 1713 2527 1766 in
2548 1714 2808 1784 eloquium
2831 1726 3001 1782 tuum,
3033 1717 3261 1774 dicentes
3285 1732 3303 1770 :
3330 1719 3550 1785 Quando
3577 1718 3849 1773 comolaberis

662 1812 827 1882 panni
873 1812 1056 1877 rudis,
1110 1826 1216 1866 non
1270 1812 1517 1866 scissnrae
1566 1820 1772 1880 partem
1829 1813 2092 1882 accipias,
2150 1812 2246 1867 sed
2274 1793 2321 1853 Β
2349 1803 2469 1854 me?
2491 1801 2631 1867 ραειι
2652 1806 2822 1873 fam“
2838 1822 2953 1859 “im
2983 1809 3118 1860 δίεπε
3136 1816 3255 1862 πίεν
3272 1810 3327 1862 ίη
3346 1810 3532 1879 Ρταίηα
3551 1806 3849 1880 (PM-mm.

664 1902 989 1971 principium
1032 1909 1277 1956 texturae.
1324 1902 1475 1956 Tunc
1514 1902 1657 1956 enim
1696 1903 1930 1971 primum
1967 1904 2070 1958 tela
2102 1918 2247 1975 rega-

662 1995 729 2049 lis
773 1995 1072 2050 indumenti
1120 1996 1184 2048 de
1230 1995 1431 2049 Christi
1462 1994 1659 2048 vellere
1687 1996 1989 2049 texebatur.
2024 1996 2099 2050 De
2141 1995 2248 2050 vel-

662 2083 797 2149 lere,
822 2086 965 2154 quod
1016 2085 1178 2139 dabat
1221 2086 1404 2156 Agnus
1443 2088 1532 2156 qui
1592 2087 1728 2140 tollit
1773 2098 1990 2157 peccata
2037 2089 2242 2144 mundi.

661 2176 813 2230 Tunc
864 2176 1079 2247 quidem
1131 2178 1455 2246 principium
1496 2177 1769 2247 Evangelii
1820 2180 2120 2243 texebatur,
2168 2181 2247 2235 id—

659 2267 943 2337 circojure
971 2269 1323 2324 commissura
1353 2270 1568 2335 dicitur,
1602 2271 1704 2325 hoc
1729 2270 2099 2340 estjunctura.
2130 2271 2243 2327 Non

661 2357 806 2427 quod
851 2357 1125 2412 veteribus
1181 2356 1377 2411 debeat
1423 2360 1637 2423 sociari,
1678 2361 1769 2413 scd
1810 2360 1936 2429 quia
1985 2376 2153 2431 usque
2191 2362 2244 2415 in

664 2451 826 2500 tinem
863 2461 1024 2515 supra
1051 2446 1214 2501 corda
1240 2447 1573 2502 credentium
1607 2449 1802 2505 debeat
1829 2452 2045 2506 extendi
2079 2459 2133 2507 et
2162 2454 2244 2508 di-

660 2534 842 2600 latari,
868 2544 927 2589 ut
969 2552 1074 2590 una
1117 2536 1187 2590 sit
1217 2537 1383 2590 vestis
1410 2537 1650 2592 omnium
1689 2539 2045 2605 iuconsutilis,
2070 2550 2125 2596 et
2167 2542 2245 2596 in-

662 2628 910 2694 discissa,
939 2629 1171 2699 desuper
1196 2637 1468 2696 contexta,
1494 2631 1711 2700 capiens
1737 2648 1943 2696 omnes,
1974 2634 2245 2689 neminem

660 2721 861 2774 nudum
896 2720 1227 2789 relinquens,
1265 2722 1366 2776 nisi
1397 2723 1488 2791 qui
1542 2737 1600 2778 se
1652 2724 1847 2778 talibus
1897 2726 2249 2793 privaverunt

660 2810 1010 2865 ornamentis.
1053 2810 1301 2866 Geminat
1345 2821 1521 2867 autem
1569 2815 1874 2883 exemplum
1916 2816 2243 2883 vestimenti,

664 2908 721 2954 et
750 2900 951 2954 utrium
982 2911 1222 2956 veterum
1257 2918 1648 2972 novorumque.
1682 2904 1785 2959 Sed
1828 2922 1926 2975 per
1965 2915 2113 2960 utres
2158 2921 2247 2961 ve-

666 3001 810 3046 teres
840 2992 1096 3047 debemus
1137 2993 1433 3063 intelligere
1464 2995 1683 3051 Scribas
1727 3007 1781 3050 et
1809 2996 2136 3063 Pbarisacos,
2165 2998 2247 3053 vel

666 3096 1019 3152 quoscunque
1061 3092 1213 3137 extra
1268 3082 1466 3139 Christi
1523 3086 1781 3156 gratiam,
1828 3103 1962 3156 quos
2014 3089 2244 3143 necdum

654 3172 829 3227 abluit
866 3189 1002 3243 aqua
1050 3175 1409 3244 baptismatis.
1441 3175 1540 3244 Qui
1570 3179 1797 3232 necdum
1826 3181 1992 3234 veteri
2028 3181 2245 3236 homine

660 3264 938 3334 deposito,
1002 3274 1231 3335 possunt
1301 3267 1568 3323 sustinere
1653 3267 1920 3324 fervorem
1990 3272 2246 3327 doctrina:

657 3356 879 3412 Christi.
909 3355 1043 3412 Nam
1067 3374 1162 3429 per
1185 3359 1452 3429 plagulam
1478 3362 1784 3416 vestimenti
1813 3363 1959 3430 novi,
1986 3373 2039 3419 et
2062 3365 2244 3420 vinum

663 3463 886 3513 novum,
910 3458 1176 3519 praecepta
1202 3451 1474 3521 Evangelii
1502 3454 1802 3520 sentienda,
1834 3470 1954 3524 qua:
1988 3471 2092 3510 non
2123 3472 2247 3526 pos-

662 3546 789 3592 sunt
836 3539 1104 3595 sustinere
1150 3538 1339 3607 Judzei,
1384 3558 1451 3599 ne
1493 3542 1668 3612 major
1687 3546 1920 3601 scissura
1960 3546 2068 3602 fiat.
2114 3546 2245 3604 Tale

658 3630 789 3699 quid
821 3642 873 3687 et
900 3629 1106 3687 Galata:
1148 3630 1327 3689 facere
1375 3635 1683 3705 cupiebant,
1707 3652 1827 3692 cum
1854 3638 2143 3710 Evangelio
2172 3639 2245 3695 le-

661 3722 747 3793 gis
785 3733 1051 3794 przecepta
1096 3726 1410 3781 miscerent.
1442 3727 1546 3782 Sed
1592 3729 1881 3800 Apostolus
1921 3732 1988 3784 ad
2029 3746 2164 3787 eos:
2199 3730 2246 3789 0

660 3814 936 3877 iuseusati,
977 3815 1170 3884 inquit,
1213 3816 1435 3878 Galam,
1471 3820 1586 3890 quis
1617 3837 1701 3874 vos
1733 3821 2009 3889 fascinavit
2044 3823 2248 3876 veritati

661 3921 766 3958 non
789 3906 1038 3961 obedire?
1068 3907 1212 3975 (Gal.
1243 3925 1330 3974 ιιι,
1362 3910 1439 3981 1.)
1482 3912 1673 3966 Sermo
1698 3914 1862 3983 igitur
1884 3915 2244 3985 evangelicus,

658 4001 714 4048 et
752 3994 994 4050 doctrina
1036 3995 1270 4065 Spiritus
1314 4000 1507 4063 sancti,
1558 4004 1815 4070 apostolis
1856 4004 2035 4073 potius
2084 4018 2247 4073 quam

659 4084 868 4140 Scribis
893 4095 946 4140 et
979 4085 1288 4150 Pharisaeis,
1318 4098 1408 4144 aut
1449 4091 1726 4161 discipulis
1768 4092 1994 4148 Joannis
2028 4094 2247 4151 Christo

658 4175 1045 4241 invidentibus,
1098 4178 1459 4235 infundendus
1497 4193 1635 4246 erat,
1676 4184 1767 4253 qui
1809 4184 2074 4254 majorum
2122 4202 2249 4242 suo-

659 4280 779 4318 rum
815 4267 1197 4323 traditionibus
1217 4269 1382 4345 m
1410 4272 1687 4341 depravati
1721 4272 2087 4331 sinceritatem
2109 4294 2245 4349 prae-

660 4364 939 4424 ceptorum
988 4356 1189 4414 Christi
1214 4378 1317 4415 non
1374 4373 1627 4432 poterant
1678 4368 1967 4423 custodire.
2000 4369 2116 4424 Alia
2162 4378 2247 4426 est

658 4446 802 4499 enim
860 4448 1068 4517 puritas
1115 4450 1391 4523 virginalis
1440 4455 1656 4523 animae,
1701 4456 1846 4511 nulla
1883 4461 2080 4530 prioris
2124 4462 2251 4525 vitii

663 4540 986 4609 contagione
1016 4542 1250 4611 pollutae,
1278 4546 1381 4600 alia
1405 4545 1704 4604 libidinosae
1741 4551 2090 4618 obscmnitas,
2120 4569 2240 4624 quae

660 4628 949 4684 multorum
1003 4634 1255 4691 sordibus
1306 4635 1650 4704 subjacuerit.
1696 4640 1848 4695 Licet
1898 4643 2116 4711 quidam
2172 4644 2240 4698 ad

659 4722 1128 4791 imperfectionem
1178 4728 1565 4797 discipulorum
1607 4732 1710 4786 ista
1752 4732 2023 4788 voluerint
2068 4741 2242 4790 trans-

658 4816 826 4893 ierre,
858 4827 918 4874 ut
964 4821 1064 4890 ipsi
1116 4824 1292 4879 adhuc
1344 4825 1593 4881 carnales
1635 4836 1690 4881 et
1739 4827 1936 4883 intirmi
1977 4838 2242 4899 praecepta

657 4912 933 4968 severiora
979 4912 1121 4970 ferre
1160 4916 1518 4986 nequiverint.
1552 4920 1703 4985 Quod
1732 4921 1777 4974 si
1817 4922 1887 4975 ita
1927 4930 2031 4987 est,
2066 4921 2243 4977 adhuc

657 5012 711 5058 et
746 5004 846 5075 ipsi
875 5005 929 5059 in
962 5014 1229 5062 vetustate
1258 5016 1447 5075 erant;
1481 5010 1621 5079 quod
1655 5012 1946 5067 absurdum
1974 5021 2057 5067 est
2088 5012 2244 5069 intel-

657 5094 844 5166 ligere,
872 5113 994 5152 cum
1016 5095 1129 5166 jam
1159 5099 1352 5154 secreti
1382 5110 1559 5156 essent
1584 5117 1612 5154 a
1640 5101 1768 5174 jugo
1792 5104 1946 5175 legis,
1973 5114 2026 5159 et
2054 5104 2241 5174 sponsi

658 5186 751 5263 lilii
787 5187 1142 5258 appellentur.
1175 5187 1361 5245 Potius
1405 5205 1534 5261 ergo
1573 5201 1761 5247 contra
1795 5209 1888 5247 eos
1924 5194 2024 5248 ista
2054 5195 2242 5248 dicun-

659 5284 766 5341 tur,
804 5279 1189 5350 conquirentes
1227 5296 1394 5351 quare
1420 5294 1599 5338 noset
1629 5282 1886 5339 Pharisaei
1910 5284 2240 5357 jejunamus,

657 5369 906 5439 discipuli
954 5382 1132 5428 autem
1178 5374 1252 5427 tui
1292 5390 1398 5428 non
1434 5373 1714 5444 jejunant?
1742 5376 1993 5430 videntur
2032 5375 2241 5431 deside-

562 5480 567 5485 λ
659 5472 830 5525 rasse,
854 5471 913 5515 ut
946 5478 1038 5518 eos
1056 5463 1305 5519 Christus
1330 5480 1357 5517 a
1378 5464 1704 5533 jejuniorum
1726 5465 1874 5536 jugo,
1898 5475 1952 5520 et
1978 5467 2240 5537 gravitate

658 5550 794 5622 legis
831 5554 1082 5609 solveret.
1113 5554 1317 5610 Idcirco
1361 5572 1485 5610 mox
1529 5558 1753 5611 audiunt
1788 5557 2059 5628 Evangelii
2094 5574 2229 5628 prae-

660 5654 833 5714 cepta,
870 5647 993 5701 dum
1034 5649 1086 5701 in
1118 5657 1390 5703 vetustate
1434 5650 1731 5704 manserint
1778 5665 1995 5706 servare
2029 5666 2232 5723 nequa-

664 5751 823 5812 quam
853 5753 1027 5810 posse,
1054 5756 1122 5795 ne
1151 5737 1301 5809 pejor
1332 5740 1382 5794 in
1417 5740 1496 5795 eis
1535 5740 1769 5797 scissura
1801 5743 1972 5810 ﬁeret,
2004 5763 2233 5817 quorum

2268 4506 2322 4568 D

2352 1892 2463 1964 82).
2497 1892 2626 1959 Quae
2655 1897 2846 1965 pruina
2870 1898 3202 1955 infidelitatis
3231 1901 3419 1971 procul
3452 1900 3607 1955 dubio
3632 1901 3743 1955 istos
3767 1913 3852 1955 eon-
3934 1900 3935 1903 “

2351 1982 2662 2051 gelaverat,
2714 1986 2919 2042 idcirco
2978 1998 3249 2045 vetustate
3303 1991 3627 2061 consumpti,
3680 1997 3850 2044 mustum

2351 2075 2675 2145 evangelicae
2720 2078 3117 2145 praedicationis
3161 2095 3359 2149 capere
3407 2080 3706 2150 nequibant,
3732 2092 3853 2148 neque

2349 2175 2619 2234 praecepta
2666 2182 2900 2223 servare.
2958 2169 3108 2236 Quod
3160 2171 3303 2225 bene
3360 2172 3681 2241 dispensator
3717 2168 3853 2223 salutis

2348 2256 2670 2324 przevidens,
2695 2274 2864 2313 novos
2890 2268 3038 2315 utres
3069 2262 3135 2317 de
3160 2262 3331 2332 praelo
3363 2263 3537 2317 crucis
3562 2260 3713 2332 replet
3730 2259 3855 2313 ebrie-

2351 2354 2463 2400 tate
2494 2349 2740 2417 spiritus,
2770 2361 2979 2407 veteres
3009 2360 3190 2408 autem
3210 2369 3421 2409 vacuos
3447 2354 3649 2418 deserit,
3678 2350 3856 2419 nepejot'

2351 2438 2587 2492 scissura
2617 2439 2788 2493 ﬁeret.

2422 2526 2491 2581 Et
2540 2546 2654 2583 ecce
2703 2531 2941 2601 princeps
2990 2547 3126 2587 unus
3177 2535 3425 2597 accessit,
3454 2542 3501 2587 et
3533 2530 3753 2586 adorabat
3776 2540 3853 2579 ests

2348 2620 2567 2674 dicens:
2595 2619 2737 2675 Filia
2783 2637 2896 2676 mea
2938 2623 3094 2678 modo
3124 2624 3382 2693 defuncta
3413 2634 3507 2689 est,
3542 2624 3626 2677 sed
3661 2621 3768 2680 ueni.
3790 2619 3856 2670 iu-

2347 2728 2480 2782 pone
2510 2729 2725 2766 prauum
2754 2723 2900 2767 tuam
2929 2731 3086 2784 super
3111 2732 3227 2770 eam
3260 2727 3319 2771 et
3349 2718 3502 2772 uiuat.
3529 2714 3681 2769 Porro
3705 2711 3856 2764 Marcus

2349 2812 2404 2858 et
2444 2803 2637 2869 Lucas,
2668 2819 2772 2858 non
2817 2815 3090 2860 mortuam
3132 2818 3256 2861 eam
3310 2808 3515 2873 dicunt,
3544 2805 3628 2860 sed
3657 2803 3703 2857 in
3726 2808 3855 2856 extre-

2351 2895 2454 2948 mis
2496 2910 2644 2959 esse,
2685 2896 2771 2950 vel
2809 2896 2863 2950 in
2901 2895 3053 2955 brevi
3089 2900 3451 2963 morituram,
3495 2896 3717 2952 videlicet
3746 2886 3859 2945 morti

2349 2984 2648 3055 proximam
2681 2985 2873 3056 (Marc.
2906 3002 2958 3052 v,
2989 2986 3092 3053 25;
3125 2987 3251 3042 Luc.
3298 3003 3415 3054 vm,
3452 2987 3562 3058 42).
3598 2986 3742 3053 Quam
3776 2982 3858 3035 ideo

2349 3093 2589 3147 praesens
2637 3080 2966 3150 evangelista
3020 3091 3301 3138 mortuam
3352 3083 3617 3138 nuntiasse
3659 3074 3858 3137 assem“.

2350 3170 2477 3238 quia
2543 3170 2924 3240 desperaverat
2986 3181 3143 3242 pater
3210 3189 3343 3229 eam
3402 3176 3575 3230 vivam
3630 3167 3858 3226 invenire:

2348 3266 2570 3328 propter
2628 3262 2771 3329 quod
2840 3262 3078 3317 vicissim
3148 3272 3450 3337 utrumque
3522 3264 3716 3324 dicunt,
3774 3253 3862 3325 alii!

2348 3347 2511 3420 M5
2542 3361 2830 3421 utrumque
2853 3352 2940 3407 ille
2962 3355 3214 3424 petierat,
3246 3366 3319 3411 ut
3344 3359 3459 3413 sive
3476 3356 3757 3411 morituram
3775 3358 3861 3402 mox
3934 3344 3935 3349 “

2350 3453 2592 3509 sanaret,
2628 3445 2871 3514 sivejam
2910 3457 3177 3503 mortuam
3208 3451 3527 3507 suscitaret.
3563 3449 3686 3504 Hinc
3707 3451 3863 3513 quoque

2352 3545 2463 3591 tam
2529 3536 2694 3592 ﬂebili
2747 3538 3134 3596 lamentatione
3187 3543 3495 3598 remedium
3538 3537 3746 3611 postulat
3781 3530 3863 3584 lilia

2350 3630 2670 3699 desperatus
2708 3631 2776 3685 de
2816 3632 2965 3685 vita:
2995 3647 3102 3687 non
3148 3633 3401 3704 quidem,
3434 3642 3495 3689 ut
3514 3633 3722 3692 testium,
3746 3627 3868 3678 inm-

2350 3723 2530 3786 dulus,
2560 3726 2653 3779 sed
2683 3726 2928 3781 eruditus
2957 3742 2986 3781 a
3014 3726 3152 3798 lege.
3190 3728 3315 3795 Qua
3347 3728 3414 3784 de
3462 3741 3617 3782 causa
3652 3722 3755 3775 licet
3780 3726 3865 3767 om‘

2350 3812 2441 3866 nia
2481 3814 2647 3869 verbo
2698 3830 2917 3871 creasse
2970 3816 3137 3871 Deum
3194 3818 3247 3871 in
3302 3818 3571 3889 principio
3603 3803 3866 3882 cognoverib

2351 3904 2626 3957 hominem
2669 3912 2846 3960 tamen
2884 3907 2978 3963 Dei
3022 3923 3182 3961 manu
3232 3908 3561 3967 plasmatum
3604 3905 3792 3975 legerat.
3821 3902 3867 3947 ει

2350 4008 2459 4062 quo
2495 3995 2725 4064 denique
2749 3996 2936 4052 eadem
2967 4013 3126 4052 manu
3160 3998 3355 4067 filiam,
3389 4015 3499 4070 qua
3519 4002 3690 4055 creata
3727 3990 3868 4046 fueral»

2351 4087 2587 4140 recreari
2609 4088 2858 4153 credidit,
2887 4099 2943 4144 et
2964 4090 3146 4146 reduci
3175 4091 3242 4144 de
3271 4102 3458 4147 morte
3486 4093 3553 4146 ad
3581 4089 3743 4143 vitam.
3761 4076 3871 4136 Until

2348 4184 2598 4245 patenter
2623 4187 2803 4249 rogat:
2832 4179 2935 4234 Sed
2958 4182 3093 4245 veni,
3126 4183 3344 4252 impone
3365 4199 3580 4238 manum
3613 4192 3750 4248 super
3764 4184 3864 4227 ωσι·

2351 4266 2423 4322 Ut
2468 4270 2563 4338 qui
2609 4278 2801 4339 Sponte
2855 4272 3008 4341 prius
3071 4273 3138 4326 ad
3190 4277 3494 4331 creandum
3534 4280 3787 4344 posueras,
3828 4252 3874 4313 ³1

2348 4360 2709 4427 reparandum
2782 4360 2983 4416 iterum
3047 4372 3312 4419 exoratus
3380 4367 3645 4435 imponas.
3705 4357 3764 4414 Et
3802 4351 3879 4406 hoc

2348 4459 2433 4504 est
2476 4451 2619 4519 quod
2650 4449 2925 4520 Propheta
2979 4452 3183 4509 fatetur
3232 4454 3367 4510 dum
3411 4447 3777 4513 decantat”!
3798 4441 3878 4512 ἕατ’

2346 4544 2629 4607 mastime,
2670 4552 2720 4598 et
2755 4546 2974 4614 potuisti
3015 4562 3170 4617 super
3195 4563 3276 4602 me
3326 4566 3551 4604 manum
3592 4529 3878 4611 tumin“-

2347 4628 2617 4700 cxxxvm,
2673 4634 2750 4707 5).
2811 4636 2947 4703 Quia
2994 4638 3088 4708 qui
3140 4638 3322 4708 posuit
3375 4656 3505 4696 cum
3562 4636 3795 4693 ﬁrmaret
3831 4634 3878 4678 οι

2347 4725 2552 4791 nihilo,
2605 4726 2852 4797 deposuit
2896 4736 2953 4783 ut
3012 4728 3251 4799 imponat
3316 4732 3523 4787 iterum
3584 4734 3806 4783 manum,
3842 4718 3882 4767 ei

2348 4815 2608 4872 reformet
2632 4833 2752 4872 eam
2783 4820 2849 4874 de
2886 4820 3210 4889 perditione.
3237 4819 3406 4879 Juxta
3456 4826 3722 4892 auagogon
3757 4808 3883 4864 θείω

2347 4908 2576 4963 multum
2616 4909 2760 4964 valet
2801 4912 2944 4980 quod
2994 4910 3109 4966 ait:
3142 4910 3247 4968 Sed
3288 4916 3430 4981 ueni,
3486 4915 3689 4983 impone
3716 4906 3887 4995 me”?

2346 5017 2504 5071 super
2541 5018 2674 5056 eam.
2701 5001 2894 5058 Procul
2930 5003 3116 5071 dubio,
3149 5003 3276 5074 quia
3312 5008 3528 5077 singula
3583 4994 3887 5057 sacramenti!

2344 5092 2502 5163 plena
2531 5103 2678 5159 sunt,
2726 5104 2782 5149 et
2810 5097 2991 5150 omnia
3031 5097 3165 5155 satis
3209 5095 3439 5165 pronde
3465 5114 3496 5153 a
3523 5092 3747 5151 Domino
3778 5090 3887 5153 9""

2346 5197 2630 5257 parantur.
2699 5186 2807 5243 Nec
2868 5197 3027 5243 vacat
3066 5205 3096 5244 a
3150 5190 3413 5261 mysterio
3470 5187 3615 5258 quod
3658 5184 3796 5238 sexto
3835 5167 3891 5222 εί·

2347 5294 2572 5349 gnarum
2608 5280 2747 5345 loco,
2781 5280 3029 5336 homines
3059 5298 3088 5334 a
3130 5282 3474 5337 dmmonihus
3501 5280 3745 5335 obsessos
3788 5264 3891 5319 libe‘

2349 5379 2471 5424 rat:
2502 5380 2558 5424 ut
2587 5386 2745 5439 quem
2789 5381 2943 5427 sexto
2973 5372 3058 5428 die
3105 5372 3354 5426 manibus
3402 5371 3471 5425 de
3510 5377 3655 5423 terra
3694 5360 3891 5433 ριεεων

2349 5472 2522 5529 verat,
2556 5466 2742 5519 eodem
2776 5464 2945 5532 (juxta
2974 5467 3119 5521 hunc
3146 5460 3565 5533 evangelistam)
3597 5451 3893 5516 curationtﬂl

2348 5571 2575 5611 numero
2619 5556 2683 5611 ad
2721 5572 2779 5612 se
2818 5572 3078 5612 revocans
3118 5574 3149 5614 a
3181 5558 3425 5612 dominio
3456 5550 3754 5624 deceptoris
3790 5539 3895 5596 ιίιιθ·

2347 5658 2515 5716 raret,
2544 5658 2598 5705 et
2620 5650 2688 5704 ad
2721 5650 3007 5721 imaginem
3039 5651 3225 5722 prima:
3251 5648 3554 5706 creationis
3594 5633 3893 5701 reformat“-

2349 5740 2440 5799 Sic
2477 5743 2660 5815 itaque
2686 5743 2829 5814 quod
2857 5743 3085 5816 septimo
3115 5744 3255 5813 loco,
3292 5741 3403 5797 ﬁde
3441 5737 3792 5798 otl‘ereutium.
3818 5736 3898 5797 1³³*
