4004 6362
974 300 1337 363 EXPOSITIO
1369 306 1437 360 IN
1476 306 1917 367 ΜΑΊἼΊΙᾹΞυΜ.
1954 342 2020 351 -
2049 312 2175 369 UB.
2204 313 2268 381 V,
2308 315 2458 372 CAP.
2500 318 2591 373 IX.

3329 329 3436 395 38

188 416 447 486 nlyticum
467 422 645 478 curat,
688 422 910 484 peccata
941 413 1169 479 relaxat,
1199 425 1256 469 et
1278 431 1401 471 eum
1431 418 1498 471 ad
1528 418 1746 474 domum
1775 423 1824 480 Α
1855 436 1977 477 mox
2002 438 2031 475 c
2058 440 2206 479 more
2231 442 2322 480 usa
2342 428 2637 497 gentilitas,
2658 428 2909 485 videlicet
2934 430 3043 485 ﬁde
3073 443 3308 505 recepta,
3337 453 3433 494 oc-

194 505 418 576 repedare
451 503 632 571 jubet.
663 502 799 570 Quia
840 511 1044 572 septem
1082 504 1320 575 Spiritus
1359 508 1530 561 sancti
1564 509 1735 585 donis.

186 598 340 655 munia
365 606 715 666 peccatorum
732 594 949 649 vulnera
969 608 1150 658 sanat,
1166 606 1223 650 et
1240 599 1468 668 gratiam
1484 598 1743 654 redeundi

188 689 243 742 ad
278 686 493 756 patriam
541 695 784 757 praestat.
829 685 985 742 Unde
1027 688 1162 742 satis
1202 688 1419 745 oculose
1456 705 1635 745 sermo
1661 692 1739 747 di-

187 781 317 835 vinus
338 791 477 833 nunc
507 788 707 835 octavo
732 779 1030 835 curationis
1066 780 1221 850 signo
1258 780 1420 836 tiliam
1461 784 1741 856 archisyn—

178 869 313 939 agogi
346 867 524 932 oﬂ'ert,
561 868 751 925 nolens
783 884 904 923 eam
944 870 1235 929 excludere
1258 887 1288 926 a
1314 874 1574 943 mysterio
1598 890 1737 931 verte

185 962 614 1026 circumcisionis,
672 962 767 1017 sed
814 962 1089 1018 subintrat
1129 964 1324 1018 mulier
1365 965 1563 1020 diutini
1607 983 1732 1021 san-

1847 515 2017 569 eurrit
2040 517 2108 568 ad
2138 517 2397 583 medium,
2422 528 2479 572 ut
2516 520 2666 589 prior
2689 531 2911 577 sanetur
2934 540 3096 593 quam
3123 524 3429 599 Synagoga.

1850 603 2228 660 Verumtamen
2255 608 2529 674 Christus,
2556 610 2681 664 licet
2726 627 2831 666 non
2885 628 2943 668 se
2974 615 3197 671 missum
3232 617 3335 673 nisi
3362 619 3430 674 ad

1844 712 1973 751 aves
2002 699 2241 768 perditas
2287 703 2479 757 domus
2528 702 2691 757 Israel
2728 703 2994 770 fateatur,
3036 718 3257 776 propter
3282 710 3432 769 duri-

1842 789 1971 843 tiam
2001 792 2178 847 cordis
2202 808 2390 849 eorum
2409 836 2425 859 ,
2458 795 2608 864 prius
2633 812 2662 849 a
2696 798 2989 854 menstruis
3017 800 3281 857 idolorum
3329 802 3429 859 Eo-

1839 878 2060 937 clesiam
2105 883 2171 938 de
2219 886 2470 955 gentibus
2497 886 2797 942 clementer
2828 901 3001 944 curat.
3039 892 3103 949 Et
3152 893 3275 949 hinc
3321 902 3427 961 est,

1838 970 1980 1039 quod
2014 973 2137 1027 dum
2187 975 2253 1028 ad
2279 976 2381 1030 alia
2417 978 2609 1038 tendit,
2637 979 2740 1033 alia
2790 980 2843 1034 in
2889 982 2974 1036 via
3006 982 3110 1038 ﬁde
3140 985 3425 1041 sanitatem

178 1053 328 1123 guinis
370 1066 650 1123 perpessa,
686 1061 744 1106 et
790 1062 986 1111 octavo
1029 1063 1254 1109 sanatur
1296 1055 1432 1109 loco.
1464 1055 1537 1109 De
1584 1054 1736 1124 cujus
1836 1064 2133 1132 praeripuit.
2165 1064 2389 1138 Propter
2440 1070 2583 1137 quod
2630 1070 2810 1139 itaque
2847 1073 3109 1142 scriptum
3157 1074 3423 1143 legimus:

184 1158 339 1199 revera
390 1158 620 1198 numero
671 1143 956 1215 Synagoga
1004 1146 1262 1201 divinitus
1296 1158 1623 1210 removetur,
1676 1160 1734 1205 ut

177 1236 339 1291 saltem
379 1238 563 1291 veniat
614 1237 684 1292 ad
734 1252 955 1301 novum,
1005 1236 1163 1306 juxta
1210 1240 1355 1309 quod
1397 1241 1450 1295 in
1504 1241 1731 1298 Psalmis

176 1327 395 1382 canitur:
425 1325 702 1396 zEtltiopia
734 1330 1011 1396 prwreniet
1048 1345 1235 1383 manus
1262 1330 1376 1398 ejus
1409 1330 1518 1385 Deo
1554 1331 1726 1391 tl’sal.

174 1417 455 1492 u'vu,32).
510 1421 687 1491 Atque
741 1421 913 1476 illud:
963 1421 1094 1477 Cum
1138 1424 1406 1478 intraverit
1459 1426 1728 1494 plenitudo

169 1514 400 1584 gentium,
429 1523 547 1566 tunc
582 1514 754 1567 omnis
794 1512 966 1568 Israel
994 1514 1170 1570 salvus
1188 1517 1276 1584 [iet
1300 1515 1472 1585 (Rom.
1504 1535 1579 1582 xl,
1609 1519 1722 1590 25).

174 1610 297 1665 Nam
315 1612 550 1680 princeps
583 1612 677 1680 qui
716 1612 925 1667 accedit
960 1623 1249 1684 rogaturus
1273 1629 1373 1683 pro
1400 1615 1529 1679 ﬁlia,
1549 1618 1724 1685 typice

169 1704 399 1774 populum
422 1705 851 1773 patriarcharum
880 1707 1190 1775 specialiter
1213 1707 1481 1777 designat,
1504 1710 1594 1778 qui
1625 1724 1722 1778 pro

1832 1151 1949 1221 Ipsi
1978 1171 2059 1207 me
2088 1171 2489 1224 prouocauerunt
2523 1161 2577 1213 in
2609 1177 2667 1213 eo
2682 1161 2771 1230 qui
2796 1178 2898 1217 non
2924 1174 3035 1216 erat
3060 1164 3223 1224 Deus,
3250 1175 3298 1219 et
3329 1183 3425 1235 ego

1832 1247 2121 1314 provocabo
2163 1267 2251 1305 eos
2273 1252 2327 1304 in
2357 1268 2417 1304 eo
2456 1251 2620 1324 447
2647 1255 2735 1322 qui
2771 1271 2874 1308 non
2904 1264 2978 1309 est
3013 1256 3259 1326 populus,
3293 1269 3341 1312 et
3369 1258 3423 1313 in

1832 1347 1980 1404 gente
2003 1337 2165 1391 stulta
2197 1341 2415 1394 irritabo
2438 1342 2750 1413 illos(Deut.
2779 1362 2949 1408 xxxu,
2981 1347 3090 1416 21).
3123 1346 3256 1401 Nam
3279 1348 3423 1417 quod

1831 1426 2291 1499 arclrisynagogus
2341 1433 2583 1485 eruditus
2631 1448 2660 1486 a
2694 1434 2809 1501 lege
2851 1445 2905 1488 et
2949 1437 3229 1505 prophetis
3267 1436 3423 1494 Chri-

1829 1525 1971 1569 stum
2004 1518 2168 1574 Deum
2192 1520 2331 1576 forte
2353 1522 2549 1592 ubique
2570 1534 2887 1594 praesentem
2913 1528 3141 1582 necdum
3166 1538 3415 1596 noverat,

1830 1619 2006 1673 neque
2034 1608 2308 1663 Christum
2342 1610 2507 1664 Deum
2562 1613 2828 1678 aestimat,
2887 1614 3083 1671 mulier
3129 1615 3253 1684 jure
3296 1634 3418 1687 per-

1826 1711 2006 1765 pessa,
2051 1701 2342 1754 menstruis
2364 1710 2606 1757 curatur.
2637 1702 2695 1757 Si
2725 1705 2959 1775 tetigero,
2993 1707 3184 1776 inquit,
3211 1717 3414 1763 tantum

162 1797 425 1867 Synagoga
469 1798 750 1852 indefessis
796 1799 1051 1869 precibus
1093 1800 1405 1861 obsecrans,
1458 1810 1578 1870 post
1623 1802 1718 1857 Ec.
1750 1784 1800 1846 Β
1824 1791 2086 1858 ﬁmbriam
2109 1798 2394 1850 vestimenti
2416 1798 2552 1863 eius,
2572 1798 2715 1852 salva
2735 1816 2843 1853 ero.
2868 1798 3052 1856 Potest
3077 1801 3240 1872 igitur
3264 1812 3415 1859 uter-

159 1888 313 1943 clesi:e
358 1889 642 1944 introitum
694 1899 751 1944 et
787 1891 1127 1947 curationem
1159 1908 1188 1946 a
1221 1891 1485 1963 proﬂuvio
1530 1894 1719 1949 inlideé

154 1978 335 2043 litatis,
369 1990 428 2035 et
456 1997 487 2034 a
527 1981 826 2037 menstruis
869 1982 1155 2047 idolorum,
1197 1985 1283 2038 vix
1316 1983 1438 2038 tiliae
1486 1984 1721 2039 obtinuit

158 2071 451 2125 sanitatem.
484 2070 620 2126 Hine
647 2087 862 2142 quoque
885 2082 989 2138 est,
1026 2076 1169 2142 quod
1205 2074 1457 2144 implorat
1483 2091 1496 2127 ε
1527 2075 1638 2127 veni
1665 2083 1716 2127 et

153 2161 328 2228 inpone
352 2177 577 2215 manum
614 2179 773 2232 super
817 2180 956 2218 eant.
989 2164 1186 2219 Venire
1211 2165 1356 2219 enim
1405 2173 1581 2235 rogat,
1625 2164 1715 2235 qui

152 2250 319 2319 ubique
356 2252 551 2305 omnia
584 2252 775 2321 replet,
816 2254 917 2307 hoc
946 2264 1031 2308 est
1057 2269 1277 2308 carnem
1323 2254 1589 2309 visibilem
1622 2269 1717 2324 ap-

150 2358 327 2412 parere.
378 2344 556 2415 Cujus
613 2346 869 2401 nimirum
914 2344 1080 2419 m
1131 2347 1471 2417 impositione
1522 2360 1715 2402 manus

148 2447 339 2493 sanatur
371 2438 689 2510 Synagoga,
726 2448 785 2493 et
841 2440 1197 2494 resuscitatur
1245 2441 1310 2493 ad
1346 2441 1531 2494 vitam.
1582 2431 1713 2506 Q'um

146 2545 303 2584 revera
348 2530 680 2600 prophetica
722 2545 853 2585 voce
878 2530 1027 2585 czinit
1060 2531 1224 2584 etiam
1252 2547 1375 2585 cum
1426 2531 1663 2586 Ecclesia
1694 2547 1707 2585 :

144 2618 337 2675 Dextera
364 2621 594 2675 Domini
618 2622 739 2691 fecit
761 2623 1021 2687 virtutem,
1062 2623 1279 2678 dextera
1304 2621 1515 2678 Domini
1562 2624 1705 2679 exat.

140 2714 337 2767 ωτίιιιιε
363 2711 550 2784 (Psal.
576 2728 743 2775 cmi,
774 2712 879 2783 l6).
905 2712 985 2767 Ac
1007 2714 1054 2768 si
1079 2722 1328 2784 patenter
1355 2715 1535 2770 dicat:
1575 2717 1707 2770 dex-

141 2811 233 2857 tera
258 2804 477 2859 Domini
502 2806 742 2860 restituit
779 2809 922 2876 quod
964 2817 1220 2873 crearat,
1265 2819 1548 2879 propterea
1602 2825 1707 2865 non

137 2896 331 2960 moriar,
380 2896 486 2951 sed
536 2896 732 2952 vivam.
781 2897 930 2952 Talia
970 2899 1168 2969 quippe
1216 2910 1574 2969 priesenserat
1613 2916 1708 2971 po-

138 2985 272 3052 pulus
314 2990 789 3056 patriarcharum,
836 2999 891 3045 et
933 2991 1054 3045 ideo
1092 2991 1179 3045 hic
1228 2992 1297 3046 ab
1346 2993 1450 3047 alio
1477 3008 1708 3063 evange-

136 3076 237 3132 lists
250 3080 387 3134 bene
402 3079 591 3136 Jairus
607 3082 933 3136 nominatur.
950 3081 1135 3137 Jairus
1145 3083 1345 3154 quippe
1368 3084 1701 3151 illuminans,

1824 1897 1930 1950 que
1962 1901 2152 1939 sensus
2177 1886 2374 1956 populo
2403 1887 2712 1944 Jndmorum
2764 1893 3078 1958 convenire,
3104 1903 3162 1949 ut
3200 1908 3295 1963 per
3319 1909 3414 1951 eos

1823 1974 1912 2043 qui
1945 1976 2217 2030 Christum
2254 1978 2421 2033 Deum
2468 1980 2842 2045 crediderant,
2895 1980 3075 2041 Jairus
3106 1984 3413 2047 illuminans

1822 2064 1904 2117 vel
1939 2065 2269 2122 illuminatus
2317 2069 2546 2134 dicitur;
2583 2086 2679 2138 per
2704 2086 2798 2127 eos
2824 2088 2950 2129 vero
2976 2076 3065 2143 qui
3100 2076 3412 2135 dubitantes

1823 2164 2030 2210 tantmn
2078 2159 2353 2212 homirnam
2403 2169 2683 2230 putarunt,
2732 2162 3029 2221 Ecclesiam
3062 2166 3314 2225 introisse
3342 2166 3412 2223 ad

1819 2245 2000 2311 ﬁdem,
2030 2248 2170 2303 sicut
2198 2249 2484 2319 Apostolus
2507 2254 2870 2308 commendat.
2910 2257 2997 2310 Ait
3032 2258 3202 2324 enim,
3235 2260 3412 2317 inero-

1817 2336 2014 2391 dulitas
2066 2354 2252 2394 corum
2298 2341 2445 2399 salus
2488 2346 2749 2414 gentium.
2795 2345 2927 2402 Cum
2973 2360 3167 2414 autem,
3210 2351 3406 2421 inquit,

1814 2427 2084 2496 plenitudo
2113 2448 2291 2485 eorum
2341 2434 2619 2501 introierit,
2658 2446 2781 2489 tunc
2814 2441 2983 2494 omnis
3030 2441 3200 2499 Israel
3231 2443 3407 2501 saltu

1815 2521 1910 2589 erit
1941 2519 2112 2587 (Rom.
2149 2539 2224 2586 χι,
2254 2523 2369 2592 25).

1900 2613 1965 2665 Et
1998 2631 2113 2668 ecce
2166 2615 2383 2681 mulier,
2425 2635 2542 2688 qum
2569 2622 2841 2689 sanguinis
2876 2624 3079 2691 [lutum
3110 2626 3406 2693 patiebatur

1812 2702 2086 2758 duodecim
2133 2707 2307 2772 annis,
2345 2710 2564 2763 accessit
2619 2719 2786 2775 retro,
2828 2722 2875 2766 et
2931 2714 3095 2783 tetigit
3140 2714 3401 2784 ﬁmbriam

1811 2795 2097 2848 vestimenti
2138 2796 2275 2864 ejus.
2327 2796 2487 2853 Juxta
2526 2799 2877 2869 Evangeliutn
2932 2804 3115 2874 itaque
3164 2805 3323 2862 Luca:
3346 2816 3403 2863 et

1810 2883 1924 2954 ipsa
1957 2886 2216 2955 principis
2265 2888 2370 2943 lilia
2411 2890 2679 2948 duodenis
2722 2892 2971 2950 defuncta
3024 2896 3397 2968 legitnr(Luc.

1809 2987 1926 3035 vin,
1952 2972 2061 3039 42).
2088 2974 2222 3040 Quia
2253 2976 2493 3045 profecto
2516 2981 2741 3050 mystice
2770 2982 2883 3047 luet:
2913 2984 3127 3051 mulier,
3152 2985 3397 3065 Ecclesiq

1808 3066 2058 3121 videlicet
2108 3070 2173 3122 de
2203 3071 2451 3138 gentibus
2474 3083 2783 3143 aggregata,
2820 3090 2885 3128 ex
2927 3089 2992 3128 eo
3024 3078 3191 3146 coepit
3232 3092 3400 3149 εῖδει-οε

136 3171 206 3222 rel
248 3172 588 3228 illuminatus
638 3175 1046 3244 interpretatur.
1079 3175 1410 3231 llluminatus
1448 3186 1627 3231 autem
1673 3194 1703 3231 ιι

1813 3164 1949 3217 tare,
1972 3158 2385 3229 proﬂuxumque
2410 3160 2871 3218 imnnmditiarum
2896 3167 3027 3236 pati,
3050 3183 3113 3220 ex
3138 3183 3245 3237 quo
3267 3183 3399 3240 gens

133 3259 302 3332 legeet
330 3266 620 3335 prophetis
642 3281 742 3335 per
763 3267 990 3337 gratiam
1015 3267 1186 3321 sancti
1217 3266 1483 3337 Spiritus;
1511 3278 1564 3322 et
1586 3268 1705 3323 ideo

129 3351 231 3421 ipse
272 3354 591 3410 illuminans
638 3355 709 3409 ab
755 3371 823 3411 eo
856 3357 1000 3426 quod
1051 3356 1162 3427 jam
1194 3358 1523 3413 illuminatus
1562 3367 1702 3425 erat,

118 3441 233 3509 iure
274 3445 594 3517 appellatur.
629 3446 721 3503 Sic
756 3456 813 3501 et
842 3448 1073 3518 apostoli
1114 3448 1206 3503 lux
1229 3450 1416 3504 mundi
1448 3459 1575 3504 sunt
1606 3466 1706 3506 vo-

125 3533 259 3598 cati,
290 3550 405 3590 non
443 3538 866 3594 substantialiter
894 3538 1138 3609 quidem,
1171 3540 1267 3594 sed
1299 3555 1365 3594 ex
1414 3541 1697 3611 participa-

125 3627 273 3682 tione
320 3642 469 3684 νοτε
493 3629 636 3686 locis.
672 3632 829 3687 Hunc
860 3633 1112 3703 princeps
1143 3631 1441 3703 Synagogze
1484 3631 1704 3687 humilis

122 3719 394 3776 descendit
440 3722 510 3778 ab
556 3737 680 3780 arce
726 3723 1056 3779 Pharisaicac
1094 3724 1423 3787 traditionis,
1478 3725 1702 3779 devotus

124 3813 276 3877 venit,
318 3813 640 3884 suppliciter
678 3816 927 3871 adoravit
962 3833 976 3869 :
1010 3816 1139 3871 licet
1167 3816 1386 3885 quidam
1416 3815 1591 3869 adhuc
1633 3814 1701 3870 de

123 3899 423 3959 inﬁdelitate
451 3905 668 3961 venisse
706 3915 990 3961 autument
1014 3907 1159 3976 quod
1185 3921 1307 3961 eum
1338 3907 1405 3961 ad
1428 3905 1618 3969 ﬁliam,
1642 3913 1700 3959 ut

118 3992 167 4046 ei
210 3994 448 4065 imponat
487 4011 729 4060 manum,
782 3998 969 4053 venire
1023 4005 1209 4068 rogat;
1258 3997 1410 4066 quasi
1466 3996 1698 4050 necdum

117 4083 298 4156 ubique
322 4090 475 4143 sicut
503 4104 607 4145 nec
633 4089 850 4159 regulus
890 4089 979 4144 ille
1020 4105 1087 4144 ex
1117 4088 1427 4158 Evangelia,
1460 4102 1697 4158 praesen-

115 4183 207 4231 tem
250 4178 625 4237 intellexerat.
681 4181 790 4237 Sed
817 4183 910 4252 qui
964 4191 1157 4237 cuncta
1204 4182 1353 4236 novit
1397 4181 1522 4235 huic
1567 4195 1694 4236 mox

111 4267 463 4340 obtemperat.
494 4270 604 4327 Sed
628 4281 809 4327 tamen
834 4273 1032 4327 absens
1053 4286 1252 4326 curans
1278 4270 1463 4336 tiliam,
1494 4285 1553 4324 se
1579 4270 1697 4325 ubi-

109 4375 199 4429 que
220 4374 562 4433 presentem
607 4364 786 4420 docet.
808 4363 880 4417 At
908 4378 1036 4419 vero
1062 4363 1153 4418 hic
1179 4362 1284 4416 tale
1323 4362 1525 4431 aliquid
1565 4361 1608 4416 si
1642 4361 1694 4415 in

107 4456 249 4510 corde
271 4459 567 4526 gessisset,
598 4457 694 4527 qui
731 4459 895 4512 corda
929 4456 1146 4525 inspicit
1171 4456 1502 4526 singulorum
1524 4455 1695 4511 corri-

105 4560 214 4615 gere
238 4550 562 4606 debuisset.
590 4549 708 4605 Nisi
739 4549 879 4605 forte
922 4550 990 4605 ad
1035 4550 1140 4605 hoc
1168 4549 1378 4614 mulier,
1412 4565 1532 4618 qua:
1570 4563 1696 4603 san-

103 4641 259 4705 guinis
306 4643 531 4698 ﬂuxum
555 4642 884 4714 patiebatur,
919 4644 986 4698 ad
1013 4642 1249 4697 medium
1273 4642 1326 4696 in
1363 4642 1445 4695 via
1475 4640 1695 4696 deduci-

104 4740 193 4800 tur,
221 4748 279 4791 ut
318 4737 443 4793 iste
470 4738 710 4792 disceret
741 4752 866 4792 eum
896 4751 1002 4791 non
1034 4736 1153 4791 loco
1174 4733 1688 4797 circuinferendum,

98 4838 191 4880 non
238 4828 453 4883 itinere
500 4827 861 4898 fatigandum,
905 4842 1011 4882 non
1032 4826 1322 4897 praesentia
1354 4826 1692 4881 solummodo

95 4922 350 4990 corporali
402 4922 831 4991 requirendum,
875 4922 969 4976 sed
1017 4920 1348 4976 credendum
1398 4918 1541 4990 quod
1572 4920 1688 4990 ipse

92 5010 276 5081 ubique
303 5022 521 5085 potens
541 5022 691 5068 esset
715 5012 878 5077 Deus,
906 5014 1106 5085 ubique
1131 5022 1294 5077 totus,
1321 5012 1519 5081 ubique
1544 5026 1688 5066 sem-

91 5110 195 5167 per.
232 5101 469 5158 Interea
505 5102 763 5172 praescius
809 5103 1014 5157 idcirco
1053 5102 1306 5157 fortaSsis
1353 5102 1432 5156 ire
1468 5100 1688 5156 festinat

89 5204 197 5245 eum
221 5206 315 5261 eo,
351 5202 424 5247 ut
469 5193 611 5247 hanc
661 5193 714 5247 in
743 5193 831 5248 via
875 5192 1026 5263 prius
1052 5192 1352 5247 clementer
1393 5199 1569 5256 curet,
1619 5191 1687 5246 de

89 5281 228 5352 cujus
255 5284 439 5351 plane
466 5283 745 5338 curatione
795 5282 994 5339 nodum
1041 5282 1332 5337 dubietatis
1383 5281 1552 5335 tollat.
1596 5280 1687 5335 Ait

86 5387 312 5446 nataque
338 5394 357 5430 :
391 5372 548 5429 Filia
580 5392 695 5429 mea
724 5376 880 5429 modo
905 5375 1154 5444 defuncta
1193 5385 1287 5439 est,
1314 5376 1457 5443 quod
1487 5381 1570 5429 est
1598 5374 1680 5428 di-

85 5478 217 5533 cete,
245 5469 448 5524 adhuc
499 5476 585 5523 est
609 5469 662 5522 in
715 5470 802 5523 via
828 5470 1073 5538 spiritus,
1128 5470 1303 5523 adhuc
1339 5469 1392 5523 in
1422 5469 1682 5524 extremis

81 5568 176 5623 est,
220 5561 425 5616 ailhnc
472 5560 638 5615 domi.
681 5560 851 5627 Quam
904 5560 1135 5615 necdum
1191 5568 1428 5615 tartarus
1458 5561 1679 5616 invasit.

81 5647 217 5723 Ergo
239 5662 306 5707 ut
336 5667 471 5708 eam
501 5654 678 5723 possis
724 5655 980 5719 retinere,
1023 5654 1240 5708 festina.
1276 5656 1394 5719 Quo
1424 5652 1676 5705 nimirum

1724 4511 1772 4571 D

76 5743 328 5808 abietis
379 5743 695 5807 «latinorum
745 5746 1071 5817 insinuatur,
1116 5756 1170 5806 et
1214 5746 1486 5806 vecordia.
1526 5745 1678 5803 Unde

1810 3246 2116 3301 Judzeorum
2148 3252 2389 3315 credere,
2426 3252 2617 3306 deinde
2639 3254 2900 3325 legalibus
2942 3257 3007 3310 ad
3054 3258 3217 3312 Deum
3247 3259 3400 3313 insti-

1811 3343 1938 3395 tutis
1968 3342 2223 3398 divinitus
2251 3346 2471 3399 erudiri.
2512 3345 2700 3400 Melius
2742 3347 2964 3418 jamque
2992 3351 3398 3419 comparatione

1806 3435 2066 3487 virtutum
2112 3436 2239 3489 vitia
2273 3439 2651 3492 ostenduntur.
2683 3438 2788 3495 Sed
2825 3458 2946 3495 cum
2979 3443 3156 3497 adulta
3213 3444 3300 3496 illa
3332 3444 3398 3500 de

1806 3526 2103 3580 menstruis
2150 3528 2412 3582 idolorum
2446 3529 2704 3592 cultibus,
2755 3531 2805 3584 in
2856 3533 3050 3600 quibus
3101 3534 3394 3589 secundum

1806 3618 2210 3687 evangelistam.
2252 3629 2569 3688 erogaverat
2601 3636 2759 3674 omne
2808 3622 3186 3692 patrimonium
3215 3638 3391 3688 suum,

1806 3725 2067 3764 conversa
2123 3720 2347 3764 sanatur
2400 3711 2466 3763 ad
2513 3709 2810 3777 Christum,
2848 3713 2935 3767 illa
2986 3729 3108 3767 mox
3158 3710 3394 3783 perﬁdiaé

1804 3821 1913 3860 suae
1959 3804 2214 3873 languore
2246 3807 2491 3859 moritur.
2542 3805 2610 3859 At
2641 3822 2735 3877 per
2768 3807 2869 3861 hoc
2916 3817 3146 3877 utraque
3177 3806 3389 3863 illarum

1804 3899 2062 3953 duodenis
2095 3897 2218 3966 jure
2274 3910 2543 3954 narratur.
2603 3899 2791 3957 Solent
2844 3903 2988 3956 enim
3039 3903 3201 3957 etiam
3245 3903 3391 3985 leges

1803 3988 1981 4044 Ss‘ecltli
2040 4007 2256 4062 quoque
2312 3991 2629 4046 duodecimo
2682 3993 2860 4047 aetatis
2926 4008 3069 4047 anno
3110 3990 3224 4061 jam
3278 3992 3391 4049 suis

1802 4099 2053 4138 coercere
2084 4083 2400 4153 praeceptis;
2426 4089 2479 4136 et
2512 4081 2610 4153 ipsi
2634 4081 2810 4153 legum
2842 4083 3063 4153 praemio
3092 4099 3189 4152 pro
3210 4083 3388 4149 bonis,

1801 4187 1896 4231 aut
1933 4176 2195 4246 supplicio
2232 4191 2327 4245 pro
2359 4173 2513 4228 malis
2564 4174 2833 4229 interdum
2887 4174 3183 4243 suhjacere.
3238 4164 3389 4230 Unde

1801 4270 2093 4324 secundum
2122 4268 2446 4338 anagogicos
2476 4266 2879 4337 Scripturarum
2929 4282 3123 4322 sensus
3141 4265 3266 4334 jure
3297 4265 3387 4321 illa

1798 4368 2023 4414 sanatur
2062 4377 2092 4413 a
2146 4358 2391 4421 Domino,
2422 4373 2542 4427 qua:
2583 4357 2766 4412 adulta
2800 4359 2923 4412 vita;
2955 4360 3156 4430 recepit
3185 4357 3389 4412 intelli-

1799 4453 2059 4521 gentiam,
2090 4460 2141 4505 et
2165 4452 2560 4520 praeteritorum
2596 4458 2749 4503 actus
2775 4449 3094 4520 ignorantia:
3119 4451 3387 4518 deputan-

1802 4550 1906 4595 tur.
1934 4540 2026 4593 llla
2054 4555 2180 4594 vero
2207 4539 2370 4593 simili
2394 4539 2557 4594 modo
2580 4556 2701 4594 cum
2718 4537 2832 4607 jam
2855 4538 2979 4608 jure
3016 4540 3197 4595 adulta
3223 4538 3385 4595 Chri-

1799 4646 1943 4690 stum
1971 4649 2035 4688 ex
2061 4634 2178 4704 lege
2210 4632 2596 4702 repromissum
2629 4634 2908 4702 suscipere
2930 4633 3227 4698 debuisset,
3255 4632 3384 4703 quia

1798 4728 1975 4782 noluit
1992 4728 2216 4781 credere
2243 4741 2270 4777 a
2297 4726 2579 4794 prophetis
2601 4734 2653 4779 et
2671 4725 2998 4795 patriarchis
3023 4739 3146 4778 mox
3170 4733 3387 4778 mortua

1796 4817 2099 4871 nuntiatur.
2143 4815 2209 4869 Et
2252 4815 2551 4868 notandum
2577 4815 2723 4884 quod
2751 4816 3015 4885 sanguine
3052 4814 3246 4878 ﬂuens,
3273 4828 3383 4868 non

1793 4909 1849 4963 iu
1871 4908 2049 4969 dOIIIO,
2095 4921 2202 4960 non
2233 4905 2285 4958 iu
2330 4904 2461 4959 urbe
2490 4906 2699 4959 accedit
2744 4905 2813 4960 ad
2842 4906 3010 4960 Deum
3029 4945 3047 4971 ,
3085 4918 3205 4974 qua:
3227 4900 3385 4971 justo

1792 5001 1963 5072 legem
2011 5014 2041 5052 a
2082 4998 2493 5053 conversatione
2542 4998 2779 5053 humana
2825 4997 3231 5059 excludehatur,
3282 4992 3381 5055 sed

1791 5093 1847 5148 in
1905 5092 2099 5146 itinere
2159 5089 2469 5144 ambulante
2541 5090 2767 5146 Domino
2827 5109 2840 5144 :
2908 5099 2966 5144 ut
3022 5090 3149 5143 dum
3202 5084 3380 5157 pergit

1791 5184 1858 5239 ad
1916 5182 2057 5247 alia,
2111 5181 2164 5235 in
2203 5181 2290 5236 via
2329 5196 2449 5251 qua:
2494 5180 2743 5238 Christus
2787 5192 2901 5247 est,
2951 5181 3145 5245 aliam,
3197 5179 3251 5234 id
3292 5186 3379 5235 est

1790 5272 2109 5338 Ecclesium,
2157 5281 2402 5327 curatam
2451 5272 2720 5328 ostendat.
2767 5272 2921 5340 Quod
2947 5286 3077 5327 sane
3110 5268 3237 5324 alibi
3261 5282 3377 5327 sora

1790 5382 1881 5422 mo
1949 5366 2164 5420 divinus
2225 5364 2503 5429 insinuat,
2571 5380 2691 5419 cum
2756 5364 2974 5433 quidam
3037 5360 3244 5418 invitati
3309 5360 3375 5415 ad

1790 5458 2007 5527 nuptias
2034 5456 2217 5511 venire
2256 5464 2617 5510 recusassent.
2645 5453 2820 5519 Exite,
2876 5454 3068 5525 inquit,
3107 5452 3175 5506 ad
3203 5450 3375 5509 exitus

1788 5553 2014 5613 uiarum,
2037 5559 2083 5603 et
2104 5564 2435 5619 quoscunque
2464 5547 2759 5600 inveneritis
2785 5547 2943 5602 bonos
2969 5556 3015 5601 et
3037 5545 3369 5609 malos,cont.

1787 5642 1960 5713 pellite
2005 5639 2172 5712 m
2216 5640 2413 5691 intrare
2462 5635 2674 5705 (Matth.
2701 5653 2836 5703 χχιι,
2865 5638 2939 5708 9).
2982 5636 3258 5707 Siquidem
3308 5633 3376 5691 de

1789 5742 1890 5797 viis
1920 5738 2077 5810 hujus
2103 5735 2283 5811 saeculi
2326 5742 2550 5789 vocatur
2582 5732 2842 5793 Ecclesia.
2871 5733 3076 5793 Idcirco
3107 5732 3210 5789 ista
3238 5742 3375 5803 pm
