4004 6362
599 291 708 348 585

1397 285 1454 341 S.
1496 282 1852 340 PASCHASII
1895 275 2242 337 RADBERTI
2278 274 2570 333 ABBATIS
2603 273 3054 333 CORBEIENSIS

3753 281 3866 337 384

602 412 826 477 paratur
852 405 980 458 dum
1015 403 1082 457 ad
1111 402 1272 456 aliam
1309 403 1432 468 iret,
1478 412 1536 456 ut
1569 404 1682 456 htec
1698 401 1856 471 .prior
1887 401 1938 453 in
1967 399 2052 453 via
2083 413 2175 452 oc-
2202 399 2253 457 Α
2277 391 2546 448 Christum
2577 394 2780 449 omnia
2801 392 3179 463 contemplari,
3207 393 3510 462 praesertim
3557 409 3679 448 cum
3711 405 3761 450 et
3806 397 3866 454 in

599 503 864 550 curreret.
892 491 1115 548 Dicebat
1137 493 1283 548 enim
1316 493 1454 546 intra
1481 507 1572 547 se:
1599 491 1656 547 Si
1684 491 1896 559 tetigero
1918 488 2178 556 ﬁmbriam

593 583 892 640 uestimenti
931 582 1046 652 ejus
1082 591 1305 647 tantum,
1349 582 1491 636 salva
1520 598 1628 636 ero.
1664 580 1796 634 Mira
1824 579 2178 649 dispensatio.

601 671 742 726 Ecce
770 671 912 726 inter
943 671 1111 725 Deum
1134 679 1188 724 et
1221 670 1500 725 mulierem
1529 669 1741 723 furtivae
1762 668 1952 722 salutis
1979 669 2178 739 agitur,

602 761 782 818 tamen
807 761 1011 833 grande
1032 761 1439 817 commercium.
1465 760 1938 831 Archisynagogus
1966 759 2182 827 quidem

600 855 827 910 devotus
873 854 1129 918 occurrit,
1175 861 1232 908 et
1276 862 1421 908 totus
1469 854 1537 908 ad
1577 853 1914 907 adorandum
1943 853 1996 906 in
2037 861 2181 906 terra

596 945 994 1014 prosternitur;
1058 960 1277 1001 causam
1337 945 1532 1010 refert,
1599 944 1838 1000 dolorem
1909 944 2178 1008 insinuat,

600 1045 780 1093 movet
802 1037 1074 1103 alfeetum,
1111 1037 1366 1108 impetrat
1389 1047 1449 1092 ut
1477 1046 1750 1108 properet,
1791 1045 1845 1092 et
1871 1036 2094 1091 accedat
2115 1035 2182 1090 ad

600 1145 810 1184 curam.
854 1130 1065 1186 Mulieri
1105 1146 1237 1185 vero
1262 1145 1371 1185 non
1410 1129 1669 1200 quaesitus
1700 1129 1960 1183 Dominus
1988 1142 2181 1182 occur-

599 1223 671 1277 rit
696 1222 1034 1291 praeteriens,
1087 1222 1278 1278 saltem
1318 1221 1560 1291 ingessit,
1584 1229 1848 1290 quatenus
1878 1229 1932 1274 et
1952 1221 2054 1273 hoc
2087 1235 2182 1289 ge-

598 1313 783 1368 nerale
811 1313 1032 1383 pietatis
1065 1328 1201 1384 opus
1225 1314 1462 1383 apertius
1493 1322 1952 1382 praemonstraret.
1990 1313 2180 1366 Acces-

597 1403 687 1467 sit,
717 1402 913 1472 inquit,
937 1415 1097 1458 retro.
1139 1405 1304 1459 Retro
1331 1415 1532 1470 autem,
1563 1405 1687 1474 quia
1731 1414 1854 1473 post
1895 1419 2179 1459 ascensum

599 1492 901 1550 Salvatoris
948 1495 1195 1550 credidit.
1233 1495 1340 1550 Sed
1378 1494 1531 1564 juxta
1572 1496 1856 1550 historiam
1888 1496 2029 1550 hanc
2076 1496 2180 1551 etsi

598 1583 828 1654 cogebat
864 1585 933 1639 ad
961 1583 1235 1639 Christum
1279 1584 1479 1640 doloris
1535 1585 1847 1654 magnitudo
1898 1586 2179 1650 accedere,

597 1671 1026 1729 faeditas‘t’ameu
1053 1675 1294 1730 vulneris
1324 1674 1661 1744 prohibebat.
1702 1675 1808 1730 Sed
1832 1675 2024 1728 maluit
2056 1674 2178 1728 ﬁdei

2284 483 2493 537 ﬁmbria
2522 484 2786 539 Deitatcm
2826 484 3075 549 credidit,
3103 485 3197 540 sed
3246 492 3304 539 ut
3357 486 3528 540 turba:
3573 485 3869 545 declinaret

2284 581 2552 642 aspectus.
2603 573 2648 626 A
2678 573 2873 644 populo
2921 573 3138 642 quidem
3185 573 3386 629 nesciri
3429 573 3616 638 voluit,
3669 592 3769 632 non
3835 595 3868 634 a

2283 661 2521 718 Christo.
2547 663 2840 734 Propterea
2863 678 2969 718 non
2995 664 3163 719 Deum
3191 663 3362 720 latere
3385 681 3467 732 se,
3499 669 3596 722 sed
3625 667 3872 726 homines

2283 759 2410 827 quid
2452 767 2664 829 gereret
2697 758 3004 814 :estimavit.
3038 758 3288 829 Alioquin
3315 760 3588 828 quomodo
3613 761 3682 814 ab
3708 775 3870 830 aspe-

2283 858 2372 904 ctu
2403 849 2698 904 divinitatis
2726 848 2896 904 latere
2919 848 3260 915 credidisset,
3283 850 3336 904 in
3367 865 3473 920 quo
3499 850 3633 904 nihil
3664 861 3871 921 postre-

2284 957 2452 1007 mum,
2484 941 2618 996 nihil
2656 941 2918 1011 judicavit
2959 942 3256 1006 inﬁrmum,
3285 942 3411 996 dum
3439 943 3611 998 virtus
3643 952 3699 998 et
3725 944 3872 1001 salus

2283 1032 2446 1086 etiam
2494 1032 2546 1086 in
2587 1031 2800 1087 ﬁmbria
2843 1033 3122 1102 quaeritur.
3170 1033 3325 1088 Patet
3381 1033 3699 1104 itaqueyut
3737 1035 3866 1100 dixi,

2282 1135 2476 1176 sensus
2503 1121 2784 1191 mysticus,
2817 1122 2968 1192 equod
2997 1122 3112 1177 haec
3139 1123 3352 1188 mulier,
3402 1124 3656 1178 videlicet
3681 1124 3868 1179 Eccle—

2284 1212 2386 1275 sia,
2413 1212 2689 1268 Christum
2733 1214 2906 1284 tangit
2935 1214 3060 1280 ﬁde,
3097 1229 3258 1284 quem
3321 1216 3475 1270 turba
3521 1217 3741 1286 premit.
3766 1217 3870 1272 Ista

2284 1302 2548 1371 siquidem
2586 1311 2673 1358 est
2718 1304 2934 1367 mulier,
2974 1319 3095 1373 qua:
3134 1305 3308 1374 primo
3339 1305 3616 1360 vulnerata
3649 1320 3872 1375 peccato

2283 1394 2470 1465 prima:
2493 1395 2715 1465 originis
2738 1396 2937 1451 ﬂuebat
2965 1398 3243 1468 sanguine,
3272 1407 3326 1451 et
3362 1400 3657 1455 menstruis
3676 1417 3871 1455 cruen-

2287 1487 2500 1542 tabatur
2520 1486 2748 1542 delictis.
2774 1487 2903 1555 Quae
2922 1486 3025 1543 ﬁde
3045 1489 3250 1560 integra
3274 1490 3536 1560 surripuit
3559 1492 3868 1558 sanitatem,

2284 1576 2410 1632 dum
2441 1578 2643 1647 perﬁda
2684 1580 3092 1652 archisynagogi
3121 1580 3250 1648 ﬁlia,
3277 1582 3525 1638 videlicet
3567 1584 3867 1656 Synagoga,

2285 1669 2396 1724 suis
2416 1670 2728 1725 doctoribus
2757 1670 3011 1740 perlecta,
3058 1682 3269 1728 mortua
3313 1674 3619 1728 nuntiatur.
3653 1674 3762 1736 Sic,
3797 1677 3868 1731 sic

598 1765 902 1832 trepidante
947 1764 1173 1821 consilio
1224 1781 1293 1820 εχ
1349 1766 1543 1820 ﬁducia
1595 1766 1852 1836 iudicari,
1902 1782 2062 1837 quam
2113 1768 2179 1822 de
2209 1774 2254 1834 Β
2283 1759 2536 1815 nimirum
2591 1761 2839 1817 Christus
2878 1763 3150 1833 tangitur,
3198 1765 3324 1819 dum
3352 1772 3408 1819 et
3436 1764 3636 1834 ubique
3687 1775 3871 1834 potens

598 1865 707 1910 tam
741 1854 884 1912 Γωᾱο
916 1859 1140 1915 vulnere
1166 1859 1244 1914 sic
1283 1859 1482 1929 perire.
1507 1860 1745 1914 Audiant
1774 1859 1938 1930 igitur
1963 1859 2179 1913 scelesti

593 1957 650 2002 et
686 1948 971 2014 immundi,
1000 1951 1324 2020 abrumpant
1367 1951 1624 2021 pudorem
1649 1951 1895 2015 noxium,
1926 1958 1982 2004 et
2034 1951 2183 2006 inve-

596 2039 749 2093 niant
795 2039 1079 2094 consilium
1133 2040 1280 2105 ﬁdei,
1329 2041 1766 2110 medicinamque
1818 2039 2026 2094 salutis.
2077 2037 2183 2094 No-

595 2141 751 2185 verat
777 2130 922 2186 enim
951 2133 1089 2199 haec,
1130 2134 1275 2203 quod
1301 2133 1552 2189 Christus
1574 2133 1716 2189 Deus
1753 2143 1806 2188 et
1830 2135 1991 2189 homo
2015 2142 2177 2189 esset.

595 2219 849 2290 Alioquin
915 2221 1063 2277 illum
1116 2223 1222 2278 nisi
1268 2223 1438 2279 Deum
1481 2225 1748 2290 crederet,
1805 2227 2077 2294 quomodo
2126 2227 2179 2280 in

595 2308 809 2364 ﬁmbria
835 2320 990 2367 extra
1029 2312 1305 2368 hominem
1344 2315 1572 2370 salutem
1603 2316 1901 2384 quaereret?
1927 2315 2028 2384 Qui
2063 2315 2166 2370 nisi

595 2398 738 2456 Deus
765 2413 932 2470 esset,
980 2405 1250 2474 quomodo
1275 2405 1328 2459 in
1381 2404 1594 2460 ﬁmbria
1639 2415 1793 2461 extra
1835 2421 1896 2462 se
1919 2408 2179 2463 sentiret?

593 2492 817 2546 Constat
847 2493 1010 2562 igitur
1039 2503 1096 2550 et
1139 2495 1286 2549 illam
1322 2495 1492 2550 Deum
1529 2497 1583 2551 in
1614 2498 1834 2553 homine
1859 2500 2177 2566 credidisse,

591 2589 756 2650 atque
782 2592 937 2638 extra
955 2584 1233 2640 hominem
1272 2586 1442 2641 Deum
1477 2586 1675 2654 fuisse;
1705 2588 1909 2644 idcirco
1947 2589 2064 2659 ejus
2089 2591 2180 2644 de-

592 2684 713 2730 vote
755 2676 924 2746 tangit
971 2676 1259 2741 ﬁmbriam,
1307 2694 1466 2750 quem
1513 2680 1714 2751 ubique
1744 2680 1877 2735 ﬁdes
1924 2680 2179 2737 Ecclesia:

591 2759 898 2821 conﬁtetur.
924 2761 1174 2823 Prefecto
1209 2778 1387 2824 autem
1420 2779 1567 2826 totus
1618 2771 1815 2840 ubique
1849 2780 2010 2838 totus,
2036 2783 2091 2828 et
2125 2774 2178 2827 in

592 2854 809 2911 homine
841 2856 1059 2913 Christo
1085 2858 1235 2926 Jesu,
1277 2863 1717 2932 quandoquidem
1760 2872 1912 2918 extra
1954 2877 2013 2918 se
2046 2863 2178 2917 nihil

591 2958 832 3019 praestat.
872 2951 963 3005 Ait
997 2953 1141 3007 enim
1170 2971 1182 3006 :

665 3080 844 3138 Sentio
871 3083 1111 3138 virtutem
1149 3085 1314 3140 exisse
1341 3103 1374 3140 a
1399 3103 1500 3142 me.
1531 3087 1605 3142 De
1636 3087 1727 3142 illo
1770 3087 1986 3158 quidem
2020 3088 2171 3153 exiit,

592 3171 718 3240 quia
745 3171 796 3224 in
832 3171 922 3226 illo
958 3172 1237 3242 plenitudo
1275 3176 1574 3232 divinitatis
1604 3187 1746 3244 erat,
1791 3187 1845 3232 et
1876 3179 1930 3233 in
1981 3180 2175 3233 divini-

593 3269 705 3316 tate
733 3263 903 3318 virtus
937 3265 1464 3334 omnipotentissima
1495 3267 1752 3337 pollebat.
1787 3269 2052 3324 Divinitas
2081 3285 2176 3322 au-

592 3360 703 3408 tem
739 3356 937 3426 ubique
980 3367 1117 3414 erat.
1140 3359 1312 3414 Aliter
1353 3368 1532 3417 tamen
1577 3362 1632 3416 in
1677 3363 1896 3423 homine
1936 3362 2172 3428 Christo,

592 3443 750 3500 aliter
783 3455 962 3502 autem
1006 3449 1060 3504 in
1091 3449 1301 3505 ﬁmbria
1325 3451 1650 3506 vestimenti.
1681 3451 1849 3507 Porro
1879 3452 1930 3506 in
1961 3452 2177 3508 homine

592 3533 810 3591 Christo
835 3548 893 3592 ut
932 3539 1072 3595 Deus
1101 3541 1263 3596 homo
1311 3551 1479 3608 esset,
1509 3543 1636 3614 quia
1688 3542 1926 3598 Verbum
1949 3559 2077 3599 caro
2100 3544 2178 3598 fa,

550 3639 556 3646 '
591 3634 739 3682 etum
769 3637 854 3683 est
880 3647 892 3684 :
924 3630 976 3684 in
1001 3630 1213 3687 ﬁmbria
1235 3649 1388 3700 vero,
1418 3634 1560 3689 sicut
1585 3643 1638 3690 et
1667 3635 1720 3690 in
1753 3636 2005 3691 universo
2029 3652 2179 3690 mun—

592 3718 682 3786 do,
715 3737 820 3777 non
867 3722 1011 3792 quod
1041 3723 1181 3779 Deus
1199 3724 1324 3794 jure
1363 3727 1598 3782 mundus
1626 3726 1711 3784 vel
1745 3728 1958 3784 ﬁmbria
1987 3729 2177 3784 creda-

593 3820 701 3878 tur,
741 3815 834 3869 sed
867 3816 993 3884 quia
1021 3825 1201 3882 extra,
1231 3817 1346 3873 sive
1370 3819 1537 3885 intra,
1567 3827 1760 3890 potens
1789 3829 1937 3875 tenet
1962 3831 2015 3876 et
2041 3821 2179 3891 regit

591 3901 795 3956 omnia.
823 3901 1172 3974 Prteparatur
1195 3906 1361 3977 igitur
1386 3908 1602 3975 mulier,
1632 3911 1684 3963 in
1713 3911 1868 3980 cujus
1908 3920 2033 3982 typo
2061 3912 2180 3964 uni-

595 3995 821 4050 versalis
851 3995 1091 4053 Ecclesia
1133 3999 1234 4054 sub
1281 4001 1464 4070 specie
1505 4003 1848 4073 designetur,
1888 4015 2178 4075 propterea

597 4084 722 4140 dum
747 4085 876 4141 libet
907 4103 974 4143 ex
1007 4103 1072 4143 ea
1101 4088 1363 4147 divinitus
1385 4099 1536 4146 tanta
1561 4093 1944 4162 praedicantur.

665 4217 725 4273 Si
755 4221 988 4292 tetigero,
1007 4221 1201 4292 inquit,
1223 4222 1485 4292 ﬁmbriam
1515 4225 1797 4280 vestimenti
1817 4227 1930 4297 ejus
1953 4237 2177 4297 tantum,

592 4311 737 4365 salva
762 4328 871 4367 ero.
905 4313 971 4367 Et
1002 4314 1137 4390 mira
1182 4314 1375 4370 ﬁducia
1404 4318 1416 4369 !
1451 4315 1587 4372 Nam
1611 4318 1664 4372 in
1685 4317 1804 4389 lege
1832 4321 1876 4375 si
1907 4322 2030 4390 quis
2060 4339 2177 4378 mu-

594 4401 780 4458 lierem
811 4387 1144 4461 inenst'ruam
1170 4407 1255 4462 vel
1280 4406 1534 4478 ﬂuentem
1561 4411 1844 4481 sanguine,
1868 4413 1980 4468 sive
2007 4417 2178 4485 quod-

2285 1851 2540 1919 crcditur,
2562 1862 2617 1907 et
2647 1852 2789 1908 Deus
2817 1853 2870 1906 in
2899 1853 3116 1908 homine
3149 1862 3458 1909 veneratur.
3481 1854 3712 1923 Propter
3737 1857 3872 1925 quod

2283 1943 2494 1998 cuidam
2512 1945 2740 1999 necdum
2761 1946 3002 2000 credenti
3017 1946 3215 2001 dicitur
3231 1962 3246 2000 :
3268 1947 3395 2001 Noli
3408 1963 3489 2000 me
3501 1958 3740 2018 tangere,
3756 1965 3874 2001 non-

2283 2035 2409 2088 dum
2436 2037 2572 2089 enim
2608 2038 2819 2092 ascendi
2851 2038 2918 2091 ad
2946 2035 3160 2094 Patrem
3189 2041 3360 2094 meum
3381 2039 3576 2111 (Joan.
3603 2056 3721 2106 XIX,
3745 2042 3870 2111 21).

2281 2123 2614 2180 Ascenderat
2661 2135 2838 2182 autem
2868 2128 2956 2183 hic
2994 2130 3063 2184 ad
3102 2129 3341 2196 Patrem,
3387 2132 3509 2200 quia
3546 2133 3870 2202 coaqualem

2281 2217 2331 2270 ei
2363 2217 2510 2272 illum
2554 2219 2802 2285 credidit,
2844 2221 3046 2276 idcirco
3091 2221 3356 2277 ﬁmbriam
3402 2225 3715 2279 vestimenti
3761 2225 3874 2296 ejus

2282 2307 2387 2363 ﬁde
2416 2309 2655 2380 perfecta
2701 2312 2890 2382 tetigit.
2951 2311 3090 2379 Quid
3119 2328 3250 2385 ergo
3275 2329 3375 2383 per
3421 2314 3716 2380 ﬁmbriam,
3775 2318 3871 2372 nisi

2282 2399 2454 2454 virtus
2497 2400 2722 2456 Deitatis
2747 2403 3102 2474 designatur?
3145 2405 3248 2460 Ista
3278 2421 3510 2476 namque
3546 2417 3630 2462 est
3663 2406 3871 2462 timbria

2281 2493 2685 2559 mandatorum,
2734 2511 2868 2564 quas
2914 2496 2968 2550 in
3023 2498 3332 2553 summitate
3377 2499 3522 2568 pallii
3575 2501 3870 2556 sacerdntis

2281 2581 2492 2654 Moyses
2515 2583 2632 2638 ﬁeri
2654 2583 2828 2652 jubet,
2857 2603 2952 2657 per
2985 2603 3147 2658 quam
3180 2590 3297 2644 lucc
3321 2591 3517 2646 mulier
3537 2593 3759 2646 interna
3784 2609 3870 2664 pe-

2282 2675 2536 2740 netravit,
2566 2683 2620 2729 et
2647 2691 2743 2745 per
2764 2677 3033 2733 ﬁmbriam
3065 2681 3240 2750 tetigit
3261 2683 3455 2751 capitis
3477 2685 3866 2740 summitatem.

2283 2763 2474 2819 llausit
2518 2780 2753 2836 namque
2786 2767 2853 2821 de
2900 2769 3152 2825 cincinno
3189 2780 3393 2842 guttam
3443 2773 3653 2838 salutis,
3715 2777 3870 2831 etde

2282 2857 2457 2926 capite
2507 2873 2682 2913 rorem
2706 2859 2940 2928 pietatis.
2976 2861 3127 2918 Unde
3159 2871 3213 2918 et
3238 2880 3467 2936 sponsus
3508 2867 3562 2921 in
3590 2867 3866 2924 Canticis:

2283 2945 2451 3016 Caput
2481 2965 2653 3002 meum
2680 2950 2890 3020 plenum
2913 2963 2985 3006 est
3013 2970 3150 3021 rore,
3185 2965 3232 3009 et
3258 2957 3488 3012 cincinni
3517 2961 3616 3013 mei
3641 2962 3870 3015 noctium

2281 3039 2438 3106 guttis
2467 3036 2651 3108 (Cant.
2684 3039 2845 3111 νβ).
2898 3041 3152 3098 Pervenit
3201 3045 3346 3100 enim
3400 3047 3514 3102 haec
3551 3048 3620 3102 ad
3670 3047 3869 3105 fontem

2202 3134 2247 3196 ρ
2278 3128 2438 3193 roris,
2466 3137 2521 3182 et
2564 3128 2748 3184 furtim
2798 3131 2979 3187 hausit
3029 3149 3092 3189 ex
3146 3133 3358 3190 ﬁmbria
3411 3146 3616 3208 guttam
3659 3139 3867 3196 salutis.

2277 3220 2526 3277 Profecto
2572 3223 2699 3292 quia
2746 3225 2973 3280 credidit
3022 3227 3168 3295 quod
3222 3239 3557 3300 unguentum
3591 3231 3645 3285 in
3696 3235 3870 3304 capite

2277 3314 2608 3370 descendens
2647 3317 2955 3384 pervenerit
3004 3335 3174 3388 usque
3236 3321 3305 3376 ad
3351 3337 3504 3376 oram
3555 3325 3867 3380 vestimenti

2277 3407 2413 3476 ejus.
2453 3406 2566 3463 Hoc
2602 3424 2837 3479 namque
2866 3425 2990 3465 rore
3022 3410 3255 3482 Spiritus
3287 3415 3459 3469 sancti
3497 3414 3663 3487 450
3699 3419 3873 3472 crines

2279 3498 2509 3553 Samson
2543 3509 2750 3570 septem
2785 3501 2972 3572 repleti
2998 3511 3153 3558 erant
3187 3502 3330 3560 illius
3357 3503 3631 3573 Nazaraei,
3665 3509 3873 3564 scilicet

2279 3590 2500 3656 Christi,
2527 3591 2580 3646 in
2607 3592 2803 3661 quibus
2834 3601 2980 3648 tanta
3011 3595 3410 3663 virtusinerat,
3437 3605 3496 3652 ut
3520 3598 3871 3671 inexsupera-

2281 3682 2404 3737 bilis
2447 3694 2610 3739 esset.
2661 3685 2768 3741 Sed
2811 3686 2942 3742 dum
2980 3686 3164 3742 Dalilae
3213 3690 3494 3760 amplexus
3529 3693 3750 3762 quaerit,
3779 3694 3873 3750 sci-

2279 3775 2406 3831 licet
2433 3776 2689 3833 Ecclesiae
2711 3787 3087 3845 menstruosaa,
3115 3780 3420 3837 inﬁrmatur
3438 3798 3611 3854 usque
3638 3785 3715 3840 ad
3740 3801 3874 3841 mor-

2282 3876 2408 3932 tem,
2438 3877 2666 3923 mortem
2697 3878 2878 3925 autem
2923 3871 3121 3927 crucis.
3175 3870 3290 3927 Hoc
3325 3872 3581 3928 nimirum
3629 3875 3742 3930 ista
3799 3877 3873 3930 in-

2281 3959 2524 4030 telligens
2574 3963 2808 4017 accessit
2840 3973 3007 4029 retro,
3066 3973 3124 4019 et
3167 3965 3345 4038 tetigit
3399 3965 3667 4023 ﬁmbriam
3719 3971 3871 4025 vesti-

2280 4055 2446 4108 menti
2468 4055 2602 4124 ejus.
2621 4055 2860 4112 Fimbria
2882 4065 3065 4114 autem
3089 4061 3534 4116 vestimentorum
3562 4076 3666 4118 nec
3691 4063 3874 4118 imme-

2282 4146 2388 4201 rito
2415 4147 2638 4216 quilibet
2661 4158 2971 4206 sanctorum
2993 4152 3360 4223 apostolorum
3377 4154 3662 4224 accipitur.
3692 4154 3874 4211 Omnis

2281 4253 2514 4308 namque
2543 4239 2782 4296 Ecclesia
2806 4243 3185 4299 vestimentum
3227 4244 3430 4301 Christi
3455 4261 3598 4317 stepe
3625 4247 3874 4318 designa-

2286 4338 2392 4394 tur,
2424 4337 2478 4384 et
2505 4330 2625 4385 ideo
2651 4345 2866 4400 quoque
2913 4340 2997 4388 est
3031 4333 3174 4404 quod
3223 4345 3555 4407 unguentum
3597 4337 3667 4392 de
3705 4339 3875 4408 capite

2282 4418 2453 4477 ﬂuens
2479 4438 2649 4492 usque
2681 4425 2745 4477 ad
2766 4440 2919 4479 oram
2950 4427 3255 4482 vestimenti
3286 4427 3634 4486 descendisse
3661 4435 3878 4487 canitur

599 4495 1026 4590 cunque‘hﬁs
1072 4498 1158 4553 illa
1201 4485 1480 4590 tetigisset,
1511 4503 1784 4560 immunda
1828 4519 2005 4562 erant.
2049 4509 2176 4566 llaec
2205 4493 2255 4554 Ῑ)
2282 4511 2466 4584 (Psal.
2511 4485 2701 4582 cxxm,
2752 4519 2841 4588 2),
2871 4527 2932 4572 ut
2959 4535 3150 4576 omnes
3177 4536 3315 4590 quos
3340 4522 3521 4577 divina
3568 4524 3752 4579 virtus
3797 4525 3873 4580 in-

593 4596 768 4637 vero:
807 4583 867 4639 Si
907 4590 1118 4656 tetigero
1175 4588 1437 4658 ﬁmbriam
1484 4595 1771 4649 vestimenti
1821 4598 1966 4668 ejus,
2017 4600 2162 4654 salva

591 4687 698 4728 ero.
743 4673 939 4761 Liquet
985 4678 1170 4749 igitur,
1207 4683 1350 4752 quod
1404 4699 1527 4738 eum
1589 4685 1757 4740 Deum
1799 4689 2052 4756 credidit,
2085 4692 2176 4761 qui

594 4762 754 4821 nullis
778 4759 1163 4838 doinquinatur
1187 4773 1452 4838 sordibus,
1483 4774 1592 4829 imo
1628 4777 1888 4850 abstergit
1933 4759 2175 4848 vulnera,

591 4859 848 4914 omundat
868 4861 1259 4929 immunditias,
1283 4872 1338 4919 et
1357 4864 1643 4936 languores
1668 4879 1884 4925 vacuat.
1911 4869 2016 4926 Sed
2043 4888 2180 4927 nun-

594 4950 724 5020 quid
755 4947 862 5006 non
893 4952 1010 5008 sine
1043 4962 1186 5009 tactu
1218 4954 1357 5025 ejus,
1395 4958 1445 5013 ei
1476 4969 1736 5029 praestare
1762 4972 2014 5032 poterat;
2042 4981 2180 5036 prte-

596 5042 782 5097 sertim
805 5058 929 5098 cum
960 5060 1061 5100 nec
1090 5062 1148 5101 se
1181 5048 1326 5119 tangi
1351 5050 1420 5104 ab
1435 5065 1500 5104 eo
1528 5053 1782 5121 postulat,
1809 5057 1903 5111 sed
1931 5057 2045 5126 ipsa
2067 5059 2182 5114 cin-

597 5134 813 5190 cinnum
843 5139 1148 5196 vestimenti
1180 5156 1247 5196 ex
1275 5143 1379 5199 tlde
1404 5143 1587 5200 furtim
1613 5155 1830 5219 tangere
1868 5153 2182 5220 praesumit?

594 5226 758 5318 Istinc
794 5230 955 5301 igitur
989 5232 1175 5303 liquet,
1201 5237 1344 5305 quod
1364 5240 1562 5308 passim
1591 5241 1642 5295 in
1673 5242 1963 5315 Evangelio
1985 5257 2186 5318 myste-

597 5323 691 5378 riis
716 5313 787 5380 ‘et
827 5328 989 5384 rebus
1018 5330 1197 5386 divina
1232 5333 1629 5401 praedicantur;
1668 5313 1952 5406 propterea
1980 5313 2178 5394 et'hazc

597 5414 841 5483 tetigisse
890 5435 1082 5490 nempe
1125 5422 1352 5488 dicitur,
1407 5432 1468 5478 ut
1517 5424 1650 5481 ﬁdes
1703 5442 1808 5496 qua
1850 5427 2098 5484 Christus
2151 5445 2180 5484 a

601 5507 713 5560 suis
772 5513 1006 5579 tangitur
1037 5514 1155 5571 luce
1183 5516 1381 5574 clarius
1404 5527 1692 5573 reseretur.
1720 5519 1989 5586 Quantum
2023 5522 2183 5591 igitur

597 5597 665 5649 ad
719 5597 1000 5676 historiam
1049 5608 1260 5673 attinet,
1311 5609 1435 5680 quia
1466 5623 1524 5664 se
1565 5608 1838 5679 indignam
1883 5610 2180 5680 judicabat,

601 5684 804 5744 idcirco
836 5702 981 5751 retro
1025 5705 1319 5770 accessisse
1368 5700 1588 5767 dicitur,
1640 5715 1746 5756 non
1783 5705 1926 5773 quod
1964 5704 2177 5778 ignoret

2281 4605 2458 4660 duerit
2496 4605 2680 4674 plenos
2726 4605 2960 4677 Spiritus
2987 4610 3158 4664 sancti
3190 4611 3365 4681 gratia
3404 4627 3512 4667 non
3541 4613 3874 4668 dubitemus.

2284 4693 2436 4751 Unde
2473 4713 2595 4751 cum
2647 4697 2871 4766 quilibet
2923 4713 3110 4754 eorum
3159 4699 3266 4756 ﬁde
3312 4703 3568 4773 tangitur,
3627 4703 3876 4760 doctrina

2283 4789 2474 4844 salutis
2525 4791 2792 4845 hauritur.
2862 4791 2939 4847 De
2985 4793 3180 4864 quibus
3225 4809 3324 4864 per
3371 4796 3695 4866 prophetam
3754 4810 3878 4851 voce

2282 4883 2457 4952 patris
2509 4883 2577 4937 ad
2605 4883 2817 4938 lilium:
2860 4883 2986 4939 Vivo
3033 4903 3150 4956 ego,
3189 4887 3315 4957 quia
3371 4888 3610 4942 omnibus
3656 4889 3747 4944 his
3795 4904 3878 4942 ve-

2284 4972 2381 5026 luti
2408 4974 2706 5028 uestimento
2736 4975 2963 5030 vestieris
2980 4973 3115 5047 (lsa.
3141 4992 3288 5042 λιιι,
3314 4977 3423 5048 18).
3451 4977 3543 5032 Isti
3572 4987 3706 5033 sunt
3732 4978 3880 5049 equi-

2285 5061 2428 5125 dem,
2462 5069 2522 5115 ut
2549 5060 2682 5125 dixi,
2734 5061 2970 5116 cincinni
3016 5063 3185 5132 guttis
3230 5063 3470 5118 noctium
3517 5063 3700 5134 pleni,
3755 5065 3877 5118 dum

2285 5167 2520 5222 sponsus
2561 5153 2744 5223 pulsat
2777 5153 2847 5207 ad
2895 5154 3116 5220 ostium,
3165 5170 3301 5225 quos
3335 5153 3879 5210 adtnodumehristi

2285 5243 2527 5299 Ecclesia
2571 5243 2768 5312 ubique
2807 5243 2912 5299 ﬁde
2943 5252 3168 5315 tangens
3198 5244 3532 5301 conﬁtetur:
3576 5242 3635 5300 Si
3661 5247 3881 5316 tetigero

2289 5345 2492 5390 tantum
2521 5335 2878 5390 vestimentum
2907 5336 3044 5406 ejus,
3077 5336 3222 5392 salva
3247 5354 3357 5392 ero.
3386 5337 3520 5404 Quia
3551 5351 3648 5407 per
3669 5334 3880 5390 doctri-

2291 5444 2414 5483 nam
2443 5443 2630 5483 eorum
2655 5444 2684 5482 a
2704 5427 2848 5483 ﬂuxu
2872 5429 3203 5485 inﬁdelitatis
3221 5430 3481 5485 salvatur.
3507 5431 3672 5486 Retro
3697 5437 3880 5485 autem

2289 5522 2480 5591 tangit,
2513 5522 2653 5577 sicut
2688 5522 2820 5587 dixi,
2854 5523 2976 5591 quia
3021 5532 3141 5592 post
3177 5524 3550 5579 ascensionem
3592 5523 3730 5594 ejus,
3766 5535 3882 5578 cre-

2291 5613 2461 5679 didit;
2492 5630 2586 5668 seu
2615 5614 2739 5683 quia
2763 5615 2964 5669 dictum
2996 5623 3080 5669 est
3107 5633 3120 5668 :
3163 5614 3225 5671 Si
3265 5616 3382 5686 quis
3412 5615 3541 5668 mihi
3588 5615 3879 5677 ministrat,

2289 5722 2372 5761 me
2402 5717 2651 5776 sequatur
2685 5706 2868 5779 (Iona.
2887 5725 2985 5777 xu,
3009 5710 3101 5781 26)
3127 5727 3142 5778 ;
3172 5718 3226 5768 et
3244 5709 3370 5768 alibi
3399 5727 3413 5766 :
3441 5706 3568 5764 Post
3595 5705 3883 5762 Dominum
