4004 6362
172 335 264 392 585

976 333 1336 392 EXPOSITIO
1374 335 1441 390 IN
1481 335 1911 394 MATTH/EU‘M.
1955 370 2022 380 —
2056 342 2182 396 LIB.
2223 343 2286 407 V,
2327 344 2482 400 CAP.
2521 346 2610 402 1X.

3299 352 3404 413 586

172 451 324 505 Deum
349 461 498 503 tuam
531 449 844 503 ambulabis.
898 449 1051 506 Unde
1072 450 1284 522 Moyses
1307 453 1604 522 posteriora
1631 453 1726 508 Dei
1755 458 1800 516 Α
1831 465 2048 524 asperat
2075 456 2278 520 fetoris,
2309 474 2407 516 nec
2427 460 2640 515 auditus
2667 462 2979 533 coinquinat
3000 464 3251 524 humana:
3274 484 3402 525 con-

171 544 338 598 vitbns
356 556 620 596 coruscus
648 543 713 596 de
733 550 915 597 monte
931 541 1226 598 descendit.

228 635 285 687 At
310 634 466 688 .lesus
497 651 796 701 conversus,
835 647 884 690 et
911 638 1089 692 videns
1117 654 1253 702 eam,
1289 638 1423 692 dixit
1448 654 1467 692 :
1489 637 1725 708 Conﬁde,

168 724 285 794 ﬁlia,
318 723 448 792 fides
494 734 590 778 tua
640 735 687 778 te
732 724 932 780 salvam
979 728 1125 796 facit.
1175 727 1283 783 Nec
1331 730 1512 798 itaque
1549 731 1724 784 dixit:

167 815 283 870 ﬁdes
316 823 405 868 tua
438 823 493 867 te
542 813 742 868 salvam
797 815 1002 871 factura
1046 826 1148 882 est,
1199 817 1293 871 sed
1337 818 1539 872 salvam
1565 818 1724 885 fecit;

169 919 220 959 ac
241 906 280 958 si
309 913 498 974 aperte
527 905 673 959 dicat
698 924 711 957 :
745 905 802 960 lu
825 922 890 961 eo
925 909 1066 977 quod
1111 909 1404 973 credidisti,
1429 911 1539 980 jam
1580 913 1726 966 salva

166 993 286 1047 facta
312 1009 389 1048 es.
419 993 490 1048 Et
526 995 820 1049 notamlum
871 997 1014 1066 quod
1040 996 1174 1052 ﬁdes
1200 997 1425 1053 salutem
1472 1002 1724 1069 acquirit,

163 1092 324 1138 etnon
344 1082 494 1137 salus
520 1083 704 1138 ﬁdem.
733 1085 1007 1154 Siquidem
1033 1086 1159 1156 quia
1185 1086 1444 1143 initiatrix
1468 1089 1725 1160 radixque

163 1172 381 1227 omnium
416 1173 680 1227 virtutum
711 1174 844 1229 ﬁdes
871 1191 990 1230 esse
1023 1176 1301 1247 probatur.
1337 1179 1486 1234 Licet
1506 1182 1722 1248 quidam

162 1261 290 1331 prius
329 1261 562 1315 virtutes
607 1263 905 1333 requirant,
961 1265 1153 1322 deinde
1186 1269 1498 1336 promittant
1521 1269 1717 1324 ﬁdem:

165 1360 320 1408 tamen
350 1355 504 1423 prior
527 1369 650 1410 esse
677 1357 836 1410 debet
859 1356 1014 1423 ﬁdes,
1045 1367 1102 1412 ut
1129 1370 1314 1428 postea
1355 1361 1578 1430 quilibet
1601 1378 1723 1431 per-

163 1443 320 1497 veniat
345 1443 414 1497 ad
441 1444 693 1500 salutem.
718 1447 871 1513 Quod
901 1457 1081 1503 autem
1110 1449 1267 1506 lesus
1305 1467 1596 1508 conversus
1642 1455 1722 1508 di-

161 1533 286 1586 citur
331 1534 400 1588 ad
430 1534 731 1600 mulierem,
762 1538 1090 1594 credendum
1138 1557 1244 1595 non
1279 1551 1427 1598 motu
1479 1547 1720 1614 corporis

167 1632 386 1689 tantum,
408 1626 494 1680 sed
521 1627 683 1680 etiam
712 1628 860 1697 prius
888 1630 1182 1686 divinitatis
1209 1643 1450 1704 aspectu,
1503 1644 1566 1690 ut
1604 1653 1721 1691 mu-

165 1713 258 1769 lier
275 1724 672 1771 converteretur
722 1716 790 1772 ad
838 1718 1131 1785 Christum,
1175 1723 1367 1778 deinde
1415 1740 1514 1794 per
1558 1726 1716 1783 ﬁdem

1829 547 2078 615 tagionis.
2100 548 2369 616 Profecto,
2395 555 2519 622 quia
2541 555 2641 610 etsi
2663 555 2744 611 sol
2786 565 2966 628 tangat
2993 570 3256 626 stercora,
3301 576 3400 620 nec

1827 641 2458 712 tamencoinquinatur,
2515 655 2718 715 quanto
2762 649 2934 719 magis
2985 660 3201 706 creator
3247 655 3397 721 solis,

1828 727 1952 783 dum
1980 731 2147 801 tangit
2181 743 2364 786 nostra
2393 735 2651 790 vulnera?
2687 736 2973 793 Offendunt
3001 740 3182 810 itaque
3209 751 3264 797 et
3285 743 3397 800 dis-

1827 818 2026 888 plicent
2053 821 2101 875 ei
2136 832 2476 889 peccatorum
2530 826 2774 893 vulnera,
2807 829 2976 898 magis
3002 846 3163 899 quam
3203 847 3398 904 corpo-

1827 923 1944 963 rum
1971 913 2532 980 passiones,vitiorum
2558 916 2734 971 sanies
2755 918 2926 987 magis
2952 933 3114 988 quam
3132 921 3396 976 viscerum

1824 1000 2015 1056 ﬂuxus.
2045 1003 2179 1070 Quia
2225 1005 2325 1059 etsi
2369 1007 2595 1076 quisque
2637 1007 2968 1065 voluntarius
2998 1011 3197 1066 labitur
3227 1013 3278 1067 in
3307 1014 3398 1070 de-

1825 1092 1984 1158 lictis,
2016 1103 2194 1150 tamen
2235 1097 2287 1151 in
2328 1098 2669 1168 languoribus
2697 1110 2910 1156 tenetur
2931 1103 3147 1159 invitus.
3173 1105 3397 1175 Propter

1823 1187 1964 1254 quod
2009 1197 2202 1242 caveat
2228 1189 2454 1259 quisque
2484 1191 2698 1270 indigne
2725 1194 3038 1264 contingere
3068 1197 3190 1252 vitae
3215 1213 3398 1253 sacra-

1823 1287 2084 1343 mentum,
2139 1280 2248 1335 imo
2297 1293 2488 1354 purget
2533 1300 2590 1339 se
2637 1287 2786 1354 prius
2829 1303 2859 1341 a
2894 1291 3205 1357 menstruis,
3235 1300 3290 1346 et
3316 1293 3397 1347 sic

1822 1369 2034 1423 demum
2067 1371 2237 1426 ﬁdelis
2278 1375 2528 1443 accipiat.
2566 1375 2674 1432 Nec
2703 1393 2930 1448 prorsus
2976 1382 3182 1439 dubitet
3206 1384 3397 1440 divini-

1823 1467 1984 1514 tatem
2019 1461 2218 1517 Christi
2249 1463 2438 1520 deesse
2463 1467 2516 1521 in
2547 1483 2711 1524 carne
2743 1472 2984 1542 corporis
3004 1473 3141 1543 ejus,
3160 1474 3321 1546 452
3348 1477 3395 1532 si

1820 1565 1992 1619 usque
2021 1552 2086 1605 ad
2116 1553 2381 1608 ﬁmbriam
2418 1559 2681 1626 pervenit.
2711 1559 2978 1617 Virtutem
3024 1573 3203 1620 autem
3243 1566 3392 1620 Divi-

1819 1643 1999 1697 uitatis
2029 1643 2162 1699 ﬁdes
2191 1647 2389 1716 ubique
2417 1653 2798 1721 consequitur;
2833 1655 2961 1725 quia
3012 1657 3212 1728 ubique
3235 1667 3318 1714 est
3336 1667 3407 1716 et.

1818 1749 2081 1804 nusquam
2141 1737 2340 1792 abest:
2379 1743 2474 1795 sed
2524 1750 2702 1798 tamen
2756 1747 2929 1817 magis
2988 1747 3041 1801 in
3073 1762 3296 1819 corpore
3341 1757 3394 1805 et

157 1819 340 1906 curam.
357 1806 628 1906 acciperet
675 1809 945 1908 sanitatis.
977 1811 1204 1882 Propter
1228 1816 1372 1884 quod
1413 1815 1711 1884 fatendum,
1743 1807 1789 1867 Β
1816 1839 1976 1881 carne
2013 1826 2254 1882 Christi:
2281 1844 2379 1900 per
2427 1833 2570 1900 quod
2616 1834 2802 1901 etiam,
2844 1806 2971 1908 quia
3020 1806 3241 1896 Verbtim
3270 1856 3392 1893 caro

155 1894 264 1963 quia
289 1894 428 1950 vidit
447 1897 642 1952 divinis
666 1897 838 1953 oculis
880 1902 1060 1970 potius
1085 1917 1247 1972 quam
1288 1905 1558 1972 humanis,
1583 1908 1717 1963 vidit

155 1993 203 2039 ut
221 1985 374 2041 saluti
401 1987 673 2056 redderet,
714 1999 770 2045 et
807 2006 915 2047 non
954 2001 1015 2047 ut
1040 2005 1359 2063 agnosceret
1401 2013 1562 2068 quam
1591 2015 1717 2069 pro-

141 2078 276 2164 fecto
309 2082 527 2138 sciebat
561 2094 854 2156 antequam
886 2088 1000 2157 ipsa
1029 2088 1192 2144 sciret
1225 2089 1394 2145 Deum
1420 2092 1712 2162 requirere.

153 2172 271 2239 Quid
308 2174 511 2246 plura?
551 2176 802 2235 Christus
841 2179 946 2234 hoc
982 2181 1226 2238 mulieris
1253 2183 1498 2253 exemplo
1535 2186 1716 2241 docuit

149 2274 394 2332 quantum
423 2265 560 2322 ﬁdes
585 2268 833 2338 proﬁciat
855 2271 920 2324 ad
964 2271 1211 2326 salutem.
1237 2273 1344 2329 ista
1372 2291 1603 2346 namque
1631 2285 1717 2332 est

145 2363 370 2423 potestas
412 2372 521 2427 qua
576 2359 798 2426 utimur,
846 2375 954 2415 non
991 2362 1166 2418 solum
1213 2372 1271 2417 ut
1318 2380 1594 2432 sanentur,
1621 2367 1717 2422 sed

146 2449 289 2503 etiam
318 2457 383 2503 ut
425 2449 522 2504 ﬁlii
557 2450 654 2506 Dei
683 2452 872 2507 simus.
898 2452 1050 2508 Unde
1075 2455 1189 2509 ait:
1223 2453 1384 2511 Fides
1412 2467 1504 2511 tua
1529 2467 1580 2512 te
1603 2459 1712 2512 sal-

145 2541 434 2615 νωιιιει
464 2543 606 2612 fecit.
663 2542 768 2598 Sed
820 2544 922 2599 nisi
962 2546 1112 2614 prius
1149 2561 1269 2601 eam
1315 2563 1604 2604 conversus
1632 2550 1714 2604 vi-

146 2633 316 2699 disset,
346 2635 467 2690 hinc
495 2636 718 2692 minime
741 2636 887 2692 illum
915 2638 1018 2694 ﬁde
1047 2648 1308 2711 tangeret.
1327 2641 1433 2697 Sed
1455 2645 1718 2700 recreavit

145 2724 278 2792 prius
313 2724 464 2794 quod
515 2724 736 2791 faceret,
786 2733 842 2782 et
895 2727 1042 2783 dedit
1091 2730 1230 2784 unde
1285 2739 1546 2802 tangeret.
1591 2733 1717 2788 Inde

146 2814 393 2870 duntaxat
423 2825 616 2872 renata
658 2818 782 2888 jure
806 2818 915 2874 tilia
946 2831 1190 2887 vocatur,
1236 2829 1291 2876 et
1329 2831 1594 2891 potestate
1627 2839 1717 2879 ac-

144 2914 278 2974 cepta
321 2906 474 2971 ﬁdei,
506 2915 750 2962 sanatur.
773 2908 1026 2979 Alioquin
1062 2911 1165 2966 nisi
1205 2912 1355 2982 prius
1394 2913 1713 2984 perciperet,

1817 1919 2016 1988 factum
2039 1930 2112 1975 est
2134 1933 2180 1975 et
2201 1922 2450 1978 habitavit
2479 1926 2531 1979 in
2559 1927 2705 1981 nobis
2723 1927 2902 2000 (Joan.
2929 1930 3103 2000 1,14).
3122 1931 3188 1986 Ει
3215 1931 3260 1986 si
3292 1932 3392 1986 ita-

1812 2028 1919 2082 que
1967 2014 2209 2084 corporis
2239 2013 2438 2071 Christi
2491 2021 2785 2090 assumptio
2832 2032 3135 2077 transvecta
3186 2033 3270 2078 est
3325 2023 3391 2078 ad

1813 2101 2000 2168 eteius,
2032 2105 2158 2173 quia
2180 2105 2434 2176 majestas
2464 2106 2622 2163 Verbi
2647 2109 2976 2168 inﬁdelitatis
2997 2123 3079 2168 est
3103 2115 3298 2184 ubique
3327 2115 3389 2170 li~

1812 2191 1964 2258 hera,
2002 2209 2107 2248 non
2146 2197 2372 2251 recessit
2416 2212 2444 2250 a
2491 2199 2663 2254 nobis.
2702 2199 2926 2271 Propter
2973 2208 3116 2274 quod
3160 2207 3386 2262 devotus

1815 2282 2042 2353 quisque
2086 2283 2283 2354 ubique
2333 2285 2436 2340 ﬁde
2486 2297 2697 2358 tangat,
2746 2305 2812 2344 ne
2861 2306 2982 2347 cum
3035 2295 3204 2349 turbis
3253 2295 3391 2351 male

1814 2375 2154 2444 comprimat,
2190 2384 2246 2430 ct
2289 2377 2568 2433 conculcet
2603 2378 2898 2437 Christum.
2933 2383 3227 2455 Sequitur:

1887 2465 1954 2518 Et
1984 2482 2103 2519 cunt
2143 2468 2358 2522 venisset
2397 2468 2554 2524 Jesus
2591 2471 2646 2524 in
2680 2472 2894 2526 domum
2924 2476 3197 2546 principis,
3227 2488 3273 2531 et
3320 2479 3392 2533 vi-

1815 2557 1976 2610 disset
2026 2558 2257 2612 tibicines
2309 2569 2356 2613 et
2411 2561 2613 2615 turbam
2670 2564 3096 2632 tumultuantem,
3150 2569 3392 2624 dicebat:

1818 2643 2084 2711 Recedite,
2133 2665 2237 2702 non
2269 2658 2344 2703 est
2373 2659 2580 2704 mortua
2619 2651 2814 2722 puella,
2861 2655 2951 2708 sed
2991 2656 3203 2710 dormit.
3256 2659 3394 2714 Ecce

1816 2736 2052 2792 dormire
2078 2738 2226 2804 dicit,
2253 2755 2412 2810 quam
2439 2757 2598 2811 supra
2629 2752 2892 2798 mortuam
2920 2754 3075 2814 pater
3093 2749 3392 2806 nuntiarat.

1815 2827 1884 2883 Et
1929 2828 2072 2884 sicut
2116 2830 2254 2887 alius
2297 2834 2622 2905 evangelista
2668 2839 2976 2907 expressius
3025 2840 3211 2906 refert,
3265 2843 3392 2898 dum

1817 2919 1934 2974 haec
1955 2929 2186 2991 aguntur
2211 2923 2265 2978 in
2294 2923 2400 2988 via,
2431 2939 2461 2978 a
2481 2927 2653 2981 servis
2681 2937 2892 2983 mortua
2921 2930 3184 2986 asseritur
3209 2933 3394 2989 dicen-

145 3011 240 3050 uon
267 2998 446 3052 solum
499 2998 734 3054 salutem
769 3015 801 3054 a
848 3002 1058 3058 medico
1099 3017 1204 3057 non
1249 3003 1491 3068 referret,
1532 3019 1716 3060 verum
1818 3010 2340 3069 tibuszNolivexare
2361 3013 2691 3086 Magistrum,
2715 3029 2920 3074 mortua
2945 3030 3018 3075 est
3041 3022 3179 3076 enim
3198 3022 3392 3093 puella.

144 3106 234 3149 nec
255 3109 378 3150 eum
415 3103 684 3165 tangeret.
707 3095 1043 3166 Porrojuxta
1069 3098 1436 3173 tropologiam,
1466 3100 1716 3170 princeps
1754 3168 1789 3174 _
1819 3100 1955 3157 Mira
1997 3103 2092 3158 Dei
2138 3105 2498 3174 dispensatio!
2544 3107 2684 3164 Ecce
2739 3110 3000 3167 duodenis
3035 3112 3139 3168 ista
3176 3114 3397 3170 deﬂuxit

146 3184 237 3240 iste
260 3186 515 3242 animalis
537 3188 763 3258 quilibet
792 3188 954 3244 homo
973 3190 1097 3261 jure
1134 3168 1483 3262 designatur,
1499 3193 1589 3264 qui
1617 3168 1717 3264 pro
1743 3168 1790 3234 (ἶ
1821 3193 1889 3246 ad
1913 3201 2164 3258 mortem,
2189 3168 2315 3249 dum
2341 3195 2426 3250 illa
2456 3211 2634 3252 cornva
2666 3200 2964 3256 resurrexit
2989 3200 3043 3256 in
3068 3202 3255 3258 vitam.
3278 3202 3396 3271 Quo

144 3277 263 3344 lilia,
292 3280 346 3334 id
374 3289 465 3334 est
514 3295 615 3351 pro
655 3296 844 3347 carne,
885 3291 1068 3354 rogat;
1109 3297 1174 3339 eo
1199 3284 1344 3354 quod
1367 3285 1545 3340 omnis
1571 3301 1718 3340 mor-
1819 3282 2072 3337 nimirum
2095 3299 2321 3339 numero
2351 3301 2458 3340 non
2505 3293 2712 3357 tempus
2746 3287 2995 3344 humana:
3024 3291 3150 3346 vitae
3175 3291 3394 3346 conclua

143 3370 312 3426 talitas
357 3382 546 3426 nostra
575 3372 630 3426 in
678 3372 940 3428 extremis
983 3373 1099 3428 fore
1149 3384 1295 3430 recte
1323 3375 1580 3430 creditur.
1611 3374 1720 3431 Sed
1819 3371 1984 3438 ditur,
2015 3374 2109 3428 sed
2143 3389 2319 3430 annus
2347 3376 2626 3431 duodecim
2672 3377 2961 3434 distinctus
2995 3381 3272 3436 mensibus
3301 3383 3393 3437 de-

141 3463 330 3530 quaerit
357 3463 512 3533 prius
545 3464 726 3519 anima
749 3463 954 3520 ﬂuxum
977 3466 1231 3520 vitiorum
1258 3467 1397 3521 male
1439 3482 1716 3539 perpessa,
1818 3465 2077 3536 signatur.
2119 3465 2270 3522 Unde
2296 3469 2555 3538 propheta
2582 3486 2596 3522 :
2630 3469 2838 3524 Annum
2882 3481 3149 3541 acceptum
3186 3471 3395 3527 Doniini

137 3558 195 3602 et
219 3551 398 3619 tangit
441 3551 624 3606 saltem
671 3554 896 3608 minima
948 3555 1324 3611 mandatorum
1359 3557 1452 3612 Dei
1496 3557 1601 3612 ﬁde
1628 3574 1717 3614 re-
1817 3556 2066 3626 prwdicat
2090 3554 2242 3626 (Luc.
2270 3572 2341 3622 iv,
2372 3558 2482 3628 l9),
2508 3558 2867 3628 etApostolus
2892 3562 3146 3631 temporis
3161 3563 3394 3631 plenitu¢

138 3653 353 3708 creata,
375 3652 436 3699 ut
462 3646 518 3700 in
544 3647 761 3703 salutem
800 3651 1098 3720 perveniat.
1129 3650 1286 3707 Prius
1313 3667 1544 3723 namque
1563 3654 1715 3718 ordo,
1819 3647 1997 3701 dinem
2011 3648 2422 3704 commendans:
2449 3647 2620 3715 Venit,
2637 3651 2829 3721 inquit,
2842 3651 3111 3721 plenitudo
3126 3654 3390 3722 temporis,

136 3734 188 3789 id
226 3744 316 3791 est
344 3745 404 3792 ut
433 3737 590 3792 homo
614 3739 669 3794 in
698 3739 882 3795 anima
910 3749 1150 3807 sanetur,
1175 3743 1371 3798 deinde
1390 3744 1456 3797 ad
1487 3744 1720 3798 resusci-
1816 3740 1956 3794 misit
1978 3739 2118 3794 Deus
2145 3738 2345 3794 Filium
2364 3758 2520 3796 suum
2538 3740 2683 3812 (Gal.
2706 3758 2781 3808 iv,
2803 3742 2882 3815 4).
2906 3743 3008 3811 Qui
3029 3744 3283 3799 nimirum
3305 3746 3396 3799 ad-

138 3828 389 3884 tationem
419 3837 475 3885 et
497 3829 728 3886 salutem
754 3831 937 3887 carnis
963 3832 1198 3887 anhelet.
1233 3833 1383 3889 Unde
1408 3832 1675 3904 Propheta
1700 3851 1713 3889 :
1818 3833 2039 3915 veniens
2070 3833 2414 3890 credentibus
2440 3835 2607 3889 vitam
2639 3836 2888 3903 reddidit,
2920 3836 3223 3892 incredulos
3268 3853 3395 3893 vero

142 3914 312 3970 Sitieit
336 3918 390 3972 in
431 3927 482 3973 te
521 3920 702 3973 anima
724 3935 861 3985 mea,
885 3937 1045 3990 quam
1079 3921 1437 3992 multipliciter
1469 3923 1563 3976 tibi
1593 3939 1715 3977 raro
1817 3914 2046 3980 detrusit
2071 3924 2124 3979 in
2148 3933 2376 3980 mortem
2405 3943 2420 3988 ;
2459 3941 2555 3982 eos
2596 3927 2846 3983 videlicet
2888 3943 3024 3998 quos
3057 3929 3278 3998 perﬁdia
3303 3929 3396 3984 Ju-

137 4023 253 4061 mea
281 4007 458 4081 (Psal.
480 4026 618 4076 mi,
645 4011 738 4082 2).
771 4010 1148 4070 Verumtamen
1176 4014 1362 4069 audiat
1378 4014 1718 4070 Christianus
1817 4013 2055 4070 daeorum
2093 4015 2385 4070 interemit.
2415 4014 2582 4071 Recte
2614 4017 2755 4073 servi
2809 4016 3148 4087 appellantur
3176 4019 3266 4088 qui
3295 4034 3396 4073 no-

136 4098 369 4167 quilibet,
402 4109 460 4155 et
495 4103 740 4172 quotidie
772 4119 969 4174 corpus
1001 4102 1206 4159 Christi
1249 4105 1317 4160 de
1343 4104 1514 4160 altare
1554 4105 1717 4175 parti-

137 4191 328 4259 cipans,
371 4204 643 4264 quantam
687 4197 756 4252 de
799 4211 866 4251 eo
908 4197 1078 4267 possit
1126 4211 1340 4252 sumere
1369 4198 1712 4263 medicinam,

133 4285 335 4349 quando
373 4285 576 4342 mulier
603 4294 808 4342 tantam
831 4289 1012 4358 rapuit
1042 4289 1109 4342 de
1131 4287 1244 4343 sola
1273 4287 1473 4344 Christi
1504 4289 1714 4343 ﬁmbria

134 4375 436 4430 sanitatem.
487 4375 760 4433 Fortassis
806 4392 905 4448 per
954 4378 1056 4434 hoc
1112 4379 1295 4434 docuit
1335 4379 1450 4434 haec
1499 4379 1712 4445 mulier,

1816 4105 1933 4159 lunt
1957 4106 2141 4160 vexari
2171 4105 2468 4172 Christum,
2514 4116 2572 4162 ut
2614 4110 2681 4164 ad
2721 4107 3024 4164 defunctam
3058 4108 3394 4181 Synagogam

1815 4195 1999 4250 veniat
2024 4212 2038 4260 ;
2067 4195 2378 4267 Magistrum
2408 4213 2530 4252 eum
2560 4198 2694 4268 legis
2716 4200 3068 4266 aestimantes,
3101 4200 3224 4255 licet
3253 4217 3396 4257 mor-

1820 4294 1966 4341 tuam
1992 4289 2357 4357 pronuntient,
2406 4305 2472 4345 eo
2511 4293 2654 4361 quod
2682 4292 3013 4364 perdiderint
3037 4308 3187 4363 spem
3220 4309 3397 4348 resur-

1818 4376 2096 4441 rectionis,
2126 4385 2182 4431 et
2232 4377 2421 4433 nolunt
2449 4379 2517 4433 ad
2559 4395 2683 4435 eum
2723 4381 2917 4436 redire.
2967 4381 3189 4438 Constat
3235 4383 3398 4454 igitur

127 4478 381 4532 Quantum
427 4467 506 4522 sit
527 4483 724 4540 corpus
767 4467 970 4525 Christi
1019 4484 1233 4525 sumere
1276 4471 1342 4526 de
1389 4471 1717 4526 sublimitate
1742 4517 1793 4542 η
1819 4462 2038 4519 Scribas
2065 4473 2122 4519 et
2153 4465 2453 4523 Pharisaios
2489 4466 2661 4524 Deum
2711 4469 2768 4525 in
2804 4485 3028 4540 corpore
3065 4472 3393 4542 despexisse,

133 4556 303 4613 altaris
322 4574 524 4614 coram
544 4560 716 4615 oculis
729 4560 926 4616 divinae
941 4559 1259 4630 majestatis,
1274 4561 1402 4617 dum
1415 4576 1483 4617 ex
1503 4561 1715 4618 ﬁmbria

129 4648 197 4705 sic
216 4652 484 4721 proﬂuxit
514 4652 659 4708 illico
702 4669 736 4708 a
777 4662 922 4709 tactu
965 4653 1088 4710 fons
1134 4653 1405 4709 sanitatis.
1437 4653 1545 4710 Sed
1571 4655 1716 4724 quod

131 4740 424 4801 ﬂendum
469 4755 554 4800 est
589 4746 766 4811 valde,
811 4747 1005 4802 exinde
1055 4746 1378 4802 medicinam
1426 4745 1548 4800 tulit
1596 4746 1715 4801 vul-

127 4833 297 4898 neris;
345 4834 521 4890 nobis
571 4850 698 4889 vero
735 4835 1004 4891 medicina
1051 4835 1168 4907 ipsa
1226 4835 1497 4890 interdum
1547 4844 1717 4891 retor-

127 4935 308 4991 quetur
332 4927 392 4980 in
411 4925 635 4980 vulnus.
653 4925 792 4982 llinc
811 4942 1022 4998 quoque
1041 4936 1128 4983 est
1144 4927 1286 4998 quod
1303 4926 1589 4998 Apostolus
1611 4927 1715 4982 ait:

129 5011 221 5080 Qui
264 5019 472 5088 tangit,
519 5034 610 5071 seu
655 5018 745 5088 qui
782 5018 1004 5072 comedit
1030 5034 1218 5088 corpus
1249 5017 1444 5072 Christi
1485 5019 1715 5089 indigne,

115 5107 377 5172 judicium
402 5109 515 5164 sibi
561 5109 802 5182 sumit(l
831 5110 956 5165 Cor.
991 5127 1068 5177 ιι,
1098 5111 1224 5183 29,).
1260 5110 1418 5182 Capit
1453 5111 1615 5183 igitur
1642 5121 1721 5167 te-

124 5205 338 5262 meritas
367 5205 565 5276 potius
592 5205 984 5274 inﬁrmitatem,
1015 5210 1158 5264 unde
1187 5209 1321 5264 ﬁdes
1350 5209 1597 5279 accipere
1626 5209 1720 5266 de-

124 5292 230 5349 buit
266 5299 600 5353 sanitatem.
647 5295 875 5368 Propter
897 5299 1036 5370 quod
1070 5301 1208 5355 inter
1229 5317 1317 5356 vos
1346 5301 1497 5356 multi
1520 5302 1719 5371 inﬁrmi

121 5394 168 5438 et
190 5391 419 5459 agri,“
445 5388 732 5453 dormiunt,
785 5390 959 5460 inquit
985 5391 1292 5462 Apostolus,
1335 5392 1486 5446 multi
1524 5391 1709 5463 (Ibid.,

123 5473 238 5550 30).
273 5479 639 5534 Dormientes
674 5495 810 5536 vero
832 5489 1073 5537 mortuos
1094 5481 1326 5552 appellat
1357 5497 1492 5552 quos
1516 5483 1716 5536 acriter

121 5565 368 5639 deplorat
411 5577 475 5624 et
519 5568 664 5640 luget
708 5571 761 5625 in
795 5571 934 5626 .vivo
965 5586 1190 5643 corpore
1218 5571 1329 5641 jam
1355 5572 1610 5642 sepultos.
1652 5573 1717 5626 Et

124 5661 448 5720 notandum.
476 5663 620 5732 quod
671 5664 945 5719 Christum
994 5680 1094 5721 nec
1148 5675 1321 5721 tactus
1380 5665 1569 5736 polluit
1612 5665 1714 5719 im-

123 5752 357 5820 mundae,
409 5769 515 5808 nec
558 5754 700 5809 visus
754 5754 978 5812 oﬁ'endit
1020 5767 1277 5823 cruentae,
1333 5774 1430 5812 nec
1457 5757 1590 5813 odor
1626 5771 1714 5811 cx-

1741 4517 1794 4578 D

1820 4557 1914 4612 sed
1939 4555 2190 4613 Christus
2226 4559 2504 4628 prophetis
2531 4567 2584 4613 et
2609 4560 2934 4630 patriarchis
2976 4577 3074 4630 pro
3109 4576 3173 4618 ea
3224 4563 3397 4619 inter-

1815 4647 2158 4718 pellantibus,
2183 4649 2399 4705 domum
2412 4651 2559 4706 adire
2575 4651 2815 4718 festinat,
2836 4661 2896 4708 ut
2918 4664 3188 4710 mortuam
3216 4671 3394 4712 resus-

1819 4740 1948 4796 citet
1974 4740 2333 4813 Synagogam.
2351 4742 2452 4798 Ubi
2480 4759 2602 4798 cum
2619 4745 3096 4802 vidissettibicines
3107 4757 3160 4801 et
3182 4747 3394 4803 turbam

1821 4833 2257 4899 tumultuantem,
2291 4834 2542 4890 recedere
2574 4834 2742 4903 jubet.
2791 4835 2883 4892 isti
2923 4847 3049 4893 sunt
3090 4838 3234 4893 enim
3282 4837 3433 4915 faui)

1823 4933 1987 4991 tores,
2016 4941 2245 4995 quorum
2276 4925 2513 4996 perlecta
2556 4928 2764 4982 threnis
2795 4944 2986 4984 somno
3025 4944 3191 4999 usque
3237 4928 3398 4983 hodie

1820 5017 2084 5088 premitur
2110 5016 2460 5072 inﬁdelitatis.
2492 5017 2640 5072 Solet
2681 5018 2844 5088 igitur
2875 5020 2928 5074 in
2983 5019 3128 5075 tibiis
3171 5020 3398 5086 lugubre

1820 5125 2039 5165 carmen
2069 5109 2137 5163 ad
2164 5108 2392 5179 vigilias,
2434 5118 2489 5164 et
2531 5109 2812 5165 cantilenae
2837 5124 3130 5180 personare
3160 5119 3397 5165 mortuo-

1821 5215 1964 5264 rum,
2005 5206 2064 5253 ut
2096 5200 2258 5253 corda
2285 5199 2612 5268 torpentium
2637 5201 2873 5255 excitent
2907 5200 2973 5255 ad
3003 5199 3258 5254 lamenta.
3307 5198 3434 5282 Sicf;

1819 5291 1986 5346 Judaei
2033 5290 2271 5345 litteram
2326 5298 2620 5358 sectantes,
2674 5305 2792 5360 quae
2829 5289 3048 5356 occidit,
3091 5290 3246 5358 quasi
3285 5290 3397 5345 suis

1821 5383 2047 5439 canticis
2067 5391 2121 5436 et
2141 5383 2370 5448 threnis,
2399 5383 2600 5438 luctum
2620 5383 2888 5452 ingerunt,
2905 5389 2962 5435 et
2982 5389 3250 5435 mortuam
3266 5381 3400 5452 Syn-

1821 5491 2044 5548 agogam
2069 5490 2239 5544 usque
2271 5475 2431 5530 hodie
2455 5474 2753 5544 deplorant.
2772 5471 3121 5538 Quibuscum
3137 5490 3167 5528 a
3183 5474 3397 5530 Clu-isto

1820 5569 1905 5623 vel
1934 5586 1964 5623 a
1998 5572 2109 5623 suis
2153 5569 2349 5622 dicitur
2390 5565 2667 5635 discipulis
2698 5581 2710 5616 :
2744 5563 2867 5618 Non
2896 5575 2971 5619 est
3007 5565 3145 5620 enim
3191 5577 3396 5621 mortua

1821 5660 2036 5731 puella,
2088 5660 2178 5714 sed
2209 5659 2442 5721 dormit,
2490 5656 2736 5711 derident
2783 5670 2904 5710 eum
2935 5696 2951 5721 ,
3017 5655 3242 5726 perﬁdia
3301 5659 3398 5713 de-

1823 5753 1990 5824 pressi
2052 5767 2162 5807 suae
2213 5749 2560 5805 inﬁdelitatis.
2626 5747 2733 5803 Sed
2788 5743 3066 5814 Christus,
3135 5749 3215 5804 his
3279 5765 3398 5806 cum
