4004 6362
589 338 694 395 587

1392 328 1451 386 8.
1490 325 1854 383 PASCIIASII
1887 320 2239 379 BADBERTI
2275 320 2566 378 ABBATIS
2603 320 3050 380 CORBEIENSIS

3738 321 3877 390 ‘38

591 459 748 516 turba
801 454 992 527 ejectis
1038 451 1322 513 omnibus,
1394 446 1561 502 intrat
1624 452 1681 499 et
1746 450 1892 497 tenet
1957 455 2180 495 manum
2208 444 2258 505 Α
2286 439 2510 494 alterius
2535 439 2636 493 rei.
2662 437 2797 493 Nam
2837 447 3155 494 transeunte
3199 438 3431 497 Domino
3452 440 3522 498 de
3546 449 3709 501 (tonio
3726 447 3875 516 prin-

589 553 751 628 “3
773 550 982 623 Ρυθηὶθν
1037 546 1162 617 (μήτε
1225 545 1336 600 Deo
1390 542 1570 598 omnia
1623 540 1830 594 vivunt.
1882 537 2035 593 Unde
2063 537 2177 591 an:

596 644 720 703 Non
740 653 815 698 est
842 650 1046 696 mortua
1064 636 1265 708 puella,
1302 635 1391 689 sed
1410 634 1624 687 dormit.
1650 631 1727 685 Ac
1757 631 1802 685 si
1830 639 2081 700 patenter
2101 630 2181 683 di-

593 746 705 800 cat,
731 733 931 790 dormit
964 731 1018 785 in
1048 725 1524 798 superstitionibus
1544 722 1701 792 legis,
1726 729 1783 774 et
1796 719 2183 779 traditionibus

593 845 773 900 prava:
796 824 1182 897 persuasionis.
1203 821 1355 878 Unde
1377 836 1405 872 a
1429 820 1588 874 domo
1609 815 2019 871 resurrectionis
2034 814 2186 869 Chri-

594 930 710 976 stus
765 918 977 971 turbam
1035 912 1449 967 tumultuantem
1516 904 1815 961 inﬁdelium
1873 902 2181 958 Judzeorum

582 1011 754 1081 _ejicit,
813 1016 868 1065 et
918 1006 1186 1070 tibicines,
1246 1017 1443 1075 pravos
1493 999 1697 1055 scilicet
1751 998 2059 1068 magistros,
2116 995 2183 1049 ab

593 1098 771 1158 ofﬁcio
822 1099 1017 1153 littera:
1061 1094 1398 1165 repulsurus,
1448 1099 1602 1145 extra
1654 1088 1855 1143 donum
1917 1086 2064 1141 facit.
2124 1085 2183 1139 In

596 1208 703 1264 qua
731 1191 963 1260 denique
1000 1188 1163 1242 domo
1192 1182 1529 1240 solummodo
1580 1187 1786 1249 septem
1817 1193 2063 1249 persona:
2100 1192 2186 1231 re-

596 1298 866 1348 mansere,
893 1281 1242 1351 designantes
1278 1293 1345 1331 ex
1366 1274 1565 1330 Iudaeis
1593 1288 1689 1327 eos
1749 1270 2062 1326 resuscitari
2116 1267 2184 1322 ad

598 1375 795 1440 lucem,
824 1375 881 1429 in
906 1372 1102 1442 quibus
1140 1367 1470 1439 septiformis
1516 1364 1749 1435 Spiritus
1794 1363 1969 1417 sancti
2009 1362 2185 1433 gratia

596 1481 656 1524 se
683 1465 999 1539 perfuderit,
1027 1472 1083 1518 et
1140 1474 1367 1516 numero
1408 1454 1829 1513 consecraverit.
1882 1453 1987 1508 Sed
2048 1452 2185 1508 forte

596 1558 858 1630 quaeritur
889 1571 988 1611 cur
1012 1568 1228 1610 manum
1262 1549 1423 1619 hujus
1465 1549 1718 1630 tenuerit,
1753 1546 1910 1600 sicuti
1943 1555 1999 1599 et
2045 1544 2180 1613 ejus,

598 1624 759 1723 quem
782 1664 812 1703 a
842 1647 1081 1704 febribus
1100 1645 1155 1700 in
1181 1644 1340 1699 domo
1363 1624 1600 1696 Simonis
1644 1651 1810 1707 supra
1855 1649 2079 1690 sanasse
2104 1633 2184 1688 le-

599 1743 793 1814 gimus.
824 1739 977 1794 Patet
1006 1737 1171 1807 igitur
1200 1736 1252 1789 in
1291 1742 1521 1803 utraque
1544 1728 1686 1801 quod
1713 1743 1878 1797 sexus
1916 1724 2186 1781 femineus

2285 531 2441 600 cipis,
2475 538 2809 599 etpergente
2830 530 2897 584 ad
2926 530 3148 585 domum
3195 546 3371 598 suam,
3419 534 3561 589 sicut
3597 551 3758 606 supra
3799 536 3878 592 le-

2284 624 2483 693 gimus,
2507 621 2650 692 quod
2674 621 2980 676 ascenderit
3018 621 3071 675 in
3108 637 3324 687 navem,
3381 634 3442 678 ut
3498 627 3877 684 transfretaret

2285 722 2342 769 et
2369 714 2471 767 iret
2508 712 2563 766 in
2590 712 2864 767 civitatem
2891 726 3077 775 suam,
3100 711 3407 767 clamabant
3426 714 3528 785 ipsi
3567 716 3674 771 duo
3701 718 3881 773 dicen-

2290 816 2402 862 tes:
2436 805 2683 859 Miserere
2703 805 2888 868 nostri,
2919 804 2997 872 fili
3028 803 3218 858 David.
3248 805 3315 859 Et
3344 813 3525 860 tamen
3552 822 3657 860 non
3688 824 3880 863 curan-

2288 906 2375 951 tur
2401 896 2734 960 transitorie,
2777 910 2887 950 non
2925 896 2979 949 in
3036 896 3250 961 itinere,
3307 905 3366 951 ut
3411 899 3677 967 putabant
3724 921 3737 953 :
3788 903 3881 957 sed

2278 997 2470 1057 postea
2500 986 2646 1041 venit
2670 986 2737 1040 ad
2769 986 2989 1041 domum
3017 1002 3193 1053 suam,
3221 989 3486 1044 accedunt
3533 990 3601 1045 ad
3647 1005 3773 1047 eum
3828 1004 3889 1049 et

2286 1080 2578 1135 introeunt.
2606 1078 2672 1133 Et
2695 1079 2766 1133 ibi
2819 1080 3133 1152 interrogati
3177 1081 3485 1154 diligentius
3520 1094 3576 1139 et
3610 1085 3883 1152 instructi,

2286 1170 2468 1225 lumen
2492 1170 2777 1241 recipiunt.
2829 1170 3083 1229 Profecto
3122 1174 3248 1243 quia
3277 1184 3431 1229 extra
3470 1176 3692 1231 domum
3734 1177 3882 1243 Jesu,

2288 1263 2341 1318 id
2377 1275 2461 1318 est
2487 1273 2641 1318 extra
2671 1264 2993 1331 Ecclesiam,
3022 1280 3183 1321 nemo
3208 1266 3387 1321 lumen
3411 1277 3589 1337 potest
3615 1270 3883 1341 accipere.

2290 1353 2443 1409 Unde
2467 1353 2699 1421 primum
2730 1368 2920 1408 eorum
2952 1353 3239 1410 discutitur
3260 1355 3415 1423 ﬁdes,
3448 1359 3493 1412 si
3523 1359 3736 1427 possint
3772 1375 3885 1415 cre-

2287 1444 2434 1508 dere,
2475 1445 2617 1514 quod
2650 1452 2818 1515 queat
2863 1460 2959 1500 eos
2995 1446 3225 1501 salvare.
3273 1446 3478 1503 Deinde
3522 1447 3646 1505 ﬁdei
3688 1449 3890 1506 lumine

2282 1545 2522 1606 recepto,
2576 1537 2727 1591 visus
2755 1537 3033 1592 oculorum
3056 1553 3179 1593 mox
3207 1539 3467 1594 redditur.
3521 1540 3632 1597 Nec
3684 1551 3886 1606 tamen,

2290 1635 2350 1680 ut
2379 1642 2541 1695 supra
2568 1627 2699 1690 dixi,
2722 1627 2790 1682 de
2814 1628 3075 1683 miraculo
3097 1628 3251 1693 ﬁdes,
3275 1629 3368 1683 sed
3389 1638 3486 1699 per
3509 1630 3673 1684 ﬁdem
3698 1630 3880 1686 lumen

2288 1716 2572 1771 oculorum
2624 1718 3037 1774 obsecrantibus
3085 1726 3445 1775 restaurator.
3490 1720 3702 1776 Idcirco
3743 1722 3891 1793 prior

603 1809 671 1888 ad
699 1834 864 1889 vitam
895 1830 1203 1892 reducitur;
1236 1837 1522 1898 pr0pterea
1547 1824 1702 1893 juxta
1750 1822 1986 1875 litteram
2037 1828 2187 1873 utra-
2218 1815 2264 1875 B
2292 1809 2426 1864 ﬁdes
2448 1809 2761 1878 requiritur,
2796 1811 2919 1879 quia
2942 1810 3219 1879 possibilia
3249 1820 3376 1866 sunt
3403 1813 3588 1869 omnia
3616 1809 3886 1870 credenti.

602 1940 833 1995 rumque
862 1937 1055 1979 manus
1092 1928 1331 1983 tenetur,
1363 1926 1422 1971 ut
1449 1916 1537 1971 illa
1567 1922 1807 1979 sanetur,
1845 1926 1965 1983 quae
2000 1920 2192 1967 contra

597 2017 822 2071 vetitum
850 2014 915 2069 de
961 2014 1157 2067 arbore
1198 2020 1412 2080 gustum
1462 2007 1650 2060 mortis
1691 2006 1809 2059 viro
1857 2012 2191 2073 porrexerat.

599 2110 866 2166 Caeterum
894 2107 1048 2178 juxta
1064 2104 1321 2159 moralem
1345 2101 1776 2172 intelligentiam,
1801 2099 1987 2168 ejectis
2001 2098 2196 2153 dmmo—

605 2202 787 2264 nibus,
815 2198 907 2269 qui
931 2198 1071 2253 male
1101 2194 1508 2266 price-amabant
1541 2194 1793 2246 miseram
1824 2191 2080 2251 animam,
2139 2199 2195 2245 et

602 2290 759 2348 turba
781 2290 1056 2352 vitiorum,
1099 2285 1453 2342 resuscitatur
1500 2284 1569 2337 ad
1624 2282 1819 2347 vitam;
1870 2297 1989 2352 quae
2032 2294 2194 2335 tnanu

605 2389 818 2436 tenetur
843 2379 1158 2443 Salvatoris,
1204 2377 1271 2431 de
1320 2391 1448 2446 qua,
1509 2375 1600 2444 qui
1656 2373 2025 2445 pracdestiuati
2071 2379 2196 2427 sunt

601 2493 763 2533 nemo
780 2484 959 2546 potest
1004 2472 1231 2528 auferri.
1277 2471 1484 2539 Quibus
1533 2469 1737 2524 curatis
1787 2466 1997 2522 reddita
2050 2466 2194 2521 salus

603 2570 813 2627 cunctis
837 2568 1171 2638 designatur,
1194 2564 1322 2619 dum
1373 2579 1479 2617 ttna
1530 2576 1718 2616 earum
1768 2560 1832 2614 de
1881 2558 2195 2612 infirmitate

599 2663 849 2733 erigitur,
879 2661 1050 2715 altera
1074 2674 1204 2713 vero
1242 2674 1270 2711 a
1303 2666 1476 2712 morte
1498 2654 1874 2710 resuscitatur.
1900 2651 2016 2706 Scit
2049 2651 2192 2705 enim

600 2755 840 2827 prudens
887 2754 1058 2808 lector
1091 2752 1236 2822 quod
1270 2751 1471 2819 ubique
1501 2748 1734 2818 mystice
1764 2746 1975 2816 species
2014 2760 2197 2800 recur-

603 2848 676 2900 rit
702 2846 769 2899 ad
818 2859 1009 2914 genus,
1034 2851 1091 2897 et
1137 2844 1263 2896 dum
1320 2840 1452 2894 ﬁdes
1504 2838 1859 2894 conﬁrmatur
1919 2828 2194 2907 gestorum

603 2934 897 2997 miraculis,
923 2932 1249 3005 generalitas
1294 2932 1620 3002 prtedicatur
1667 2928 1922 2984 salvanda
1974 2927 2192 2981 virtuti-

601 3030 721 3085 bus.
754 3028 909 3084 Unde
945 3034 999 3081 et
1048 3024 1260 3095 species
1316 3023 1454 3078 infra
1509 3036 1679 3093 genus
1731 3019 2091 3082 concluditur,
2141 3026 2198 3073 et

603 3117 907 3188 specierum
956 3113 1371 3186 significationis
1406 3113 1725 3175 terminum,
1750 3120 1856 3164 tam
1887 3110 1939 3163 in
1971 3107 2193 3163 morali-

2296 1898 2525 1967 Exponit
2568 1906 2747 1952 autem
2808 1898 2911 1954 hoc
2957 1900 3278 1956 miraculum
3332 1901 3462 1957 illud
3508 1903 3577 1958 de
3627 1903 3892 1975 principis

2297 1988 2426 2053 ﬁlia,
2452 1996 2507 2043 et
2538 1997 2798 2043 emortum
2844 1989 3109 2057 mulieris,
3158 2000 3447 2063 propterea
3492 2003 3891 2065 consequenter

2297 2091 2358 2137 ut
2388 2084 2531 2152 quod
2555 2084 2626 2139 ibi
2664 2099 2812 2139 mors
2847 2092 2903 2139 et
2928 2085 3201 2147 debilitas.
3251 2086 3355 2141 hoc
3382 2085 3603 2140 caecitas
3657 2086 3890 2141 duorum

2297 2178 2639 2242 ostenderet;
2666 2186 2895 2247 uterque
2915 2178 3179 2232 duntaxat
3195 2177 3424 2248 populus
3444 2178 3682 2234 Domino
3706 2176 3887 2233 trans-

2296 2275 2461 2321 eunte
2504 2282 2681 2322 ctecus
2714 2277 2833 2323 erat
2862 2270 2914 2322 in
2942 2269 3045 2322 hoc
3083 2267 3301 2334 saeculo,
3353 2269 3635 2338 cupientes
3686 2268 3891 2324 reverti

2294 2361 2366 2415 ad
2392 2360 2609 2415 domum
2640 2375 2810 2415 suam.
2838 2360 2940 2427 Qui
2963 2361 3065 2415 nisi
3092 2360 3323 2415 confessi
3368 2359 3568 2415 fuerint
3600 2358 3888 2415 Christum

2299 2450 2465 2505 ﬁlium
2498 2452 2682 2517 David,
2705 2461 2761 2506 et
2782 2452 3415 2508 clamaverintMiserere
3455 2451 3649 2515 nostri,
3705 2464 3889 2523 neque

2298 2561 2328 2599 a
2355 2545 2619 2615 proﬂuvio
2643 2546 2982 2608 delictorum,
3005 2561 3180 2615 neque
3207 2562 3238 2600 a
3261 2556 3436 2601 morte
3470 2547 3893 2602 resuscitadtnr.

2298 2636 2435 2691 Hinc
2464 2652 2679 2707 quoque
2711 2639 3130 2707 interrogantur.

2370 2725 2604 2781 Potestis
2637 2728 2848 2780 credere
2867 2728 2993 2796 quia
3027 2743 3237 2797 possum
3271 2727 3370 2781 ltoe
3400 2727 3616 2796 facere?
3653 2725 3897 2797 Respon-

2298 2820 2486 2872 derunt
2516 2832 2534 2869 :
2563 2818 2774 2890 Utique,
2807 2819 3048 2873 Domine.
3081 2819 3387 2874 Credebant
3417 2829 3621 2885 autem,
3652 2829 3711 2874 et
3764 2836 3897 2875 eon-

2294 2909 2547 2965 ﬁrmatur
2573 2911 2673 2965 hac
2703 2912 3126 2982 interrogatione
3147 2906 3279 2967 ﬁdes
3314 2926 3528 2977 eorum,
3556 2913 3702 2967 sicut
3723 2911 3774 2966 is
3806 2912 3898 2981 qui

2296 3002 2511 3058 dicebat
2542 3024 2553 3055 ;
2583 3002 2773 3068 Credo,
2800 3002 3041 3069 Domine,
3069 3003 3263 3073 adjuva
3285 3002 3898 3057 incredulitatemmecnt

2299 3094 2497 3167 (Marc.
2522 3111 2597 3161 tx,
2621 3096 2714 3168 24)
2744 3115 2756 3149 2
2782 3105 3093 3167 propterea,
3118 3105 3177 3151 ut
3200 3098 3432 3163 testimo,
3458 3098 3611 3169 prius
3653 3112 3765 3152 non
3798 3112 3897 3152 cu-

602 3186 704 3266 bus
729 3224 893 3279 quam
924 3208 978 3261 in
1020 3207 1293 3278 allegoriis
1335 3216 1506 3276 genus
1544 3217 1651 3256 non
1671 3200 1901 3257 excedit.
1945 3199 2197 3269 Propter-

2301 3195 2508 3240 rantur.
2535 3186 2737 3240 Tamen
2760 3187 2966 3242 clamor
2989 3203 3177 3242 eorum
3213 3187 3537 3258 profundum
3559 3188 3743 3244 cordis
3767 3187 3899 3244 δῦθι

604 3318 667 3359 ea
694 3315 749 3358 et
796 3316 893 3373 per
914 3300 1194 3355 mulierem
1214 3297 1454 3353 Ecclesia
1480 3294 1546 3349 de
1571 3294 1842 3363 gentibus,
1882 3300 1975 3346 aut
2005 3289 2189 3345 anima

605 3393 858 3465 quaelibet
904 3392 1101 3445 decore
1153 3389 1412 3443 virtutum
1472 3394 1526 3440 et
1592 3382 1927 3438 fortitudinis
1997 3382 2193 3436 robore

607 3487 821 3558 penitus
848 3484 1126 3546 destituta,
1155 3480 1487 3552 designatur.
1531 3475 1637 3533 Per
1657 3475 1892 3546 puellam
1933 3487 2063 3528 vero
2103 3472 2192 3528 de-

606 3577 843 3632 functam
868 3575 1173 3647 Synagoga,
1219 3588 1337 3643 qum
1364 3572 1513 3641 prius
1543 3569 1748 3641 Spiritu
1784 3567 1909 3622 ﬁdei
1946 3567 2190 3631 vixerat;

608 3676 699 3722 aut
740 3666 917 3721 anima
959 3666 1263 3720 daemonum
1296 3662 1586 3734 praestigiis
1624 3667 1922 3731 perempta,
1980 3658 2189 3729 signiﬁ-

605 3770 778 3814 catur.
800 3758 896 3813 llla
918 3757 1184 3827 siquidem
1200 3754 1401 3810 fluxum
1430 3752 1736 3824 patiebatur
1761 3750 2046 3816 vitiorum;
2077 3749 2192 3803 haec

605 3865 736 3905 vero
752 3849 863 3918 jam
883 3847 1106 3917 jamque
1144 3848 1196 3900 in
1230 3854 1460 3901 mortem
1500 3844 1796 3899 deciderat.
1830 3841 1920 3895 Illa
1957 3839 2195 3911 pulchri-

611 3943 796 3999 tudine
825 3950 883 3996 et
903 3940 1097 3995 robore
1127 3939 1411 4010 sanguinis
1450 3937 1743 4001 destituta;
1788 3936 1906 3991 lucc
1944 3933 2198 4005 pessimis

610 4037 915 4093 daemonum
942 4032 1457 4103 praecantationibus
1495 4030 1818 4098 interempta
1840 4037 1942 4082 est.
1969 4026 2103 4081 Nam
2143 4027 2198 4081 in

610 4128 876 4200 sanguine
900 4128 1063 4183 decor
1085 4133 1139 4180 ct
1166 4124 1426 4179 fortitudo
1464 4122 1708 4191 corporis
1745 4129 2058 4191 prazstatur,
2102 4134 2198 4174 cu-

605 4217 695 4288 jus
723 4218 868 4273 fluxu
895 4218 1125 4271 virtutes
1150 4215 1303 4270 bonae
1331 4214 1457 4268 vitae
1499 4213 1835 4276 deciderant,
1886 4220 1941 4266 et
2001 4210 2199 4265 misera

612 4326 675 4366 ac
704 4308 898 4364 ﬁebilis
925 4307 1102 4362 anima
1145 4307 1258 4360 suis
1308 4304 1504 4358 foedata
1538 4303 1900 4357 immunditiis
1950 4311 2200 4357 cruenta-

2294 3288 2441 3334 ctum
2467 3280 2733 3336 insinuat:
2752 3280 3000 3335 Miserere
3020 3282 3202 3345 nostri,
3230 3281 3309 3350 ﬁli
3333 3281 3521 3336 David.
3539 3281 3617 3336 Ac
3634 3283 3680 3337 si
3707 3290 3901 3352 aperte

2297 3373 2484 3427 dicant
2512 3390 2525 3429 :
2559 3372 2633 3429 Os
2653 3382 2900 3428 nostrum
2940 3384 2993 3428 et
3018 3390 3147 3429 caro
3171 3382 3355 3429 nostra
3380 3389 3468 3441 es,
3499 3376 3767 3431 miserere
3799 3391 3897 3429 no-

2291 3466 2419 3521 stri.
2444 3467 2513 3520 Et
2548 3467 2595 3521 si
2621 3481 2726 3520 non
2755 3467 2824 3522 ob
2841 3466 3004 3529 aliud,
3034 3482 3135 3538 pro
3148 3468 3472 3538 cognatione
3493 3467 3695 3524 carnis.
3721 3467 3898 3523 Porro

2292 3559 2614 3631 interrogati
2647 3559 2956 3623 sicredunt,
2980 3560 3185 3625 dicunt,
3215 3553 3443 3631 Utique:
3467 3559 3710 3615 Domine.
3738 3559 3901 3615 Prius

2296 3648 2443 3703 enim
2474 3648 2636 3721 455
2664 3648 2832 3703 ﬁlium
2874 3649 3039 3704 David
3062 3651 3379 3715 clamantes,
3416 3660 3601 3721 postea
3627 3667 3759 3706 vero
3785 3651 3901 3721 ple-

2306 3738 2429 3793 nius
2462 3748 2517 3792 et
2547 3737 2838 3808 perfectius
2868 3738 3153 3794 Dominum
3187 3740 3512 3796 conﬁtentes
3540 3742 3756 3797 dicunt:
3781 3740 3903 3795 Uti-

2294 3846 2419 3901 que,
2449 3830 2692 3884 Domine.
2719 3832 2795 3885 Ac
2818 3846 2916 3900 per
2954 3832 3058 3888 hoc
3088 3834 3480 3889 humanitatem
3508 3834 3710 3892 Christi
3761 3814 3906 3890 divi-

2304 3922 2637 3991 nitatemque
2677 3923 2953 3990 invocant,
2982 3933 3042 3979 ut
3087 3925 3221 3980 ﬁdes
3268 3934 3457 3981 eorum
3514 3937 3733 3998 accepta
3783 3927 3901 3981 ﬁat.

2300 4012 2551 4083 Alioquin
2575 4014 2882 4086 quicunque
2934 4018 3325 4075 humanitatem
3351 4022 3533 4075 carnis
3571 4020 3624 4074 in
3675 4021 3906 4076 Christo

2302 4104 2418 4159 sine
2448 4105 2732 4160 divinitate
2753 4109 3075 4178 praedicant,
3105 4120 3199 4165 aut
3231 4110 3570 4166 divinitatem
3601 4112 3722 4168 sine
3768 4126 3909 4165 vera

2298 4196 2658 4261 humanitate,
2692 4198 2919 4252 necdum
2958 4200 3209 4265 credunt,
3237 4201 3332 4255 sed
3386 4200 3671 4256 erroribus
3721 4201 3911 4255 circa

2302 4295 2531 4341 cantur:
2566 4298 2851 4358 propterea
2883 4288 3064 4345 lumen
3102 4290 3281 4346 cordis
3303 4300 3579 4361 nequeunt
3626 4292 3909 4361 recipere.

611 4402 788 4458 batur.
820 4398 927 4457 Sed
961 4402 1102 4455 sicut
1130 4400 1230 4454 ista
1262 4398 1363 4452 nisi
1394 4413 1461 4451 cx
1503 4396 1604 4451 ﬁde
1633 4403 1886 4465 tactuque
1933 4396 2195 4450 virtutum

2300 4382 2533 4437 Audiant
2555 4382 2791 4438 Marcion
2821 4393 2875 4437 et
2904 4383 3253 4450 Manichaaus,
3293 4399 3357 4439 ac
3384 4385 3591 4449 czeteri,
3648 4385 3740 4454 qui
3809 4399 3910 4439 ne

613 4514 719 4553 non
747 4503 1002 4565 sanatur:
1029 4494 1101 4547 ita
1129 4493 1379 4547 defuncta
1413 4489 1735 4547 criminibus
1776 4490 2046 4554 vitiorum,
2085 4506 2190 4544 non
2234 4550 2275 4565 η
2304 4490 2433 4551 83M
2456 4479 2733 4533 ChriSlllm
2766 4479 2831 4534 de
2854 4480 3022 4549 ειίνρθ
3055 4478 3222 4533 υἱινῖά
3252 4480 3305 4534 in
3329 4490 3499 4534 came
3540 4478 3788 4551 Venisse.
3824 4474 3917 4534 τε]

614 4587 715 4642 nisi
746 4586 906 4640 manu
932 4582 1229 4639 Salvatoris
1257 4582 1324 4636 ad
1350 4582 1516 4635 vitam
1549 4580 1925 4635 resuscitatur.
2228 4550 2280 4610 Ῐ)
2306 4573 2396 4642 qui
2420 4582 2602 4626 veram
2628 4571 2976 4625 Divinitatem
3007 4571 3061 4624 in
3079 4584 3183 4624 una
3205 4571 3504 4640 eademque
3546 4584 3785 4641 persona
3823 4584 3918 4625 ne-

687 4675 1009 4730 Transeunte
1059 4673 1179 4728 inde
1219 4671 1368 4736 Jesu,
1394 4674 1556 4727 secuti
1608 4681 1727 4727 sunt
1766 4689 1882 4726 eum
1925 4672 2030 4725 duo
2078 4674 2204 4749 eieci
2307 4673 2465 4734 ςπηις
2496 4670 2549 4719 ει
2608 4663 2818 4718 discam
2858 4661 3131 4717 Christum
3192 4661 3464 4733 θυρειιπθ
3506 4660 3675 4715 ﬁlium
3724 4659 3918 4716 Βετῖά

516 4758 529 4767 κ
618 4768 942 4823 clamantes:
972 4765 1220 4819 Miserere
1243 4765 1428 4827 nostri,
1463 4762 1541 4833 ﬁli
1566 4763 1754 4816 David.
1784 4760 1949 4834 454
1981 4761 2095 4816 Hoc
2137 4764 2202 4818 de
2306 4755 2598 4811 secundum
2625 4770 2866 4817 carnem,
2895 4768 3130 4824 eumque
3173 4753 3349 4824 ipsum
3383 4752 3669 4833 Dominum
3726 4750 3919 4807 conﬂ-

614 4860 823 4914 duobus
839 4857 1017 4920 caecis,
1039 4864 1093 4911 et
1121 4855 1352 4909 demuto
1373 4828 1720 4917 daemonioso,
1758 4828 2200 4909 soldslilattbmus
2306 4849 2428 4904 teri.
2470 4848 2736 4904 Craterum
2794 4847 2868 4901 illi
2897 4846 2987 4916 qui
3036 4854 3194 4901 cura
3246 4828 3543 4901 Ecclesiam
3585 4858 3645 4899 se
3689 4843 3923 4897 faciunt

614 4950 743 5005 dicit
770 4948 988 5020 (Matth.
1015 4964 1106 5013 xx,
1132 4946 1242 5018 50).
1273 4946 1350 5000 llli
1384 4948 1527 5001 enim
1560 4947 1665 5001 duo
1689 4947 1839 5011 cteci,
1890 4946 1956 5001 de
2004 4946 2199 5016 quibus
2298 4940 2641 5004 catholicam,
2669 4940 2892 4994 redeant
2925 4939 2991 4993 ad
3015 4939 3232 4993 domum
3275 4936 3426 5003 Jesu,
3454 4937 3577 5008 quia
3622 4939 3923 5007 nequeunt

615 5051 669 5098 ct
695 5042 783 5096 alii
808 5055 1032 5096 narrare
1056 5043 1375 5111 probantur,
1415 5054 1521 5094 non
1552 5051 1676 5093 sunt
1711 5037 1839 5102 isti;
1882 5037 1975 5093 sed
2021 5046 2203 5092 tamen
2309 5033 2503 5087 alicubi
2534 5033 2708 5087 lumen
2735 5033 2990 5103 recipere,
3036 5042 3305 5103 quatenus
3352 5048 3449 5103 per
3492 5046 3679 5086 veram
3732 5029 3920 5086 ﬁdem

617 5132 790 5189 simile
820 5132 1020 5187 factum
1068 5140 1171 5186 est.
1214 5129 1292 5184 lta
1322 5129 1445 5184 utsi
1498 5129 1586 5184 hic
1629 5130 1744 5199 ipse
1797 5143 1984 5184 eorum
2042 5128 2206 5181 etiam
2311 5135 2588 5181 resumam
2610 5122 2753 5196 quod
2780 5127 3098 5181 amiserunt.
3124 5125 3385 5181 Noverint
3414 5126 3580 5196 igitur
3606 5122 3712 5179 ﬁde
3771 5136 3921 5192 prov

616 5242 724 5282 non
755 5224 1113 5289 meminisset,
1142 5223 1439 5294 possetboc
1462 5222 1600 5293 quod
1631 5236 1774 5276 nunc
1800 5229 1983 5274 narrat
2009 5218 2209 5273 abaliis
2311 5220 2646 5285 merendum,
2677 5218 2935 5290 quidquid
2965 5218 3219 5290 petierint
3247 5218 3386 5279 infra
3427 5219 3642 5273 domum
3668 5212 3920 5279 Christi,

620 5318 822 5372 dictum
849 5315 1014 5370 fuisse
1042 5312 1269 5370 duobus.
1297 5312 1448 5380 Quod
1500 5310 1883 5367 commendare
1932 5307 2208 5363 memoria:
2309 5319 2363 5366 et
2395 5327 2498 5366 non
2528 5325 2593 5365 ex
2618 5311 2893 5381 imperatis
2920 5310 3078 5365 fidem
3108 5310 3449 5373 sumendam,
3471 5307 3725 5378 quoniam
3788 5300 3924 5363 istis

623 5408 908 5475 diligenter
935 5407 1215 5472 debemus,
1242 5421 1361 5460 esse
1406 5403 1651 5475 quaedam
1702 5401 1842 5455 facta
1905 5398 2099 5453 similia
2148 5397 2205 5451 in
2311 5418 2417 5457 non
2446 5404 2594 5473 prius
2619 5403 2766 5457 salus
2802 5411 3092 5473 praestatur
3123 5417 3285 5471 quam
3308 5402 3555 5457 credant.

618 5510 782 5553 sacro
805 5498 1251 5568 Evangelio,'cum
1270 5498 1410 5551 idem
1436 5496 1546 5565 ipse
1570 5505 1859 5561 utrumque
1880 5504 2207 5544 commemo-
2384 5493 2582 5547 Deinde
2610 5494 2956 5547 comminatus
2978 5496 3053 5547 est
3099 5494 3172 5547 eis
3216 5509 3278 5546 ne
3303 5492 3420 5562 quis
3453 5492 3647 5554 sciret;
3688 5489 3777 5544 illi
3817 5509 3931 5546 ana

629 5601 731 5644 rat.
750 5588 822 5644 Ut
843 5588 890 5644 si
913 5593 1124 5659 quando
1141 5590 1268 5643 talia
1292 5586 1496 5657 singula
1520 5586 1658 5655 apud
1685 5583 1923 5654 singulos
1949 5581 2208 5636 inveneri-
2312 5596 2412 5638 tem
2435 5584 2833 5652 di/j‘amaverunt
2860 5601 2975 5638 eum
3002 5585 3055 5637 in
3113 5592 3221 5638 tota
3267 5593 3411 5638 terra
3445 5582 3557 5637 illa.
3608 5579 3939 5639 Contraria

632 5690 946 5751 mns,atquc
968 5682 1242 5736 ineisdem
1272 5676 1757 5743 contrariumquod
1782 5673 1915 5728 solvi
1953 5683 2203 5741 nequeat,
2314 5675 2549 5743 quidem,
2583 5675 2674 5728 sed
2696 5674 2861 5742 justa.
2894 5674 3028 5729 Nam
3061 5674 3317 5729 Dominus
3346 5673 3565 5727 humilis
3606 5671 3775 5727 docet
3832 5674 3943 5746 illa

632 5774 951 5837 occurrerit,
980 5789 1086 5828 non
1126 5772 1228 5826 hoc
1255 5786 1395 5833 esse,
1431 5769 1570 5821 illius
1626 5767 1728 5821 loci
1779 5766 1977 5821 factum
2032 5765 2207 5821 simile
2318 5766 2573 5819 ctantiam
2600 5765 2891 5831 declinare,
2945 5766 3018 5820 illi
3050 5782 3079 5822 e
3109 5778 3294 5821 contra
3331 5764 3652 5819 beneficium
3711 5764 3947 5824 salutis
