4004 6362
140 307 234 368 ssa
769 377 778 386 ,
943 300 1308 360 EXPOSITIO
1341 301 1408 358 IN
1445 299 1704 358 MAT'l‘ll.

1811 301 1880 356 .ll.
1923 331 1994 356 -_-
2029 302 2162 358 LIB.
2203 304 2270 369 γ,
2307 303 2458 360 CAP.
2505 302 2596 360 IX.

3289 306 3400 368 300

140 429 393 497 nequeunt
443 422 516 476 ob
568 433 886 475 memoriam
930 420 1117 491 gratite
1167 419 1416 474 reticere.
1463 417 1701 472 Necdum
1732 423 1776 480 Α
1807 416 2029 487 spiritus
2051 417 2360 472 immundus
2396 417 2649 473 humanis
2700 417 3063 490 distinguatur
3111 418 3399 479 membris.

141 518 266 575 enim
290 516 352 570 de
378 530 439 570 se
457 513 575 567 vult
597 512 846 567 Salvator
885 525 1078 583 magna
1129 525 1358 580 quaeque
1405 519 1461 565 et
1514 509 1706 563 deilica

142 609 418 684 puedicari,
443 623 511 662 ne
531 607 703 678 gloria
735 607 1064 676 praecederet
1097 605 1428 676 passionem.
1477 605 1710 674 Aposto-

142 704 198 757 lis
218 700 421 771 quidem
452 700 572 754 haec
593 707 900 762 servantur,
929 708 984 752 et
1010 697 1132 753 ideo
1156 698 1276 752 istis
1301 707 1444 753 recte
1487 697 1704 763 dicitur,

142 809 198 848 ne
221 800 540 863 usurparent
562 791 706 860 quod
729 791 958 844 aliorum
981 803 1117 844 erat.
1145 789 1249 860 lpsi
1269 805 1400 844 vero
1449 789 1698 844 diffama-

142 893 311 940 verunt
336 897 465 938 eum
495 883 548 936 in
573 889 684 936 tota
717 889 863 936 terra
914 881 1029 946 illa,
1067 879 1224 950 juxta
1283 881 1427 951 quod
1465 881 1718 934 futurum-

142 988 256 1043 erat,
279 977 403 1048 quia
425 977 484 1030 in
509 989 713 1030 omnem
734 985 926 1029 terram
949 976 1101 1030 exiri!
1125 992 1286 1030 sonus
1316 975 1704 1046 apostolorum,

142 1070 390 1139 etinﬁnes
425 1069 569 1123 orbis
597 1079 750 1122 terra:
777 1067 933 1121 verba
973 1083 1158 1122 eorum
1201 1065 1376 1139 (Psul.
1425 1081 1579 1132 xvnt,
1626 1065 1702 1137 5).

142 1161 422 1216 Secundum
451 1161 717 1216 moralem
757 1168 939 1214 autem
985 1159 1418 1232 intelligentiam,
1464 1161 1708 1215 exterior

139 1251 411 1307 etinterior
434 1253 603 1306 homo
628 1251 806 1306 lumen
831 1265 860 1304 a
883 1251 1112 1306 Domino
1143 1250 1280 1306 infra
1306 1251 1565 1306 unitatem
1604 1252 1706 1306 Ec-

139 1345 290 1400 clesiae
316 1345 524 1400 Christi
553 1352 665 1398 tum
693 1343 850 1414 plene
882 1344 1075 1414 recipit
1101 1344 1460 1409 obsecrando,
1498 1359 1620 1398 cum
1650 1353 1705 1398 et

137 1433 383 1490 Christum
412 1436 466 1489 in
502 1451 667 1490 carne
687 1435 900 1490 venisse
935 1436 1000 1490 de
1037 1436 1242 1490 semine
1271 1435 1438 1490 David
1467 1437 1708 1491 creditur

137 1525 195 1578 ad
226 1526 504 1596 justitiam,
543 1535 597 1581 et
625 1543 750 1580 cum
790 1526 958 1582 Deum
987 1535 1042 1581 et
1067 1527 1353 1583 Dominum
1387 1541 1482 1583 ore
1535 1529 1703 1584 conti-

142 1629 305 1673 tentnr
333 1621 393 1674 in
419 1619 658 1674 salutem.

209 1707 318 1763 Illis
363 1720 532 1763 autem
583 1713 823 1781 egressis,
863 1728 977 1767 ecce
1026 1713 1321 1768 obtulerunt
1353 1716 1400 1769 ei
1439 1715 1702 1769 hominem

1809 505 2060 564 sensibus
2089 519 2425 580 angustetur,
2464 509 2590 582 quia
2639 510 2862 580 spiritus
2883 521 2990 575 est,
3020 519 3075 564 et
3124 526 3231 565 uno
3279 525 3399 565 mo-

1811 612 1995 656 mento
2017 603 2274 672 temporis
2329 609 2498 656 totum
2554 599 2914 655 circumvolat
2956 600 3169 665 orbem,
3216 600 3402 658 varias

1812 703 2050 750 mutatur
2077 696 2131 750 in
2163 695 2386 759 formas,
2409 695 2572 750 corda
2616 703 2886 764 penetrat,
2938 693 3111 748 illudit
3163 692 3396 757 animas,

1810 791 2016 858 aspirat
2044 788 2237 857 impias
2272 796 2326 842 et
2372 788 2637 856 pessimas
2687 785 3062 857 cogitationes.
3119 783 3226 840 Sed
3271 785 3399 840 dum

1810 881 2008 934 misera
2031 879 2555 934 hominis'tnembra
2586 887 2754 943 tenet,
2791 878 2925 934 nihil
2974 877 3040 934 de
3083 893 3143 934 se
3199 883 3398 948 potest,

1809 985 1970 1042 quem
2001 972 2158 1028 fortis
2189 973 2427 1042 possidet
2469 971 2740 1027 inimicus.

1881 1064 2094 1118 Etcum
2138 1065 2393 1135 ejecisset,
2445 1064 2639 1134 inquit,
2698 1062 3040 1127 dwm'onium,
3081 1061 3288 1120 locutus
3321 1068 3399 1118 est

1812 1168 2004 1222 mutus,
2035 1168 2080 1211 et
2105 1158 2384 1211 admirutre
2413 1166 2533 1210 sunt
2574 1155 2760 1210 turba’.
2796 1155 2993 1225 Liquet
3036 1153 3196 1222 igitur
3254 1153 3399 1224 quod

1805 1251 2076 1308 fenestras
2125 1252 2238 1322 ipse
2283 1250 2590 1315 clauserat;
2641 1258 2925 1318 propterea
2973 1255 3163 1302 auctor
3208 1244 3401 1305 salutis

1810 1354 2086 1400 auctorem
2135 1344 2286 1413 prius
2345 1341 2567 1413 pepulit,
2616 1340 2778 1413 457
2811 1356 2920 1410 quo
2947 1351 3181 1410 namque
3225 1336 3401 1407 ejecto

1811 1433 2006 1505 linguae
2051 1433 2281 1488 ollicium
2341 1449 2464 1488 mox
2507 1441 2686 1487 mutus
2738 1431 2974 1501 recepit,
3023 1440 3080 1485 et
3130 1428 3404 1484 mirantur

1808 1532 1996 1584 turbae.
2057 1527 2318 1582 Mirantur
2359 1543 2462 1582 nec
2515 1525 2772 1590 credunt,
2830 1539 3004 1595 neque
3071 1523 3398 1579 conﬁtentur

1805 1619 1997 1685 Deum,
2046 1621 2138 1674 sed
2173 1620 2362 1674 dicunt
2403 1619 2544 1688 quod
2607 1631 2880 1688 nunquam
2929 1616 3010 1671 sic
3052 1613 3299 1686 apparuit
3342 1612 3399 1668 in

1803 1715 1988 1769 Israel.
2055 1713 2226 1783 Supra
2282 1712 2478 1780 legem,
2517 1711 2642 1764 licet
2703 1709 2856 1764 inscii
2913 1717 2970 1762 et
3017 1705 3278 1762 increduli
3333 1717 3399 1760 ea

137 1815 316 1856 malum
341 1804 664 1860 drcmonium
693 1806 986 1861 habentem.
1007 1807 1072 1861 Et
1100 1809 1263 1878 ejecta
1287 1809 1525 1862 dtrmone
1548 1808 1696 1862 locu-
1730 1802 1774 1862 Β
1803 1823 1922 1878 quae
1973 1816 2125 1876 gesta
2174 1813 2302 1858 sunt
2345 1818 2462 1858 esse
2519 1801 2843 1872 intelligunt,
2885 1814 3048 1868 supra
3079 1811 3271 1852 omnes
3307 1794 3402 1865 qui

133 1905 204 1949 tu
231 1906 296 1948 est
317 1907 518 1950 mutus.
542 1897 693 1964 Quod
724 1908 904 1953 autem
943 1898 1130 1955 Graece
1162 1900 1360 1954 dicitur
1412 1903 1591 1974 κωφὸν,
1649 1901 1703 1954 in

134 1990 383 2043 communi
413 2006 606 2044 eorum
629 2007 880 2046 sermone
910 1995 1082 2064 magis
1112 1995 1304 2058 surdus
1341 2011 1504 2064 quam
1527 2005 1703 2048 mutus

136 2079 446 2149 intelligitur.
487 2080 596 2136 Sed
627 2083 792 2136 moris
821 2083 1332 2153 estScripturarum
1377 2099 1473 2154 per
1511 2088 1698 2158 κωφὸν,

139 2183 343 2234 mutum,
387 2173 477 2228 vel
513 2175 737 2230 surdum
785 2176 1160 2232 indifferenter
1212 2178 1410 2232 dicere.
1461 2178 1540 2232 Ex
1598 2193 1706 2249 quo

132 2275 255 2334 patet
281 2267 337 2320 in
369 2281 482 2322 uno
513 2267 812 2338 eodemque
847 2269 1066 2324 homine
1091 2269 1192 2324 tria
1221 2269 1380 2325 simul
1410 2270 1562 2342 signa
1606 2287 1703 2325 ex-

132 2358 303 2424 hibita,
335 2359 464 2412 dum
507 2357 680 2427 eiecto
729 2361 969 2416 daemone
1013 2361 1225 2417 locutus
1273 2373 1358 2417 est
1397 2372 1707 2428 mutusget

131 2465 208 2518 per
248 2452 571 2522 ambiguum
629 2451 854 2506 verbum
902 2453 1098 2509 surdus
1153 2455 1423 2526 recepisse
1464 2458 1706 2512 auditum

128 2537 270 2612 456
303 2541 668 2612 signiﬁcatur.
701 2542 892 2597 Mirum
916 2544 959 2597 si
987 2553 1156 2617 totum
1185 2546 1456 2600 hominem
1498 2547 1707 2602 daemon

132 2643 459 2702 pervaserat,
491 2637 762 2705 quomodo
788 2637 998 2708 aliquas
1021 2649 1204 2708 partes
1252 2640 1496 2709 corporis
1542 2654 1705 2693 oecu-

127 2739 281 2798 parat,
313 2728 528 2800 aliquas
549 2743 680 2785 vero
703 2729 977 2786 relaxasse
1000 2749 1103 2786 non
1129 2733 1374 2799 dubimn,
1397 2742 1456 2787 ut
1482 2743 1608 2804 puta
1629 2733 1709 2787 νὶ-

127 2836 247 2887 sum,
291 2824 584 2877 odoratum
619 2835 674 2880 et
707 2833 928 2879 tactum.
967 2823 1118 2894 Quod
1152 2843 1257 2884 non
1281 2827 1380 2882 abs
1418 2843 1477 2882 re
1514 2826 1708 2882 fecisse

127 2915 460 2970 manifestum
500 2925 604 2971 est.
630 2915 988 2972 Obstruxerat
1012 2919 1156 2973 enim
1181 2920 1444 2981 auditum,
1483 2935 1550 2974 ne
1587 2935 1709 2972 ver-

125 3003 231 3058 bum
266 3005 400 3060 fidei
425 3006 512 3060 vel
567 3007 830 3062 doctrina:
875 3005 1076 3063 Christi
1129 3017 1470 3078 capesceret;
1523 3010 1708 3064 obtor-

130 3106 310 3166 puerat
337 3096 542 3170 lingua,
583 3113 654 3154 ne
691 3097 1046 3155 confessionis
1077 3117 1285 3164 vocem,
1312 3101 1394 3155 vel
1451 3099 1704 3158 obsecra-

1809 1909 1959 1953 retro
1993 1898 2144 1952 fuere
2187 1894 2368 1950 Jesum
2417 1893 2708 1965 prmdicant
2753 1891 2877 1963 quia
2918 1890 3044 1945 licet
3086 1889 3254 1954 Elias,
3308 1893 3404 1942 aut

1809 1992 2050 2055 Elisazus,
2093 1991 2173 2046 vel
2193 1989 2376 2044 eteteri
2415 1988 2642 2042 virtutes
2688 1984 2938 2050 fecerint,
2974 1982 3152 2037 nullus
3212 1991 3398 2036 tamen

1808 2091 2072 2154 potestate
2115 2082 2197 2135 vel
2239 2080 2485 2150 imperio.
2546 2078 2728 2147 Neque
2780 2074 2976 2146 aliquis
3031 2089 3218 2128 eorum
3275 2070 3401 2125 talia

1811 2175 1892 2231 vel
1923 2187 2072 2231 tanta
2104 2177 2248 2230 fecit.
2278 2175 2456 2229 Iudici
2489 2183 2660 2227 autem
2702 2171 2940 2225 dicebant
2983 2168 3122 2238 quod
3153 2167 3210 2220 in
3256 2166 3404 2237 prin-

1809 2274 1920 2341 cipe
1964 2271 2341 2324 da'moniorum
2375 2269 2516 2340 ejicit
2558 2267 2841 2322 dwmonia.
2891 2263 3094 2328 Miseri,
3139 2274 3260 2331 qua:
3308 2271 3403 2312 ne-

1809 2379 1939 2434 gare
1989 2379 2092 2418 non
2159 2371 2427 2434 poterant,
2478 2360 2878 2416 calumniantur
2933 2363 3094 2428 opera
3149 2353 3398 2410 Deitatis.

1812 2451 2004 2512 'l‘urbze
2031 2459 2247 2527 quidem
2271 2457 2600 2510 admirantes
2623 2455 2829 2518 dicunt,
2857 2453 2999 2523 quod
3025 2467 3128 2506 non
3154 2447 3402 2520 apparuit

1811 2550 1886 2603 sic
1917 2551 1968 2603 in
1997 2549 2183 2602 Israel.
2216 2549 2279 2602 Et
2307 2548 2395 2602 isti
2430 2547 2688 2601 obcmcati
2741 2544 2938 2599 invidia
3001 2543 3189 2597 dicunt
3236 2551 3400 2610 opera

1813 2641 2106 2696 Salvatoris
2141 2643 2192 2695 in
2245 2638 2546 2695 Beelzebub
2586 2637 2827 2708 principe
2865 2633 3253 2690 dmmoniorum
3281 2641 3402 2686 esse

1813 2736 1977 2788 facta.
2011 2735 2319 2788 Secundum
2369 2747 2644 2803 anagogen
2689 2740 2890 2792 autem,
2918 2736 3099 2782 mutus
3131 2725 3233 2780 iste
3273 2737 3404 2794 gen-

1813 2828 1943 2883 tium
1963 2827 2193 2898 populus
2219 2827 2559 2897 designatur,
2589 2825 2678 2894 qui
2709 2819 3073 2894 apostolorum
3100 2815 3402 2872 ministerio

1809 2918 2039 2974 Domino
2061 2929 2141 2974 est
2171 2919 2405 2983 oblatus,
2431 2917 2598 2973 cultui
2624 2915 2887 2970 idolorum
2913 2911 3266 2982 mancipatus.
3296 2906 3404 2975 Qui

1811 3014 1968 3088 plane
2000 3023 2181 3068 mutus
2222 3012 2388 3066 fuisse
2440 3011 2721 3082 probatur,
2767 3009 2893 3063 dum
2926 3005 3209 3061 veritatem
3255 3000 3402 3071 loqui

1815 3109 2040 3163 necdum
2069 3107 2350 3162 didicerat.
2379 3105 2585 3161 Surdus
2613 3113 2814 3169 autem,
2842 3102 2966 3173 quia
3002 3101 3214 3157 Domini
3261 3112 3402 3170 prte-

129 3189 271 3244 tionis
314 3192 607 3246 emitteret.
653 3191 834 3246 Oculis
859 3203 1063 3260 autem,
1094 3195 1412 3264 eacterisque
1434 3195 1702 3264 sensibus,
1734 3175 1780 3240 Ο
1813 3209 1967 3271 cepta
1996 3216 2096 3254 nec
2125 3199 2246 3254 Iidei
2271 3199 2493 3253 verbum
2519 3197 2786 3253 audierat.
2811 3195 3004 3252 Plenus
3033 3195 3261 3264 denique
3286 3193 3398 3249 da:-

128 3295 216 3335 non
256 3281 363 3337 nisi
415 3283 720 3354 corporalia
774 3284 978 3340 sentire
1024 3295 1250 3356 poterat.
1311 3285 1460 3342 L'nde
1502 3295 1710 3358 quaerat

126 3376 351 3442 prudens
373 3376 565 3442 lector,
601 3377 647 3432 si
673 3377 911 3432 animam
942 3378 1213 3432 introrsus
1253 3379 1548 3448 possideat,
1577 3378 1705 3432 dum

125 3469 194 3524 sic
220 3471 467 3526 exterius
489 3471 732 3526 membra
760 3471 1010 3526 inimicus
1036 3469 1258 3526 dilaniat
1283 3471 1368 3526 his
1396 3480 1574 3535 utens,
1601 3470 1707 3524 alia

124 3562 346 3631 quidem
367 3571 428 3616 ut
462 3564 657 3619 nullum
688 3580 844 3620 usum
879 3563 1133 3628 habeant,
1178 3581 1240 3619 ac
1289 3563 1332 3618 si
1366 3580 1588 3635 organo,
1650 3573 1710 3618 ut

129 3654 299 3710 miser
323 3654 486 3710 homo
509 3657 632 3711 nihil
655 3658 862 3712 interea
886 3672 1045 3729 agere
1076 3657 1340 3711 videatur.
1394 3655 1563 3710 Porro
1607 3670 1705 3710 nec

131 3745 324 3799 mirum
363 3745 411 3800 si
439 3745 492 3800 in
529 3762 685 3802 carne
716 3747 1052 3813 dominatur,
1086 3748 1174 3802 ubi
1201 3747 1410 3802 habitat
1457 3747 1540 3800 lex
1582 3761 1706 3815 pee-

131 3837 249 3901 iati,
275 3835 346 3892 de
373 3853 478 3908 qua
505 3836 705 3892 Paulus
732 3839 1007 3909 apostolus
1033 3858 1045 3893 :
1079 3836 1198 3894 Scio
1216 3839 1354 3911 quod
1377 3856 1479 3892 non
1503 3837 1705 3892 habitat

122 3927 172 3980 in
201 3943 350 3982 carne
382 3945 496 3982 mea
518 3927 713 3982 bonum
739 3928 917 3999 (Rom.
949 3931 1050 3995 vu,’
1090 3928 1204 4002 18).
1230 3927 1304 3984 Ac
1328 3945 1425 3998 per
1463 3927 1705 3996 hocjure

122 4020 342 4084 adeam,
381 4023 538 4092 quasi
594 4020 660 4076 ad
709 4038 861 4077 suam
918 4022 1110 4093 legem,
1160 4021 1368 4076 accedit
1431 4021 1701 4076 inimicus.

125 4109 223 4166 Sed
257 4113 399 4167 aliud
419 4123 500 4167 est
534 4129 660 4168 cum
703 4127 831 4168 suas
862 4112 1005 4182 leges
1043 4113 1095 4168 in
1131 4113 1287 4167 nobis
1321 4113 1388 4166 ad
1451 4111 1707 4182 concupi-

125 4201 358 4257 scendum
381 4202 712 4268 inflammat,
745 4202 888 4256 aliud
914 4219 1038 4260 cum
1079 4203 1179 4258 sibi
1209 4203 1466 4256 traditum
1523 4203 1574 4257 in
1626 4203 1706 4256 itt-

125 4295 320 4349 leritum
350 4297 541 4350 carnis
575 4303 746 4350 totum
774 4295 1042 4350 hominem
1072 4294 1331 4364 possidet.
1363 4293 1557 4351 Utrum
1611 4303 1690 4348 ta-

126 4402 228 4443 men
259 4390 475 4460 aliquos
506 4391 558 4444 in
603 4406 770 4446 carne
808 4400 864 4446 et
909 4391 963 4446 in
1015 4393 1192 4446 anima
1259 4391 1440 4457 simul,
1492 4389 1704 4462 aliquos

123 4493 232 4535 vero
259 4483 314 4537 in
366 4499 541 4538 carne
586 4483 781 4549 solum,
825 4491 885 4537 ut
929 4485 1154 4553 Spiritus
1197 4484 1380 4540 salvus
1427 4484 1534 4548 ﬁat,
1578 4484 1703 4555 jure

124 4574 377 4640 Quaeritur.
407 4574 568 4642 Quod
592 4574 750 4628 facile
778 4583 926 4644 patet
955 4589 1021 4630 ex
1058 4575 1142 4630 his
1187 4592 1325 4647 quos
1357 4575 1572 4632 divinus
1603 4593 1695 4631 ar-

123 4664 241 4723 biter
257 4671 357 4725 sibi
390 4669 809 4740 prmdestinatos
841 4679 1023 4726 servat
1047 4687 1059 4724 :
1083 4671 1174 4742 qui
1210 4685 1315 4724 non
1345 4670 1394 4724 ei
1419 4670 1538 4725 ideo
1590 4680 1700 4726 trao

123 4759 316 4828 duntur,
355 4773 419 4818 ut
469 4763 724 4834 deinceps
771 4763 1004 4817 animam
1059 4763 1212 4834 pejus
1253 4763 1555 4834 possideat;
1607 4764 1701 4819 sed

121 4851 298 4909 ultione
319 4855 545 4926 expleta
565 4869 663 4924 per
701 4854 804 4908 hoc
837 4854 980 4924 quod
1019 4868 1177 4908 suum
1227 4865 1344 4908 erat
1389 4855 1702 4910 evindicans

119 4959 220 5012 qua:
245 4946 339 5002 Dei
369 4955 529 5013 sunt,
553 4946 680 5016 quia
705 4962 810 5002 non
833 4947 1042 5018 judicat
1067 4946 1210 5004 Deus
1249 4945 1330 5002 bis
1371 4948 1422 5001 in
1446 4948 1698 5017 idipsum,

115 5029 238 5102 iuste
265 5049 615 5109 postremum
652 5040 885 5094 amittat.
935 5040 1207 5107 Quosdam
1249 5054 1378 5095 vero
1421 5039 1626 5095 alienos
1671 5055 1704 5095 a

121 5125 214 5183 Deo
237 5132 542 5203 aliquando
577 5130 787 5201 sicjam
823 5141 988 5198 tenet,
1030 5141 1089 5186 ut
1112 5141 1277 5189 totam
1310 5132 1570 5194 fabricam
1612 5147 1706 5202 pe-

117 5218 420 5294 nitasquasi
448 5223 710 5294 perennis
734 5233 959 5280 exactor
997 5224 1288 5296 possideat.
1324 5221 1488 5280 Istum
1525 5233 1706 5281 tamen

116 5311 416 5371 calliditatis
447 5324 571 5370 arte
594 5316 674 5370 sic
702 5315 975 5384 aﬁ'ecerat,
1009 5318 1132 5386 quia
1156 5317 1442 5373 Dominum
1466 5319 1518 5374 in
1549 5320 1708 5376 terris

115 5415 378 5471 repererat
399 5405 712 5474 advenisse,
745 5417 1012 5477 quatenus
1043 5424 1140 5463 nec
1165 5409 1382 5464 auditus
1406 5411 1578 5477 verbi,
1606 5427 1707 5470 nec

115 5494 272 5552 virtus
290 5499 472 5553 divini
497 5500 753 5564 nominis,
778 5516 877 5556 nec
919 5500 1187 5558 confessio
1209 5503 1276 5556 ad
1295 5518 1418 5560 eum
1446 5506 1709 5576 pertinge-

115 5598 203 5642 ret.
217 5589 359 5647 Hinc
385 5599 474 5646 est
501 5591 647 5660 quod
673 5591 908 5648 latebras
932 5593 1200 5662 spelunca:
1214 5610 1324 5650 sua:
1345 5604 1533 5665 pectus
1557 5594 1703 5659 fecit,

113 5679 370 5737 OlJSU‘llel
443 5698 624 5750 aures,
684 5685 855 5739 vinxit
891 5683 1152 5756 linguam,
1203 5701 1269 5741 ne
1327 5687 1591 5742 obseratis
1632 5685 1706 5742 fo-

117 5773 247 5832 rilius
271 5779 510 5834 verbum
527 5776 651 5832 vita:
664 5785 755 5833 aut
771 5775 956 5834 ederet
969 5787 1060 5834 aut
1073 5780 1392 5850 perciperet.
1417 5779 1533 5836 Non
1558 5784 1700 5850 quod

1732 4537 1784 4598 D

1813 3290 2016 3354 monio,
2059 3290 2184 3358 quia
2234 3290 2472 3343 membra
2507 3287 2674 3358 ipsius
2723 3287 2915 3356 spiritu
2963 3285 3253 3348 immundo
3305 3301 3392 3340 re-

1812 3383 1952 3454 pleta
1983 3390 2156 3438 erant.
2193 3385 2311 3448 Quo
2360 3397 2493 3436 sane
2519 3379 2715 3450 ejecto,
2747 3379 2976 3434 audiunt
3001 3378 3246 3448 quotidie
3275 3392 3398 3433 ver-

1811 3477 1938 3529 bum
1965 3475 2225 3537 veritatis,
2257 3483 2310 3529 et
2339 3489 2434 3528 ore
2459 3472 2857 3528 confessionem
2904 3471 3264 3540 pronuntiant
3317 3485 3404 3524 sa-

1809 3565 1955 3622 lutis.
1987 3565 2140 3620 Unde
2172 3567 2438 3620 mirantur
2467 3565 2643 3620 adlme
2691 3563 2850 3618 hodie
2885 3562 3150 3628 inﬁdeles,
3179 3562 3335 3617 sicuti
3366 3576 3398 3616 a

1811 3655 2092 3726 principio,
2132 3655 2347 3725 quando
2362 3646 2612 3710 Ecclesia
2639 3654 2834 3726 linguis
2863 3653 3188 3724 loquebatur
3216 3652 3399 3717 variis,

1810 3759 1863 3802 et
1889 3747 2055 3802 Judaei
2079 3727 2481 3803 calumniantur
2512 3765 2608 3804 nos
2631 3747 2906 3805 Christum
2943 3763 3049 3804 non
3089 3745 3398 3803 credentes.

1809 3840 2034 3896 Constat
2073 3841 2238 3912 igitur
2276 3841 2417 3910 quod
2448 3842 2527 3897 sic
2556 3849 2614 3895 ut
2636 3857 2734 3912 per
2755 3840 3167 3898 admirationem
3194 3849 3249 3895 et
3272 3854 3404 3895 con-

1811 3931 2098 3986 fessionem
2120 3931 2356 4002 plebium
2385 3931 2518 3987 ﬁdes
2547 3932 2788 4004 gentium
2812 3939 3280 4002 praemonstratur,
3327 3930 3403 3986 ita

1811 4041 1909 4094 per
1935 4024 2262 4079 calumniam
2289 4021 2622 4089 Judteorum,
2653 4040 2826 4094 usque
2853 4024 3012 4080 hodie
3041 4025 3400 4082 incredulitas

1809 4126 1864 4171 et
1917 4116 2251 4188 blasphemia
2317 4116 2652 4188 designatur.
2720 4115 2878 4172 Patet
2944 4116 3179 4189 namque
3223 4121 3403 4180 omnis

1811 4207 2010 4271 anima,
2055 4209 2180 4261 dum
2223 4209 2401 4264 adhuc
2445 4207 2498 4264 in
2550 4210 2754 4265 mundo
2781 4210 3106 4268 criminibus
3144 4214 3400 4283 volvitur,

1810 4297 1953 4366 quod
1981 4307 2130 4351 muta
2161 4307 2216 4352 et
2241 4298 2403 4352 surda
2433 4315 2554 4354 esse
2581 4300 2942 4356 convincitur.
2991 4301 3244 4373 Alioquin
3294 4306 3398 4364 nisi

1812 4390 1972 4444 surda
2003 4397 2166 4452 esset,
2202 4391 2385 4462 utique
2404 4393 2629 4447 verbum
2653 4393 2845 4450 salutis
2865 4395 3133 4451 audiendo
3157 4399 3404 4471 percipe-

1811 4491 1914 4536 ret.
1954 4482 2106 4538 Unde
2135 4500 2298 4554 quam
2323 4500 2464 4554 s:epe
2493 4483 2783 4541 Dominus:
2808 4485 2913 4553 Qui
2937 4488 3086 4542 habet
3122 4505 3276 4546 aures
3299 4509 3398 4546 au-

1809 4573 2007 4640 diendi,
2032 4577 2213 4629 audiat
2238 4575 2452 4647 (Matth.
2483 4593 2558 4644 xl,
2593 4577 2696 4646 15;
2751 4594 2870 4644 xm,
2893 4579 2946 4644 9,
2990 4579 3089 4646 43;
3124 4577 3296 4638 Marc.
3325 4600 3400 4652 tv,

1807 4663 1878 4730 7;
1911 4682 2006 4731 vn,
2040 4667 2140 4732 l6;
2191 4665 2318 4721 Luc.
2349 4683 2467 4734 vnt,
2489 4669 2562 4736 8;
2597 4685 2707 4737 xlv,
2751 4669 2862 4744 35).
2911 4671 3017 4728 Sed
3057 4673 3183 4744 quia
3216 4675 3400 4732 infelix

1807 4767 2026 4830 torpore
2055 4759 2332 4816 surditatis
2361 4762 2645 4832 premitur,
2667 4773 2881 4820 constat
2906 4767 3048 4836 quod
3075 4783 3106 4822 a
3132 4769 3398 4825 daemonio

1810 4863 2053 4906 vexatur.
2100 4853 2390 4924 Propterea
2439 4871 2540 4912 nec
2584 4857 2810 4913 verbum
2864 4860 3224 4918 confessionis
3268 4879 3396 4934 pro-

1811 4942 1974 5009 ferre,
2006 4959 2104 4998 nec
2150 4945 2379 5000 salutem
2421 4947 2548 5002 vitae
2593 4949 2862 5006 audiendo
2919 4963 3098 5022 potest
3150 4953 3389 5010 haurire.

1812 5036 1947 5092 llinc
2019 5037 2285 5109 Propheta
2353 5041 2666 5098 terribiliter
2727 5045 2998 5104 incutiens
3057 5064 3070 5101 :
3120 5047 3394 5102 Peccatori

1809 5142 1980 5185 autem
2012 5132 2144 5186 dixit
2176 5131 2544 5200 Deus:Quare
2572 5145 2629 5190 tu
2655 5153 2874 5192 enarras
2894 5139 3134 5209 justitias
3164 5156 3324 5203 meas,
3350 5149 3400 5196 et

1810 5225 2036 5278 assumis
2064 5235 2425 5288 testamentum
2453 5244 2623 5282 meum
2647 5245 2739 5299 per
2760 5246 2818 5284 os
2836 5240 2983 5284 tuum
3001 5231 3026 5285 ?
3047 5229 3218 5300 (Psal.
3245 5245 3396 5298 XLIX,

1813 5315 1926 5388 16.)
1962 5314 2039 5371 Ac
2081 5316 2125 5370 si
2160 5327 2412 5387 patenter
2451 5319 2594 5374 dicat
2634 5336 2646 5372 :
2693 5321 2823 5391 quia
2875 5321 3066 5390 spiritu
3119 5320 3398 5378 immundo

1795 5409 2016 5482 _ageris,
2049 5409 2322 5479 indignum
2354 5420 2438 5466 est
2468 5422 2526 5466 ut
2555 5413 2776 5468 verbum
2805 5412 2996 5470 salutis
3040 5413 3131 5470 ulli
3174 5431 3400 5475 narrare

1814 5519 2134 5574 praesumas.
2193 5504 2500 5560 Curandum
2553 5506 2714 5577 igitur
2773 5505 3122 5574 doctoribus,
3181 5510 3394 5582 quoties

1817 5606 1923 5654 tam
1959 5598 2288 5654 insensibilis
2318 5599 2387 5654 sit
2415 5599 2649 5664 auditor,
2684 5608 2742 5654 ut
2780 5614 2879 5654 nec
2907 5599 3056 5669 velit,
3093 5618 3196 5658 nec
3239 5599 3398 5658 intel-

1792 5693 1978 5776 ‘ligere
2002 5693 2182 5748 cordis
2204 5709 2334 5748 aure
2379 5708 2497 5764 qua:
2529 5693 2782 5750 dicuntur
2825 5705 3006 5764 queat,
3040 5696 3232 5751 ollcrat
3271 5710 3398 5752 eum

1815 5783 1928 5838 suis
1954 5783 2202 5852 precibus
2233 5783 2522 5849 Salvatori,
2552 5783 2641 5853 qui
2676 5801 2706 5840 a
2734 5785 2973 5857 maligno
2995 5787 3258 5856 premitur
3287 5785 3398 5859 spi-
