4004 6362
606 307 709 365 591

1407 295 1466 351 S.
1504 288 1858 350 PASCHASII
1892 281 2241 344 RADBERTI
2273 275 2564 336 ABBATIS
2599 274 3050 334 CORBEIENSIS

601 423 728 487 ritu,
755 427 840 484 ut,
873 417 964 473 illo
991 416 1186 487 ejecto,
1210 411 1392 468 cordis
1427 408 1634 466 occulta
1660 404 1998 465 conﬁteatur,
2031 398 2182 454 dein-
2207 401 2255 460 Α
2287 393 2619 448 claruerunt.
2657 388 2793 457 Quia
2831 387 3050 444 larvalis
3079 387 3190 452 illa,
3221 385 3493 456 inquiunt,
3521 385 3739 442 curatio
3775 387 3856 442 de-

611 530 739 586 ccps
771 523 948 567 autem
980 509 1165 564 auditu
1195 506 1343 560 auris
1369 503 1554 557 audire
1583 515 1703 570 quae
1728 497 1906 554 divina
1937 501 2061 549 sunt
2087 491 2182 545 dc-

605 617 762 664 votus
791 603 1047 676 invigilet.
1078 599 1330 669 Alioquin
1375 595 1541 668 458
1586 593 1813 663 quisque
1854 590 1909 645 in
1953 599 2184 642 vacuum

607 702 838 764 laborat,
869 697 972 752 nisi
1003 695 1144 749 Deus
1173 688 1425 746 audiendi
1472 687 1740 742 introrsus
1789 683 2186 738 incrementum

607 791 863 863 praebeat.

681 880 752 934 Et
777 875 1028 933 circuibat
1051 873 1209 929 Iesus
1233 872 1465 926 civitates
1512 883 1710 933 omnes,
1745 873 1796 920 et
1825 861 2063 928 castella,
2093 860 2192 915 do-

610 989 729 1028 cens
751 975 808 1024 in
845 967 1126 1040 synagogis
1145 980 1346 1020 eorum.
1379 963 1484 1016 Per
1509 975 1700 1015 omnes
1735 967 1914 1012 autem
1941 953 2190 1009 civitates

610 1073 666 1120 et
687 1060 930 1126 castella,
962 1069 1020 1114 ut
1065 1071 1225 1113 nemo
1264 1055 1604 1124 exciperetur
1640 1052 1708 1106 ab
1749 1047 1924 1104 olIicio
1979 1043 2189 1101 salutis.

574 1134 900 1226 [Apostolus
951 1159 1132 1206 tamen
1185 1146 1340 1218 prius
1392 1144 1572 1200 docuit
1618 1159 1672 1197 ιιι
1714 1149 1918 1202 monte,
1961 1150 2192 1207 quorum

613 1244 956 1303 conversatio
979 1242 1034 1298 in
1060 1240 1370 1297 coelestibus
1385 1237 1561 1293 futura
1575 1235 1952 1308 praesignatur,
1969 1236 2192 1285 caeteras

615 1338 671 1393 in
703 1333 992 1408 synagogis
1031 1347 1219 1388 eorum
1247 1371 1263 1397 ,
1312 1329 1405 1398 qui
1449 1327 1640 1382 altiora
1690 1323 1916 1379 necdum
1946 1325 2197 1390 poterant

613 1425 1093 1495 comprehendere.
1137 1419 1366 1475 Mirabili
1406 1417 1629 1488 quidem
1673 1413 1865 1468 ordine
1912 1411 2063 1482 prius
2106 1409 2197 1463 do-

615 1533 746 1574 cens
771 1514 1120 1584 Evangelium
1155 1512 1330 1583 regni,
1360 1509 1554 1565 deinde
1594 1515 1718 1577 post
1755 1502 2196 1576 pnedicationem

616 1614 779 1676 atque
819 1605 1165 1670 doctrinam,
1215 1600 1442 1658 curabat
1479 1614 1698 1654 omnem
1749 1597 2086 1665 languorem,
2142 1598 2198 1646 et

614 1712 831 1752 onmem
874 1695 1274 1758 inﬁrmitatem;
1313 1700 1374 1746 ut
1421 1690 1618 1760 quibus
1663 1701 1844 1743 sermo
1875 1684 2033 1739 ﬁdem
2089 1697 2194 1736 non

2286 483 2495 548 bilium,
2524 490 2579 537 et
2606 481 2813 536 reddita
2843 480 2954 533 vita
2985 477 3278 543 defunctis,
3318 478 3366 532 si
3395 485 3451 533 et
3499 476 3592 531 alii
3620 477 3858 535 conside-

2287 582 2479 630 rentur
2503 573 2596 643 qui
2619 571 2754 626 mira
2788 570 3053 633 fecerunt,
3101 569 3210 622 Deo
3247 581 3412 637 parva
3435 576 3583 622 sunt.
3611 567 3861 624 Fatemur

2289 666 2506 737 quidem
2533 673 2587 719 et
2612 678 2710 718 nos
2735 661 2863 717 talia
2907 660 3101 716 fecisse
3143 659 3456 730 prophetas.
3509 657 3646 712 Nam
3688 659 3742 713 in
3784 659 3861 714 bis

2289 759 2459 832 signis
2477 756 2606 828 quid
2632 755 3006 819 excellentius,
3032 769 3193 822 quam
3219 762 3466 808 mortuos
3491 753 3560 806 ad
3592 754 3761 809 vitam
3785 770 3864 810 re-

2289 850 2618 910 suscitasse?
2668 849 2820 904 Fecit
2855 848 2959 902 hoc
2986 846 3133 901 Elias
3183 844 3238 898 in
3266 844 3451 900 Veteri
3499 844 3862 912 Testamento,

2293 943 2422 998 fecit
2467 950 2522 998 et
2562 940 2821 1004 Elisaeus,
2874 936 3120 994 fecerunt
3174 936 3278 991 hoc
3320 943 3378 991 et
3425 934 3698 990 innumeri
3755 945 3867 1005 post

2294 1035 2584 1090 adventum
2633 1031 2866 1088 Domini.
2911 1029 3046 1084 Nam
3075 1029 3142 1085 de
3170 1043 3451 1098 magorum
3479 1027 3779 1094 miraculis,
3807 1043 3867 1084 ex

2295 1125 2490 1196 quibus
2516 1123 2711 1194 pagani
2739 1121 3056 1194 gloriantur,
3092 1128 3274 1175 utrum
3297 1119 3400 1190 ipsi
3430 1128 3676 1175 mortuos
3711 1119 3869 1174 susci-

2297 1214 2534 1270 taverint
2585 1213 2661 1267 illi
2707 1211 2963 1278 viderint,
3009 1211 3103 1282 qui
3157 1210 3270 1265 suis
3313 1225 3408 1265 eos
3440 1209 3633 1265 fecisse
3670 1210 3872 1280 ﬁngunt

2297 1306 2613 1363 mendaciis.
2680 1305 2782 1372 Qui
2838 1313 2894 1358 et
2941 1302 3226 1373 Apuleium
3282 1310 3469 1358 contra
3537 1302 3867 1373 magicarum

2299 1399 2495 1453 artium
2524 1397 2811 1454 conamina
2847 1393 3221 1465 copiosissime
3251 1393 3544 1449 defendunt
3581 1393 3783 1465 egisse,
3823 1399 3874 1447 et

2298 1498 2564 1546 conantur
2599 1503 2707 1543 non
2747 1487 3073 1550 accusando,
3115 1486 3211 1540 sed
3239 1483 3508 1539 laudando
3537 1484 3871 1539 convincere.

2297 1581 2553 1652 Legimus
2601 1587 2657 1634 et
2702 1592 2888 1648 magos
2923 1575 3300 1646 zEgyptiorum
3347 1575 3573 1630 istarum
3621 1574 3875 1628 virtutum

2300 1671 2681 1744 peritissimos,
2736 1678 2916 1723 tamen
2963 1682 2994 1722 a
3047 1667 3229 1738 Moyse
3278 1665 3480 1720 famulo
3510 1665 3604 1720 Dei
3635 1674 3877 1735 potenter

615 1794 884 1850 suaserat,
917 1785 1181 1840 virtutum
1215 1756 1380 1852 opera
1427 1756 1847 1852 persuaderent;
1880 1775 2010 1828 Erat
2035 1773 2196 1837 enim,
2225 1763 2274 1821 Β
2302 1764 2488 1832 utique
2513 1770 2816 1831 superatos.
2845 1758 2981 1826 Quia
3009 1757 3256 1828 profecto
3279 1757 3356 1810 illi
3387 1765 3442 1811 et
3475 1771 3667 1810 omnes
3697 1756 3872 1812 saeculi

616 1877 702 1949 (ut
727 1877 832 1932 duo
859 1891 927 1932 ex
965 1873 1242 1946 discipulis
1286 1871 1628 1927 ambulantes
1664 1865 1976 1938 loquuntur)
2019 1873 2200 1934 potens

617 1970 674 2024 in
712 1985 863 2058 opere
895 1978 941 2023 et
968 1983 1206 2024 sermone
1231 1965 1385 2038 (Luc.
1417 1979 1568 2030 xxxv,
1597 1961 1706 2030 -l9),
1738 1967 2023 2030 propterea
2069 1971 2202 2028 pro-

619 2047 874 2114 mittebat
927 2058 1078 2129 regni
1128 2057 1484 2120 documenta,
1539 2060 1728 2123 postea
1787 2064 1914 2105 vero
1953 2047 2123 2119 signis
2148 2054 2205 2100 et

619 2149 905 2220 prodigiis,
965 2157 1022 2204 ut
1076 2155 1549 2204 commoverentur
1603 2145 1670 2199 ad
1736 2142 1914 2220 ﬁdem,
1958 2149 2245 2210 potenter.

622 2241 728 2296 hoc
771 2241 947 2310 ipsum
995 2239 1396 2294 commendans.
1457 2236 1732 2305 Nusquam
1778 2235 1944 2305 igitur
1990 2233 2056 2288 de
2096 2231 2202 2286 alio

625 2330 806 2400 aliquo
832 2331 1037 2386 dictum
1087 2330 1349 2400 reperies,
1379 2329 1484 2383 nisi
1517 2329 1582 2384 de
1607 2327 1725 2383 solo
1769 2325 2019 2390 Domino,
2062 2323 2206 2395 quod

623 2423 897 2478 curaverit
918 2437 1135 2477 omnem
1160 2421 1470 2493 languorem
1493 2429 1548 2475 et
1562 2434 1780 2476 omnem
1807 2417 2202 2481 inﬁrmitatem;

623 2511 752 2569 licet
787 2521 840 2568 et
865 2511 1117 2582 discipuli
1162 2511 1359 2567 multos
1397 2511 1734 2575 sanaverint,
1783 2508 1924 2564 sicut
1951 2507 2205 2578 legimus,

624 2604 766 2676 quod
797 2605 962 2659 etiam
988 2620 1055 2660 ex
1086 2604 1276 2658 umbra
1304 2603 1447 2657 Petri
1492 2602 1672 2672 plures
1714 2599 1887 2654 curati
1925 2606 2069 2653 sunt.
2101 2595 2208 2652 Sed

625 2696 974 2767 qurerendum
1002 2704 1184 2750 utrum
1213 2694 1282 2748 ab
1316 2709 1381 2749 eo
1406 2695 1525 2749 loco
1557 2709 1664 2763 quo
1693 2692 1758 2747 de
1779 2698 1965 2746 mente
1988 2691 2212 2745 descen—

623 2788 724 2853 dit,
756 2802 970 2842 omnem
1005 2786 1320 2856 languorem
1347 2795 1403 2840 et
1431 2800 1648 2840 omnem
1698 2783 2066 2837 inﬁrmitatem
2113 2793 2209 2834 cu-

627 2878 835 2934 raverit
867 2893 1054 2932 eorum
1092 2878 1184 2946 qui
1231 2877 1394 2932 oblati
1425 2883 1572 2940 sunt,
1606 2889 1731 2928 cum
1773 2874 1960 2929 decem
2006 2869 2212 2926 solum-

627 2969 789 3024 modo
834 2968 1030 3024 exinde
1077 2967 1253 3022 curati
1302 2972 1793 3028 connumerantur,
1840 2978 1909 3016 an
1955 2961 2121 3016 etiam
2157 2968 2214 3015 et

630 3059 766 3114 alios
814 3058 958 3128 quod
1007 3057 1354 3112 manifestum
1403 3064 1516 3121 est;
1557 3054 1684 3126 quia
1725 3051 1967 3124 profecto
2011 3050 2079 3106 ad
2108 3051 2212 3106 hoc

2303 1856 2592 1925 sapientes,
2651 1853 2694 1908 si
2736 1851 2942 1922 aliquid
2980 1859 3232 1922 egerunt,
3279 1865 3386 1903 non
3415 1849 3517 1904 nisi
3555 1859 3673 1905 arte
3705 1850 3880 1905 diabo-

2303 1946 2427 2013 lica,
2461 1945 2633 2000 nostri
2673 1957 2804 1998 vero
2832 1957 2940 1996 non
2978 1941 3083 1996 nisi
3126 1943 3326 1994 virtute
3357 1940 3559 1996 Christi
3588 1949 3642 1994 et
3697 1940 3753 1994 in
3796 1957 3880 1994 no-

2303 2037 2449 2092 mine
2499 2033 2818 2089 Salvatoris.
2871 2031 3040 2100 Quem
3082 2039 3139 2085 et
3192 2031 3576 2101 prophetantes
3604 2039 3658 2084 et
3699 2032 3884 2101 praedi-

2303 2137 2512 2192 cantes,
2559 2141 2810 2197 magnam
2840 2125 2889 2179 ei
2939 2124 3166 2196 gloriam
3215 2124 3500 2188 dederunt,
3539 2123 3673 2178 nihil
3724 2124 3794 2178 de
3836 2139 3886 2178 se

2304 2225 2714 2290 przesumentes.
2742 2215 2898 2271 Hunc
2924 2224 3106 2269 autem
3133 2231 3240 2270 non
3266 2222 3522 2284 tanquam
3553 2231 3744 2285 parem
3772 2216 3884 2277 sibi.

2306 2323 2406 2363 nec
2458 2307 2513 2362 in
2564 2305 2755 2361 eadem
2810 2303 3196 2360 miraculorum
3243 2303 3486 2373 potentia
3534 2303 3887 2373 superiorem,

2306 2399 2401 2456 sed
2429 2398 2586 2470 plane
2606 2396 2774 2452 Deum
2799 2396 2947 2450 illum
2985 2404 3040 2451 et
3087 2397 3331 2451 omnium
3382 2397 3693 2462 Dominum,
3725 2397 3890 2452 homi-

2307 2507 2433 2546 nem
2474 2499 2696 2561 propter
2747 2489 2996 2545 homines
3056 2487 3259 2544 factum
3323 2491 3734 2545 nuntiaverunt.
3803 2489 3889 2556 Qui

2307 2588 2600 2652 propterea
2639 2588 2695 2635 et
2737 2579 2854 2650 ipse
2900 2578 3028 2633 talia
3079 2579 3250 2633 voluit
3298 2577 3500 2644 facere,
3547 2595 3614 2634 ne
3663 2580 3892 2635 absurda

2308 2673 2622 2728 viderentur
2643 2687 2763 2741 quae
2797 2686 2893 2741 per
2922 2671 3071 2727 illum
3093 2670 3356 2738 fecerant,
3385 2671 3489 2726 nisi
3517 2680 3574 2727 et
3605 2672 3723 2742 ipse
3754 2673 3893 2728 simi-

2311 2762 2380 2817 lia
2408 2762 2631 2818 faceret.
2667 2761 3053 2818 Verumtamen
3088 2771 3144 2819 et
3172 2761 3373 2832 aliquid
3405 2762 3689 2833 pr0prium
3723 2760 3894 2818 facere

2313 2857 2512 2920 debuit,
2547 2855 2698 2911 nasci
2745 2855 2811 2910 de
2840 2855 3085 2926 Virgine,
3129 2869 3414 2924 resurgere
3463 2869 3493 2908 a
3528 2849 3803 2921 mortuis,
3849 2855 3892 2909 in

2313 2949 2510 3004 cmlum
2536 2949 2848 3016 ascendere,
2879 2950 3068 3005 sedere
3094 2949 3163 3004 ad
3208 2949 3488 3005 dexteram
3516 2948 3702 3004 Patris
3749 2964 3897 3022 super

2313 3058 2500 3098 omnes
2543 3043 2740 3098 choros
2790 3042 3136 3113 angelorum,
3187 3051 3242 3096 et
3304 3041 3571 3097 daemonia
3619 3041 3898 3110 subiacere

631 3157 741 3204 tam
774 3121 1038 3204 sollicitus
1069 3148 1252 3204 omnia
1276 3121 1650 3212 circuibat,—ut
1677 3121 1867 3200 omnes
1892 3149 2136 3207 sanaret,
2158 3149 2214 3196 et
2237 3121 2284 3184 Ο
2316 3133 2448 3189 Deo.
2479 3131 2592 3187 Hoc
2623 3133 2715 3203 (ιυὶ
2736 3149 2926 3204 parum
2966 3141 3140 3203 putat,
3173 3133 3304 3205 quid
3351 3133 3582 3204 amplius
3626 3141 3900 3204 exspectet

633 3241 736 3313 ipsi
771 3241 1115 3312 perciperent
1160 3238 1514 3310 Evangelium
1554 3235 1726 3305 regni.
1767 3232 2109 3289 Manifestum
2129 3239 2213 3286 est

633 3335 776 3406 quod
802 3335 945 3390 sicut
985 3334 1039 3388 in
1071 3331 1384 3389 civitatibus
1415 3339 1470 3386 et
1511 3329 1769 3393 castellis,
1796 3336 1852 3383 et
1880 3326 1933 3380 in
1963 3323 2214 3380 omnibus

634 3424 768 3481 vicis
796 3424 1024 3480 docebat
1051 3425 1108 3480 in
1133 3423 1422 3496 synagogis
1457 3437 1670 3485 eorum,
1701 3434 1822 3490 qua:
1842 3432 2024 3473 sermo
2046 3415 2217 3470 Evano

635 3518 841 3589 gelicns
893 3518 1146 3589 explanat
1187 3532 1288 3588 per
1325 3515 1533 3587 singula
1587 3524 1641 3569 ct
1682 3511 1970 3583 promittit,
2002 3509 2217 3564 licetex

635 3611 739 3665 hoc
770 3610 1102 3682 intelligatur
1155 3609 1286 3680 quid
1333 3607 1596 3671 docuerit,
1630 3605 1756 3676 quia
1800 3605 1994 3675 legitur
2041 3601 2218 3656 Evan-

636 3699 834 3770 gelium
868 3700 1020 3771 regni
1041 3700 1310 3756 docuisse.
1340 3698 1420 3753 lla
1454 3698 1627 3768 liquet
1655 3697 1966 3750 innumeras
1995 3692 2219 3747 virtutes

641 3792 856 3858 fecisse,
889 3808 1009 3863 quae
1043 3808 1151 3847 non
1181 3799 1308 3847 sunt
1331 3790 1570 3860 scripta,
1620 3788 1675 3841 in
1709 3796 1917 3842 tantum
1960 3794 2020 3840 ut
2044 3785 2222 3840 nullus

640 3881 888 3952 languor,
920 3881 1064 3936 nulla
1097 3881 1392 3937 inﬁrmitas
1410 3889 1555 3935 esset
1576 3893 1766 3934 eorum
1793 3891 1955 3947 quam
1986 3891 2092 3931 non
2129 3891 2222 3932 cu-

638 3977 832 4025 rasset.
860 3969 1030 4025 Porro
1077 3970 1326 4040 discipuli
1369 3985 1479 4026 non
1535 3976 1788 4040 poterant
1828 3981 1952 4022 eum
1978 3981 2223 4021 sanarea

641 4061 928 4127 daemonio,
981 4061 1074 4133 qui
1113 4061 1325 4118 delatus
1347 4069 1432 4118 est
1475 4061 1548 4117 ei.
1581 4061 1658 4116 De
1697 4074 1806 4129 quo
1839 4058 2057 4123 dicitur,
2083 4058 2225 4128 quod

642 4158 747 4213 hoc
776 4173 946 4228 genus
986 4157 1291 4212 daemonum
1331 4171 1438 4210 non
1494 4155 1597 4210 nisi
1640 4154 1888 4224 oratione
1939 4162 1995 4208 et
2018 4151 2227 4223 jejunio

641 4235 883 4302 curetur.
910 4245 1160 4302 Christus
1187 4261 1315 4301 vero
1339 4261 1558 4300 omnem
1587 4244 1901 4316 languorem
1925 4250 1980 4298 et
2010 4258 2227 4297 omnem

644 4335 1015 4393 inﬁrmitatem
1053 4335 1281 4391 interius
1327 4335 1634 4390 exteriusve
1662 4332 1896 4402 pellebat
1943 4332 2096 4403 quasi
2123 4331 2230 4387 Do-

645 4431 846 4496 minus,
876 4430 1115 4501 probans
1153 4429 1257 4485 sibi
1301 4427 1437 4484 nihil
1486 4425 1834 4498 impossibile.
1881 4424 1986 4480 Sed
2029 4424 2228 4479 solum-

647 4523 810 4578 modo
851 4523 993 4578 sicut
1020 4523 1109 4578 ille
1138 4537 1319 4579 sermo
1357 4537 1426 4576 ex
1455 4519 1542 4576 his
1569 4519 1820 4574 omnibus
1844 4518 1897 4572 in
1923 4525 2106 4572 monte
2131 4517 2230 4571 ha-

647 4613 816 4677 bitus,
861 4611 1112 4669 sufﬁcere
1157 4611 1436 4678 creditur,
1478 4617 1767 4680 pr0pterea
1797 4607 2002 4677 Spiritu
2040 4615 2232 4662 sancto

650 4715 931 4763 reserante
983 4707 1216 4777 posteris
1257 4703 1399 4776 stylo
1432 4702 1664 4756 traditus
1691 4709 1774 4755 est
1817 4700 1884 4754 ad
1907 4699 2230 4755 doctrinam.

648 4799 726 4855 lta
782 4799 1049 4870 siquidem
1105 4813 1174 4855 ex
1232 4795 1487 4854 omnibus
1546 4792 1890 4864 paucissimae
1943 4799 2236 4846 narrantur

652 4889 903 4954 virtutes,
949 4904 1069 4958 quas
1121 4887 1283 4943 rebus
1334 4894 1392 4940 et
1450 4897 1675 4939 numero
1721 4889 2065 4938 sacramenta
2111 4879 2236 4936 ﬁdei

2317 3224 2534 3295 penitus
2557 3223 2771 3295 ignoro.
2799 3223 3052 3278 Arbitror
3094 3224 3240 3279 enim
3268 3223 3395 3294 quia
3425 3223 3480 3278 in
3518 3222 3791 3296 principio
3819 3238 3900 3294 per

2318 3317 2494 3388 ipsum
2534 3317 2718 3372 omnia
2765 3316 2909 3372 facta
2959 3326 3108 3384 sunt,
3141 3318 3361 3372 homine
3397 3324 3683 3386 assumpto
3727 3314 3901 3372 debuit

2321 3409 2488 3464 alium
2547 3409 2806 3464 mundum
2852 3407 3056 3475 facere,
3112 3417 3173 3464 ut
3213 3422 3337 3464 eum
3390 3409 3749 3464 crederemus
3778 3405 3900 3469 fore,

2319 3517 2416 3573 per
2444 3519 2603 3574 quem
2635 3501 2807 3558 factus
2836 3510 2934 3557 ἐει
2974 3502 3237 3557 mundus?
3267 3500 3374 3556 Sed
3406 3515 3504 3554 nec
3535 3499 3720 3569 major
3750 3513 3894 3554 mun-

2321 3595 2441 3659 dus,
2474 3609 2576 3650 nec
2605 3591 2894 3664 coaequalis
2920 3593 2974 3647 in
3011 3594 3114 3648 hoc
3141 3591 3343 3646 mundo
3367 3590 3484 3644 ﬁeri
3515 3597 3728 3660 posset.
3764 3587 3900 3656 Quod

2323 3687 2368 3743 si
2414 3687 2680 3742 minorem
2738 3683 2941 3740 faceret
2987 3692 3042 3738 et
3090 3682 3229 3738 infra
3269 3682 3456 3746 istum,
3508 3679 3771 3734 similiter
3816 3679 3908 3732 hoc

2323 3794 2538 3850 quoque
2565 3793 2756 3849 parum
2789 3784 3096 3846 putaretur.
3130 3775 3295 3844 Ergo,
3332 3774 3459 3843 quia
3494 3788 3602 3827 non
3647 3771 3905 3844 oportuit,

2326 3888 2465 3928 nova
2495 3871 2626 3926 fecit
2657 3871 2711 3924 in
2760 3869 2984 3924 mundo.
3025 3867 3307 3923 Potentius
3350 3866 3587 3922 fortasse
3628 3875 3744 3930 est,
3779 3860 3909 3934 quod

2327 3961 2636 4016 novissimis
2685 3959 3062 4030 temporibus,
3120 3973 3283 4028 quam
3339 3956 3483 4028 quod
3541 3956 3592 4010 in
3646 3953 3910 4026 principio

2329 4051 2474 4106 fecit.
2509 4049 2661 4106 Unde
2689 4049 2827 4103 mira
2870 4048 3150 4104 hominum
3180 4047 3416 4103 caecitas.
3443 4044 3598 4102 Fecit
3621 4044 3804 4100 Filius
3827 4041 3910 4098 Dei

2329 4141 2385 4195 in
2417 4154 2580 4194 carne
2614 4137 2823 4193 minora
2858 4137 2947 4192 vel
2971 4136 3220 4208 aequalia,
3249 4136 3416 4210 460
3441 4152 3604 4206 quam
3633 4145 3696 4191 et
3733 4135 3821 4191 alii
3841 4133 3912 4187 fe-

2329 4243 2538 4297 cerunt,
2568 4243 2623 4288 et
2648 4241 3031 4299 contemnunt;
3081 4230 3212 4287 fecit
3266 4230 3491 4300 majora,
3525 4239 3582 4286 et
3624 4247 3746 4286 non
3800 4243 3913 4284 cre-

2329 4324 2482 4380 dunt.
2512 4323 2662 4379 Fecit
2687 4323 2906 4394 quidem
2949 4321 3107 4390 juxta
3147 4337 3337 4378 eorum
3379 4321 3714 4377 sententiam
3747 4318 3916 4376 credi-

2331 4415 2482 4481 bilia,
2511 4423 2568 4470 et
2611 4429 2803 4486 parum
2845 4413 3117 4468 aestimant
3144 4413 3275 4468 Deo.
3321 4411 3472 4467 Fecit
3516 4425 3644 4466 vero
3701 4409 3916 4473 Deiﬁca,

2256 4483 2307 4543 Ῑ)
2334 4509 2430 4564 sed
2465 4483 2656 4562 nolunt
2704 4507 2951 4572 credere,
2992 4507 3119 4576 quia
3163 4513 3474 4576 competunt
3498 4505 3628 4560 Deo.
3662 4505 3923 4561 Nesciunt

2333 4602 2496 4674 igitur
2519 4599 2700 4654 miseri
2732 4597 2878 4670 quod
2917 4597 3167 4654 Christus
3205 4613 3312 4653 non
3351 4597 3502 4652 venit
3545 4611 3747 4652 rursus
3774 4611 3921 4651 mun.

2336 4695 2463 4748 dum
2496 4691 2708 4755 facere;
2745 4697 2932 4745 manet
2985 4689 3131 4744 enim
3181 4688 3326 4760 quod
3370 4685 3612 4743 fecerat:
3645 4688 3754 4742 sed
3787 4686 3926 4740 venit

2335 4782 2480 4854 quod
2542 4781 2778 4852 perierat
2826 4780 3144 4854 (humanum
3186 4778 3393 4834 scilicet
3443 4778 3631 4849 genus)
3690 4777 3924 4838 salvare,

2336 4881 2559 4946 propter
2577 4874 2722 4944 quod
2749 4875 2866 4929 hazc
2889 4872 3071 4928 omnia
3101 4871 3232 4927 olim
3253 4879 3489 4927 crearat.
3523 4870 3638 4938 Qua
3672 4871 3750 4927 de
3770 4884 3927 4926 causa

651 4977 1054 5044 commendent,
1095 4977 1164 5032 'et
1191 4975 1374 5031 omnia
1416 4973 1716 5029 Salvatoris
1761 4987 1926 5043 Opera
1966 4971 2241 5027 insinuent
2338 4965 2470 5022 fecit
2497 4981 2616 5036 qua:
2653 4965 2720 5018 ad
2772 4963 3000 5019 salutem
3030 4963 3305 5034 pertinere
3347 4971 3670 5027 noscuntur,
3720 4971 3780 5018 et
3813 4960 3933 5017 fecit

650 5073 811 5144 plena
859 5071 977 5126 fore
1030 5069 1276 5143 mysticis
1323 5067 1657 5123 muneribus.
1689 5065 1854 5139 559
1903 5064 2059 5134 Saepe
2093 5062 2237 5117 enim

649 5164 880 5236 legimus
909 5163 964 5218 in
990 5163 1092 5218 hoc
1115 5162 1232 5231 ipso
1255 5159 1542 5230 Evangelio
1567 5159 1684 5215 sine
1712 5155 2026 5212 narratione
2055 5163 2238 5224 gesto-

654 5271 774 5310 rum
809 5252 1202 5318 indifferenter,
1234 5249 1438 5320 absque
1487 5261 1843 5319 personarum
1885 5242 2238 5315 expressione

655 5356 872 5405 curatos
903 5360 1114 5410 omnes,
1143 5351 1198 5400 et
1227 5359 1420 5399 omnes
1467 5343 1756 5413 languores
1797 5346 1960 5408 atque
2008 5335 2236 5391 inﬁrmi-

657 5449 817 5508 tates,
853 5439 969 5496 sine
1019 5436 1281 5508 cujusque
1326 5433 1677 5506 proprietatis
1707 5429 2102 5500 designatione,
2139 5426 2238 5482 de-

657 5531 858 5602 pulsas.
897 5529 1006 5585 Sed
1042 5545 1184 5585 caeca
1212 5526 1503 5583 inﬁdelitas
1533 5540 1640 5579 non
1666 5521 1781 5577 vult
1819 5521 2085 5576 interdum
2127 5532 2242 5574 cre-

660 5623 789 5677 dere
809 5637 1161 5694 paganorum.
1205 5621 1403 5675 Dicunt
1436 5616 1580 5671 enim
1609 5612 1761 5684 quod
1811 5611 1980 5677 nulla,
2023 5622 2241 5679 compe-

663 5713 903 5772 tentibus
932 5714 1120 5784 signis,
1159 5710 1359 5766 indicia
1409 5715 1574 5762 tantae
1603 5705 1904 5775 maiestatis
1938 5703 1991 5757 in
2021 5702 2241 5760 Christo

2341 5061 2393 5115 in
2437 5058 2708 5115 exteriore
2749 5056 2970 5111 homine
3008 5055 3244 5111 visibilia
3282 5054 3544 5110 virtutum
3571 5055 3764 5126 signa,
3806 5070 3937 5127 qua-

2340 5161 2498 5208 tenus
2521 5167 2620 5222 per
2650 5151 2766 5206 haec
2796 5163 2948 5204 mens
2977 5148 3134 5203 avida
3165 5148 3300 5204 satis
3345 5148 3580 5204 disceret
3624 5149 3770 5220 quid
3801 5150 3935 5204 inte-

2339 5243 2453 5298 rius
2509 5239 2832 5310 requireret.
2876 5237 3109 5293 Interius
3165 5253 3404 5310 namque
3462 5239 3518 5294 in
3563 5239 3780 5301 anima,
3837 5252 3937 5304 qua

2339 5342 2492 5406 parte
2516 5333 2680 5387 homo
2724 5330 2916 5387 melior
2961 5345 3081 5386 esse
3121 5331 3382 5398 creditur,
3421 5339 3566 5387 totus
3606 5331 3937 5386 ceciderat:

2339 5429 2544 5482 idcirco
2593 5425 2819 5479 virtutes
2863 5432 3162 5493 operantur
3203 5423 3396 5479 salutis
3448 5421 3736 5487 exterius,
3789 5431 3852 5476 ut
3879 5419 3943 5472 ad

2341 5519 2571 5576 salutem
2612 5517 2774 5572 homo
2815 5531 2884 5571 ex
2920 5515 3183 5570 beneficio
3227 5523 3553 5585 provocetur
3585 5513 3854 5576 interius,
3893 5516 3945 5563 et

2343 5611 2529 5682 diligat
2577 5616 2856 5664 auctorem
2889 5605 3033 5670 vitae,
3083 5620 3148 5661 ac
3192 5606 3400 5671 credat,
3431 5615 3486 5661 et
3514 5612 3731 5675 quterat
3763 5604 3841 5659 ab
3886 5615 3950 5657 eo

2347 5703 2572 5758 devotus
2592 5699 2916 5755 medicinam
2945 5695 3156 5751 salutis.
3191 5696 3346 5764 Quod
3375 5698 3418 5753 si
3441 5696 3710 5768 quaeritur
3737 5695 3948 5757 adhuc,
