3994 6364
137 357 244 417 595

980 357 1345 417 EXPOSITIO
1378 357 1446 414 IN
1487 357 1928 416 ΜΑΤΤΙΙᾹΞΗΜ.
1966 390 2036 401 -
2073 361 2202 417 LIB.
2245 361 2311 426 V,
2349 360 2501 415 CAP.
2543 360 2633 414 IX.

3305 362 3414 418 394

140 470 268 544 quid
301 468 573 535 Christus,
623 467 769 539 quod
798 466 976 525 nullus
1005 469 1144 526 alius
1189 471 1410 540 fecerit;
1438 487 1612 543 pauca
1653 472 1720 528 de
1747 476 1798 536 Α
1824 473 1969 543 plum
2001 475 2148 530 dedit
2177 474 2342 530 totius
2371 473 2640 536 sanitatis,
2669 472 2797 527 dum
2828 475 3010 529 omnia
3037 476 3284 533 dolorum
3311 495 3412 551 ge-

137 563 379 635 plurihus
406 561 574 616 libeat
621 575 929 617 recensere.
972 560 1276 633 Complevit
1302 564 1446 621 enim
1487 563 1721 636 prophe-

141 665 316 711 tarum
352 653 596 710 omnium
638 668 707 708 ex
749 668 808 709 se
852 654 1132 722 vaticinia,
1179 659 1322 727 quod
1359 656 1542 713 nullus
1585 657 1725 713 alter

138 748 284 804 fecit.
309 746 478 803 Natus
515 756 601 803 est
627 745 696 802 de
729 746 970 818 Virgine,
1003 747 1061 804 in
1104 748 1258 820 cujus
1305 757 1428 806 ortu
1458 751 1607 807 sidus
1627 767 1724 807 no-

139 854 262 893 vum
297 837 524 903 refulsit,
572 845 629 892 et
657 853 756 909 per
795 838 939 893 viam
985 853 1172 910 magos
1200 840 1268 894 ad
1316 855 1440 896 eum
1497 841 1722 898 devotos

138 929 375 985 adduxit.
416 928 746 1001 Angelorum
781 930 1056 986 exercitus
1083 931 1153 986 ad
1199 931 1316 1003 ejus
1341 947 1510 989 cunas
1535 945 1719 1004 pasto-

140 1021 288 1077 ribus
313 1020 656 1076 audientibus
701 1029 904 1077 canunt
947 1021 1100 1095 (Luc.
1151 1038 1212 1090 ll,
1260 1022 1395 1095 10):
1446 1023 1632 1080 Gloria
1667 1009 1746 1080 in‘

137 1113 350 1169 excelsis
387 1113 518 1168 Deo.
568 1113 637 1168 Et
675 1112 895 1170 Gabriel
941 1113 1142 1171 fatetur
1182 1115 1362 1172 :Ecce
1402 1115 1722 1188 Evangelizo

136 1207 275 1260 vobis
298 1206 551 1277 gaudium
587 1222 836 1276 magnum
867 1206 1008 1277 quod
1035 1208 1133 1261 erit
1165 1209 1310 1264 omni
1336 1208 1552 1280 populo,
1595 1211 1722 1281 quia

136 1306 288 1349 natus
317 1306 390 1350 est
419 1295 560 1350 vobis
597 1296 752 1350 hodie
799 1295 1066 1352 Salvator.
1095 1296 1266 1353 Porro
1305 1299 1430 1353 talia
1474 1309 1531 1355 et
1571 1307 1720 1355 tanta

135 1387 197 1440 de
231 1385 376 1442 nullo
402 1385 510 1444 alio
536 1401 568 1440 a
598 1386 796 1442 saculo
825 1386 1094 1458 leguntur.
1127 1386 1281 1443 Fecit
1304 1388 1519 1458 quidem
1544 1389 1717 1444 virtu-

137 1489 237 1543 tes,
269 1495 404 1550 quas
424 1489 480 1536 et
504 1480 586 1536 sui
625 1489 803 1546 vates,
833 1492 893 1535 ut
940 1481 1056 1536 veri
1084 1479 1180 1536 Dei
1222 1481 1502 1552 propheta:
1525 1482 1719 1552 proba-

137 1580 342 1636 rentur,
381 1571 532 1642 prius
571 1570 852 1635 fecerunt;
902 1571 998 1628 sed
1049 1573 1377 1642 potestative
1424 1582 1482 1628 et
1521 1574 1720 1630 nullius

138 1663 468 1720 invocatione
489 1665 735 1731 alterius,
762 1674 927 1722 tanta
951 1681 1014 1722 ac
1049 1667 1184 1722 tales
1212 1674 1359 1732 sunt,
1393 1676 1454 1722 ut
1491 1684 1522 1722 a
1568 1669 1717 1723 nullo

133 1755 310 1826 aliquo
339 1772 573 1827 unquam
621 1756 782 1814 facta
827 1758 1097 1830 legantur,
1127 1768 1189 1814 ut
1215 1759 1533 1829 pradictum
1572 1771 1708 1816 erat.

1827 580 1960 621 nera
2001 580 2221 622 curasse
2262 573 2730 636 pratnonstratur.
2779 565 3009 638 Lepram
3057 567 3267 626 scilicet
3308 571 3414 628 im-

1826 655 2236 724 munditiarum,
2263 655 2538 728 paralysin
2568 655 2964 723 dissolutionis,
2989 656 3198 715 febrem
3232 659 3418 719 incen-

1827 749 1921 814 dii,
1953 748 2214 805 damonis
2235 749 2599 815 vexationem,
2623 747 2827 804 ﬂuxum
2845 748 3202 817 inﬁdelitatis,
3227 753 3421 809 mortis

1825 844 2104 900 incursum
2123 884 2138 909 ,
2181 843 2480 900 cacitatem
2512 841 2832 915 ignorantia
2853 883 2868 908 ,
2907 844 3338 916 surditatemque
3361 853 3421 902 et

1824 937 2026 992 nodum
2051 936 2246 1008 lingua
2274 935 2547 1007 loquendi.
2581 935 2713 1003 Qua
2741 934 2788 990 si
2818 933 3104 1006 diligenter
3127 935 3416 1008 inspicias,

1822 1033 1945 1096 post
1985 1035 2110 1082 octo
2148 1025 2410 1082 doctrina
2452 1025 2816 1081 beatitudines
2858 1034 3144 1096 propterea
3189 1027 3413 1082 totidem

1822 1115 2164 1172 curationum
2195 1129 2394 1186 genera
2416 1124 2736 1187 sequuntur,
2765 1123 2827 1169 ut
2861 1115 2932 1170 sit
2971 1129 3163 1172 sensus
3191 1116 3414 1173 eviden-

1823 1205 1948 1272 tior,
1982 1208 2293 1278 quicunque
2316 1208 2416 1263 has
2435 1216 2564 1263 octo
2587 1207 2954 1264 beatitudines
2974 1207 3156 1262 animo
3183 1209 3422 1279 comple-

1821 1301 1980 1364 verit,
2008 1316 2224 1356 omnem
2257 1304 2544 1358 sanitatem
2570 1301 2864 1372 recepisse.
2888 1317 3104 1357 omnem
3128 1317 3158 1358 a
3182 1316 3242 1358 se
3261 1301 3418 1357 inﬁr-

1823 1390 2068 1446 mitatem
2094 1405 2407 1447 evacuasse.
2451 1390 2582 1459 Qua
2621 1391 2880 1446 nimirum
2923 1392 3077 1462 signa
3117 1393 3186 1458 si,
3212 1392 3319 1450 duo
3364 1392 3420 1446 in

1819 1495 1988 1535 unum
2021 1479 2355 1554 junguntur,
2400 1482 2638 1537 surditas
2665 1482 2946 1549 videlicet,
2983 1491 3038 1538 et
3062 1483 3258 1555 lingua
3284 1483 3421 1538 obli-

1820 1572 1989 1641 gatio,
2019 1581 2225 1643 septem
2269 1583 2748 1641 connumerantur,
2783 1573 2943 1629 sicuti
2989 1582 3045 1628 et
3089 1574 3145 1629 in
3173 1575 3420 1630 oratione

1819 1664 2102 1719 Dominica
2139 1652 2331 1735 preces
2371 1666 2471 1722 sub
2511 1667 2701 1722 eodem
2733 1682 2960 1723 numero
2989 1667 3417 1724 constituuntur.

1817 1754 1896 1810 Ac
1938 1771 2036 1826 per
2077 1756 2180 1811 hoc
2220 1757 2266 1812 si
2296 1758 2735 1826 animadvertas,
2777 1760 2962 1814 omnia
3004 1759 3201 1815 divinis
3236 1761 3421 1816 conci-

133 1848 195 1904 Et
238 1849 364 1905 hinc
408 1861 533 1917 est,
576 1852 722 1922 quod
771 1851 1042 1908 muliones
1095 1855 1192 1920 ait,
1242 1869 1444 1910 curans
1494 1869 1711 1912 omnem
1742 1837 1794 1898 B
1822 1855 1958 1903 nunt
1983 1850 2457 1916 sacramentis;ut
2483 1860 2540 1907 et
2563 1853 2816 1908 denarius
2841 1867 3070 1909 numero
3094 1853 3422 1925 respondeat

129 1938 439 2010 languorem
477 1949 533 1997 et
553 1956 772 1997 omnem
819 1942 1194 2000 inﬁrmitatem
1237 1959 1449 2012 eorum,
1482 1947 1577 2016 qui
1621 1963 1717 2002 sua

127 2047 338 2104 quoque
366 2036 568 2091 virtute
604 2037 754 2092 dedit
778 2039 943 2094 etiam
974 2040 1206 2096 testibus
1249 2039 1528 2113 Evangelii
1569 2051 1717 2113 pote-

129 2131 324 2179 statem
363 2124 557 2180 similia
589 2124 844 2192 faciendi,
886 2129 981 2184 sed
1019 2145 1119 2200 per
1144 2129 1306 2186 ﬁdem
1335 2141 1392 2188 et
1421 2132 1715 2189 invocatio-

134 2228 259 2268 nem
283 2216 512 2272 nominis
539 2217 676 2289 ejus,
707 2219 854 2290 quod
883 2235 1043 2276 nemo
1073 2220 1211 2277 alter
1246 2220 1394 2278 fecit.
1432 2223 1508 2279 Ea
1535 2233 1713 2280 tamen

132 2306 469 2364 solummodo
495 2309 558 2366 de
590 2312 758 2380 gestis
793 2313 910 2384 ejus
945 2313 1266 2370 scribuntur
1295 2331 1415 2386 qua
1442 2318 1511 2373 ad
1554 2317 1714 2374 ﬁdem

126 2396 418 2465 sufﬁciant,
449 2409 501 2456 et
522 2403 747 2473 mystica
777 2404 934 2460 nobis
959 2405 1234 2462 insinuent
1257 2407 1522 2464 virtutum
1548 2409 1714 2465 docu-

121 2499 325 2545 menta.
351 2490 689 2564 Quapropter
735 2497 978 2566 prudens
1008 2497 1202 2564 lector,
1247 2499 1407 2555 velim
1447 2516 1514 2556 ne
1557 2501 1712 2556 fasti-

121 2585 276 2651 dias,
332 2587 458 2642 dum
510 2590 693 2646 omnia
744 2591 943 2647 divinis
996 2593 1325 2664 respondent
1372 2595 1708 2650 muneribus.

120 2679 565 2751 Quandoquidem
611 2683 655 2739 si
725 2684 909 2740 omnia
954 2700 1075 2756 qua
1130 2686 1449 2743 incarnatus
1502 2687 1706 2759 gessit,

117 2768 324 2826 Joanne
374 2781 546 2840 teste,
592 2773 790 2832 litteris
844 2777 1255 2845 mandarentur,
1305 2793 1408 2834 nec
1455 2787 1603 2834 totus
1645 2794 1710 2833 ea

116 2881 314 2936 capere
376 2869 656 2926 sufﬁceret
723 2871 957 2926 mundus
1017 2870 1202 2944 (Joan.
1263 2888 1402 2939 xxx,
1461 2873 1580 2944 25).
1640 2873 1710 2928 Et

115 2974 229 3014 non
285 2961 406 3017 dico
463 2970 735 3018 tantarum
796 2963 1029 3036 insignia
1090 2979 1313 3032 rerum,
1365 2980 1556 3021 verum
1607 2981 1710 3022 nec

115 3067 184 3108 ea
210 3068 326 3122 qua
362 3055 416 3109 in
457 3056 569 3111 suis
605 3065 795 3127 postea
835 3067 1091 3128 operatus
1114 3067 1200 3114 est
1235 3060 1520 3116 membris.
1553 3059 1709 3116 Unde

112 3155 174 3201 et
223 3162 378 3215 quam
423 3149 690 3206 mirabilis
728 3151 853 3221 jure
893 3151 1218 3222 pradicatur
1243 3151 1296 3206 in
1328 3152 1535 3208 sanctis
1559 3152 1703 3220 suis,

116 3239 312 3308 quibus
359 3257 466 3296 non
520 3244 681 3300 modo
729 3245 948 3312 similia,
1006 3246 1102 3301 sed
1143 3245 1310 3300 etiam
1355 3246 1552 3302 horum
1590 3263 1706 3302 ma-

112 3331 232 3402 iora
253 3343 572 3404 potestatem
602 3335 749 3392 dedit
771 3336 1024 3394 faciendi.
1051 3338 1396 3409 Quapropter
1438 3339 1543 3394 ista
1583 3355 1706 3411 qua

115 3427 190 3482 ob
219 3428 685 3485 conﬁrmationem
718 3428 875 3496 ﬁdei,
902 3438 956 3486 et
993 3431 1257 3486 doctrina
1306 3432 1706 3500 testimonium,

115 3519 278 3592 5.61
308 3535 555 3578 sermone
577 3522 810 3579 decurso
835 3533 1150 3588 narrantur;
1180 3525 1354 3597 magis
1379 3526 1621 3598 mysticis
1650 3534 1710 3582 ut

119 3613 402 3683 proﬁciant
445 3616 701 3671 dicuntur
738 3615 868 3672 hinc
894 3617 1020 3672 inde
1051 3618 1426 3683 sacramentis,
1459 3634 1620 3688 quam
1651 3627 1710 3672 ut

115 3711 391 3773 gestorum
437 3720 663 3776 Operum
703 3706 998 3763 exhibeant
1039 3709 1418 3778 quantitatem.
1468 3709 1709 3776 Quorum

113 3793 399 3849 conclusio
424 3795 596 3864 major
622 3804 707 3852 est
730 3797 848 3852 sine
872 3797 1232 3866 praﬁnitione
1271 3799 1516 3864 numeri,
1546 3815 1710 3869 quam

113 3883 486 3938 numerositas
521 3886 796 3957 signorum
826 3889 945 3942 sine
974 3889 1329 3960 intelligentia
1359 3891 1706 3946 sacramenti.

117 3971 268 4026 Sunt
289 3973 431 4027 enim
451 3973 517 4029 ab
540 3976 757 4032 exordio
787 3978 1068 4049 signorum
1088 3980 1142 4034 in
1168 3981 1272 4036 hoc
1297 3979 1586 4052 Evangelio
1609 3982 1713 4036 vir-

107 4073 266 4120 tutes
311 4063 480 4122 ferme
522 4067 708 4125 decem
756 4079 851 4124 aut
879 4085 947 4126 eo
987 4071 1254 4143 amplius,
1293 4086 1360 4126 ex
1399 4089 1506 4143 quo
1544 4075 1711 4144 coepit

105 4155 274 4211 Jesus
303 4156 456 4227 signa
489 4157 699 4226 facere,
728 4160 854 4231 quia
883 4161 1069 4217 decem
1100 4161 1353 4234 leguntur
1395 4164 1565 4218 curati
1611 4164 1706 4219 ho-

105 4246 310 4312 mines,
350 4262 503 4303 mare
529 4263 658 4305 vero
702 4257 757 4304 et
798 4251 944 4306 venti
985 4251 1150 4308 verbo
1199 4253 1410 4324 imperii
1459 4255 1709 4326 mitigati.

103 4338 339 4393 Constat
365 4341 567 4395 etenim
595 4343 782 4398 decem
805 4343 980 4416 plagis
1005 4345 1134 4400 olim
1165 4361 1264 4416 pro
1289 4346 1373 4401 sui
1401 4347 1581 4402 cordis
1610 4347 1709 4401 du-

105 4429 238 4482 ritia
284 4428 580 4502 Egyptum
610 4433 777 4489 fuisse
807 4449 1160 4504 percussam,
1206 4445 1260 4491 et
1297 4437 1366 4493 ad
1407 4448 1711 4494 extremum

101 4535 330 4576 omnem
354 4538 542 4578 eorum
571 4526 870 4596 equitatum
898 4528 953 4582 in
975 4544 1123 4584 mare
1144 4528 1481 4598 demersum;
1515 4533 1712 4602 quibus

103 4612 162 4666 in
193 4615 414 4669 modum
442 4617 615 4689 plagis
643 4629 828 4675 noster
851 4620 940 4676 hic
970 4622 1203 4676 mundus
1222 4622 1439 4694 jacebat
1470 4626 1705 4680 attritus.

101 4703 320 4761 Idcirco
346 4717 406 4761 ut
433 4717 562 4766 tunc
586 4711 656 4765 ad
681 4713 979 4767 curandum
1006 4713 1192 4768 decem
1221 4714 1275 4768 in
1301 4724 1481 4770 monte
1507 4731 1710 4785 prace-

97 4807 198 4869 pta
230 4800 467 4856 dantur:
502 4803 575 4858 ita
606 4821 748 4862 nunc
775 4822 991 4862 sursum
1021 4807 1268 4878 discipuli
1295 4810 1525 4880 amplius
1547 4827 1708 4881 quam

101 4889 330 4961 Moyses
370 4903 428 4948 et
474 4894 768 4964 perfectius
815 4899 870 4953 in
914 4898 1322 4956 sublimioribus
1365 4901 1706 4956 erudiuntur.

100 4981 384 5041 Deorsum
423 5003 555 5045 vero
589 4991 777 5046 decem
810 4993 1120 5049 curationes
1161 4993 1418 5050 divinitus
1448 4995 1710 5050 exhiben-

99 5083 232 5142 tur,
281 5086 348 5132 ut
385 5094 494 5149 quo
524 5082 861 5138 vexabantur
889 5100 1115 5140 numero
1151 5085 1431 5157 plagarum
1456 5128 1470 5153 ,
1519 5087 1709 5143 codem

95 5170 490 5229 relevarentur
555 5177 915 5234 medicamine
984 5178 1193 5234 salutis.
1262 5178 1400 5234 Hinc
1463 5180 1708 5237 fortassis

89 5263 312 5321 dicitur
339 5283 532 5324 curans
584 5286 788 5326 omnem
818 5270 1144 5343 languorem,
1173 5271 1302 5342 quia
1331 5271 1385 5327 in
1416 5272 1500 5328 his
1528 5288 1711 5329 exem-

1823 1937 1878 1993 in
1909 1941 2189 2010 personis,
2222 1942 2536 1998 octonarius
2568 1952 2748 1999 autem
2779 1943 2834 1998 in
2862 1943 3176 2000 morborum
3203 1944 3418 2016 generi—

1823 2031 1958 2098 bus;
2000 2032 2127 2102 quia
2153 2032 2282 2088 dum
2323 2032 2484 2088 simul
2514 2034 2621 2088 duo
2658 2033 2950 2114 paralytici
2985 2035 3315 2105 junguntur,
3363 2035 3420 2090 in

1819 2125 2024 2182 eisdem
2050 2143 2156 2181 una
2179 2127 2470 2183 inﬁrmitas
2496 2136 2740 2183 curatur.
2780 2126 2992 2184 Rursus
3027 2143 3152 2183 cum
3180 2129 3286 2185 duo
3311 2128 3422 2184 da-

1818 2217 2057 2298 moniaci
2086 2227 2382 2284 sanantur,
2411 2235 2555 2274 unus
2585 2219 2762 2275 hostis
2799 2218 3105 2290 expellitur.
3149 2219 3252 2277 Ubi
3289 2219 3420 2274 dum

1818 2321 2028 2384 septem
2047 2354 2062 2378 ,
2096 2323 2153 2369 et
2180 2322 2338 2380 octo,
2371 2322 2538 2384 atque
2575 2314 2764 2370 decem
2792 2314 3063 2384 gradatim
3095 2314 3421 2386 dignoscun-

1821 2413 1929 2472 tur,
1961 2415 2208 2462 sacratus
2233 2407 2364 2461 hinc
2386 2405 2514 2462 inde
2539 2406 2786 2462 redditur
2820 2421 3109 2472 numerus,
3132 2416 3189 2462 et
3219 2416 3420 2479 myste-

1817 2499 2022 2553 riorum
2065 2499 2240 2555 virtus
2281 2499 2503 2554 uberius
2546 2500 2812 2570 aperitur.
2863 2498 3036 2555 Porro
3075 2501 3220 2568 quod
3263 2515 3416 2555 mare

1815 2600 2136 2662 tempestate
2156 2600 2466 2663 permotum
2492 2590 2662 2668 verbo
2691 2603 2977 2647 serenatur
2995 2633 3009 2658 ,
3047 2591 3108 2647 ﬁt
3133 2601 3195 2647 ut
3221 2606 3416 2648 omnes

1815 2697 1940 2738 cum
1967 2682 2188 2739 Christo
2216 2684 2437 2739 sanitati
2467 2683 2686 2750 redditi,
2716 2685 2930 2755 possint
2955 2685 3266 2756 pertingere
3286 2701 3413 2756 por-

1816 2783 1928 2829 tum
1960 2775 2168 2831 salutis.
2205 2775 2358 2832 Unde
2379 2776 2550 2848 prius,
2582 2785 2640 2831 ut
2669 2776 2804 2842 dixi,
2831 2777 2935 2832 duo
2960 2786 3222 2846 parantur
3250 2777 3416 2832 disci-

1811 2865 1956 2936 puli,
2005 2882 2237 2937 quorum
2268 2882 2410 2922 unus
2437 2882 2536 2936 pro
2565 2866 2736 2938 culpa
2762 2882 2874 2923 sua
2897 2867 3236 2924 inﬁdelitatis
3264 2868 3414 2938 ejici-

1814 2966 1922 3023 tur,
1945 2957 2083 3014 alter
2109 2957 2273 3031 462
2299 2974 2429 3015 vero
2451 2958 2653 3014 Christi
2673 2960 2849 3030 gratia
2869 2959 3134 3016 liberatus
3151 2961 3219 3015 ad
3240 2959 3412 3016 vitam

1815 3053 2211 3122 transponitur.
2253 3050 2372 3119 Quo
2415 3051 2783 3121 transposito,
2827 3051 3066 3121 legiOnes
3105 3051 3411 3108 damonum

1815 3160 1940 3201 cum
1969 3143 2155 3199 suibus
2177 3159 2314 3214 quos
2343 3143 2621 3210 tenebant,
2653 3143 2707 3198 in
2737 3158 2890 3199 mare
2909 3143 3316 3214 demerguntur.
3345 3141 3417 3198 Ut

1819 3237 1945 3293 dum
1991 3251 2150 3291 verus
2192 3235 2358 3291 lsrael
2405 3236 2473 3290 ad
2511 3236 2741 3306 patriam
2783 3235 3092 3298 revehitur,
3136 3233 3414 3304 equitatus

1815 3330 2118 3384 Pharaonis
2147 3329 2340 3384 mediis
2373 3328 2695 3384 obvolvatur
2719 3327 2992 3385 ﬂuctibus.
3036 3329 3106 3383 Et
3147 3329 3284 3384 mira
3315 3329 3413 3384 Dei

1814 3421 2171 3492 dispensatio,
2205 3429 2266 3476 ut
2295 3429 2438 3477 totus
2467 3421 2630 3474 homo
2660 3428 2910 3485 curetur,
2955 3421 3153 3492 agitur.
3179 3420 3323 3488 Nam
3357 3421 3408 3474 in

1816 3522 1990 3580 muto,
2018 3512 2159 3568 labia
2191 3521 2247 3568 et
2275 3520 2484 3584 gustus,
2528 3511 2582 3565 in
2621 3511 2786 3566 surdo
2817 3526 2946 3565 vero
2977 3526 3139 3566 aures
3173 3525 3413 3580 purgan-

1817 3615 1927 3672 tur,
1954 3614 2012 3661 et
2031 3603 2273 3675 aperitur
2296 3603 2528 3658 auditus.
2554 3600 2612 3654 ln
2635 3616 2780 3656 caeco
2801 3615 3034 3670 namque
3063 3602 3410 3656 tenebrarum

1815 3696 1989 3767 caligo
2033 3695 2350 3761 discutitur,
2397 3702 2454 3748 et
2501 3693 2806 3748 illustratur
2828 3692 2994 3748 visus.
3044 3691 3216 3747 Porro
3253 3691 3306 3746 in
3335 3691 3413 3745 le-

1814 3804 1978 3860 proso
2026 3787 2168 3842 fetor
2209 3785 2421 3840 narium
2466 3785 2744 3856 rejicitur,
2776 3792 2832 3839 et
2868 3783 3216 3854 pulchritudo
3244 3785 3409 3839 totius

1816 3877 2064 3948 corporis
2093 3875 2388 3941 inducitur,
2422 3881 2483 3930 ut
2517 3875 2586 3930 sit
2613 3873 2884 3930 confessio
2916 3874 2972 3929 in
3003 3873 3246 3944 loquela,
3293 3873 3411 3944 pul-

1816 3971 2070 4026 chritudo
2095 3984 2226 4024 vero
2247 3970 2302 4024 in
2331 3969 2674 4038 reparatione
2701 3968 2930 4023 decoris.
2963 3967 3166 4023 Deinde
3185 3967 3409 4024 febrici-

1818 4071 1968 4117 tante
2014 4076 2174 4117 socru
2218 4068 2396 4116 tactus
2439 4059 2496 4114 in
2535 4058 2784 4113 manibus
2824 4068 3114 4130 purgatur,
3165 4060 3412 4116 redditur

1816 4154 2062 4225 mitigato
2093 4168 2266 4218 mare,
2308 4161 2366 4206 ut
2404 4167 2528 4206 cum
2555 4148 2772 4206 Christo
2814 4149 3088 4206 suffocatis
3130 4151 3410 4218 hostibus,

1817 4245 2143 4318 quantocius
2170 4244 2239 4299 ad
2263 4244 2497 4314 patriam
2544 4243 2856 4298 revehatur.
2905 4242 3058 4298 Talia
3097 4243 3316 4314 quidem
3361 4252 3415 4300 ct

1817 4335 2190 4408 hujuscemodi
2234 4337 2465 4408 diligens
2509 4345 2881 4406 perscrutator
2910 4335 3250 4392 enucleatius
3293 4353 3416 4407 per-

1815 4437 2023 4507 pende,
2067 4443 2122 4490 et
2162 4433 2372 4488 videbis
2416 4432 2558 4503 quod
2610 4445 2710 4487 nec
2749 4430 3028 4486 conclusio
3071 4431 3189 4486 sine
3233 4445 3414 4486 sacra-

1816 4539 2020 4596 mento,
2049 4544 2149 4583 nec
2180 4528 2407 4582 virtutes
2435 4527 2551 4580 sine
2585 4524 2866 4595 mysterio,
2897 4539 2999 4578 nec
3022 4522 3267 4578 doctrina
3294 4522 3414 4577 sine

1817 4620 2148 4678 narrationis
2192 4617 2545 4688 intelligentia
2588 4616 2939 4686 pedetentim,
2970 4615 3098 4670 dum
3128 4615 3305 4670 adhuc
3334 4623 3414 4668 tc-

1819 4729 1951 4771 nera
1996 4713 2051 4767 in
2100 4709 2488 4782 discipulorum
2532 4706 2787 4762 cordibus
2830 4705 2966 4762 ﬁdes
3003 4707 3310 4770 enutritur,
3358 4713 3415 4759 et

1819 4806 2178 4863 continuatim
2209 4802 2610 4859 describuntur.
2660 4799 2765 4855 Sed
2805 4799 2930 4868 quia
2975 4797 3315 4854 concluditur
3341 4794 3410 4849 ab

1820 4901 1976 4955 initio
2029 4894 2433 4968 pradicationis
2478 4891 2684 4947 Christi
2739 4891 2998 4962 periocha
3047 4886 3407 4952 sacramenti,

1819 4990 1983 5045 velim
2013 4987 2366 5044 concludatur
2387 4994 2444 5039 et
2468 4984 2602 5039 liber
2627 4981 3050 5054 explanationis,
3077 4989 3136 5034 ut
3171 4979 3226 5034 in
3263 4976 3401 5046 prin-

1817 5084 1960 5155 cipio
1987 5097 2052 5136 ac
2079 5082 2126 5136 si
2158 5095 2310 5135 nova
2337 5077 2667 5134 narrationis
2711 5075 2971 5140 articulo,
3011 5073 3227 5128 animus
3252 5086 3401 5141 repa-

1817 5184 1992 5241 ratus,
2015 5173 2237 5230 uberius
2258 5187 2321 5228 ea
2351 5187 2472 5243 qua
2500 5177 2820 5242 sequuntur,
2871 5165 3120 5231 delectet,
3170 5173 3228 5220 et
3264 5161 3410 5220 dele-

1817 5272 2014 5328 ctando
2036 5269 2250 5340 plenius
2267 5267 2658 5341 apprehendat.

90 5391 3388 5424 Η

1262 5521 1694 5584 PREFATIO
1734 5521 1948 5586 LIBRI
1993 5519 2256 5582 SEXTI.

161 5734 472 5807 Expositio
499 5750 641 5802 mea,
678 5733 1038 5802 dilectissimi,
1076 5732 1368 5790 multorum
1403 5731 1708 5788 eruditissi-

82 5845 327 5884 morum
361 5839 446 5884 est
472 5831 786 5895 doctorum,
838 5845 978 5902 quos
1006 5827 1282 5900 antiquior
1315 5826 1434 5882 tulit
1461 5834 1626 5895 atas,
1658 5836 1713 5882 ct

446 5927 719 5987 Parnm.
782 5921 980 5985 CXX.

1820 5731 2057 5788 ﬁrmavit
2083 5727 2379 5785 auctoritas
2405 5724 2672 5780 veritatis.
2721 5723 2830 5782 Sed
2873 5725 3095 5798 proprio
3133 5740 3411 5784 commen-

1820 5824 2004 5881 datam
2031 5823 2172 5895 stylo
2198 5820 2411 5879 novitas
2433 5818 2564 5878 facit
2587 5833 2707 5876 esse
2727 5837 2902 5879 meam
2923 5839 2937 5880 ξ
2962 5821 3034 5877 ita
3061 5829 3124 5880 ut
3148 5830 3412 5878 tractatus

2940 5917 3013 5979 13
