4004 6362
1326 286 1417 344 ~s.
1453 284 1812 346 PASCHASII
1852 272 2199 344 RADBEBTI
2232 284 2522 343 ABBATIS
2559 275 3008 375 consumis

3714 289 3813 352 396

546 407 637 478 qui
666 406 741 465 de
758 407 1014 463 omnibus
1038 404 1329 477 colligitur,
1355 420 1497 461 unus
1518 420 1649 462 vere
1666 406 1914 462 videatur
1941 413 1997 461 et
2018 421 2139 477 spe-
2161 409 2217 468 Α
2240 402 2560 461 sustinuisse
2585 403 2754 463 multa
2774 418 2874 475 pro
2893 404 3070 462 nobis.
3094 403 3233 465 Cum
3254 420 3362 477 quo
3380 405 3618 465 cmlestis
3640 410 3805 471 anima

548 498 767 559 cilliter
782 513 911 557 esse
926 512 1101 555 meus.
1122 496 1241 565 Quo
1260 512 1578 553 communes
1596 496 1834 570 plurium
1853 498 2141 555 doctorum

550 602 748 650 sensus
773 590 880 648 ﬁde
902 598 959 647 et
984 589 1262 646 intellectu
1286 587 1676 646 catholicorum
1694 629 1711 658 ,
1746 590 1999 661 proprios
2019 606 2140 647 esse

550 683 673 742 feci.
712 683 829 741 Non
874 682 1018 740 enim
1060 682 1316 754 mysteria
1344 682 1543 737 divina
1588 681 1989 753 intelligentiae,
2043 696 2140 738 seu

551 778 852 834 audentius
875 775 1174 833 Salvatoris
1196 775 1292 831 Dei
1323 775 1461 831 meis
1481 784 1691 830 tantum
1712 776 2002 847 explanare
2023 790 2140 847 pro-

549 871 669 927 bavi
720 869 979 929 ausibus:
1017 869 1161 940 quod
1203 868 1355 923 multi
1400 866 1677 933 fecerunt,
1717 870 1807 939 qui
1852 868 2143 925 noluerunt

548 965 742 1033 sapere
765 976 887 1031 quae
912 975 1070 1017 sacra
1118 961 1351 1015 interius
1375 959 1651 1031 Scriptum
1681 960 1942 1016 divinitus
1966 961 2139 1031 inspi-

547 1060 665 1108 rata
685 1052 845 1124 sapit,
871 1052 966 1108 sed
986 1066 1109 1107 eam
1142 1052 1196 1107 in
1233 1050 1416 1107 multis
1437 1066 1693 1123 perverse
1723 1053 1837 1109 suis
1866 1051 2134 1123 applicue-

545 1150 674 1198 runt
710 1141 1008 1198 erroribus.
1041 1141 1109 1196 Et
1148 1141 1271 1197 ideo
1299 1150 1452 1197 tanto
1489 1142 1648 1214 longe
1673 1143 2070 1198 oberraverunt
2105 1158 2136 1199 a

546 1247 698 1300 vero,
737 1242 942 1304 quanto
966 1235 1146 1290 minus
1172 1234 1356 1304 palato
1384 1235 1564 1291 cordis
1589 1245 1808 1307 gustare
1847 1245 2139 1307 potuerunt

544 1325 866 1397 sapientiam
895 1325 1126 1381 interius
1146 1325 1312 1381 divini
1337 1326 1507 1393 verbi,
1537 1328 1662 1398 quia
1688 1329 1864 1400 magis
1884 1329 2139 1385 humanis

542 1425 935 1472 consenserunt
971 1416 1257 1473 conatibus
1277 1457 1293 1483 ,
1327 1432 1491 1488 quam
1519 1427 1581 1473 ut
1614 1433 1675 1474 se
1700 1429 1759 1475 et
1792 1434 1986 1477 sensus
2011 1436 2140 1477 suos

544 1507 743 1565 divinis
765 1507 1152 1565 submitterent
1177 1508 1426 1579 eloquiis.
1469 1507 1606 1563 Hinc
1644 1509 1810 1564 malui
1839 1510 2138 1567 catholico-

544 1612 663 1652 rum
694 1596 918 1654 Patrum
946 1597 1100 1667 sequi
1128 1597 1354 1669 vestigia
1373 1637 1388 1664 ,
1433 1612 1571 1667 quos
1597 1598 1837 1657 celestis
1863 1600 2138 1671 sapientiae

538 1690 775 1747 eruditio
794 1690 909 1748 sale
931 1688 1097 1763 563
1121 1688 1378 1755 condivit,
1395 1698 1579 1759 atque,
1594 1692 1801 1758 utdixi,
1827 1706 2014 1747 eorum
2043 1693 2138 1748 do-

2243 496 2427 553 multis
2453 496 2650 555 aﬂlicta
2683 497 3122 555 tribulationibus
3159 507 3214 556 et
3255 500 3552 572 angustiis,
3579 516 3807 561 reasmn—

2242 585 2322 642 dit
2342 585 2509 660 m
2536 589 2593 644 in
2622 587 2863 649 Iudaeam
2889 604 2988 660 per
3010 589 3109 647 Dei
3136 592 3392 662 gratiam,
3425 593 3481 650 id
3520 602 3605 653 est
3640 595 3702 657 ad
3730 610 3803 653 vs-

2245 694 2361 734 ram
2397 678 2817 749 confessionem,
2856 689 2916 738 ut
2944 682 3270 743 conﬁteatur
3304 684 3357 743 in
3387 683 3637 749 omnibus
3659 686 3801 745 mise-

2243 771 2505 829 ricordias
2535 773 2770 840 Domini,
2802 783 2859 831 et
2883 775 3151 838 mirabilia
3170 791 3398 848 operum
3415 778 3625 837 Domini
3652 779 3797 840 ﬁdelis

2241 875 2481 921 enarret.
2509 864 2858 923 Postmodum
2886 868 3125 927 nutritur
3164 882 3285 925 cum
3328 882 3396 926 eo
3432 869 3487 927 in
3526 868 3793 936 Nazaretb,

2242 962 2295 1016 id
2316 968 2400 1015 est
2427 958 2483 1014 in
2505 957 2638 1015 ﬂore
2656 960 2783 1016 boni
2805 960 3006 1031 operis,
3030 969 3302 1031 quatenus
3320 970 3376 1016 et
3397 962 3513 1032 ipsa
3534 977 3652 1019 cunt
3669 965 3794 1020 Clui-

2240 1059 2328 1107 sto
2350 1049 2450 1107 ﬂos
2475 1058 2699 1107 vocetur
2720 1049 3068 1117 convallium,
3096 1066 3162 1107 eo
3193 1052 3334 1122 quod
3357 1050 3599 1111 ﬂoruerit
3626 1055 3677 1110 in
3703 1054 3791 1126 pal-

2239 1157 2363 1208 ma,
2404 1150 2466 1196 ut
2506 1138 2744 1197 fructum
2770 1140 2909 1197 ferat
2941 1140 3189 1210 justitiaz.
3214 1140 3424 1211 Sicque
3447 1144 3628 1207 adulta
3658 1147 3792 1214 possit

2240 1232 2535 1289 ascendere
2553 1230 2709 1301 juxta
2742 1231 2906 1288 alium
2944 1232 3332 1304 evangelistam
3358 1232 3510 1305 (Lar.
3536 1251 3606 1303 ll,
3635 1234 3720 1309 I2)
3744 1238 3790 1293 ad

2240 1321 2499 1393 templum
2522 1321 2737 1377 Domini
2761 1322 2815 1376 in
2844 1321 3200 1389 Hierusalem,
3235 1324 3325 1381 ubi
3350 1338 3566 1397 semper
3584 1336 3790 1383 moratur

2239 1411 2426 1478 Iesus,
2469 1412 2595 1484 quia
2642 1412 2697 1468 in
2734 1412 2821 1469 his
2847 1428 2971 1470 eum
3009 1422 3227 1485 oportet
3270 1416 3478 1473 versari
3508 1432 3626 1487 quae
3647 1417 3790 1475 Patris

2239 1513 2385 1562 sunt.
2417 1502 2809 1560 Verumtamen
2831 1505 2932 1562 etsi
2964 1506 3078 1577 ipse
3106 1506 3179 1562 sit
3202 1507 3466 1576 sapientia
3500 1506 3597 1563 Dei
3626 1507 3799 1575 Patris,

2246 1599 2551 1667 interrogat
2577 1605 2757 1654 tamen
2790 1595 3012 1653 Scribas
3040 1605 3096 1653 et
3132 1598 3445 1661 sacerdotes
3471 1598 3539 1654 de
3571 1598 3714 1670 lege,
3748 1601 3804 1657 de

2238 1690 2555 1761 prophetis;
2593 1704 2703 1745 non
2731 1697 2791 1743 ut
2818 1689 3078 1746 doceatur
3097 1729 3114 1758 ,
3139 1691 3233 1746 sed
3273 1698 3333 1749 ut
3361 1689 3665 1762 exemplum
3686 1706 3803 1763 pne

538 1782 772 1838 ctrinam
795 1796 974 1838 meam
1005 1782 1128 1849 feci,
1156 1790 1217 1838 ut
1241 1781 1394 1838 vobis
1419 1783 1808 1840 eruditissimis
1834 1785 1888 1839 in
1914 1784 2033 1856 lege
2052 1786 2136 1841 di-
2162 1776 2211 1839 Β
2238 1780 2367 1836 beat
2394 1780 2461 1836 de
2488 1795 2570 1847 se,
2603 1779 2732 1849 quid
2761 1779 2816 1834 in
2861 1779 2965 1836 hac
3002 1788 3162 1837 aetate
3186 1780 3374 1852 pueris
3408 1781 3481 1837 sit
3520 1782 3801 1853 agendum:

538 1877 681 1940 vina,
711 1891 820 1932 non
850 1876 995 1932 aliud
1029 1891 1193 1947 quam
1219 1877 1366 1947 quod
1394 1876 1681 1947 probatum
1706 1884 1829 1930 erat
1856 1873 2128 1931 aﬂ‘errem.

538 1966 890 2023 Etsi'aliunde
912 1967 1118 2038 aliquid
1139 1968 1386 2024 veritatis
1403 1967 1674 2032 contraxi,
1693 1981 1800 2021 non
1821 1970 2010 2022 earum
2031 1965 2134 2022 fuit

535 2058 678 2127 apud
707 2072 844 2128 quos
870 2056 1324 2130 peregrinabatur
1343 2059 1461 2128 ipsa
1491 2057 1713 2113 veritas.
1751 2057 2007 2125 Quinimo
2034 2073 2133 2114 no-

534 2156 707 2205 strum
731 2158 853 2206 erat
876 2164 1001 2207 eum
1037 2162 1426 2222 recognoscere
1459 2159 1515 2206 et
1542 2150 1864 2215 restituere,
1894 2152 2009 2207 suis
2036 2153 2134 2207 ad-

535 2242 757 2298 modum
782 2251 845 2299 ut
863 2242 1083 2300 ﬂoreret
1110 2246 1165 2300 in
1195 2244 1347 2301 locis.
1384 2244 1489 2301 Sed
1514 2245 1643 2315 quia
1671 2253 1885 2301 sextum
1914 2246 1970 2300 in
1996 2245 2134 2302 Mat-

533 2333 675 2391 tbmo
703 2334 901 2392 librum
944 2336 1143 2392 cudere
1183 2350 1474 2408 paramus,
1520 2336 1813 2408 plurimum
1850 2337 1921 2393 ad
1953 2337 2134 2409 perfe-

494 2488 499 2493 ,
534 2425 770 2482 stionem
792 2427 1105 2484 intellectus
1127 2430 1297 2485 nostri
1323 2429 1504 2487 valere
1524 2430 1709 2495 credo,
1726 2429 1775 2484 si
1796 2430 1960 2485 homo
1975 2439 2132 2487 sexto

530 2515 620 2571 die
642 2516 744 2571 sub
772 2516 1016 2589 perfecto
1044 2534 1273 2583 numero
1298 2520 1370 2575 de
1398 2520 1529 2576 limo
1554 2530 1718 2575 terra
1745 2518 2011 2577 formatus
2029 2561 2043 2586 ,
2074 2530 2132 2579 et

532 2609 601 2662 ad
629 2608 921 2681 imaginem
946 2609 1040 2667 Dei
1065 2620 1299 2678 creatus,
1335 2612 1628 2668 reducatur
1644 2612 1715 2667 ab
1734 2613 1959 2667 exordio
1989 2613 2131 2668 nati-

529 2698 714 2755 vitatis
754 2699 959 2757 Christi
1000 2718 1172 2773 usque
1212 2703 1281 2757 ad
1324 2702 1470 2759 hunc
1510 2703 1688 2758 locum
1725 2717 1823 2773 per
1862 2703 2035 2759 lineas
2076 2711 2133 2761 et

532 2788 677 2844 viam
716 2805 841 2860 qua:
879 2790 1132 2848 Christus
1161 2802 1283 2849 est:
1322 2801 1387 2847 ut
1415 2794 1682 2865 intelligat
1724 2793 1902 2849 ﬁdelis
1948 2794 2129 2851 anima

531 2878 882 2936 assensiones
908 2881 962 2935 in
991 2882 1156 2937 corde
1180 2897 1303 2949 suo,
1335 2882 1402 2937 de
1435 2883 1632 2938 virtute
1655 2884 1724 2944 ad
1745 2883 1976 2940 virtutes
1994 2899 2130 2952 quo-

531 2968 663 3025 tidie
686 2971 1058 3040 proﬁciscens.
1090 2971 1229 3039 Quia
1261 2973 1341 3028 sic
1376 2974 1558 3029 omnia
1597 2974 1804 3030 Christi
1834 2989 1999 3045 opera
2030 2976 2127 3030 de-

529 3062 863 3127 scribuntur,
894 3072 956 3119 ut
979 3063 1141 3120 nobis
1170 3065 1287 3134 ipse
1308 3079 1405 3135 per
1434 3080 1498 3121 ea
1517 3065 1604 3120 via
1630 3079 1752 3122 esse
1772 3074 2125 3122 monstretur.

2237 1868 2311 1925 ita
2358 1877 2419 1923 ut
2461 1869 2795 1925 mirarentur
2830 1885 3024 1926 omnes
3053 1871 3122 1935 de
3148 1870 3240 1927 illo
3284 1886 3448 1944 super
3485 1873 3807 1943 prudentiam

2236 1962 2647 2034 interrogantis,
2668 1972 2724 2019 et
2753 1964 3028 2034 responsis
3048 1960 3185 2034 ejus.
3211 1962 3322 2021 Nec
3340 1965 3547 2036 absque
3572 1967 3808 2038 mysterio

2236 2064 2353 2121 est,
2387 2055 2532 2125 quod
2563 2056 2827 2112 duodenis
2878 2056 3048 2113 fuisse
3088 2056 3303 2129 legitur,
3342 2058 3469 2129 quia
3496 2058 3549 2114 in
3579 2053 3643 2115 ea
3671 2067 3814 2116 aetate

2234 2161 2394 2204 omne
2419 2162 2588 2219 genus
2613 2148 2907 2204 humanum
2938 2148 3130 2221 incipit
3171 2165 3336 2206 sensu
3375 2166 3443 2211 ac
3489 2150 3699 2209 ratione
3739 2153 3812 2209 vi-

2234 2253 2394 2311 gere,
2439 2246 2495 2294 et
2534 2253 2699 2294 carne
2734 2240 3066 2310 pubescere,
3117 2249 3176 2296 ut
3219 2249 3389 2297 totam
3435 2257 3492 2297 se
3538 2243 3819 2305 transierat

2236 2330 2419 2386 anima
2444 2330 2511 2385 ad
2535 2329 2778 2387 coelestia
2795 2371 2811 2399 ,
2844 2339 2901 2387 et
2922 2331 3100 2389 discat
3133 2332 3473 2407 interrogare
3501 2350 3623 2405 qua:
3649 2336 3818 2393 divina

2234 2432 2382 2490 sunt,
2414 2432 2715 2494 contraque
2740 2424 3181 2496 propulsantibus
3206 2427 3310 2489 sibi
3334 2426 3390 2487 in
3410 2428 3595 2489 animo
3606 2429 3749 2497 vitiis
3770 2440 3823 2489 et

2234 2511 2703 2584 interrogantibus
2730 2513 2877 2570 intus
2911 2514 2967 2568 in
3000 2516 3361 2585 conscientia,
3408 2526 3470 2583 ut
3502 2518 3678 2590 possit
3705 2534 3823 2590 pru-

2202 2604 2425 2675 \denter
2448 2605 2780 2677 respondere
2823 2606 2891 2661 ad
2926 2606 3157 2677 singula.
3207 2606 3286 2663 Ne
3328 2606 3470 2671 forte
3499 2609 3626 2682 quia
3672 2610 3730 2666 in
3765 2625 3825 2666 eo

2233 2702 2478 2765 tempore
2504 2694 2824 2767 aperiuntur
2851 2695 3019 2763 oculi,
3050 2698 3140 2769 qui
3171 2697 3315 2765 male
3353 2701 3528 2770 aperti
3571 2698 3823 2779 leguntur

2233 2787 2287 2843 in
2314 2789 2570 2858 paradiso
2591 2830 2604 2855 ,
2635 2788 2998 2846 confundatur
3031 2787 3293 2859 juventus
3329 2790 3628 2849 erroribus.
3679 2793 3821 2861 Qua-

2232 2891 2455 2953 propter
2486 2882 2647 2938 debet
2674 2882 2971 2940 ascendere
3001 2882 3070 2937 ad
3104 2882 3395 2954 templum,
3434 2884 3616 2954 ibique
3656 2886 3825 2943 inter-

2230 2988 2430 3045 mgare
2458 2975 2729 3047 quomodo
2759 2974 2931 3047 possit
2956 2974 3223 3046 proﬁcere
3248 2976 3583 3044 sicutmtate,
3609 2977 3684 3033 ita
3712 2993 3831 3050 gra-

2233 3066 2307 3123 tia
2335 3074 2391 3125 et
2431 3066 2696 3140 sapientia
2717 3107 2733 3132 ,
2764 3083 2949 3122 coram
2981 3068 3093 3123 Deo
3118 3078 3173 3124 et
3203 3067 3537 3133 hominibus.
3578 3069 3832 3142 Alioquin

529 3140 797 3222 Quoniam
828 3155 945 3226 ipse
969 3156 1052 3213 sic
1079 3157 1228 3212 venit
1250 3159 1318 3213 ad
1344 3173 1444 3215 nos
1475 3158 1678 3215 saliens
1700 3174 1864 3230 super
1890 3169 2125 3227 montes,
2154 3139 2202 3206 θ
2233 3157 2393 3215 Iesus
2414 3139 2551 3215 nihil
2577 3159 2752 3235 gratia
2774 3160 3014 3231 nihilque
3035 3160 3088 3216 in
3115 3161 3380 3231 sapientia
3402 3162 3506 3218 sibi
3527 3177 3628 3235 per
3647 3139 3834 3222 aetates

530 3248 840 3306 transiliens
865 3250 1054 3317 colles,
1084 3252 1424 3321 prospiciens
1461 3267 1560 3322 per
1593 3251 1892 3316 cancellos,
1931 3262 1990 3307 ut
2027 3269 2126 3310 nos

530 3355 747 3414 semper
776 3344 845 3398 ad
874 3343 1073 3400 altiora
1097 3351 1305 3400 evocet.
1338 3344 1546 3400 idcirco
1574 3344 1813 3415 prudens
1838 3344 2012 3403 lector
2035 3360 2128 3401 ve-

530 3434 649 3491 niat
684 3436 923 3506 primum
948 3437 1003 3491 in
1036 3436 1273 3508 Ephrata
1294 3476 1311 3503 ,
1361 3436 1452 3491 ubi
1498 3436 1658 3508 longe
1694 3437 1785 3493 diu
1822 3436 2006 3494 audita
2041 3446 2128 3493 est

528 3527 722 3598 copula
766 3529 1099 3598 nuptiarum.
1148 3527 1299 3586 Unde
1331 3528 1501 3584 David
1549 3529 1979 3601 gratulabundus
2018 3546 2126 3587 non

527 3622 643 3677 vult
671 3637 919 3679 somnum
946 3624 1082 3679 dare
1122 3624 1329 3690 oculis,
1368 3639 1547 3695 neque
1588 3625 1829 3695 requiem
1864 3625 2127 3695 tempori-

527 3713 630 3770 bus
662 3714 797 3780 suis,
832 3715 1005 3771 donec
1033 3715 1275 3770 inveniat
1313 3715 1491 3771 locum
1523 3715 1774 3781 Domino,
1803 3716 1894 3786 qui
1927 3716 2128 3785 ubique

527 3813 612 3860 est
640 3804 891 3871 illocalis,
919 3814 975 3860 et
1001 3806 1411 3861 tabernaculum
1452 3805 1550 3862 Dei
1593 3805 1792 3874 Iacob,
1838 3807 1983 3876 quod
2022 3806 2126 3862 sibi

529 3896 632 3967 ipsi
655 3894 907 3953 Christus
936 3898 990 3951 in
1022 3899 1136 3954 sole
1163 3900 1362 3970 posuit.
1396 3899 1535 3955 Ecce
1559 3900 1857 3956 audivimus
1882 3919 2020 3965 eam,
2046 3902 2127 3956 in-

528 3987 649 4058 quit
672 3985 842 4058 (Psal.
866 4004 1052 4055 cxxxr,
1078 3989 1159 4061 4),
1183 3992 1239 4045 in
1260 3991 1523 4061 Ephrata,
1553 3993 1605 4047 id
1630 4001 1716 4048 est
1743 3993 1796 4047 in
1826 3993 2123 4061 Bethleem,

529 4077 621 4132 ubi
652 4086 812 4134 natus
855 4089 942 4134 est
979 4079 1252 4136 Christus.
1298 4081 1379 4136 Ad
1422 4082 1579 4153 cujus
1620 4098 1791 4139 cunas
1838 4083 2128 4141 multitudo

527 4170 841 4242 angelorum
868 4172 1053 4227 canit:
1084 4171 1269 4228 Gloria
1313 4176 1371 4229 in
1396 4173 1614 4230 excelsis
1655 4175 1786 4244 Deo,
1827 4186 1875 4232 et
1904 4178 1959 4231 in
1986 4188 2128 4233 terra

526 4272 634 4330 pas:
660 4260 958 4317 hominibus
989 4263 1135 4318 bona
1170 4263 1450 4319 voluntatis
1492 4263 1657 4335 (Luc.
1686 4281 1748 4332 ιι,
1777 4266 1845 4321 14
1867 4268 1907 4336 ).
1955 4267 2128 4334 Quem

527 4364 773 4426 pastores
803 4354 1039 4414 Verbum
1068 4358 1396 4429 praedicant,
1436 4368 1494 4414 et
1528 4368 1856 4417 contuentur
1888 4362 2122 4419 Verbum

527 4462 714 4513 carne,
744 4449 887 4520 quod
928 4450 982 4505 in
1009 4451 1277 4522 principio
1297 4459 1417 4506 erat
1436 4452 1578 4523 apud
1601 4453 1769 4509 Deum
1792 4494 1807 4521 ,
1834 4455 1979 4525 quod
2008 4455 2120 4511 Do-

2228 3248 2491 3323 profecit,
2541 3250 2631 3321 qui
2676 3250 2837 3306 simul
2883 3262 3061 3319 totus,
3103 3253 3268 3308 etiam
3307 3253 3360 3309 in
3393 3262 3549 3319 utero
3575 3255 3830 3331 virginis,

2231 3338 2403 3411 gratia
2434 3348 2489 3394 et
2514 3339 2780 3410 sapientia
2811 3340 2906 3395 Dei
2937 3341 3114 3398 Patris
3144 3342 3263 3396 fuit.
3296 3342 3448 3409 Unde
3469 3343 3740 3401 Joannes:
3768 3345 3831 3400 Et

2231 3432 2455 3488 vidimus
2482 3449 2621 3499 eum,
2654 3432 2847 3505 inquit,
2878 3434 3031 3506 quasi
3064 3435 3392 3507 unigenitum
3425 3454 3458 3491 a
3494 3434 3692 3504 Patre,
3721 3436 3820 3508 pls-

2232 3542 2358 3580 num
2386 3526 2572 3597 gratim
2611 3535 2660 3580 et
2696 3526 2924 3581 veritatis
2966 3524 3149 3599 (Joan.
3179 3543 3231 3593 1,
3288 3526 3401 3601 14).
3444 3527 3512 3584 Ει
3546 3528 3705 3595 ideo,
3732 3541 3818 3600 pro

2231 3616 2389 3672 nobis
2416 3625 2521 3681 est,
2550 3617 2694 3688 quod
2723 3617 2840 3687 ipse
2867 3618 3131 3689 proﬁcere
3159 3619 3392 3688 dicitur,
3415 3621 3614 3693 quibus
3642 3619 3820 3692 plenus

2232 3710 2417 3776 venit;
2458 3718 2729 3779 quatenus
2753 3720 2809 3766 et
2838 3726 2937 3768 nos
2974 3712 3330 3769 cxhortemur
3372 3729 3621 3772 crescere
3658 3716 3821 3777 virtu-

2233 3798 2399 3866 tibus,
2429 3808 2488 3855 ut
2518 3810 2778 3871 quantum
2819 3810 2954 3857 mtas
2997 3813 3227 3876 augetur
3254 3821 3439 3862 coram
3484 3807 3819 3873 hominibus,

2232 3904 2441 3951 tantum
2469 3896 2643 3968 gratia
2669 3906 2727 3952 et
2753 3897 3017 3968 sapientia
3047 3896 3143 3954 Dei
3176 3900 3417 3970 quotidie
3446 3901 3596 3959 intus
3617 3908 3821 3959 crescat

2231 3986 2285 4042 in
2327 3987 2592 4043 moribus.
2629 3987 2736 4043 Sed
2776 4004 2844 4044 ne
2885 4004 2984 4045 nos
3024 3990 3531 4061 extollatjuventus
3562 4003 3620 4055 et
3659 3994 3823 4053 virtus

2233 4078 2546 4149 sapientia,
2578 4094 2698 4150 qua:
2723 4096 2851 4139 suos
2879 4097 3267 4155 nonnunquam
3303 4085 3496 4141 inﬂare
3530 4086 3705 4160 solet,
3732 4100 3819 4143 ve-

2232 4170 2490 4227 niendum
2517 4180 2603 4228 est
2643 4172 2713 4228 ad
2746 4172 3069 4235 descensum
3096 4172 3368 4241 Iordanis.
3396 4176 3683 4251 Siquidem
3712 4176 3826 4234 Ior-

2232 4264 2387 4320 danis
2425 4264 2693 4322 descensio
2746 4267 3162 4339 interpretatur,
3210 4287 3310 4343 per
3346 4287 3512 4343 quam
3550 4288 3690 4330 sane
3734 4273 3825 4328 de-

2231 4354 2573 4412 scensionem
2625 4355 2966 4426 signiﬁcatur
3014 4358 3313 4416 humilitas.
3361 4359 3434 4418 Ut
3480 4363 3832 4420 humiliemus

2232 4447 2481 4517 nosipsos
2514 4447 2567 4503 in
2598 4448 2877 4515 omnibus,
2932 4450 3059 4520 quia
3089 4466 3197 4508 non
3229 4455 3431 4512 nostris
3454 4458 3697 4525 meritis,
3736 4452 3832 4512 sed

528 4510 710 4598 minus
737 4510 976 4600 58mm
1003 4510 1103 4600 iis,
1148 4510 1322 4599 Ε’χθθι
1356 4510 1592 4616 prin-mm
1623 4546 1691 4601 de
1727 4510 2033 4619 Βέδῇιοηθ,
2063 4548 2120 4606 id
2146 4510 2202 4571 D
2227 4510 2404 4610 gratia
2455 4536 2726 4594 abluimur
2774 4540 2827 4594 in
2863 4510 3147 4612 baptismo
3182 4559 3247 4601 ac

528 4634 705 4692 estde
726 4636 1064 4702 confusione,
1092 4653 1201 4708 quo
1228 4636 1384 4708 longe
1411 4639 1501 4694 diu
1530 4638 1671 4694 male
1700 4636 1975 4707 jacuimus
1997 4640 2118 4697 vul-

526 4726 701 4781 nerati
720 4766 734 4788 ,
781 4725 953 4783 ﬁdelis
978 4727 1179 4793 anima,
1211 4735 1264 4781 et
1294 4727 1474 4782 videat
1516 4728 1607 4783 ubi
1634 4727 1796 4784 debet
1822 4731 2120 4787 ascendere

521 4825 580 4872 et
607 4818 838 4873 adorare
862 4831 985 4873 cum
1016 4816 1185 4884 Magis
1213 4832 1420 4888 suaque
1448 4816 1659 4873 deferre
1702 4818 1824 4874 ﬁdei
1865 4834 2115 4875 munera.

524 4905 643 4975 Quo
672 4908 819 4964 enim
849 4906 1046 4962 alicubi
1073 4907 1223 4963 exsul
1249 4908 1484 4977 paradisi
1507 4907 1741 4979 iacebat,
1772 4909 1874 4965 nisi
1901 4910 1956 4964 in
1988 4926 2117 4965 con-

521 5000 737 5059 fusione
759 5000 900 5058 sua?
939 5000 1005 5054 Et
1032 4999 1122 5055 ubi
1149 5000 1386 5071 primum
1425 5001 1720 5057 ascendere
1748 5010 1981 5071 oportet,
2011 5003 2115 5058 nisi

523 5092 591 5148 ad
617 5094 836 5149 domum
876 5092 1077 5164 panis?
1111 5090 1378 5160 Quoniam
1412 5093 1486 5148 ibi
1518 5093 1674 5163 panis
1702 5092 1854 5149 vivus
1894 5093 1983 5149 ille
2019 5095 2116 5150 de-

523 5188 728 5243 scendit
754 5187 820 5242 de
844 5188 1002 5242 caelo.
1053 5186 1135 5242 Ad
1177 5202 1338 5258 quam
1371 5187 1463 5256 qui
1507 5186 1815 5255 pervenerit
1859 5186 2114 5252 domum,

518 5278 633 5347 jam
664 5279 805 5333 ultra
834 5277 1040 5334 famem
1064 5293 1174 5333 non
1215 5278 1418 5348 patitur
1459 5277 1631 5344 verbi,
1660 5278 1785 5347 quia
1815 5278 1867 5332 in
1896 5293 1962 5333 eo
1984 5278 2118 5333 vivit

529 5369 836 5437 quicunque
861 5368 1018 5432 vivit,
1042 5368 1133 5436 qui
1160 5367 1315 5435 panis
1350 5375 1433 5421 est
1465 5367 1618 5422 vivus
1651 5377 1706 5421 et
1739 5382 1916 5434 verus,
1952 5383 2016 5421 ac
2049 5369 2117 5424 de

526 5457 666 5511 coelo
709 5457 1005 5512 descendit.
1055 5455 1259 5511 Deinde
1300 5456 1427 5527 quia
1473 5456 1526 5509 in
1577 5455 1871 5527 Egyptum
1912 5457 2117 5512 venditi

523 5560 744 5603 eramus
792 5547 973 5603 multis
1022 5548 1342 5619 pnegravati
1398 5548 1684 5607 oneribus.
1736 5563 1835 5604 suo
1875 5546 2117 5613 defertur

522 5647 691 5702 nutu,
742 5640 899 5708 quasi
946 5640 1408 5709 patrocinaturus,
1463 5648 1523 5694 ut
1570 5639 1848 5698 nobiscum
1899 5648 2146 5724 nostros]

523 5746 802 5800 meres,
843 5744 896 5788 ct
939 5733 1229 5792 maestitiae
1261 5750 1320 5793 se
1372 5734 1723 5806 participasse
1758 5735 2014 5804 insinuet,
2059 5745 2115 5792 et

1820 5882 1849 5891 ρ.

2220 4628 2336 4698 jam
2386 4630 2578 4686 salvati
2622 4630 2873 4688 ducimur
2900 4649 3024 4690 cum
3052 4634 3275 4694 Christo
3315 4639 3370 4695 in
3408 4639 3729 4707 desertum,
3776 4646 3836 4692 ut

2228 4720 2503 4777 discamus
2529 4737 2771 4793 pugnare
2813 4724 3008 4796 singuli
3049 4736 3239 4785 contra
3269 4729 3570 4788 invisibiles
3604 4733 3839 4799 hostes,

2225 4822 2282 4868 et
2306 4822 2493 4870 contra
2532 4814 2655 4870 vitia
2685 4817 2888 4884 carnis,
2916 4832 3015 4887 per
3035 4818 3422 4877 abstinentiam
3442 4833 3499 4879 et
3518 4825 3845 4882 custodiam

2224 4904 2390 4980 465
2434 4916 2632 4962 nostrae
2677 4910 2902 4976 mentis,
2946 4910 2993 4965 si
3036 4927 3144 4981 quo
3184 4913 3346 4970 modo
3384 4914 3453 4971 ad
3484 4918 3847 4988 triumphum

2228 4998 2469 5053 victoriae
2509 4999 2779 5071 pertingat
2831 5001 3011 5056 anima
3057 5012 3264 5070 nostra,
3300 5005 3526 5078 depulso
3576 5008 3853 5064 inimico.

2228 5088 2430 5147 Omnes
2484 5091 2646 5163 igitur
2692 5093 2779 5148 isti
2828 5108 3118 5164 processus
3179 5098 3374 5157 animae
3444 5111 3661 5159 nostrae
3715 5111 3868 5159 sunt

2230 5184 2602 5250 ascensioncs,
2648 5193 2705 5240 ut
2749 5200 3046 5256 sequamur
3072 5187 3349 5249 Christum
3393 5191 3499 5249 ﬁde
3547 5174 3867 5251 indefessa

2229 5291 2351 5330 cum
2401 5276 2558 5331 bonis
2610 5278 2881 5347 operibus.
2959 5278 3064 5335 Per
3109 5297 3247 5354 quos
3295 5283 3554 5339 nimirum
3601 5301 3874 5359 gressus

2202 5370 2409 5423 .anima
2435 5369 2723 5439 plurimum
2751 5373 3047 5429 exercitam
3078 5375 3318 5431 inveniat
3348 5377 3579 5447 gratiam
3606 5378 3736 5448 pia:
3776 5379 3877 5434 in-

2226 5461 2544 5528 stitutiosis,
2566 5472 2627 5519 et
2651 5465 2921 5536 pertingat
2949 5467 3015 5521 ad
3047 5467 3259 5526 culmen
3290 5467 3527 5526 virtutis.
3561 5467 3685 5527 Sed
3714 5473 3877 5544 quia

2226 5564 2511 5623 postquam
2552 5555 2722 5610 Adam
2753 5556 3010 5626 expulsus
3059 5570 3144 5615 est
3179 5560 3245 5616 de
3276 5562 3551 5631 paradiso,
3581 5562 3884 5622 humana

2227 5647 2465 5702 conditio
2497 5647 2715 5717 religata
2745 5658 2829 5709 est
2858 5650 2911 5704 in
2940 5652 3179 5713 castellis
3208 5653 3463 5711 vitiorum
3490 5672 3502 5707 :
3529 5663 3885 5726 propterea

2229 5738 2648 5809 benignissimus
2688 5737 2845 5794 Iesus
2882 5743 3060 5803 onmia
3103 5744 3362 5800 circuisse
3406 5746 3632 5814 dicitur,
3690 5757 3756 5802 et
3819 5752 3890 5808 in
