3994 6364
152 361 249 422 597

966 364 1319 446 EXPOSITIO
1357 370 1421 426 IN
1464 363 1895 434 MATTHA‘JULI.
1934 365 2147 421 —LIB.
2191 365 2276 432 Vl,
2313 365 2463 422 CAP.
2506 367 2595 421 IX.

3294 374 3400 434 598

149 478 396 535 omnibus
431 478 641 536 viarum
687 482 1019 540 anfractibus
1057 485 1480 555 perambulasse.
1518 480 1720 536 Verum
1749 487 1800 544 Α
1827 481 2087 545 ascendit,
2120 490 2175 536 et
2215 481 2372 535 docet
2405 497 2504 536 suo
2542 482 2790 552 exemplo
2829 482 3024 538 ﬂuctus
3077 485 3232 556 hujus
3287 492 3408 544 vita:

148 587 252 642 qua
293 579 449 628 :etate
476 572 530 627 id
572 571 732 630 Iesus
756 578 980 646 cmperit
1007 577 1454 634 considerandum
1505 588 1721 636 censeo,

148 670 209 718 ut
249 662 421 718 discat
457 664 693 734 prudens
735 667 935 734 anima,
980 668 1112 726 nibil
1154 668 1306 738 prius
1346 668 1412 728 de
1439 681 1498 724 se
1523 680 1728 736 praesu-

150 770 315 822 mere,
347 769 511 828 quam
541 756 823 814 erudiatur
851 760 954 814 sub
987 759 1267 830 disciplina
1292 757 1523 823 Christi;
1555 771 1729 828 neque

147 849 323 908 locum
347 861 692 924 pmoccupet
737 853 1035 926 regiminis,
1062 862 1350 924 antequam
1388 851 1560 908 discat
1587 850 1728 921 quod

149 944 343 1004 docere
388 943 583 1000 debeat
621 945 737 1019 jam
781 954 1043 1002 maturus.
1090 945 1229 1002 Hinc
1273 946 1536 1006 sancitum
1576 954 1728 1018 puto,

149 1048 306 1088 nemo
334 1033 773 1106 presbyterorum
819 1045 944 1102 ante
973 1037 1194 1110 triginta
1241 1051 1410 1094 annos
1452 1036 1732 1092 ordinetur

148 1125 335 1180 doctor
373 1133 428 1180 et
457 1126 734 1200 magister,
765 1127 911 1186 circa
939 1142 1101 1198 quam
1139 1137 1353 1196 etatem
1387 1127 1551 1198 cmpit
1575 1126 1726 1181 beni-

147 1215 437 1288 gnissimus
473 1215 628 1273 Jesus
671 1218 901 1273 circuire
942 1217 1164 1274 castella
1199 1228 1254 1274 et
1277 1219 1571 1290 praedicare
1604 1233 1726 1271 ver-

147 1307 274 1360 bum
316 1308 463 1362 vita.
504 1306 746 1370 Exorsus
787 1317 870 1366 est
903 1317 1084 1364 autem
1128 1309 1360 1380 primum
1403 1309 1555 1380 juxta
1597 1308 1730 1378 lines

148 1397 420 1465 Zabulon,
466 1399 520 1454 id
561 1409 667 1465 est,
715 1401 863 1457 circa
898 1408 1164 1456 nocturna
1194 1399 1477 1470 proﬂuvia,
1511 1401 1614 1456 hoc
1644 1409 1724 1454 cst

139 1487 293 1558 juxta
319 1488 632 1546 obscuriora
657 1491 1042 1561 prophetarum
1071 1491 1378 1563 aenigmata.
1409 1491 1487 1547 lbi
1513 1491 1728 1562 quidem

145 1579 454 1636 sedentibus
477 1580 530 1636 in
555 1580 775 1652 regione
797 1580 1000 1637 umbra:
1024 1581 1231 1648 mortis,
1256 1581 1347 1636 lux
1376 1590 1498 1636 orta
1517 1567 1598 1635 est
1624 1577 1723 1636 eis.

148 1666 295 1735 Quos
323 1684 440 1723 cum
483 1668 757 1724 illustrare
799 1670 1053 1741 cmpisset
1085 1668 1178 1726 Sol
1209 1667 1455 1740 iustitiae,
1481 1669 1732 1744 provehit

143 1772 242 1813 eos
273 1759 339 1812 ad
367 1757 713 1836 sublimiora,
748 1758 838 1815 ubi
881 1761 981 1816 soli
1011 1770 1214 1832 queunt
1252 1761 1544 1817 ascendere
1571 1761 1728 1816 disci-

1832 580 1886 626 et
1930 571 2191 642 procellas
2236 587 2342 626 non
2394 572 2606 628 timere.
2657 572 2830 628 Habet
2877 590 3111 646 namque
3163 577 3411 646 Christus

1833 680 2026 720 navem
2064 664 2451 740 intelligibilem
2485 681 2646 736 quam
2683 668 2839 738 regit,
2872 677 2926 722 et
2963 668 3016 721 in
3046 683 3106 721 ea
3133 667 3252 738 pias
3279 686 3409 740 pro-

1834 756 1983 810 vehit
2007 755 2282 810 mcrcedes
2313 756 2378 810 ad
2403 756 2656 825 patriam.
2687 755 2742 810 lu
2772 755 2926 825 cujus
2949 756 3201 811 nimirum
3225 760 3408 832 puppi,

1837 856 2090 916 tanquam
2151 848 2322 902 bonus
2374 847 2722 918 gubernator,
2772 847 3059 918 tranquillo
3118 849 3411 919 requiescit

1834 953 2045 994 somno.
2069 937 2230 1008 Cujus
2246 939 2426 1008 itaque
2453 939 2721 993 excitatur
2747 947 2916 1003 motu,
2934 937 3170 1008 increpat
3191 948 3399 1006 ventos,

1835 1039 2099 1101 quatenus
2147 1031 2259 1085 suis
2307 1029 2747 1099 tranquillitatem
2803 1028 3070 1084 refundat.
3120 1027 3412 1084 Transiens

1833 1136 2049 1192 quoque
2074 1121 2140 1175 ad
2167 1129 2354 1192 gentes
2400 1120 2594 1176 liberat
2627 1122 2858 1187 animas,
2883 1137 3001 1192 quae
3040 1121 3222 1175 multis
3243 1137 3408 1176 vexa-

1833 1211 2030 1266 bantur
2055 1211 2409 1277 dremonibus,
2451 1220 2506 1267 et
2545 1211 2838 1278 concludit,
2879 1221 2936 1267 ut
2978 1213 3109 1276 dixi,
3155 1214 3406 1284 periocha

1833 1303 2046 1369 salutis,
2077 1303 2218 1372 quod
2252 1301 2522 1356 curaverit
2549 1311 2603 1356 et
2629 1303 2870 1356 docuerit
2898 1318 3103 1357 omnes.
3142 1301 3280 1356 Vere
3311 1301 3412 1357 mi-

1834 1409 1958 1450 sera
1986 1402 2043 1448 et
2070 1390 2255 1449 infelix
2282 1394 2505 1448 nimium
2529 1393 2634 1448 dici
2661 1401 2838 1464 potest
2873 1394 3072 1457 anima,
3105 1411 3223 1464 qua:
3251 1395 3302 1448 iu
3334 1403 3412 1448 tot

1832 1487 2178 1557 provectibus
2228 1485 2428 1540 nullam
2492 1486 2681 1555 recipit
2734 1487 3041 1542 sanitatem.
3092 1486 3198 1542 Sed
3231 1496 3410 1542 tamen

1833 1595 1936 1636 nec
1966 1580 2233 1650 desperet,
2281 1579 2534 1650 quoniam
2570 1579 2746 1633 adhuc
2775 1579 2896 1648 pius
2931 1587 3136 1649 pastor,
3165 1579 3319 1650 quasi
3354 1577 3408 1631 in

1834 1671 1938 1726 alio
1965 1670 2293 1725 narrationis
2319 1668 2484 1743 466
2512 1669 2754 1734 exordio,
2793 1670 3015 1724 visitare
3058 1668 3307 1740 dignatus
3329 1677 3413 1722 est

1833 1779 2049 1839 gregem
2095 1763 2275 1817 ovium
2321 1777 2570 1826 suarum,
2627 1770 2688 1815 ut
2733 1775 2921 1818 omnes
2975 1761 3043 1814 ad
3089 1760 3410 1814 medicinam

138 1851 269 1923 Ρυιί,
300 1859 354 1906 ει
379 1851 536 1907 docet
557 1853 816 1924 mysteria
836 1852 1073 1909 Milesiis
1093 1853 1240 1920 vim,
1269 1869 1387 1924 quae
1413 1867 1518 1908 non
1543 1853 1648 1907 nisi
1674 1853 1728 1906 in
1759 1861 1806 1920 Β
1833 1858 2024 1914 salutis
2065 1854 2369 1912 indefessus
2393 1855 2671 1926 perducat.
2705 1853 2831 1908 [huc
2871 1852 2990 1907 ideo
3022 1852 3292 1908 interdum
3325 1851 3410 1906 di-

136 1945 448 2001 cmlestibus
469 1945 650 2000 animo
679 1946 982 2022 capiuntur.
1017 1944 1126 2002 Sed
1155 1946 1283 2016 quia
1310 1945 1461 2016 plebs
1497 1944 1729 1999 invalida

138 2035 272 2091 illuc
307 2051 430 2092 eum
461 2037 616 2109 sequi
657 2037 1000 2108 nequiverat,
1031 2037 1256 2093 veniens
1289 2036 1541 2092 deorsum
1576 2043 1732 2090 curat

135 2125 428 2198 languores
473 2127 814 2194 animarum,
863 2135 918 2182 et
962 2128 1237 2200 pertendit
1279 2142 1450 2200 usque
1491 2127 1728 2198 Caphar-

137 2234 334 2287 naum,
361 2235 477 2292 qua:
511 2221 901 2294 interpretatur
941 2219 1064 2276 villa
1108 2220 1462 2292 pulcherrima
1491 2237 1510 2275 :
1538 2230 1728 2291 quate-

137 2325 250 2365 nus
275 2310 343 2365 de
368 2310 529 2366 tantis
555 2310 914 2384 squaloribus,
942 2311 1010 2380 ad
1037 2301 1329 2368 incolatum
1369 2313 1485 2383 agri
1509 2322 1563 2368 et
1610 2312 1728 2384 pul-

127 2403 502 2460 chritudinem
529 2405 880 2463 habitationis
906 2407 1246 2478 perveniant.
1298 2406 1379 2461 Ex
1402 2421 1510 2477 quo
1529 2420 1720 2476 proce-

125 2496 291 2564 dens,
341 2504 405 2552 ut
454 2497 522 2552 ad
567 2497 703 2554 lines
741 2496 1140 2556 Gerasenorum
1177 2499 1466 2572 pertingat,
1527 2514 1722 2554 navem

1836 1949 2031 2013 xerim,
2067 1955 2333 2016 quatenus
2361 1962 2426 1999 ex
2453 1945 2537 2000 his
2565 1945 2746 2016 potius
2776 1944 2991 1998 animus
3015 1944 3226 2015 potiora
3263 1958 3412 1998 com-

1833 2037 2152 2109 prehendat,
2183 2047 2237 2090 et
2279 2036 2454 2090 discat
2501 2034 2869 2106 inEvaugelio
2919 2035 3051 2090 nihil
3090 2035 3234 2089 aliud
3286 2035 3413 2090 hinc

1832 2132 1957 2186 inde
1996 2131 2344 2196 renitescere,
2395 2145 2556 2200 quam
2605 2130 2790 2183 vitam.
2845 2126 3121 2198 Siquidem
3165 2127 3410 2182 Christus

1833 2225 1989 2280 nobis
2029 2241 2056 2278 a
2090 2224 2200 2280 Deo
2232 2225 2316 2278 via
2345 2222 2522 2280 factus
2554 2231 2658 2287 est,
2699 2231 2754 2278 et
2780 2222 2985 2278 veritas
3013 2235 3079 2275 ac
3103 2221 3234 2277 vita.
3281 2219 3412 2274 Pro-

1831 2327 2016 2388 pterea
2073 2319 2128 2373 in
2177 2320 2262 2375 his
2299 2333 2419 2389 qua:
2466 2319 2632 2390 gessit
2676 2332 2892 2389 semper
2937 2317 3022 2372 via
3071 2331 3290 2372 necesse
3327 2325 3412 2371 est

1829 2411 2159 2483 requiratur,
2204 2418 2454 2468 teneatur
2476 2409 2699 2477 veritas,
2724 2417 2782 2465 et
2806 2409 3016 2464 fruatur
3034 2409 3166 2466 vita.

1378 2759 1674 2856 unus
1755 2755 2168 2836 SEXTUS.

215 3001 412 3058 Videas
457 3011 633 3057 unum
671 3003 826 3059 Iesus
867 3004 1071 3070 turbas,
1113 3005 1356 3060 misertus
1394 3013 1471 3059 est
1515 3006 1591 3059 eis
1629 3006 1718 3077 qui

122 3107 285 3153 mut
323 3097 522 3161 uexati,
560 3107 610 3151 et
641 3095 874 3166 jacentes
911 3097 1045 3152 sicut
1071 3112 1186 3153 oves
1221 3113 1326 3150 non
1351 3097 1597 3152 habentes
1627 3115 1722 3167 pa-

1827 3023 1933 3062 sent
1954 3022 2124 3062 suam.
2168 3006 2300 3064 Mira
2347 3006 2642 3080 ﬁgurarum
2672 3011 2808 3067 satis
2845 3019 2902 3067 et
2928 3020 3121 3067 ornata
3151 3013 3404 3072 varietas.

1828 3098 1975 3167 Quos
1999 3114 2130 3155 oves
2149 3100 2300 3171 prius
2321 3101 2439 3157 sine
2457 3111 2674 3172 pastore
2703 3103 2898 3175 signat,
2926 3106 3145 3161 eosdem
3173 3122 3403 3164 messem

51 3217 56 3220 -
121 3201 351 3244 storem.
401 3187 460 3243 In
503 3188 609 3242 hoc
651 3201 783 3243 sane
820 3187 1058 3258 capitulo
1095 3187 1400 3257 completur
1433 3186 1562 3242 illud
1587 3187 1723 3244 Eze-
1748 3173 1794 3234 C
1825 3195 1942 3250 sine
1966 3196 2230 3266 operariis
2259 3197 2508 3268 appellat.
2534 3199 2674 3256 Oves
2702 3173 2942 3270 quidem,
2974 3201 3100 3257 licet
3135 3217 3165 3256 a
3192 3204 3408 3273 pascuis

125 3282 352 3348 cbieiis,
381 3281 475 3340 ubi
510 3280 642 3336 dicit
675 3295 742 3336 ex
765 3295 996 3350 persona
1021 3280 1233 3336 Domini
1261 3299 1274 3333 :
1303 3280 1438 3334 Ecce
1475 3297 1569 3352 ego
1609 3281 1717 3350 ipse

123 3376 402 3447 requirant
448 3383 566 3428 oves
609 3387 754 3427 meas
781 3413 796 3438 ,
846 3381 894 3426 et
928 3371 1149 3427 visitabo
1186 3388 1275 3428 eas
1302 3411 1317 3437 ,
1366 3371 1500 3426 sicut
1543 3373 1718 3426 visitet

124 3478 316 3541 pastor
353 3480 557 3538 gregem
589 3480 766 3530 suum,
804 3465 862 3518 in
892 3463 978 3518 die
1010 3463 1222 3544 quando
1257 3463 1415 3533 fuerit
1449 3466 1506 3517 in
1548 3465 1719 3520 medio

128 3564 315 3616 οιιὶιιιιι
356 3573 573 3615 suarum
613 3557 991 3629 dissipatarunt
1023 3557 1243 3628 (Eseeh.
1279 3572 1468 3622 mm,
1494 3557 1580 3620 Η,
1606 3556 1716 3627 η).

129 3654 487 3711 Vexahantnr
527 3662 710 3708 autem
740 3651 906 3707 variis
947 3650 1296 3721 languoribus
1335 3651 1626 3713 vitiorum,
1666 3657 1721 3704 et

117 3746 392 3817 jacebaut
439 3741 698 3815 prostrati
742 3742 843 3798 sub
883 3740 1114 3814 pedibus
1160 3740 1544 3806 lnimicorum;
1593 3740 1719 3810 quia

121 3853 202 3892 ex
256 3836 485 3907 perﬁdia
536 3838 686 3907 prius
740 3835 890 3906 pium
958 3835 1258 3891 amiserant
1301 3843 1612 3904 pastorem,
1665 3843 1724 3888 et

127 3928 335 3984 multis
361 3928 652 3982 daemonum
679 3927 1027 3983 laniamentis
1053 3929 1442 3985 cruciabantur
1470 3928 1718 3999 dispersi.

124 4018 439 4085 Propterea
491 4030 617 4088 ergo
672 4016 870 4072 circuit
908 4017 1168 4073 Dominus
1222 4033 1412 4074 omnes
1452 4017 1721 4084 civitates,

117 4114 342 4167 docens
384 4119 440 4165 et
484 4126 702 4176 sanans,
747 4117 808 4164 ut
845 4125 1037 4166 omnes
1081 4112 1344 4179 inveniat,
1395 4123 1450 4168 et
1481 4111 1725 4182 iacentes

117 4201 332 4271 erigat,
381 4201 472 4270 qui
516 4201 870 4271 nequiverant
914 4208 1078 4256 stare.
1106 4203 1254 4258 Vidit
1295 4212 1474 4259 autem
1513 4204 1720 4267 turbas,

117 4309 238 4350 non
288 4295 344 4347 in
387 4308 494 4350 uno
531 4294 770 4365 quolibet
807 4295 958 4358 loco,
1004 4297 1098 4352 sed
1158 4297 1283 4352 dum
1327 4298 1523 4353 circuit
1575 4297 1725 4352 vicos

115 4397 178 4441 et
217 4386 474 4453 castella,
509 4387 602 4442 ubi
629 4389 961 4460 disperserat
1002 4407 1099 4449 eos
1129 4401 1325 4448 ventus
1369 4392 1718 4457 inﬁdelitatis,

113 4490 362 4548 propter
388 4480 532 4550 quod
555 4481 816 4540 circuisse
827 4485 1045 4557 legitur.
1072 4485 1366 4543 Erraverat
1387 4488 1528 4542 enim
1559 4501 1723 4543 omne

1821 3288 2058 3358 paradisi
2084 3289 2451 3357 recessissent,
2476 3290 2658 3348 multis
2679 3307 2748 3348 ex
2770 3294 2948 3348 causis
2968 3304 3152 3350 vocat:
3175 3310 3405 3353 messem

1821 3397 1971 3448 vero,
1994 3392 2216 3454 propter
2241 3393 2488 3439 naturam
2518 3385 2774 3451 seminis;
2804 3387 2930 3456 quia
2967 3401 3035 3442 ex
3061 3402 3169 3441 uno
3192 3385 3404 3453 Omnes,

1823 3488 1885 3528 ac
1927 3474 1973 3528 si
2013 3475 2206 3529 annuis
2252 3475 2605 3544 temporibus,
2647 3477 2780 3531 satis
2822 3478 2889 3532 de
2928 3485 3077 3532 terra
3107 3479 3399 3533 crevimus.

1821 3563 1878 3618 In
1908 3579 2011 3633 qua
2051 3559 2308 3619 nimirum
2358 3580 2535 3620 messe
2583 3567 2815 3635 operarii
2866 3568 3023 3636 pauci
3075 3578 3251 3632 erant,
3301 3571 3391 3638 qui

1823 3673 1942 3712 eam
1979 3658 2276 3712 excolendo
2317 3659 2384 3711 ad
2426 3659 2680 3712 horreum
2731 3660 2988 3728 paradisi,
3034 3662 3175 3714 unde
3217 3675 3401 3716 semen

1823 3749 2029 3804 exierat
2079 3758 2297 3820 propter
2342 3760 2644 3819 peccatum,
2701 3767 2800 3822 per
2844 3753 3072 3823 gratiam
3115 3751 3397 3809 referrent.

1825 3840 2034 3896 Etenim
2065 3841 2154 3894 alii
2185 3839 2237 3894 in
2266 3842 2368 3896 hoc
2396 3857 2524 3912 agro
2566 3841 2964 3908 laboraverant,
2996 3845 3247 3915 quamvis
3277 3861 3404 3916 apo—

1825 3932 1944 3988 stoli
1993 3933 2046 3987 in
2092 3932 2305 3988 labores
2349 3948 2535 3988 eorum
2588 3933 2944 4000 introissent,
2996 3943 3171 3991 tamen
3228 3936 3405 3992 adhuc

1823 4025 1977 4096 pauci
2005 4035 2180 4088 erant,
2218 4025 2422 4080 idcirco
2461 4023 2720 4092 jubentur
2755 4027 3043 4082 Dominum
3075 4027 3267 4088 messis
3310 4043 3401 4082 ro-

1825 4132 1971 4189 gare,
2004 4126 2065 4170 ut
2099 4117 2281 4171 mittat
2309 4118 2586 4187 operarios
2633 4118 2685 4171 in
2721 4133 2950 4176 messem
2979 4133 3150 4174 suam.
3201 4119 3268 4174 Et
3307 4134 3404 4175 no-

1825 4208 2072 4273 tandum,
2122 4207 2247 4276 quia
2286 4208 2477 4263 messis
2526 4208 2652 4262 licet
2681 4210 2864 4278 spinas
2891 4225 2956 4266 ac
2983 4210 3194 4265 tribulis
3235 4209 3400 4267 διισο-

1824 4307 1944 4352 cata
1971 4298 2064 4360 sit.
2097 4313 2203 4352 non
2235 4298 2456 4353 alterius
2483 4309 2590 4365 est,
2616 4301 2741 4369 quia
2771 4300 2885 4371 ipse
2911 4303 3099 4372 utique
3127 4300 3254 4358 fecit
3283 4320 3398 4367 nos,

1824 4401 1879 4446 et
1931 4407 2039 4447 non
2085 4391 2186 4461 ipsi
2239 4407 2374 4458 nos;
2423 4402 2483 4446 ut
2530 4393 2748 4462 quidam
2797 4393 3144 4466 physicorum
3199 4395 3400 4461 volunt,

1827 4493 2074 4540 naturam
2108 4484 2514 4540 introducentes
2553 4482 2878 4540 effectricem
2915 4486 3134 4540 humani
3164 4487 3398 4558 generis.

114 4586 305 4642 genus
349 4571 646 4628 humanum
683 4575 825 4630 sicut
866 4577 984 4633 ovis
1025 4592 1146 4649 qua:
1182 4578 1460 4649 perierat:
1513 4578 1716 4633 idcirco
1741 4561 1794 4622 Ῑ)
1821 4573 2068 4644 Seipsum
2123 4575 2307 4644 itaque
2341 4573 2628 4630 Dominum
2673 4590 2739 4630 ac
2779 4573 3098 4631 Creatorem
3143 4576 3398 4638 insinuat,

116 4662 425 4730 requirens
464 4677 586 4718 eam
610 4703 628 4730 ,
673 4665 882 4724 invenit
920 4677 1144 4726 vexatos
1193 4677 1250 4724 et
1282 4667 1528 4738 iacentes
1575 4669 1719 4724 sicut

112 4767 262 4806 oves
295 4752 421 4808 sine
447 4762 682 4824 pastore,
709 4757 835 4827 quia
861 4759 1179 4816 oberrantes
1208 4775 1395 4816 verum
1421 4761 1720 4818 amiserant

114 4841 501 4897 Salvatorem.
551 4842 785 4903 Vexatas
819 4847 1036 4918 quidem
1086 4864 1117 4904 a
1153 4849 1486 4906 daemonibus
1526 4864 1620 4904 eas
1663 4857 1721 4905 et

99 4930 382 4998 jacentes
409 4933 634 5000 invenit,
673 4937 800 4992 dum
840 4939 1224 5009 premebantur
1265 4939 1426 4998 variis
1465 4941 1718 5003 vitiorum

107 5024 512 5094 languoribus,
569 5027 778 5088 nullum
817 5031 1082 5088 halientes
1137 5039 1580 5102 procuratorem;
1623 5030 1718 5086 sed

103 5131 330 5173 omnes
349 5117 601 5190 inponu-
625 5121 898 5178 moraihus
927 5123 1162 5190 laniata,
1185 5123 1443 5193 iacebant
1463 5124 1519 5178 in
1543 5130 1719 5178 strato

105 5223 352 5278 magna!
393 5208 742 5268 inﬁrmitatis.
772 5213 1024 5285 Alioquin
1074 5229 1168 5271 eas
1211 5215 1316 5270 nisi
1357 5215 1509 5284 prius
1535 5215 1718 5283 requi-

103 5308 302 5366 rent,
341 5310 400 5356 et
431 5303 689 5362 misertus
729 5306 982 5370 uitiiset,
1033 5309 1295 5364 hactenus
1335 5309 1389 5362 in
1427 5308 1542 5363 suis
1577 5316 1719 5363 totus

97 5407 264 5462 σοι
307 5389 522 5462 iam“
560 5394 934 5468 languoribus.
977 5398 1134 5466 Nunc
1175 5413 1306 5456 vero
1349 5409 1537 5456 sanata
1571 5399 1720 5454 infir-

98 5482 328 5537 mitate
393 5481 607 5542 fortiter
668 5485 775 5542 fert
846 5489 1042 5550 lectum
1097 5489 1462 5557 infirmitatis,
1529 5490 1718 5548 refecti

95 5587 328 5628 omnes
369 5574 671 5636 virentibus
717 5579 921 5645 herbis,
973 5590 1032 5638 ut
1077 5582 1143 5638 ad
1191 5581 1392 5654 inuitem
1449 5583 1738 5650 satietatis,

93 5666 466 5737 quandoque
503 5670 832 5742 pertingant.
868 5671 1020 5730 Tunc
1059 5675 1170 5734 ait:

187 5756 400 5814 Musis
419 5761 628 5830 quidem
653 5764 842 5826 multa,
865 5767 1089 5834 operarii
1124 5778 1298 5824 autem
1321 5769 1495 5836 pauci.
1526 5766 1720 5838 Rogat:

87 5866 242 5917 ergo
263 5847 559 5906 Dominum
584 5855 763 5912 messis
789 5866 842 5908 ut
864 5855 1218 5928 ejiciatm
1229 5858 1492 5927 operarios
1512 5859 1568 5914 in
1589 5876 1718 5916 ms-

1817 4666 1908 4736 qui
1949 4666 2142 4721 debeat
2170 4665 2550 4734 praedicatores
2597 4667 2814 4722 mittere
2853 4667 2905 4721 in
2941 4682 3178 4724 messem
3224 4663 3397 4723 suam.

1818 4756 2069 4828 Alioquin
2115 4757 2386 4825 quomodo
2450 4757 2868 4828 praedicabitur,
2924 4760 3027 4815 nisi
3077 4761 3403 4815 mittantur?

1821 4848 2210 4905 Prmdicatores
2254 4864 2384 4919 ergo
2434 4848 2550 4904 fore
2589 4860 2895 4920 nequeunt,
2940 4851 3043 4908 nisi
3073 4855 3142 4907 ab
3171 4867 3235 4907 eo
3274 4851 3402 4904 diri-

1820 4953 2015 5014 gantur
2052 4952 2110 4998 ut
2131 4943 2438 5014 proﬁciant.
2498 4944 2705 5001 Idcirco
2738 4949 3007 5021 rogandus
3031 4958 3115 5004 est
3141 4946 3398 5000 Dominus

1821 5036 2035 5100 messis,
2063 5039 2147 5091 cui
2180 5054 2309 5093 cura
2340 5048 2427 5093 est
2455 5039 2520 5093 de
2551 5041 2821 5108 omnibus,
2858 5051 2912 5096 ul
2948 5043 3126 5096 mittat
3163 5038 3398 5094 cultores

1821 5129 1888 5184 ad
1927 5129 2301 5185 excolendum.
2357 5131 2493 5199 Quia
2539 5135 2782 5203 profecto
2827 5135 3051 5206 languor
3095 5133 3294 5194 ovium,
3344 5141 3406 5186 et

1821 5220 2077 5276 sterilitas
2109 5222 2344 5294 frugum,
2375 5226 2763 5298 spinarumque
2795 5237 2849 5281 et
2885 5225 3204 5282 tribulorum
3236 5223 3400 5279 suffo-

1821 5312 1992 5379 catio,
2017 5313 2374 5383 agricolarum
2403 5324 2789 5386 pastorumque
2824 5317 2884 5371 tit
2912 5315 3227 5387 indigentia.
3259 5314 3382 5370 For-

1822 5403 1983 5458 tassis
2017 5417 2146 5474 ergo
2173 5405 2288 5460 haec
2318 5406 2442 5463 ideo
2469 5408 2602 5463 istos
2629 5407 2912 5462 duodecim
2945 5406 3172 5470 monuit,
3207 5422 3275 5461 ne
3319 5407 3391 5460 in-

1823 5494 1960 5549 vidia
1981 5507 2344 5562 moverentur,
2397 5500 2505 5554 imo
2541 5508 2813 5572 rogarent,
2861 5497 3008 5554 velut
3037 5499 3224 5568 optimi
3255 5499 3398 5570 agri-

1823 5586 2075 5651 cultores,
2107 5589 2302 5652 socios,
2333 5605 2562 5660 quorum
2613 5588 2884 5661 suffragiis
2937 5605 3121 5645 eorum
3155 5591 3398 5660 paucitas

1823 5675 2121 5734 fulciretur.
2180 5679 2439 5750 Eligendo
2491 5695 2721 5750 namque
2768 5683 3108 5752 septuaginta
3157 5690 3212 5737 et
3264 5684 3398 5736 duos

1825 5772 2112 5843 discipulos
2162 5775 2417 5842 providus
2459 5774 2734 5842 magister,
2768 5776 3049 5844 praemittit
3095 5776 3272 5846 potius
3301 5791 3396 5844 pro

1827 5863 1911 5918 his
1941 5874 1996 5918 ut
2023 5874 2232 5935 rogent,
2266 5880 2427 5932 quam
2455 5874 2512 5919 ut
2541 5866 2833 5921 invideant.
2878 5867 3018 5939 Ergo
3051 5868 3175 5922 dum
3201 5867 3396 5922 circunt
