  <div class='ocr_page' id='page_1' title='image "/cluster/home/n/w/nwhite01/storage/ocr_20150623/120/hvd.32044015466923/205.png"; bbox 0 0 4004 6362; ppageno 0'>
   <div class='ocr_carea' id='block_1_1' title="bbox 547 388 654 448">
    <p class='ocr_par' dir='ltr' id='par_1_1' title="bbox 547 388 654 448">
     <span class='ocr_line' id='line_1_1' title="bbox 547 388 654 448; baseline 0.009 -3"><span class='ocrx_word' id='word_1_1' title='bbox 547 388 654 448; x_wconf 79' lang='lat'><strong>599</strong></span> 
     </span>
    </p>
   </div>
   <div class='ocr_carea' id='block_1_2' title="bbox 1351 375 3007 443">
    <p class='ocr_par' dir='ltr' id='par_1_2' title="bbox 1351 375 3007 443">
     <span class='ocr_line' id='line_1_2' title="bbox 1351 375 3007 443; baseline -0.005 -2"><span class='ocrx_word' id='word_1_2' title='bbox 1351 387 1408 443; x_wconf 93' lang='lat' dir='ltr'><strong>S.</strong></span> <span class='ocrx_word' id='word_1_3' title='bbox 1447 383 1802 442; x_wconf 79' lang='lat' dir='ltr'><strong>PASCHASll</strong></span> <span class='ocrx_word' id='word_1_4' title='bbox 1840 379 2189 439; x_wconf 82' lang='lat' dir='ltr'><strong>RADBERTI</strong></span> <span class='ocrx_word' id='word_1_5' title='bbox 2224 379 2519 437; x_wconf 81' lang='lat' dir='ltr'><strong>ABBATIS</strong></span> <span class='ocrx_word' id='word_1_6' title='bbox 2555 375 3007 436; x_wconf 78' lang='lat' dir='ltr'><strong>CORBEIENSIS</strong></span> 
     </span>
    </p>
   </div>
   <div class='ocr_carea' id='block_1_3' title="bbox 3711 375 3816 432">
    <p class='ocr_par' dir='ltr' id='par_1_3' title="bbox 3711 375 3816 432">
     <span class='ocr_line' id='line_1_3' title="bbox 3711 375 3816 432; baseline 0.019 -2"><span class='ocrx_word' id='word_1_7' title='bbox 3711 375 3816 432; x_wconf 69' lang='lat'><strong>400</strong></span> 
     </span>
    </p>
   </div>
   <div class='ocr_carea' id='block_1_4' title="bbox 545 488 3829 564">
    <p class='ocr_par' dir='ltr' id='par_1_4' title="bbox 545 488 3829 564">
     <span class='ocr_line' id='line_1_4' title="bbox 545 488 3829 564; baseline -0.004 -5"><span class='ocrx_word' id='word_1_8' title='bbox 545 501 731 559; x_wconf 81' lang='lat' dir='ltr'><strong>omnia</strong></span> <span class='ocrx_word' id='word_1_9' title='bbox 773 501 993 558; x_wconf 88' lang='lat' dir='ltr'><strong>castella</strong></span> <span class='ocrx_word' id='word_1_10' title='bbox 1035 509 1091 556; x_wconf 93' lang='lat' dir='ltr'><strong>et</strong></span> <span class='ocrx_word' id='word_1_11' title='bbox 1149 501 1310 562; x_wconf 85' lang='lat' dir='ltr'><strong>vicos,</strong></span> <span class='ocrx_word' id='word_1_12' title='bbox 1344 498 1478 554; x_wconf 87' lang='lat' dir='ltr'><strong>vidit</strong></span> <span class='ocrx_word' id='word_1_13' title='bbox 1530 499 1714 554; x_wconf 77' lang='lat' dir='ltr'><strong>turbas</strong></span> <span class='ocrx_word' id='word_1_14' title='bbox 1761 512 1869 553; x_wconf 92' lang='lat' dir='ltr'><strong>non</strong></span> <span class='ocrx_word' id='word_1_15' title='bbox 1919 504 2128 550; x_wconf 89' lang='lat' dir='ltr'><strong>tantum</strong></span> <span class='ocrx_word' id='word_1_16' title='bbox 2158 499 2209 558; x_wconf 80' lang='grc' dir='ltr'>Α</span> <span class='ocrx_word' id='word_1_17' title='bbox 2237 503 2497 550; x_wconf 89' lang='lat' dir='ltr'><strong>meratur.</strong></span> <span class='ocrx_word' id='word_1_18' title='bbox 2528 493 2783 550; x_wconf 85' lang='lat' dir='ltr'><strong>Clemens</strong></span> <span class='ocrx_word' id='word_1_19' title='bbox 2811 493 2978 564; x_wconf 92' lang='lat' dir='ltr'><strong>igitur</strong></span> <span class='ocrx_word' id='word_1_20' title='bbox 3016 490 3298 562; x_wconf 76' lang='lat' dir='ltr'><strong>magister,</strong></span> <span class='ocrx_word' id='word_1_21' title='bbox 3327 488 3554 558; x_wconf 87' lang='lat' dir='ltr'><strong>quisuis</strong></span> <span class='ocrx_word' id='word_1_22' title='bbox 3590 504 3696 544; x_wconf 92' lang='lat' dir='ltr'><strong>non</strong></span> <span class='ocrx_word' id='word_1_23' title='bbox 3739 490 3829 546; x_wconf 79' lang='lat' dir='ltr'><strong>in-</strong></span> 
     </span>
    </p>
   </div>
   <div class='ocr_carea' id='block_1_5' title="bbox 546 588 2134 662">
    <p class='ocr_par' dir='ltr' id='par_1_5' title="bbox 546 588 2134 662">
     <span class='ocr_line' id='line_1_5' title="bbox 546 588 2134 662; baseline -0.004 -13"><span class='ocrx_word' id='word_1_24' title='bbox 546 593 728 650; x_wconf 86' lang='lat' dir='ltr'><strong>carnis</strong></span> <span class='ocrx_word' id='word_1_25' title='bbox 759 592 1074 648; x_wconf 90' lang='lat' dir='ltr'><strong>inﬁrmitate</strong></span> <span class='ocrx_word' id='word_1_26' title='bbox 1114 591 1378 662; x_wconf 89' lang='lat' dir='ltr'><strong>jacentes,</strong></span> <span class='ocrx_word' id='word_1_27' title='bbox 1409 605 1571 659; x_wconf 91' lang='lat' dir='ltr'><strong>quam</strong></span> <span class='ocrx_word' id='word_1_28' title='bbox 1612 604 1822 645; x_wconf 91' lang='lat' dir='ltr'><strong>morum</strong></span> <span class='ocrx_word' id='word_1_29' title='bbox 1873 588 2134 659; x_wconf 86' lang='lat' dir='ltr'><strong>improbi-</strong></span> 
     </span>
    </p>
   </div>
   <div class='ocr_carea' id='block_1_6' title="bbox 545 667 2144 758">
    <p class='ocr_par' dir='ltr' id='par_1_6' title="bbox 545 667 2144 758">
     <span class='ocr_line' id='line_1_6' title="bbox 545 667 2144 758; baseline -0.003 -17"><span class='ocrx_word' id='word_1_30' title='bbox 545 693 660 743; x_wconf 86' lang='lat' dir='ltr'><strong>tate</strong></span> <span class='ocrx_word' id='word_1_31' title='bbox 697 683 861 758; x_wconf 72' lang='lat' dir='ltr'><strong>atQue</strong></span> <span class='ocrx_word' id='word_1_32' title='bbox 899 685 1218 742; x_wconf 89' lang='lat' dir='ltr'><strong>inﬁdelitate</strong></span> <span class='ocrx_word' id='word_1_33' title='bbox 1257 685 1485 750; x_wconf 91' lang='lat' dir='ltr'><strong>mentis;</strong></span> <span class='ocrx_word' id='word_1_34' title='bbox 1519 685 1647 754; x_wconf 87' lang='lat' dir='ltr'><strong>quia</strong></span> <span class='ocrx_word' id='word_1_35' title='bbox 1675 682 2014 738; x_wconf 79' lang='lat' dir='ltr'><strong>vexabantur</strong></span> <span class='ocrx_word' id='word_1_36' title='bbox 2040 667 2144 736; x_wconf 8' lang='lat' dir='ltr'><strong>va-i</strong></span> 
     </span>
    </p>
   </div>
   <div class='ocr_carea' id='block_1_7' title="bbox 543 775 1950 842">
    <p class='ocr_par' dir='ltr' id='par_1_7' title="bbox 543 775 1950 842">
     <span class='ocr_line' id='line_1_7' title="bbox 543 775 1950 842; baseline -0.005 -7"><span class='ocrx_word' id='word_1_37' title='bbox 543 778 644 836; x_wconf 83' lang='lat' dir='ltr'><strong>rii&#39;s</strong></span> <span class='ocrx_word' id='word_1_38' title='bbox 670 780 972 835; x_wconf 84' lang='lat' dir='ltr'><strong>daemonum</strong></span> <span class='ocrx_word' id='word_1_39' title='bbox 1011 777 1276 842; x_wconf 87' lang='lat' dir='ltr'><strong>ludibriis,</strong></span> <span class='ocrx_word' id='word_1_40' title='bbox 1309 777 1515 832; x_wconf 88' lang='lat' dir='ltr'><strong>idcirco</strong></span> <span class='ocrx_word' id='word_1_41' title='bbox 1552 775 1810 832; x_wconf 86' lang='lat' dir='ltr'><strong>misertus</strong></span> <span class='ocrx_word' id='word_1_42' title='bbox 1837 775 1950 830; x_wconf 86' lang='lat' dir='ltr'><strong>ait:</strong></span> 
     </span>
    </p>
   </div>
   <div class='ocr_carea' id='block_1_8' title="bbox 615 862 2133 942">
    <p class='ocr_par' dir='ltr' id='par_1_8' title="bbox 615 862 2133 942">
     <span class='ocr_line' id='line_1_8' title="bbox 615 862 2133 942; baseline -0.006 -17"><span class='ocrx_word' id='word_1_43' title='bbox 615 869 805 925; x_wconf 73' lang='lat' dir='ltr'><strong>Messis</strong></span> <span class='ocrx_word' id='word_1_44' title='bbox 834 869 1045 942; x_wconf 80' lang='lat' dir='ltr'><strong>quidem</strong></span> <span class='ocrx_word' id='word_1_45' title='bbox 1080 869 1248 923; x_wconf 84' lang='lat' dir='ltr'><strong>multa</strong></span> <span class='ocrx_word' id='word_1_46' title='bbox 1276 909 1291 934; x_wconf 92' lang='lat'><strong>,</strong></span> <span class='ocrx_word' id='word_1_47' title='bbox 1331 868 1561 938; x_wconf 77' lang='lat' dir='ltr'><strong>operarii</strong></span> <span class='ocrx_word' id='word_1_48' title='bbox 1608 876 1782 921; x_wconf 82' lang='lat' dir='ltr'><strong>autem</strong></span> <span class='ocrx_word' id='word_1_49' title='bbox 1824 865 1999 936; x_wconf 82' lang='lat' dir='ltr'><strong>pauci.</strong></span> <span class='ocrx_word' id='word_1_50' title='bbox 2050 862 2133 917; x_wconf 82' lang='lat' dir='ltr'><strong>Ad</strong></span> 
     </span>
    </p>
   </div>
   <div class='ocr_carea' id='block_1_9' title="bbox 543 955 2134 1034">
    <p class='ocr_par' dir='ltr' id='par_1_9' title="bbox 543 955 2134 1034">
     <span class='ocr_line' id='line_1_9' title="bbox 543 955 2134 1034; baseline -0.007 -15"><span class='ocrx_word' id='word_1_51' title='bbox 543 964 649 1018; x_wconf 89' lang='lat' dir='ltr'><strong>hoc</strong></span> <span class='ocrx_word' id='word_1_52' title='bbox 673 963 873 1034; x_wconf 83' lang='lat' dir='ltr'><strong>quippe</strong></span> <span class='ocrx_word' id='word_1_53' title='bbox 892 963 993 1018; x_wconf 92' lang='lat' dir='ltr'><strong>hos</strong></span> <span class='ocrx_word' id='word_1_54' title='bbox 1015 962 1299 1018; x_wconf 85' lang='lat' dir='ltr'><strong>duodecim</strong></span> <span class='ocrx_word' id='word_1_55' title='bbox 1317 961 1430 1031; x_wconf 89' lang='lat' dir='ltr'><strong>jam</strong></span> <span class='ocrx_word' id='word_1_56' title='bbox 1453 975 1615 1031; x_wconf 88' lang='lat' dir='ltr'><strong>supra</strong></span> <span class='ocrx_word' id='word_1_57' title='bbox 1642 966 1899 1022; x_wconf 78' lang='lat' dir='ltr'><strong>vocarat;</strong></span> <span class='ocrx_word' id='word_1_58' title='bbox 1933 956 1997 1010; x_wconf 91' lang='lat' dir='ltr'><strong>ad</strong></span> <span class='ocrx_word' id='word_1_59' title='bbox 2031 955 2134 1009; x_wconf 90' lang='lat' dir='ltr'><strong>hoc</strong></span> 
     </span>
    </p>
   </div>
   <div class='ocr_carea' id='block_1_10' title="bbox 544 1050 2130 1124">
    <p class='ocr_par' dir='ltr' id='par_1_10' title="bbox 544 1050 2130 1124">
     <span class='ocr_line' id='line_1_10' title="bbox 544 1050 2130 1124; baseline -0.007 -13"><span class='ocrx_word' id='word_1_60' title='bbox 544 1071 790 1112; x_wconf 87' lang='lat' dir='ltr'><strong>seorsum</strong></span> <span class='ocrx_word' id='word_1_61' title='bbox 821 1055 878 1110; x_wconf 93' lang='lat' dir='ltr'><strong>in</strong></span> <span class='ocrx_word' id='word_1_62' title='bbox 905 1063 1086 1110; x_wconf 90' lang='lat' dir='ltr'><strong>monte</strong></span> <span class='ocrx_word' id='word_1_63' title='bbox 1114 1054 1325 1124; x_wconf 87' lang='lat' dir='ltr'><strong>plenius</strong></span> <span class='ocrx_word' id='word_1_64' title='bbox 1368 1053 1677 1116; x_wconf 85' lang='lat' dir='ltr'><strong>erutlicrat;</strong></span> <span class='ocrx_word' id='word_1_65' title='bbox 1717 1051 1783 1104; x_wconf 89' lang='lat' dir='ltr'><strong>ad</strong></span> <span class='ocrx_word' id='word_1_66' title='bbox 1815 1050 1918 1103; x_wconf 93' lang='lat' dir='ltr'><strong>hoc</strong></span> <span class='ocrx_word' id='word_1_67' title='bbox 1949 1062 2130 1102; x_wconf 86' lang='lat' dir='ltr'><strong>coram</strong></span> 
     </span>
    </p>
   </div>
   <div class='ocr_carea' id='block_1_11' title="bbox 543 1140 2132 1216">
    <p class='ocr_par' dir='ltr' id='par_1_11' title="bbox 543 1140 2132 1216">
     <span class='ocr_line' id='line_1_11' title="bbox 543 1140 2132 1216; baseline -0.007 -14"><span class='ocrx_word' id='word_1_68' title='bbox 543 1147 624 1204; x_wconf 89' lang='lat' dir='ltr'><strong>eis</strong></span> <span class='ocrx_word' id='word_1_69' title='bbox 653 1147 884 1216; x_wconf 85' lang='lat' dir='ltr'><strong>virtutes</strong></span> <span class='ocrx_word' id='word_1_70' title='bbox 933 1145 1154 1201; x_wconf 87' lang='lat' dir='ltr'><strong>fecerat.</strong></span> <span class='ocrx_word' id='word_1_71' title='bbox 1194 1145 1302 1200; x_wconf 89' lang='lat' dir='ltr'><strong>Sed</strong></span> <span class='ocrx_word' id='word_1_72' title='bbox 1338 1145 1465 1215; x_wconf 84' lang='lat' dir='ltr'><strong>quia</strong></span> <span class='ocrx_word' id='word_1_73' title='bbox 1503 1143 1730 1200; x_wconf 84' lang='lat' dir='ltr'><strong>necdum</strong></span> <span class='ocrx_word' id='word_1_74' title='bbox 1763 1156 1856 1196; x_wconf 92' lang='lat' dir='ltr'><strong>eos</strong></span> <span class='ocrx_word' id='word_1_75' title='bbox 1891 1140 1959 1194; x_wconf 88' lang='lat' dir='ltr'><strong>ad</strong></span> <span class='ocrx_word' id='word_1_76' title='bbox 1997 1154 2132 1208; x_wconf 75' lang='lat' dir='ltr'><strong>pra:-</strong></span> 
     </span>
    </p>
   </div>
   <div class='ocr_carea' id='block_1_12' title="bbox 544 1231 2132 1308">
    <p class='ocr_par' dir='ltr' id='par_1_12' title="bbox 544 1231 2132 1308">
     <span class='ocr_line' id='line_1_12' title="bbox 544 1231 2132 1308; baseline -0.005 -15"><span class='ocrx_word' id='word_1_77' title='bbox 544 1238 833 1293; x_wconf 89' lang='lat' dir='ltr'><strong>dicandum</strong></span> <span class='ocrx_word' id='word_1_78' title='bbox 863 1238 1106 1303; x_wconf 85' lang='lat' dir='ltr'><strong>miserat,</strong></span> <span class='ocrx_word' id='word_1_79' title='bbox 1147 1236 1329 1308; x_wconf 85' lang='lat' dir='ltr'><strong>rogari</strong></span> <span class='ocrx_word' id='word_1_80' title='bbox 1369 1251 1428 1291; x_wconf 92' lang='lat' dir='ltr'><strong>se</strong></span> <span class='ocrx_word' id='word_1_81' title='bbox 1457 1235 1589 1300; x_wconf 87' lang='lat' dir='ltr'><strong>vult,</strong></span> <span class='ocrx_word' id='word_1_82' title='bbox 1633 1243 1694 1288; x_wconf 93' lang='lat' dir='ltr'><strong>ut</strong></span> <span class='ocrx_word' id='word_1_83' title='bbox 1715 1232 1930 1288; x_wconf 88' lang='lat' dir='ltr'><strong>discant</strong></span> <span class='ocrx_word' id='word_1_84' title='bbox 1971 1231 2039 1285; x_wconf 91' lang='lat' dir='ltr'><strong>ab</strong></span> <span class='ocrx_word' id='word_1_85' title='bbox 2068 1247 2132 1285; x_wconf 91' lang='lat' dir='ltr'><strong>co</strong></span> 
     </span>
    </p>
   </div>
   <div class='ocr_carea' id='block_1_13' title="bbox 542 1323 2131 1399">
    <p class='ocr_par' dir='ltr' id='par_1_13' title="bbox 542 1323 2131 1399">
     <span class='ocr_line' id='line_1_13' title="bbox 542 1323 2131 1399; baseline -0.004 -16"><span class='ocrx_word' id='word_1_86' title='bbox 542 1343 808 1399; x_wconf 66' lang='lat' dir='ltr'><strong>quaerere,</strong></span> <span class='ocrx_word' id='word_1_87' title='bbox 835 1327 951 1384; x_wconf 91' lang='lat' dir='ltr'><strong>sine</strong></span> <span class='ocrx_word' id='word_1_88' title='bbox 977 1343 1087 1398; x_wconf 93' lang='lat' dir='ltr'><strong>quo</strong></span> <span class='ocrx_word' id='word_1_89' title='bbox 1130 1326 1265 1381; x_wconf 89' lang='lat' dir='ltr'><strong>nihil</strong></span> <span class='ocrx_word' id='word_1_90' title='bbox 1297 1335 1504 1396; x_wconf 90' lang='lat' dir='ltr'><strong>queunt</strong></span> <span class='ocrx_word' id='word_1_91' title='bbox 1552 1324 1837 1394; x_wconf 88' lang='lat' dir='ltr'><strong>proﬁcere.</strong></span> <span class='ocrx_word' id='word_1_92' title='bbox 1885 1323 2020 1378; x_wconf 93' lang='lat' dir='ltr'><strong>Doni</strong></span> <span class='ocrx_word' id='word_1_93' title='bbox 2047 1331 2131 1378; x_wconf 87' lang='lat' dir='ltr'><strong>est</strong></span> 
     </span>
    </p>
   </div>
   <div class='ocr_carea' id='block_1_14' title="bbox 543 1413 2136 1491">
    <p class='ocr_par' dir='ltr' id='par_1_14' title="bbox 543 1413 2136 1491">
     <span class='ocr_line' id='line_1_14' title="bbox 543 1413 2136 1491; baseline -0.003 -17"><span class='ocrx_word' id='word_1_94' title='bbox 543 1435 779 1491; x_wconf 89' lang='lat' dir='ltr'><strong>namque</strong></span> <span class='ocrx_word' id='word_1_95' title='bbox 828 1435 1017 1476; x_wconf 90' lang='lat' dir='ltr'><strong>eorum</strong></span> <span class='ocrx_word' id='word_1_96' title='bbox 1052 1413 1459 1490; x_wconf 86' lang='lat' dir='ltr'><strong>copiosissimus</strong></span> <span class='ocrx_word' id='word_1_97' title='bbox 1506 1417 1735 1480; x_wconf 81' lang='lat' dir='ltr'><strong>fructus,</strong></span> <span class='ocrx_word' id='word_1_98' title='bbox 1773 1416 1915 1486; x_wconf 89' lang='lat' dir='ltr'><strong>quod</strong></span> <span class='ocrx_word' id='word_1_99' title='bbox 1947 1431 2136 1487; x_wconf 87' lang='lat' dir='ltr'><strong>quam-</strong></span> 
     </span>
    </p>
   </div>
   <div class='ocr_carea' id='block_1_15' title="bbox 546 1512 2129 1582">
    <p class='ocr_par' dir='ltr' id='par_1_15' title="bbox 546 1512 2129 1582">
     <span class='ocr_line' id='line_1_15' title="bbox 546 1512 2129 1582; baseline 0 -18"><span class='ocrx_word' id='word_1_100' title='bbox 546 1514 629 1569; x_wconf 88' lang='lat' dir='ltr'><strong>vis</strong></span> <span class='ocrx_word' id='word_1_101' title='bbox 679 1522 925 1568; x_wconf 90' lang='lat' dir='ltr'><strong>sumatur</strong></span> <span class='ocrx_word' id='word_1_102' title='bbox 974 1529 1006 1568; x_wconf 92' lang='lat' dir='ltr'><strong>a</strong></span> <span class='ocrx_word' id='word_1_103' title='bbox 1053 1513 1284 1577; x_wconf 88' lang='lat' dir='ltr'><strong>cunctis,</strong></span> <span class='ocrx_word' id='word_1_104' title='bbox 1348 1521 1528 1567; x_wconf 91' lang='lat' dir='ltr'><strong>tamen</strong></span> <span class='ocrx_word' id='word_1_105' title='bbox 1583 1527 1797 1582; x_wconf 89' lang='lat' dir='ltr'><strong>semper</strong></span> <span class='ocrx_word' id='word_1_106' title='bbox 1838 1512 2129 1576; x_wconf 83' lang='lat' dir='ltr'><strong>exuberat;</strong></span> 
     </span>
    </p>
   </div>
   <div class='ocr_carea' id='block_1_16' title="bbox 539 1589 2140 1674">
    <p class='ocr_par' dir='ltr' id='par_1_16' title="bbox 539 1589 2140 1674">
     <span class='ocr_line' id='line_1_16' title="bbox 539 1589 2140 1674; baseline -0.001 -17"><span class='ocrx_word' id='word_1_107' title='bbox 539 1612 831 1674; x_wconf 88' lang='lat' dir='ltr'><strong>propterea</strong></span> <span class='ocrx_word' id='word_1_108' title='bbox 862 1589 1039 1674; x_wconf 86' lang='lat' dir='ltr'><strong>rogari</strong></span> <span class='ocrx_word' id='word_1_109' title='bbox 1060 1604 1234 1674; x_wconf 89' lang='lat' dir='ltr'><strong>jubet,</strong></span> <span class='ocrx_word' id='word_1_110' title='bbox 1259 1604 1403 1674; x_wconf 90' lang='lat' dir='ltr'><strong>quod</strong></span> <span class='ocrx_word' id='word_1_111' title='bbox 1429 1603 1596 1673; x_wconf 78' lang='lat' dir='ltr'><strong>gratis</strong></span> <span class='ocrx_word' id='word_1_112' title='bbox 1622 1602 1772 1673; x_wconf 88' lang='lat' dir='ltr'><strong>cupit</strong></span> <span class='ocrx_word' id='word_1_113' title='bbox 1797 1603 2140 1672; x_wconf 72' lang='lat' dir='ltr'><strong>impendere.</strong></span> 
     </span>
    </p>
   </div>
   <div class='ocr_carea' id='block_1_17' title="bbox 540 1694 2134 1765">
    <p class='ocr_par' dir='ltr' id='par_1_17' title="bbox 540 1694 2134 1765">
     <span class='ocr_line' id='line_1_17' title="bbox 540 1694 2134 1765; baseline 0.001 -18"><span class='ocrx_word' id='word_1_114' title='bbox 540 1694 840 1750; x_wconf 71' lang='lat' dir='ltr'><strong>Prmstatur</strong></span> <span class='ocrx_word' id='word_1_115' title='bbox 874 1697 1020 1751; x_wconf 90' lang='lat' dir='ltr'><strong>enim</strong></span> <span class='ocrx_word' id='word_1_116' title='bbox 1071 1695 1308 1765; x_wconf 90' lang='lat' dir='ltr'><strong>Spiritus</strong></span> <span class='ocrx_word' id='word_1_117' title='bbox 1352 1695 1525 1751; x_wconf 90' lang='lat' dir='ltr'><strong>sancti</strong></span> <span class='ocrx_word' id='word_1_118' title='bbox 1571 1695 1744 1765; x_wconf 91' lang='lat' dir='ltr'><strong>gratia</strong></span> <span class='ocrx_word' id='word_1_119' title='bbox 1795 1694 2134 1765; x_wconf 90' lang='lat' dir='ltr'><strong>pulsantibus</strong></span> 
     </span>
    </p>
   </div>
   <div class='ocr_carea' id='block_1_18' title="bbox 538 1785 2133 1859">
    <p class='ocr_par' dir='ltr' id='par_1_18' title="bbox 538 1785 2133 1859">
     <span class='ocr_line' id='line_1_18' title="bbox 538 1785 2133 1859; baseline -0.002 -16"><span class='ocrx_word' id='word_1_120' title='bbox 538 1785 707 1859; x_wconf 63' lang='grc'><strong>468</strong></span> <span class='ocrx_word' id='word_1_121' title='bbox 754 1795 808 1842; x_wconf 91' lang='lat' dir='ltr'><strong>et</strong></span> <span class='ocrx_word' id='word_1_122' title='bbox 850 1787 1192 1857; x_wconf 85' lang='lat' dir='ltr'><strong>petentibus,</strong></span> <span class='ocrx_word' id='word_1_123' title='bbox 1251 1795 1309 1840; x_wconf 89' lang='lat' dir='ltr'><strong>ut</strong></span> <span class='ocrx_word' id='word_1_124' title='bbox 1354 1795 1738 1855; x_wconf 83' lang='lat' dir='ltr'><strong>c00peratores</strong></span> <span class='ocrx_word' id='word_1_125' title='bbox 1787 1786 1897 1839; x_wconf 92' lang='lat' dir='ltr'><strong>sint</strong></span> <span class='ocrx_word' id='word_1_126' title='bbox 1943 1785 2133 1856; x_wconf 71' lang='lat' dir='ltr'><strong>gratia:</strong></span> 
     </span>
    </p>
   </div>
   <div class='ocr_carea' id='block_1_19' title="bbox 2235 580 3831 655">
    <p class='ocr_par' dir='ltr' id='par_1_19' title="bbox 2235 580 3831 655">
     <span class='ocr_line' id='line_1_19' title="bbox 2235 580 3831 655; baseline -0.004 -12"><span class='ocrx_word' id='word_1_127' title='bbox 2235 588 2384 644; x_wconf 91' lang='lat' dir='ltr'><strong>videt</strong></span> <span class='ocrx_word' id='word_1_128' title='bbox 2407 587 2639 643; x_wconf 88' lang='lat' dir='ltr'><strong>virtutes</strong></span> <span class='ocrx_word' id='word_1_129' title='bbox 2669 594 2725 642; x_wconf 90' lang='lat' dir='ltr'><strong>et</strong></span> <span class='ocrx_word' id='word_1_130' title='bbox 2745 586 2883 641; x_wconf 88' lang='lat' dir='ltr'><strong>dona</strong></span> <span class='ocrx_word' id='word_1_131' title='bbox 2919 584 3125 655; x_wconf 89' lang='lat' dir='ltr'><strong>largiri.</strong></span> <span class='ocrx_word' id='word_1_132' title='bbox 3160 581 3268 638; x_wconf 91' lang='lat' dir='ltr'><strong>Sed</strong></span> <span class='ocrx_word' id='word_1_133' title='bbox 3293 580 3460 654; x_wconf 60' lang='lat'><strong>569</strong></span> <span class='ocrx_word' id='word_1_134' title='bbox 3487 580 3646 652; x_wconf 91' lang='lat' dir='ltr'><strong>longe</strong></span> <span class='ocrx_word' id='word_1_135' title='bbox 3686 581 3831 637; x_wconf 88' lang='lat' dir='ltr'><strong>aliud</strong></span> 
     </span>
    </p>
   </div>
   <div class='ocr_carea' id='block_1_20' title="bbox 2235 674 3830 747">
    <p class='ocr_par' dir='ltr' id='par_1_20' title="bbox 2235 674 3830 747">
     <span class='ocr_line' id='line_1_20' title="bbox 2235 674 3830 747; baseline -0.004 -10"><span class='ocrx_word' id='word_1_136' title='bbox 2235 690 2350 747; x_wconf 91' lang='lat' dir='ltr'><strong>est,</strong></span> <span class='ocrx_word' id='word_1_137' title='bbox 2400 681 2604 738; x_wconf 88' lang='lat' dir='ltr'><strong>habere</strong></span> <span class='ocrx_word' id='word_1_138' title='bbox 2657 677 3043 743; x_wconf 89' lang='lat' dir='ltr'><strong>essentialiter,</strong></span> <span class='ocrx_word' id='word_1_139' title='bbox 3093 676 3241 732; x_wconf 88' lang='lat' dir='ltr'><strong>aliud</strong></span> <span class='ocrx_word' id='word_1_140' title='bbox 3287 676 3418 731; x_wconf 90' lang='lat' dir='ltr'><strong>dare</strong></span> <span class='ocrx_word' id='word_1_141' title='bbox 3463 674 3830 746; x_wconf 87' lang='lat' dir='ltr'><strong>indulgenter,</strong></span> 
     </span>
    </p>
   </div>
   <div class='ocr_carea' id='block_1_21' title="bbox 2235 764 3834 842">
    <p class='ocr_par' dir='ltr' id='par_1_21' title="bbox 2235 764 3834 842">
     <span class='ocr_line' id='line_1_21' title="bbox 2235 764 3834 842; baseline -0.002 -16"><span class='ocrx_word' id='word_1_142' title='bbox 2235 771 2381 827; x_wconf 86' lang='lat' dir='ltr'><strong>aliud</strong></span> <span class='ocrx_word' id='word_1_143' title='bbox 2398 786 2531 827; x_wconf 91' lang='lat' dir='ltr'><strong>vero</strong></span> <span class='ocrx_word' id='word_1_144' title='bbox 2557 770 2803 842; x_wconf 89' lang='lat' dir='ltr'><strong>accipere</strong></span> <span class='ocrx_word' id='word_1_145' title='bbox 2830 767 3273 824; x_wconf 87' lang='lat' dir='ltr'><strong>misericorditer.</strong></span> <span class='ocrx_word' id='word_1_146' title='bbox 3302 765 3456 833; x_wconf 79' lang='lat' dir='ltr'><strong>Quod</strong></span> <span class='ocrx_word' id='word_1_147' title='bbox 3488 764 3566 821; x_wconf 86' lang='lat' dir='ltr'><strong>illi</strong></span> <span class='ocrx_word' id='word_1_148' title='bbox 3595 766 3834 823; x_wconf 84' lang='lat' dir='ltr'><strong>scientes</strong></span> 
     </span>
    </p>
   </div>
   <div class='ocr_carea' id='block_1_22' title="bbox 2232 856 3832 934">
    <p class='ocr_par' dir='ltr' id='par_1_22' title="bbox 2232 856 3832 934">
     <span class='ocr_line' id='line_1_22' title="bbox 2232 856 3832 934; baseline -0.007 -10"><span class='ocrx_word' id='word_1_149' title='bbox 2232 879 2450 934; x_wconf 82' lang='lat' dir='ltr'><strong>semper</strong></span> <span class='ocrx_word' id='word_1_150' title='bbox 2485 878 2640 921; x_wconf 89' lang='lat' dir='ltr'><strong>suam</strong></span> <span class='ocrx_word' id='word_1_151' title='bbox 2678 860 3079 918; x_wconf 89' lang='lat' dir='ltr'><strong>conﬁtebantur</strong></span> <span class='ocrx_word' id='word_1_152' title='bbox 3108 858 3505 923; x_wconf 90' lang='lat' dir='ltr'><strong>inﬁrmitatem,</strong></span> <span class='ocrx_word' id='word_1_153' title='bbox 3543 856 3832 913; x_wconf 86' lang='lat' dir='ltr'><strong>dicentes:</strong></span> 
     </span>
    </p>
   </div>
   <div class='ocr_carea' id='block_1_23' title="bbox 2233 949 3832 1025">
    <p class='ocr_par' dir='ltr' id='par_1_23' title="bbox 2233 949 3832 1025">
     <span class='ocr_line' id='line_1_23' title="bbox 2233 949 3832 1025; baseline -0.005 -11"><span class='ocrx_word' id='word_1_154' title='bbox 2233 959 2292 1014; x_wconf 92' lang='lat' dir='ltr'><strong>ln</strong></span> <span class='ocrx_word' id='word_1_155' title='bbox 2321 958 2543 1013; x_wconf 91' lang='lat' dir='ltr'><strong>nomine</strong></span> <span class='ocrx_word' id='word_1_156' title='bbox 2566 954 2695 1012; x_wconf 80' lang='lat' dir='ltr'><strong>Jesu</strong></span> <span class='ocrx_word' id='word_1_157' title='bbox 2722 954 2925 1011; x_wconf 86' lang='lat' dir='ltr'><strong>Christi</strong></span> <span class='ocrx_word' id='word_1_158' title='bbox 2957 969 3139 1025; x_wconf 84' lang='lat' dir='ltr'><strong>surge,</strong></span> <span class='ocrx_word' id='word_1_159' title='bbox 3165 951 3251 1007; x_wconf 87' lang='lat' dir='ltr'><strong>vel</strong></span> <span class='ocrx_word' id='word_1_160' title='bbox 3279 950 3427 1007; x_wconf 88' lang='lat' dir='ltr'><strong>aliud</strong></span> <span class='ocrx_word' id='word_1_161' title='bbox 3453 949 3600 1022; x_wconf 88' lang='lat' dir='ltr'><strong>quod</strong></span> <span class='ocrx_word' id='word_1_162' title='bbox 3627 965 3698 1006; x_wconf 80' lang='lat' dir='ltr'><strong>ex</strong></span> <span class='ocrx_word' id='word_1_163' title='bbox 3729 950 3832 1006; x_wconf 88' lang='lat' dir='ltr'><strong>im-</strong></span> 
     </span>
    </p>
   </div>
   <div class='ocr_carea' id='block_1_24' title="bbox 2235 1039 3836 1120">
    <p class='ocr_par' dir='ltr' id='par_1_24' title="bbox 2235 1039 3836 1120">
     <span class='ocr_line' id='line_1_24' title="bbox 2235 1039 3836 1120; baseline -0.004 -16"><span class='ocrx_word' id='word_1_164' title='bbox 2235 1049 2386 1120; x_wconf 90' lang='lat' dir='ltr'><strong>perio</strong></span> <span class='ocrx_word' id='word_1_165' title='bbox 2413 1054 2737 1119; x_wconf 88' lang='lat' dir='ltr'><strong>congrueret</strong></span> <span class='ocrx_word' id='word_1_166' title='bbox 2768 1045 3042 1101; x_wconf 88' lang='lat' dir='ltr'><strong>sanitatis.</strong></span> <span class='ocrx_word' id='word_1_167' title='bbox 3072 1041 3191 1110; x_wconf 87' lang='lat' dir='ltr'><strong>Qua</strong></span> <span class='ocrx_word' id='word_1_168' title='bbox 3217 1041 3286 1099; x_wconf 93' lang='lat' dir='ltr'><strong>de</strong></span> <span class='ocrx_word' id='word_1_169' title='bbox 3313 1057 3498 1108; x_wconf 85' lang='lat' dir='ltr'><strong>causa,</strong></span> <span class='ocrx_word' id='word_1_170' title='bbox 3543 1040 3648 1096; x_wconf 90' lang='lat' dir='ltr'><strong>etsi</strong></span> <span class='ocrx_word' id='word_1_171' title='bbox 3669 1039 3836 1097; x_wconf 83' lang='lat' dir='ltr'><strong>disci-</strong></span> 
     </span>
    </p>
   </div>
   <div class='ocr_carea' id='block_1_25' title="bbox 2235 1136 3834 1213">
    <p class='ocr_par' dir='ltr' id='par_1_25' title="bbox 2235 1136 3834 1213">
     <span class='ocr_line' id='line_1_25' title="bbox 2235 1136 3834 1213; baseline -0.005 -17"><span class='ocrx_word' id='word_1_172' title='bbox 2235 1142 2346 1213; x_wconf 92' lang='lat' dir='ltr'><strong>puli</strong></span> <span class='ocrx_word' id='word_1_173' title='bbox 2377 1148 2571 1198; x_wconf 91' lang='lat' dir='ltr'><strong>curant</strong></span> <span class='ocrx_word' id='word_1_174' title='bbox 2604 1154 2821 1196; x_wconf 91' lang='lat' dir='ltr'><strong>omnem</strong></span> <span class='ocrx_word' id='word_1_175' title='bbox 2870 1136 3265 1200; x_wconf 90' lang='lat' dir='ltr'><strong>inﬁrmitatem,</strong></span> <span class='ocrx_word' id='word_1_176' title='bbox 3295 1142 3351 1191; x_wconf 91' lang='lat' dir='ltr'><strong>et</strong></span> <span class='ocrx_word' id='word_1_177' title='bbox 3392 1143 3585 1190; x_wconf 90' lang='lat' dir='ltr'><strong>sanant</strong></span> <span class='ocrx_word' id='word_1_178' title='bbox 3615 1148 3834 1189; x_wconf 91' lang='lat' dir='ltr'><strong>omnem</strong></span> 
     </span>
    </p>
   </div>
   <div class='ocr_carea' id='block_1_26' title="bbox 2235 1225 3836 1305">
    <p class='ocr_par' dir='ltr' id='par_1_26' title="bbox 2235 1225 3836 1305">
     <span class='ocr_line' id='line_1_26' title="bbox 2235 1225 3836 1305; baseline -0.004 -17"><span class='ocrx_word' id='word_1_179' title='bbox 2235 1234 2576 1305; x_wconf 79' lang='lat' dir='ltr'><strong>languorem,</strong></span> <span class='ocrx_word' id='word_1_180' title='bbox 2605 1231 2855 1288; x_wconf 88' lang='lat' dir='ltr'><strong>Christus</strong></span> <span class='ocrx_word' id='word_1_181' title='bbox 2889 1237 2973 1284; x_wconf 90' lang='lat' dir='ltr'><strong>est</strong></span> <span class='ocrx_word' id='word_1_182' title='bbox 3007 1230 3101 1300; x_wconf 89' lang='lat' dir='ltr'><strong>qui</strong></span> <span class='ocrx_word' id='word_1_183' title='bbox 3143 1229 3291 1298; x_wconf 76' lang='lat' dir='ltr'><strong>agit,</strong></span> <span class='ocrx_word' id='word_1_184' title='bbox 3307 1225 3462 1296; x_wconf 89' lang='lat' dir='ltr'><strong>cujus</strong></span> <span class='ocrx_word' id='word_1_185' title='bbox 3500 1235 3748 1298; x_wconf 85' lang='lat' dir='ltr'><strong>potestas</strong></span> <span class='ocrx_word' id='word_1_186' title='bbox 3782 1226 3836 1281; x_wconf 91' lang='lat' dir='ltr'><strong>in</strong></span> 
     </span>
    </p>
   </div>
   <div class='ocr_carea' id='block_1_27' title="bbox 2234 1321 3839 1396">
    <p class='ocr_par' dir='ltr' id='par_1_27' title="bbox 2234 1321 3839 1396">
     <span class='ocr_line' id='line_1_27' title="bbox 2234 1321 3839 1396; baseline -0.003 -15"><span class='ocrx_word' id='word_1_187' title='bbox 2234 1325 2514 1396; x_wconf 88' lang='lat' dir='ltr'><strong>discipulis</strong></span> <span class='ocrx_word' id='word_1_188' title='bbox 2549 1325 2900 1396; x_wconf 90' lang='lat' dir='ltr'><strong>operabatur.</strong></span> <span class='ocrx_word' id='word_1_189' title='bbox 2938 1323 3204 1378; x_wconf 87' lang='lat' dir='ltr'><strong>Mirabilis</strong></span> <span class='ocrx_word' id='word_1_190' title='bbox 3235 1321 3458 1394; x_wconf 91' lang='lat' dir='ltr'><strong>quidem</strong></span> <span class='ocrx_word' id='word_1_191' title='bbox 3493 1321 3651 1386; x_wconf 91' lang='lat' dir='ltr'><strong>ordo,</strong></span> <span class='ocrx_word' id='word_1_192' title='bbox 3684 1321 3839 1392; x_wconf 89' lang='lat' dir='ltr'><strong>prius</strong></span> 
     </span>
    </p>
   </div>
   <div class='ocr_carea' id='block_1_28' title="bbox 2235 1411 3831 1484">
    <p class='ocr_par' dir='ltr' id='par_1_28' title="bbox 2235 1411 3831 1484">
     <span class='ocr_line' id='line_1_28' title="bbox 2235 1411 3831 1484; baseline -0.003 -13"><span class='ocrx_word' id='word_1_193' title='bbox 2235 1417 2418 1472; x_wconf 88' lang='lat' dir='ltr'><strong>docuit</strong></span> <span class='ocrx_word' id='word_1_194' title='bbox 2451 1425 2510 1471; x_wconf 93' lang='lat' dir='ltr'><strong>ut</strong></span> <span class='ocrx_word' id='word_1_195' title='bbox 2543 1415 2746 1470; x_wconf 90' lang='lat' dir='ltr'><strong>scirent</strong></span> <span class='ocrx_word' id='word_1_196' title='bbox 2781 1415 2909 1484; x_wconf 88' lang='lat' dir='ltr'><strong>quid</strong></span> <span class='ocrx_word' id='word_1_197' title='bbox 2938 1413 3281 1478; x_wconf 90' lang='lat' dir='ltr'><strong>sectandum,</strong></span> <span class='ocrx_word' id='word_1_198' title='bbox 3331 1419 3386 1467; x_wconf 91' lang='lat' dir='ltr'><strong>et</strong></span> <span class='ocrx_word' id='word_1_199' title='bbox 3418 1411 3657 1466; x_wconf 89' lang='lat' dir='ltr'><strong>instituit</strong></span> <span class='ocrx_word' id='word_1_200' title='bbox 3715 1426 3831 1466; x_wconf 90' lang='lat' dir='ltr'><strong>mo-</strong></span> 
     </span>
    </p>
   </div>
   <div class='ocr_carea' id='block_1_29' title="bbox 2236 1504 3837 1575">
    <p class='ocr_par' dir='ltr' id='par_1_29' title="bbox 2236 1504 3837 1575">
     <span class='ocr_line' id='line_1_29' title="bbox 2236 1504 3837 1575; baseline -0.004 -10"><span class='ocrx_word' id='word_1_201' title='bbox 2236 1511 2349 1565; x_wconf 90' lang='lat' dir='ltr'><strong>nita</strong></span> <span class='ocrx_word' id='word_1_202' title='bbox 2381 1510 2593 1575; x_wconf 90' lang='lat' dir='ltr'><strong>salutis,</strong></span> <span class='ocrx_word' id='word_1_203' title='bbox 2622 1509 2816 1564; x_wconf 90' lang='lat' dir='ltr'><strong>deinde</strong></span> <span class='ocrx_word' id='word_1_204' title='bbox 2851 1506 3129 1563; x_wconf 89' lang='lat' dir='ltr'><strong>miraculis</strong></span> <span class='ocrx_word' id='word_1_205' title='bbox 3156 1505 3396 1560; x_wconf 92' lang='lat' dir='ltr'><strong>ﬁrmavit</strong></span> <span class='ocrx_word' id='word_1_206' title='bbox 3430 1504 3593 1560; x_wconf 90' lang='lat' dir='ltr'><strong>ﬁdem</strong></span> <span class='ocrx_word' id='word_1_207' title='bbox 3623 1519 3837 1569; x_wconf 82' lang='lat' dir='ltr'><strong>eorum,</strong></span> 
     </span>
    </p>
   </div>
   <div class='ocr_carea' id='block_1_30' title="bbox 2235 1599 3838 1670">
    <p class='ocr_par' dir='ltr' id='par_1_30' title="bbox 2235 1599 3838 1670">
     <span class='ocr_line' id='line_1_30' title="bbox 2235 1599 3838 1670; baseline -0.004 -11"><span class='ocrx_word' id='word_1_208' title='bbox 2235 1613 2291 1658; x_wconf 90' lang='lat' dir='ltr'><strong>et</strong></span> <span class='ocrx_word' id='word_1_209' title='bbox 2315 1603 2617 1659; x_wconf 91' lang='lat' dir='ltr'><strong>doctrinam</strong></span> <span class='ocrx_word' id='word_1_210' title='bbox 2647 1601 2918 1657; x_wconf 90' lang='lat' dir='ltr'><strong>solidavit.</strong></span> <span class='ocrx_word' id='word_1_211' title='bbox 2941 1668 2943 1670; x_wconf 25' lang='grc' dir='ltr'><strong>η</strong></span> <span class='ocrx_word' id='word_1_212' title='bbox 2964 1601 3036 1656; x_wconf 84' lang='lat' dir='ltr'><strong>At</strong></span> <span class='ocrx_word' id='word_1_213' title='bbox 3062 1615 3192 1656; x_wconf 90' lang='lat' dir='ltr'><strong>vero</strong></span> <span class='ocrx_word' id='word_1_214' title='bbox 3228 1615 3352 1654; x_wconf 94' lang='lat' dir='ltr'><strong>cum</strong></span> <span class='ocrx_word' id='word_1_215' title='bbox 3381 1599 3551 1655; x_wconf 90' lang='lat' dir='ltr'><strong>mittit</strong></span> <span class='ocrx_word' id='word_1_216' title='bbox 3601 1600 3670 1653; x_wconf 88' lang='lat' dir='ltr'><strong>ad</strong></span> <span class='ocrx_word' id='word_1_217' title='bbox 3701 1615 3838 1669; x_wconf 69' lang='lat' dir='ltr'><strong>prae-</strong></span> 
     </span>
    </p>
   </div>
   <div class='ocr_carea' id='block_1_31' title="bbox 2237 1693 3837 1766">
    <p class='ocr_par' dir='ltr' id='par_1_31' title="bbox 2237 1693 3837 1766">
     <span class='ocr_line' id='line_1_31' title="bbox 2237 1693 3837 1766; baseline -0.004 -12"><span class='ocrx_word' id='word_1_218' title='bbox 2237 1699 2544 1764; x_wconf 88' lang='lat' dir='ltr'><strong>dicandum,</strong></span> <span class='ocrx_word' id='word_1_219' title='bbox 2564 1697 2712 1752; x_wconf 91' lang='lat' dir='ltr'><strong>dedit</strong></span> <span class='ocrx_word' id='word_1_220' title='bbox 2740 1704 2794 1752; x_wconf 90' lang='lat' dir='ltr'><strong>et</strong></span> <span class='ocrx_word' id='word_1_221' title='bbox 2814 1695 2920 1751; x_wconf 89' lang='lat' dir='ltr'><strong>illis</strong></span> <span class='ocrx_word' id='word_1_222' title='bbox 2942 1702 3270 1766; x_wconf 90' lang='lat' dir='ltr'><strong>potestatem</strong></span> <span class='ocrx_word' id='word_1_223' title='bbox 3290 1693 3578 1762; x_wconf 90' lang='lat' dir='ltr'><strong>spirituum</strong></span> <span class='ocrx_word' id='word_1_224' title='bbox 3595 1693 3837 1748; x_wconf 87' lang='lat' dir='ltr'><strong>immun-</strong></span> 
     </span>
    </p>
   </div>
   <div class='ocr_carea' id='block_1_32' title="bbox 2237 1787 3836 1859">
    <p class='ocr_par' dir='ltr' id='par_1_32' title="bbox 2237 1787 3836 1859">
     <span class='ocr_line' id='line_1_32' title="bbox 2237 1787 3836 1859; baseline -0.003 -11"><span class='ocrx_word' id='word_1_225' title='bbox 2237 1793 2450 1858; x_wconf 89' lang='lat' dir='ltr'><strong>dorum,</strong></span> <span class='ocrx_word' id='word_1_226' title='bbox 2476 1798 2536 1844; x_wconf 91' lang='lat' dir='ltr'><strong>ut</strong></span> <span class='ocrx_word' id='word_1_227' title='bbox 2556 1789 2815 1859; x_wconf 90' lang='lat' dir='ltr'><strong>ejicerent</strong></span> <span class='ocrx_word' id='word_1_228' title='bbox 2840 1804 2956 1856; x_wconf 91' lang='lat' dir='ltr'><strong>eos,</strong></span> <span class='ocrx_word' id='word_1_229' title='bbox 2987 1797 3044 1845; x_wconf 90' lang='lat' dir='ltr'><strong>et</strong></span> <span class='ocrx_word' id='word_1_230' title='bbox 3069 1796 3326 1844; x_wconf 88' lang='lat' dir='ltr'><strong>curarent</strong></span> <span class='ocrx_word' id='word_1_231' title='bbox 3351 1803 3569 1843; x_wconf 91' lang='lat' dir='ltr'><strong>omnem</strong></span> <span class='ocrx_word' id='word_1_232' title='bbox 3603 1787 3836 1859; x_wconf 84' lang='lat' dir='ltr'><strong>languo-</strong></span> 
     </span>
    </p>
   </div>
   <div class='ocr_carea' id='block_1_33' title="bbox 540 1873 3840 1949">
    <p class='ocr_par' dir='ltr' id='par_1_33' title="bbox 540 1873 3840 1949">
     <span class='ocr_line' id='line_1_33' title="bbox 540 1873 3840 1949; baseline 0.002 -21"><span class='ocrx_word' id='word_1_233' title='bbox 540 1875 657 1929; x_wconf 89' lang='lat' dir='ltr'><strong>Dei.</strong></span> <span class='ocrx_word' id='word_1_234' title='bbox 695 1874 948 1944; x_wconf 81' lang='lat' dir='ltr'><strong>Alioquin</strong></span> <span class='ocrx_word' id='word_1_235' title='bbox 991 1875 1046 1929; x_wconf 93' lang='lat' dir='ltr'><strong>in</strong></span> <span class='ocrx_word' id='word_1_236' title='bbox 1077 1889 1308 1929; x_wconf 89' lang='lat' dir='ltr'><strong>vacuum</strong></span> <span class='ocrx_word' id='word_1_237' title='bbox 1356 1874 1474 1929; x_wconf 88' lang='lat' dir='ltr'><strong>sine</strong></span> <span class='ocrx_word' id='word_1_238' title='bbox 1501 1873 1738 1944; x_wconf 82' lang='lat' dir='ltr'><strong>Spiritus</strong></span> <span class='ocrx_word' id='word_1_239' title='bbox 1764 1875 1937 1929; x_wconf 85' lang='lat' dir='ltr'><strong>sancti</strong></span> <span class='ocrx_word' id='word_1_240' title='bbox 1977 1874 2132 1943; x_wconf 88' lang='lat' dir='ltr'><strong>copia</strong></span> <span class='ocrx_word' id='word_1_241' title='bbox 2167 1873 2209 1933; x_wconf 88' lang='grc' dir='ltr'><strong><em>Β</em></strong></span> <span class='ocrx_word' id='word_1_242' title='bbox 2240 1898 2354 1938; x_wconf 90' lang='lat' dir='ltr'><strong>rem</strong></span> <span class='ocrx_word' id='word_1_243' title='bbox 2392 1890 2447 1936; x_wconf 93' lang='lat' dir='ltr'><strong>et</strong></span> <span class='ocrx_word' id='word_1_244' title='bbox 2473 1895 2690 1937; x_wconf 91' lang='lat' dir='ltr'><strong>omnem</strong></span> <span class='ocrx_word' id='word_1_245' title='bbox 2723 1880 3096 1935; x_wconf 88' lang='lat' dir='ltr'><strong>inﬁrmitatem</strong></span> <span class='ocrx_word' id='word_1_246' title='bbox 3131 1894 3340 1935; x_wconf 90' lang='lat' dir='ltr'><strong>eorum.</strong></span> <span class='ocrx_word' id='word_1_247' title='bbox 3391 1877 3691 1948; x_wconf 73' lang='lat' dir='ltr'><strong>Sapientia:</strong></span> <span class='ocrx_word' id='word_1_248' title='bbox 3721 1879 3840 1949; x_wconf 90' lang='lat' dir='ltr'><strong>qui-</strong></span> 
     </span>
    </p>
   </div>
   <div class='ocr_carea' id='block_1_34' title="bbox 540 1967 2130 2039">
    <p class='ocr_par' dir='ltr' id='par_1_34' title="bbox 540 1967 2130 2039">
     <span class='ocr_line' id='line_1_34' title="bbox 540 1967 2130 2039; baseline -0.001 -17"><span class='ocrx_word' id='word_1_249' title='bbox 540 1969 743 2039; x_wconf 87' lang='lat' dir='ltr'><strong>passim</strong></span> <span class='ocrx_word' id='word_1_250' title='bbox 776 1982 1043 2023; x_wconf 88' lang='lat' dir='ltr'><strong>messores</strong></span> <span class='ocrx_word' id='word_1_251' title='bbox 1071 1967 1343 2031; x_wconf 86' lang='lat' dir='ltr'><strong>laborant,</strong></span> <span class='ocrx_word' id='word_1_252' title='bbox 1376 1967 1505 2020; x_wconf 92' lang='lat' dir='ltr'><strong>dum</strong></span> <span class='ocrx_word' id='word_1_253' title='bbox 1529 1967 1652 2036; x_wconf 90' lang='lat' dir='ltr'><strong>jure</strong></span> <span class='ocrx_word' id='word_1_254' title='bbox 1681 1967 1980 2036; x_wconf 67' lang='lat' dir='ltr'><strong>prmdicare</strong></span> <span class='ocrx_word' id='word_1_255' title='bbox 2027 1967 2130 2021; x_wconf 91' lang='lat' dir='ltr'><strong>nisi</strong></span> 
     </span>
    </p>
   </div>
   <div class='ocr_carea' id='block_1_35' title="bbox 541 2057 2134 2129">
    <p class='ocr_par' dir='ltr' id='par_1_35' title="bbox 541 2057 2134 2129">
     <span class='ocr_line' id='line_1_35' title="bbox 541 2057 2134 2129; baseline 0 -15"><span class='ocrx_word' id='word_1_256' title='bbox 541 2061 848 2125; x_wconf 88' lang='lat' dir='ltr'><strong>mittantur,</strong></span> <span class='ocrx_word' id='word_1_257' title='bbox 878 2067 1173 2129; x_wconf 89' lang='lat' dir='ltr'><strong>nequeunt.</strong></span> <span class='ocrx_word' id='word_1_258' title='bbox 1219 2057 1374 2112; x_wconf 91' lang='lat' dir='ltr'><strong>Unde</strong></span> <span class='ocrx_word' id='word_1_259' title='bbox 1405 2058 1575 2113; x_wconf 89' lang='lat' dir='ltr'><strong>virtus</strong></span> <span class='ocrx_word' id='word_1_260' title='bbox 1616 2059 1900 2115; x_wconf 81' lang='lat' dir='ltr'><strong>verborum</strong></span> <span class='ocrx_word' id='word_1_261' title='bbox 1933 2060 2134 2129; x_wconf 85' lang='lat' dir='ltr'><strong>ubique</strong></span> 
     </span>
    </p>
   </div>
   <div class='ocr_carea' id='block_1_36' title="bbox 541 2148 2133 2222">
    <p class='ocr_par' dir='ltr' id='par_1_36' title="bbox 541 2148 2133 2222">
     <span class='ocr_line' id='line_1_36' title="bbox 541 2148 2133 2222; baseline -0.001 -17"><span class='ocrx_word' id='word_1_262' title='bbox 541 2166 646 2205; x_wconf 90' lang='lat' dir='ltr'><strong>non</strong></span> <span class='ocrx_word' id='word_1_263' title='bbox 710 2149 890 2205; x_wconf 89' lang='lat' dir='ltr'><strong>minus</strong></span> <span class='ocrx_word' id='word_1_264' title='bbox 919 2148 1316 2204; x_wconf 85' lang='lat' dir='ltr'><strong>consideranda</strong></span> <span class='ocrx_word' id='word_1_265' title='bbox 1337 2165 1498 2218; x_wconf 88' lang='lat' dir='ltr'><strong>quam</strong></span> <span class='ocrx_word' id='word_1_266' title='bbox 1538 2164 1752 2216; x_wconf 90' lang='lat' dir='ltr'><strong>rerum;</strong></span> <span class='ocrx_word' id='word_1_267' title='bbox 1783 2151 1910 2222; x_wconf 92' lang='lat' dir='ltr'><strong>quia</strong></span> <span class='ocrx_word' id='word_1_268' title='bbox 1937 2166 2036 2221; x_wconf 91' lang='lat' dir='ltr'><strong>par</strong></span> <span class='ocrx_word' id='word_1_269' title='bbox 2079 2151 2133 2204; x_wconf 92' lang='lat' dir='ltr'><strong>in</strong></span> 
     </span>
    </p>
   </div>
   <div class='ocr_carea' id='block_1_37' title="bbox 537 2239 2124 2311">
    <p class='ocr_par' dir='ltr' id='par_1_37' title="bbox 537 2239 2124 2311">
     <span class='ocr_line' id='line_1_37' title="bbox 537 2239 2124 2311; baseline -0.001 -16"><span class='ocrx_word' id='word_1_270' title='bbox 537 2242 699 2296; x_wconf 88' lang='lat' dir='ltr'><strong>dictis</strong></span> <span class='ocrx_word' id='word_1_271' title='bbox 746 2249 802 2294; x_wconf 91' lang='lat' dir='ltr'><strong>et</strong></span> <span class='ocrx_word' id='word_1_272' title='bbox 850 2239 1013 2295; x_wconf 84' lang='lat' dir='ltr'><strong>factis</strong></span> <span class='ocrx_word' id='word_1_273' title='bbox 1075 2247 1352 2311; x_wconf 86' lang='lat' dir='ltr'><strong>gestorum</strong></span> <span class='ocrx_word' id='word_1_274' title='bbox 1403 2239 1729 2310; x_wconf 88' lang='lat' dir='ltr'><strong>signilicatio</strong></span> <span class='ocrx_word' id='word_1_275' title='bbox 1790 2241 2124 2296; x_wconf 81' lang='lat' dir='ltr'><strong>declaratur.</strong></span> 
     </span>
    </p>
   </div>
   <div class='ocr_carea' id='block_1_38' title="bbox 539 2329 2133 2402">
    <p class='ocr_par' dir='ltr' id='par_1_38' title="bbox 539 2329 2133 2402">
     <span class='ocr_line' id='line_1_38' title="bbox 539 2329 2133 2402; baseline 0.003 -18"><span class='ocrx_word' id='word_1_276' title='bbox 539 2329 672 2385; x_wconf 73' lang='lat' dir='ltr'><strong>Nam</strong></span> <span class='ocrx_word' id='word_1_277' title='bbox 698 2347 796 2402; x_wconf 91' lang='lat' dir='ltr'><strong>per</strong></span> <span class='ocrx_word' id='word_1_278' title='bbox 825 2346 920 2387; x_wconf 90' lang='lat' dir='ltr'><strong>eos</strong></span> <span class='ocrx_word' id='word_1_279' title='bbox 947 2330 1143 2400; x_wconf 89' lang='lat' dir='ltr'><strong>quibus</strong></span> <span class='ocrx_word' id='word_1_280' title='bbox 1187 2330 1444 2385; x_wconf 87' lang='lat' dir='ltr'><strong>misertus</strong></span> <span class='ocrx_word' id='word_1_281' title='bbox 1492 2331 1710 2402; x_wconf 86' lang='lat' dir='ltr'><strong>legitur,</strong></span> <span class='ocrx_word' id='word_1_282' title='bbox 1757 2347 1918 2386; x_wconf 92' lang='lat' dir='ltr'><strong>omne</strong></span> <span class='ocrx_word' id='word_1_283' title='bbox 1963 2348 2133 2402; x_wconf 87' lang='lat' dir='ltr'><strong>genus</strong></span> 
     </span>
    </p>
   </div>
   <div class='ocr_carea' id='block_1_39' title="bbox 537 2423 2135 2496">
    <p class='ocr_par' dir='ltr' id='par_1_39' title="bbox 537 2423 2135 2496">
     <span class='ocr_line' id='line_1_39' title="bbox 537 2423 2135 2496; baseline -0.001 -15"><span class='ocrx_word' id='word_1_284' title='bbox 537 2426 832 2481; x_wconf 86' lang='lat' dir='ltr'><strong>humanum</strong></span> <span class='ocrx_word' id='word_1_285' title='bbox 897 2424 1187 2496; x_wconf 88' lang='lat' dir='ltr'><strong>designat;</strong></span> <span class='ocrx_word' id='word_1_286' title='bbox 1247 2423 1375 2494; x_wconf 89' lang='lat' dir='ltr'><strong>quia</strong></span> <span class='ocrx_word' id='word_1_287' title='bbox 1429 2425 1688 2479; x_wconf 88' lang='lat' dir='ltr'><strong>nimirum</strong></span> <span class='ocrx_word' id='word_1_288' title='bbox 1748 2425 1929 2479; x_wconf 82' lang='lat' dir='ltr'><strong>vexati</strong></span> <span class='ocrx_word' id='word_1_289' title='bbox 1978 2434 2135 2480; x_wconf 91' lang='lat' dir='ltr'><strong>erant</strong></span> 
     </span>
    </p>
   </div>
   <div class='ocr_carea' id='block_1_40' title="bbox 534 2516 2134 2589">
    <p class='ocr_par' dir='ltr' id='par_1_40' title="bbox 534 2516 2134 2589">
     <span class='ocr_line' id='line_1_40' title="bbox 534 2516 2134 2589; baseline -0.001 -15"><span class='ocrx_word' id='word_1_290' title='bbox 534 2534 723 2574; x_wconf 90' lang='lat' dir='ltr'><strong>omnes</strong></span> <span class='ocrx_word' id='word_1_291' title='bbox 766 2517 935 2573; x_wconf 88' lang='lat' dir='ltr'><strong>variis</strong></span> <span class='ocrx_word' id='word_1_292' title='bbox 986 2516 1349 2587; x_wconf 89' lang='lat' dir='ltr'><strong>nequitiarum</strong></span> <span class='ocrx_word' id='word_1_293' title='bbox 1403 2516 1712 2589; x_wconf 65' lang='lat' dir='ltr'><strong>praestigiis.</strong></span> <span class='ocrx_word' id='word_1_294' title='bbox 1759 2517 1865 2571; x_wconf 79' lang='lat' dir='ltr'><strong>Alii</strong></span> <span class='ocrx_word' id='word_1_295' title='bbox 1915 2517 2134 2587; x_wconf 90' lang='lat' dir='ltr'><strong>quidem</strong></span> 
     </span>
    </p>
   </div>
   <div class='ocr_carea' id='block_1_41' title="bbox 538 2606 2134 2682">
    <p class='ocr_par' dir='ltr' id='par_1_41' title="bbox 538 2606 2134 2682">
     <span class='ocr_line' id='line_1_41' title="bbox 538 2606 2134 2682; baseline -0.001 -17"><span class='ocrx_word' id='word_1_296' title='bbox 538 2609 926 2682; x_wconf 87' lang='lat' dir='ltr'><strong>philosophicis</strong></span> <span class='ocrx_word' id='word_1_297' title='bbox 967 2609 1182 2664; x_wconf 89' lang='lat' dir='ltr'><strong>artibus</strong></span> <span class='ocrx_word' id='word_1_298' title='bbox 1217 2606 1435 2679; x_wconf 81' lang='lat' dir='ltr'><strong>pellecti</strong></span> <span class='ocrx_word' id='word_1_299' title='bbox 1473 2617 1528 2661; x_wconf 90' lang='lat' dir='ltr'><strong>et</strong></span> <span class='ocrx_word' id='word_1_300' title='bbox 1559 2608 1816 2678; x_wconf 89' lang='lat' dir='ltr'><strong>magicis;</strong></span> <span class='ocrx_word' id='word_1_301' title='bbox 1861 2609 1952 2664; x_wconf 87' lang='lat' dir='ltr'><strong>alii</strong></span> <span class='ocrx_word' id='word_1_302' title='bbox 1982 2607 2134 2664; x_wconf 89' lang='lat' dir='ltr'><strong>Scri-</strong></span> 
     </span>
    </p>
   </div>
   <div class='ocr_carea' id='block_1_42' title="bbox 469 2701 2133 2772">
    <p class='ocr_par' dir='ltr' id='par_1_42' title="bbox 469 2701 2133 2772">
     <span class='ocr_line' id='line_1_42' title="bbox 469 2701 2133 2772; baseline -0.002 -12"><span class='ocrx_word' id='word_1_303' title='bbox 469 2748 475 2753; x_wconf 92' lang='lat'><strong>.</strong></span> <span class='ocrx_word' id='word_1_304' title='bbox 542 2704 730 2759; x_wconf 78' lang='lat' dir='ltr'><strong>barum</strong></span> <span class='ocrx_word' id='word_1_305' title='bbox 761 2712 818 2760; x_wconf 92' lang='lat' dir='ltr'><strong>et</strong></span> <span class='ocrx_word' id='word_1_306' title='bbox 845 2703 1247 2758; x_wconf 65' lang='lat' dir='ltr'><strong>Pharisaeorum</strong></span> <span class='ocrx_word' id='word_1_307' title='bbox 1293 2702 1475 2772; x_wconf 86' lang='lat' dir='ltr'><strong>pravis</strong></span> <span class='ocrx_word' id='word_1_308' title='bbox 1516 2701 1865 2757; x_wconf 88' lang='lat' dir='ltr'><strong>traditionum</strong></span> <span class='ocrx_word' id='word_1_309' title='bbox 1911 2717 2133 2756; x_wconf 91' lang='lat' dir='ltr'><strong>suarum</strong></span> 
     </span>
    </p>
   </div>
   <div class='ocr_carea' id='block_1_43' title="bbox 535 2791 2131 2862">
    <p class='ocr_par' dir='ltr' id='par_1_43' title="bbox 535 2791 2131 2862">
     <span class='ocr_line' id='line_1_43' title="bbox 535 2791 2131 2862; baseline -0.001 -12"><span class='ocrx_word' id='word_1_310' title='bbox 535 2796 798 2851; x_wconf 88' lang='lat' dir='ltr'><strong>doctrinis</strong></span> <span class='ocrx_word' id='word_1_311' title='bbox 824 2794 1046 2860; x_wconf 90' lang='lat' dir='ltr'><strong>imbuti;</strong></span> <span class='ocrx_word' id='word_1_312' title='bbox 1096 2794 1188 2848; x_wconf 91' lang='lat' dir='ltr'><strong>alii</strong></span> <span class='ocrx_word' id='word_1_313' title='bbox 1216 2793 1533 2862; x_wconf 89' lang='lat' dir='ltr'><strong>deceptione</strong></span> <span class='ocrx_word' id='word_1_314' title='bbox 1563 2793 1870 2848; x_wconf 75' lang='lat' dir='ltr'><strong>dannonum</strong></span> <span class='ocrx_word' id='word_1_315' title='bbox 1910 2791 2131 2848; x_wconf 89' lang='lat' dir='ltr'><strong>idolola-</strong></span> 
     </span>
    </p>
   </div>
   <div class='ocr_carea' id='block_1_44' title="bbox 535 2884 2136 2956">
    <p class='ocr_par' dir='ltr' id='par_1_44' title="bbox 535 2884 2136 2956">
     <span class='ocr_line' id='line_1_44' title="bbox 535 2884 2136 2956; baseline -0.002 -14"><span class='ocrx_word' id='word_1_316' title='bbox 535 2888 653 2942; x_wconf 90' lang='lat' dir='ltr'><strong>triis</strong></span> <span class='ocrx_word' id='word_1_317' title='bbox 677 2886 961 2956; x_wconf 89' lang='lat' dir='ltr'><strong>occupati;</strong></span> <span class='ocrx_word' id='word_1_318' title='bbox 1011 2885 1101 2939; x_wconf 89' lang='lat' dir='ltr'><strong>alii</strong></span> <span class='ocrx_word' id='word_1_319' title='bbox 1131 2891 1337 2956; x_wconf 85' lang='lat' dir='ltr'><strong>peccati</strong></span> <span class='ocrx_word' id='word_1_320' title='bbox 1371 2884 1629 2939; x_wconf 92' lang='lat' dir='ltr'><strong>oneribus</strong></span> <span class='ocrx_word' id='word_1_321' title='bbox 1657 2884 1850 2954; x_wconf 91' lang='lat' dir='ltr'><strong>pressi,</strong></span> <span class='ocrx_word' id='word_1_322' title='bbox 1880 2892 1936 2939; x_wconf 90' lang='lat' dir='ltr'><strong>et</strong></span> <span class='ocrx_word' id='word_1_323' title='bbox 1965 2899 2136 2940; x_wconf 80' lang='lat' dir='ltr'><strong>saccu-</strong></span> 
     </span>
    </p>
   </div>
   <div class='ocr_carea' id='block_1_45' title="bbox 541 2974 2134 3044">
    <p class='ocr_par' dir='ltr' id='par_1_45' title="bbox 541 2974 2134 3044">
     <span class='ocr_line' id='line_1_45' title="bbox 541 2974 2134 3044; baseline -0.001 -14"><span class='ocrx_word' id='word_1_324' title='bbox 541 2976 745 3031; x_wconf 90' lang='lat' dir='ltr'><strong>laribus</strong></span> <span class='ocrx_word' id='word_1_325' title='bbox 777 2974 927 3031; x_wconf 87' lang='lat' dir='ltr'><strong>curis</strong></span> <span class='ocrx_word' id='word_1_326' title='bbox 970 2975 1183 3038; x_wconf 91' lang='lat' dir='ltr'><strong>intenti,</strong></span> <span class='ocrx_word' id='word_1_327' title='bbox 1226 2990 1334 3030; x_wconf 93' lang='lat' dir='ltr'><strong>non</strong></span> <span class='ocrx_word' id='word_1_328' title='bbox 1377 2974 1638 3029; x_wconf 86' lang='lat' dir='ltr'><strong>habentes</strong></span> <span class='ocrx_word' id='word_1_329' title='bbox 1677 2983 2002 3044; x_wconf 88' lang='lat' dir='ltr'><strong>potestatem</strong></span> <span class='ocrx_word' id='word_1_330' title='bbox 2048 2989 2134 3028; x_wconf 86' lang='lat' dir='ltr'><strong>re-</strong></span> 
     </span>
    </p>
   </div>
   <div class='ocr_carea' id='block_1_46' title="bbox 537 3063 2135 3139">
    <p class='ocr_par' dir='ltr' id='par_1_46' title="bbox 537 3063 2135 3139">
     <span class='ocr_line' id='line_1_46' title="bbox 537 3063 2135 3139; baseline -0.003 -16"><span class='ocrx_word' id='word_1_331' title='bbox 537 3065 820 3139; x_wconf 83' lang='lat' dir='ltr'><strong>surgendi.</strong></span> <span class='ocrx_word' id='word_1_332' title='bbox 862 3064 1112 3121; x_wconf 90' lang='lat' dir='ltr'><strong>Perierat</strong></span> <span class='ocrx_word' id='word_1_333' title='bbox 1145 3065 1289 3121; x_wconf 90' lang='lat' dir='ltr'><strong>enim</strong></span> <span class='ocrx_word' id='word_1_334' title='bbox 1318 3066 1405 3120; x_wconf 87' lang='lat' dir='ltr'><strong>lex</strong></span> <span class='ocrx_word' id='word_1_335' title='bbox 1432 3074 1662 3130; x_wconf 64' lang='lat' dir='ltr'><strong>naturae,</strong></span> <span class='ocrx_word' id='word_1_336' title='bbox 1690 3065 2020 3135; x_wconf 85' lang='lat' dir='ltr'><strong>patriarchae</strong></span> <span class='ocrx_word' id='word_1_337' title='bbox 2041 3063 2135 3119; x_wconf 92' lang='lat' dir='ltr'><strong>de-</strong></span> 
     </span>
    </p>
   </div>
   <div class='ocr_carea' id='block_1_47' title="bbox 537 3157 2130 3230">
    <p class='ocr_par' dir='ltr' id='par_1_47' title="bbox 537 3157 2130 3230">
     <span class='ocr_line' id='line_1_47' title="bbox 537 3157 2130 3230; baseline -0.001 -16"><span class='ocrx_word' id='word_1_338' title='bbox 537 3160 709 3216; x_wconf 81' lang='lat' dir='ltr'><strong>functi</strong></span> <span class='ocrx_word' id='word_1_339' title='bbox 738 3165 915 3224; x_wconf 90' lang='lat' dir='ltr'><strong>erant,</strong></span> <span class='ocrx_word' id='word_1_340' title='bbox 941 3159 1204 3230; x_wconf 87' lang='lat' dir='ltr'><strong>pr0pheta</strong></span> <span class='ocrx_word' id='word_1_341' title='bbox 1232 3157 1434 3223; x_wconf 87' lang='lat' dir='ltr'><strong>nullus,</strong></span> <span class='ocrx_word' id='word_1_342' title='bbox 1460 3166 1516 3212; x_wconf 92' lang='lat' dir='ltr'><strong>et</strong></span> <span class='ocrx_word' id='word_1_343' title='bbox 1547 3165 1712 3223; x_wconf 89' lang='lat' dir='ltr'><strong>totus,</strong></span> <span class='ocrx_word' id='word_1_344' title='bbox 1747 3164 1806 3211; x_wconf 92' lang='lat' dir='ltr'><strong>ut</strong></span> <span class='ocrx_word' id='word_1_345' title='bbox 1831 3158 1908 3212; x_wconf 90' lang='lat' dir='ltr'><strong>ita</strong></span> <span class='ocrx_word' id='word_1_346' title='bbox 1933 3157 2130 3225; x_wconf 90' lang='lat' dir='ltr'><strong>dicam,</strong></span> 
     </span>
    </p>
   </div>
   <div class='ocr_carea' id='block_1_48' title="bbox 2237 1970 3838 2040">
    <p class='ocr_par' dir='ltr' id='par_1_48' title="bbox 2237 1970 3838 2040">
     <span class='ocr_line' id='line_1_48' title="bbox 2237 1970 3838 2040; baseline -0.003 -13"><span class='ocrx_word' id='word_1_347' title='bbox 2237 1972 2362 2027; x_wconf 91' lang='lat' dir='ltr'><strong>dem</strong></span> <span class='ocrx_word' id='word_1_348' title='bbox 2406 1971 2652 2026; x_wconf 87' lang='lat' dir='ltr'><strong>doctrina</strong></span> <span class='ocrx_word' id='word_1_349' title='bbox 2697 1970 2778 2026; x_wconf 92' lang='lat' dir='ltr'><strong>eis</strong></span> <span class='ocrx_word' id='word_1_350' title='bbox 2828 1970 3061 2040; x_wconf 91' lang='lat' dir='ltr'><strong>primum</strong></span> <span class='ocrx_word' id='word_1_351' title='bbox 3106 1977 3394 2039; x_wconf 64' lang='lat' dir='ltr'><strong>praestatur</strong></span> <span class='ocrx_word' id='word_1_352' title='bbox 3437 1983 3506 2023; x_wconf 84' lang='lat' dir='ltr'><strong>ex</strong></span> <span class='ocrx_word' id='word_1_353' title='bbox 3554 1982 3838 2031; x_wconf 85' lang='lat' dir='ltr'><strong>sermone,</strong></span> 
     </span>
    </p>
   </div>
   <div class='ocr_carea' id='block_1_49' title="bbox 2237 2059 3841 2134">
    <p class='ocr_par' dir='ltr' id='par_1_49' title="bbox 2237 2059 3841 2134">
     <span class='ocr_line' id='line_1_49' title="bbox 2237 2059 3841 2134; baseline -0.004 -14"><span class='ocrx_word' id='word_1_354' title='bbox 2237 2065 2414 2120; x_wconf 86' lang='lat' dir='ltr'><strong>media</strong></span> <span class='ocrx_word' id='word_1_355' title='bbox 2440 2078 2510 2118; x_wconf 87' lang='lat' dir='ltr'><strong>ex</strong></span> <span class='ocrx_word' id='word_1_356' title='bbox 2544 2063 2803 2134; x_wconf 89' lang='lat' dir='ltr'><strong>operibus</strong></span> <span class='ocrx_word' id='word_1_357' title='bbox 2829 2061 3131 2118; x_wconf 89' lang='lat' dir='ltr'><strong>divinitatis</strong></span> <span class='ocrx_word' id='word_1_358' title='bbox 3159 2061 3325 2126; x_wconf 88' lang='lat' dir='ltr'><strong>ﬁdes;</strong></span> <span class='ocrx_word' id='word_1_359' title='bbox 3364 2059 3562 2116; x_wconf 86' lang='lat' dir='ltr'><strong>deinde</strong></span> <span class='ocrx_word' id='word_1_360' title='bbox 3589 2068 3841 2130; x_wconf 87' lang='lat' dir='ltr'><strong>potestas</strong></span> 
     </span>
    </p>
   </div>
   <div class='ocr_carea' id='block_1_50' title="bbox 2236 2151 3843 2227">
    <p class='ocr_par' dir='ltr' id='par_1_50' title="bbox 2236 2151 3843 2227">
     <span class='ocr_line' id='line_1_50' title="bbox 2236 2151 3843 2227; baseline -0.004 -17"><span class='ocrx_word' id='word_1_361' title='bbox 2236 2156 2362 2211; x_wconf 89' lang='lat' dir='ltr'><strong>ﬁdei</strong></span> <span class='ocrx_word' id='word_1_362' title='bbox 2401 2171 2500 2227; x_wconf 93' lang='lat' dir='ltr'><strong>per</strong></span> <span class='ocrx_word' id='word_1_363' title='bbox 2537 2155 2769 2227; x_wconf 89' lang='lat' dir='ltr'><strong>gratiam</strong></span> <span class='ocrx_word' id='word_1_364' title='bbox 2818 2154 3143 2209; x_wconf 90' lang='lat' dir='ltr'><strong>terminatur</strong></span> <span class='ocrx_word' id='word_1_365' title='bbox 3179 2172 3191 2207; x_wconf 90' lang='lat'><strong>:</strong></span> <span class='ocrx_word' id='word_1_366' title='bbox 3232 2161 3292 2207; x_wconf 92' lang='lat' dir='ltr'><strong>ut</strong></span> <span class='ocrx_word' id='word_1_367' title='bbox 3326 2167 3426 2207; x_wconf 92' lang='lat' dir='ltr'><strong>nec</strong></span> <span class='ocrx_word' id='word_1_368' title='bbox 3471 2151 3723 2208; x_wconf 91' lang='lat' dir='ltr'><strong>doctrina</strong></span> <span class='ocrx_word' id='word_1_369' title='bbox 3769 2151 3843 2206; x_wconf 89' lang='lat' dir='ltr'><strong>sit</strong></span> 
     </span>
    </p>
   </div>
   <div class='ocr_carea' id='block_1_51' title="bbox 2235 2243 3842 2318">
    <p class='ocr_par' dir='ltr' id='par_1_51' title="bbox 2235 2243 3842 2318">
     <span class='ocr_line' id='line_1_51' title="bbox 2235 2243 3842 2318; baseline -0.004 -15"><span class='ocrx_word' id='word_1_370' title='bbox 2235 2247 2356 2303; x_wconf 89' lang='lat' dir='ltr'><strong>sine</strong></span> <span class='ocrx_word' id='word_1_371' title='bbox 2382 2255 2653 2318; x_wconf 90' lang='lat' dir='ltr'><strong>potestate</strong></span> <span class='ocrx_word' id='word_1_372' title='bbox 2698 2245 2998 2318; x_wconf 92' lang='lat' dir='ltr'><strong>signorum,</strong></span> <span class='ocrx_word' id='word_1_373' title='bbox 3031 2259 3132 2300; x_wconf 91' lang='lat' dir='ltr'><strong>nec</strong></span> <span class='ocrx_word' id='word_1_374' title='bbox 3160 2251 3400 2314; x_wconf 88' lang='lat' dir='ltr'><strong>potestas</strong></span> <span class='ocrx_word' id='word_1_375' title='bbox 3434 2243 3555 2298; x_wconf 90' lang='lat' dir='ltr'><strong>sine</strong></span> <span class='ocrx_word' id='word_1_376' title='bbox 3583 2243 3842 2298; x_wconf 86' lang='lat' dir='ltr'><strong>doctrina</strong></span> 
     </span>
    </p>
   </div>
   <div class='ocr_carea' id='block_1_52' title="bbox 2236 2335 3840 2409">
    <p class='ocr_par' dir='ltr' id='par_1_52' title="bbox 2236 2335 3840 2409">
     <span class='ocr_line' id='line_1_52' title="bbox 2236 2335 3840 2409; baseline -0.003 -15"><span class='ocrx_word' id='word_1_377' title='bbox 2236 2338 2534 2409; x_wconf 84' lang='lat' dir='ltr'><strong>sapientiae,</strong></span> <span class='ocrx_word' id='word_1_378' title='bbox 2577 2351 2752 2408; x_wconf 89' lang='lat' dir='ltr'><strong>neque</strong></span> <span class='ocrx_word' id='word_1_379' title='bbox 2792 2345 3034 2408; x_wconf 89' lang='lat' dir='ltr'><strong>potestas</strong></span> <span class='ocrx_word' id='word_1_380' title='bbox 3080 2337 3381 2407; x_wconf 90' lang='lat' dir='ltr'><strong>signorum,</strong></span> <span class='ocrx_word' id='word_1_381' title='bbox 3415 2343 3511 2390; x_wconf 91' lang='lat' dir='ltr'><strong>aut</strong></span> <span class='ocrx_word' id='word_1_382' title='bbox 3539 2335 3840 2405; x_wconf 88' lang='lat' dir='ltr'><strong>sapientia,</strong></span> 
     </span>
    </p>
   </div>
   <div class='ocr_carea' id='block_1_53' title="bbox 2237 2426 3842 2499">
    <p class='ocr_par' dir='ltr' id='par_1_53' title="bbox 2237 2426 3842 2499">
     <span class='ocr_line' id='line_1_53' title="bbox 2237 2426 3842 2499; baseline -0.002 -14"><span class='ocrx_word' id='word_1_383' title='bbox 2237 2430 2354 2485; x_wconf 90' lang='lat' dir='ltr'><strong>sine</strong></span> <span class='ocrx_word' id='word_1_384' title='bbox 2389 2428 2530 2484; x_wconf 90' lang='lat' dir='ltr'><strong>ﬁde:</strong></span> <span class='ocrx_word' id='word_1_385' title='bbox 2555 2428 2649 2484; x_wconf 88' lang='lat' dir='ltr'><strong>sed</strong></span> <span class='ocrx_word' id='word_1_386' title='bbox 2675 2428 2909 2499; x_wconf 89' lang='lat' dir='ltr'><strong>pendeat</strong></span> <span class='ocrx_word' id='word_1_387' title='bbox 2937 2436 3170 2498; x_wconf 91' lang='lat' dir='ltr'><strong>uterque</strong></span> <span class='ocrx_word' id='word_1_388' title='bbox 3192 2427 3457 2483; x_wconf 88' lang='lat' dir='ltr'><strong>terminus</strong></span> <span class='ocrx_word' id='word_1_389' title='bbox 3479 2442 3548 2483; x_wconf 86' lang='lat' dir='ltr'><strong>ex</strong></span> <span class='ocrx_word' id='word_1_390' title='bbox 3572 2427 3684 2482; x_wconf 88' lang='lat' dir='ltr'><strong>ﬁde</strong></span> <span class='ocrx_word' id='word_1_391' title='bbox 3709 2426 3842 2482; x_wconf 87' lang='lat' dir='ltr'><strong>Jesu</strong></span> 
     </span>
    </p>
   </div>
   <div class='ocr_carea' id='block_1_54' title="bbox 2237 2519 3843 2590">
    <p class='ocr_par' dir='ltr' id='par_1_54' title="bbox 2237 2519 3843 2590">
     <span class='ocr_line' id='line_1_54' title="bbox 2237 2519 3843 2590; baseline -0.002 -15"><span class='ocrx_word' id='word_1_392' title='bbox 2237 2519 2457 2584; x_wconf 89' lang='lat' dir='ltr'><strong>Christi,</strong></span> <span class='ocrx_word' id='word_1_393' title='bbox 2493 2529 2762 2590; x_wconf 90' lang='lat' dir='ltr'><strong>quatenus</strong></span> <span class='ocrx_word' id='word_1_394' title='bbox 2807 2527 2864 2575; x_wconf 91' lang='lat' dir='ltr'><strong>et</strong></span> <span class='ocrx_word' id='word_1_395' title='bbox 2904 2519 3152 2575; x_wconf 85' lang='lat' dir='ltr'><strong>doctrina</strong></span> <span class='ocrx_word' id='word_1_396' title='bbox 3187 2533 3308 2573; x_wconf 90' lang='lat' dir='ltr'><strong>eam</strong></span> <span class='ocrx_word' id='word_1_397' title='bbox 3350 2527 3496 2574; x_wconf 91' lang='lat' dir='ltr'><strong>recte</strong></span> <span class='ocrx_word' id='word_1_398' title='bbox 3535 2519 3751 2589; x_wconf 87' lang='lat' dir='ltr'><strong>sapiat;</strong></span> <span class='ocrx_word' id='word_1_399' title='bbox 3787 2528 3843 2572; x_wconf 89' lang='lat' dir='ltr'><strong>et</strong></span> 
     </span>
    </p>
   </div>
   <div class='ocr_carea' id='block_1_55' title="bbox 2235 2607 3845 2680">
    <p class='ocr_par' dir='ltr' id='par_1_55' title="bbox 2235 2607 3845 2680">
     <span class='ocr_line' id='line_1_55' title="bbox 2235 2607 3845 2680; baseline -0.001 -16"><span class='ocrx_word' id='word_1_400' title='bbox 2235 2617 2478 2680; x_wconf 86' lang='lat' dir='ltr'><strong>potestas</strong></span> <span class='ocrx_word' id='word_1_401' title='bbox 2506 2624 2616 2664; x_wconf 91' lang='lat' dir='ltr'><strong>non</strong></span> <span class='ocrx_word' id='word_1_402' title='bbox 2641 2608 2858 2664; x_wconf 85' lang='lat' dir='ltr'><strong>aliunde</strong></span> <span class='ocrx_word' id='word_1_403' title='bbox 2881 2624 3046 2680; x_wconf 89' lang='lat' dir='ltr'><strong>quam</strong></span> <span class='ocrx_word' id='word_1_404' title='bbox 3069 2625 3136 2664; x_wconf 81' lang='lat' dir='ltr'><strong>ex</strong></span> <span class='ocrx_word' id='word_1_405' title='bbox 3159 2607 3264 2664; x_wconf 90' lang='lat' dir='ltr'><strong>ﬁde</strong></span> <span class='ocrx_word' id='word_1_406' title='bbox 3288 2609 3478 2679; x_wconf 92' lang='lat' dir='ltr'><strong>possit.</strong></span> <span class='ocrx_word' id='word_1_407' title='bbox 3505 2607 3680 2675; x_wconf 86' lang='lat' dir='ltr'><strong>Quam</strong></span> <span class='ocrx_word' id='word_1_408' title='bbox 3709 2625 3845 2663; x_wconf 87' lang='lat' dir='ltr'><strong>sane</strong></span> 
     </span>
    </p>
   </div>
   <div class='ocr_carea' id='block_1_56' title="bbox 2237 2697 3838 2770">
    <p class='ocr_par' dir='ltr' id='par_1_56' title="bbox 2237 2697 3838 2770">
     <span class='ocr_line' id='line_1_56' title="bbox 2237 2697 3838 2770; baseline -0.001 -16"><span class='ocrx_word' id='word_1_409' title='bbox 2237 2699 2611 2756; x_wconf 90' lang='lat' dir='ltr'><strong>alternationis</strong></span> <span class='ocrx_word' id='word_1_410' title='bbox 2661 2699 2901 2770; x_wconf 86' lang='lat' dir='ltr'><strong>speciem</strong></span> <span class='ocrx_word' id='word_1_411' title='bbox 2948 2699 3142 2755; x_wconf 91' lang='lat' dir='ltr'><strong>musici</strong></span> <span class='ocrx_word' id='word_1_412' title='bbox 3191 2699 3527 2754; x_wconf 88' lang='lat' dir='ltr'><strong>admirantes</strong></span> <span class='ocrx_word' id='word_1_413' title='bbox 3578 2697 3838 2760; x_wconf 85' lang='lat' dir='ltr'><strong>laudant,</strong></span> 
     </span>
    </p>
   </div>
   <div class='ocr_carea' id='block_1_57' title="bbox 2239 2790 3842 2862">
    <p class='ocr_par' dir='ltr' id='par_1_57' title="bbox 2239 2790 3842 2862">
     <span class='ocr_line' id='line_1_57' title="bbox 2239 2790 3842 2862; baseline 0 -18"><span class='ocrx_word' id='word_1_414' title='bbox 2239 2798 2299 2844; x_wconf 91' lang='lat' dir='ltr'><strong>ut</strong></span> <span class='ocrx_word' id='word_1_415' title='bbox 2332 2790 2596 2845; x_wconf 90' lang='lat' dir='ltr'><strong>medietas</strong></span> <span class='ocrx_word' id='word_1_416' title='bbox 2643 2790 2979 2862; x_wconf 73' lang='lat' dir='ltr'><strong>symphonia:</strong></span> <span class='ocrx_word' id='word_1_417' title='bbox 3029 2792 3258 2845; x_wconf 90' lang='lat' dir='ltr'><strong>duarum</strong></span> <span class='ocrx_word' id='word_1_418' title='bbox 3300 2790 3536 2860; x_wconf 90' lang='lat' dir='ltr'><strong>partium</strong></span> <span class='ocrx_word' id='word_1_419' title='bbox 3584 2791 3842 2860; x_wconf 87' lang='lat' dir='ltr'><strong>utrisque</strong></span> 
     </span>
    </p>
   </div>
   <div class='ocr_carea' id='block_1_58' title="bbox 2238 2883 3844 2956">
    <p class='ocr_par' dir='ltr' id='par_1_58' title="bbox 2238 2883 3844 2956">
     <span class='ocr_line' id='line_1_58' title="bbox 2238 2883 3844 2956; baseline -0.001 -16"><span class='ocrx_word' id='word_1_420' title='bbox 2238 2900 2461 2940; x_wconf 89' lang='lat' dir='ltr'><strong>suorum</strong></span> <span class='ocrx_word' id='word_1_421' title='bbox 2495 2899 2649 2955; x_wconf 59' lang='lat' dir='ltr'><strong>atque</strong></span> <span class='ocrx_word' id='word_1_422' title='bbox 2686 2884 3015 2956; x_wconf 89' lang='lat' dir='ltr'><strong>respondeat</strong></span> <span class='ocrx_word' id='word_1_423' title='bbox 3063 2883 3330 2949; x_wconf 90' lang='lat' dir='ltr'><strong>terminis,</strong></span> <span class='ocrx_word' id='word_1_424' title='bbox 3381 2893 3435 2937; x_wconf 92' lang='lat' dir='ltr'><strong>et</strong></span> <span class='ocrx_word' id='word_1_425' title='bbox 3469 2883 3573 2955; x_wconf 89' lang='lat' dir='ltr'><strong>ipsi</strong></span> <span class='ocrx_word' id='word_1_426' title='bbox 3613 2885 3844 2941; x_wconf 90' lang='lat' dir='ltr'><strong>tandem</strong></span> 
     </span>
    </p>
   </div>
   <div class='ocr_carea' id='block_1_59' title="bbox 2240 2972 3847 3032">
    <p class='ocr_par' dir='ltr' id='par_1_59' title="bbox 2240 2972 3847 3032">
     <span class='ocr_line' id='line_1_59' title="bbox 2240 2972 3847 3032; baseline -0.001 -1"><span class='ocrx_word' id='word_1_427' title='bbox 2240 2976 2585 3032; x_wconf 88' lang='lat' dir='ltr'><strong>medietatem</strong></span> <span class='ocrx_word' id='word_1_428' title='bbox 2622 2975 2876 3032; x_wconf 87' lang='lat' dir='ltr'><strong>eﬁiciant.</strong></span> <span class='ocrx_word' id='word_1_429' title='bbox 2909 2972 3152 3030; x_wconf 85' lang='lat' dir='ltr'><strong>Eﬁicitur</strong></span> <span class='ocrx_word' id='word_1_430' title='bbox 3187 2983 3370 3030; x_wconf 88' lang='lat' dir='ltr'><strong>autem</strong></span> <span class='ocrx_word' id='word_1_431' title='bbox 3413 2975 3546 3031; x_wconf 88' lang='lat' dir='ltr'><strong>ﬁdes</strong></span> <span class='ocrx_word' id='word_1_432' title='bbox 3591 2975 3847 3030; x_wconf 90' lang='lat' dir='ltr'><strong>testimo-</strong></span> 
     </span>
    </p>
   </div>
   <div class='ocr_carea' id='block_1_60' title="bbox 2239 3065 3848 3138">
    <p class='ocr_par' dir='ltr' id='par_1_60' title="bbox 2239 3065 3848 3138">
     <span class='ocr_line' id='line_1_60' title="bbox 2239 3065 3848 3138; baseline 0.001 -18"><span class='ocrx_word' id='word_1_433' title='bbox 2239 3066 2388 3121; x_wconf 92' lang='lat' dir='ltr'><strong>nium</strong></span> <span class='ocrx_word' id='word_1_434' title='bbox 2431 3066 2640 3122; x_wconf 87' lang='lat' dir='ltr'><strong>habens</strong></span> <span class='ocrx_word' id='word_1_435' title='bbox 2677 3082 2708 3119; x_wconf 91' lang='lat' dir='ltr'><strong>a</strong></span> <span class='ocrx_word' id='word_1_436' title='bbox 2740 3065 2858 3138; x_wconf 89' lang='lat' dir='ltr'><strong>lege</strong></span> <span class='ocrx_word' id='word_1_437' title='bbox 2885 3066 2968 3121; x_wconf 87' lang='lat' dir='ltr'><strong>vel</strong></span> <span class='ocrx_word' id='word_1_438' title='bbox 2997 3066 3299 3137; x_wconf 89' lang='lat' dir='ltr'><strong>prophetis,</strong></span> <span class='ocrx_word' id='word_1_439' title='bbox 3329 3074 3383 3121; x_wconf 89' lang='lat' dir='ltr'><strong>et</strong></span> <span class='ocrx_word' id='word_1_440' title='bbox 3410 3066 3614 3122; x_wconf 89' lang='lat' dir='ltr'><strong>virtute</strong></span> <span class='ocrx_word' id='word_1_441' title='bbox 3653 3067 3848 3138; x_wconf 84' lang='lat' dir='ltr'><strong>signo-</strong></span> 
     </span>
    </p>
   </div>
   <div class='ocr_carea' id='block_1_61' title="bbox 2239 3157 3846 3228">
    <p class='ocr_par' dir='ltr' id='par_1_61' title="bbox 2239 3157 3846 3228">
     <span class='ocr_line' id='line_1_61' title="bbox 2239 3157 3846 3228; baseline 0.001 -14"><span class='ocrx_word' id='word_1_442' title='bbox 2239 3175 2363 3214; x_wconf 91' lang='lat' dir='ltr'><strong>rum</strong></span> <span class='ocrx_word' id='word_1_443' title='bbox 2406 3157 2584 3213; x_wconf 87' lang='lat' dir='ltr'><strong>media</strong></span> <span class='ocrx_word' id='word_1_444' title='bbox 2623 3157 2982 3212; x_wconf 91' lang='lat' dir='ltr'><strong>concluditur.</strong></span> <span class='ocrx_word' id='word_1_445' title='bbox 3031 3157 3239 3213; x_wconf 86' lang='lat' dir='ltr'><strong>Idcirco</strong></span> <span class='ocrx_word' id='word_1_446' title='bbox 3266 3158 3505 3228; x_wconf 90' lang='lat' dir='ltr'><strong>primum</strong></span> <span class='ocrx_word' id='word_1_447' title='bbox 3534 3158 3752 3226; x_wconf 87' lang='lat' dir='ltr'><strong>docuit,</strong></span> <span class='ocrx_word' id='word_1_448' title='bbox 3781 3169 3846 3215; x_wconf 87' lang='lat' dir='ltr'><strong>ut</strong></span> 
     </span>
    </p>
   </div>
   <div class='ocr_carea' id='block_1_62' title="bbox 542 3243 3842 3324">
    <p class='ocr_par' dir='ltr' id='par_1_62' title="bbox 542 3243 3842 3324">
     <span class='ocr_line' id='line_1_62' title="bbox 542 3243 3842 3324; baseline 0.001 -16"><span class='ocrx_word' id='word_1_449' title='bbox 542 3254 693 3309; x_wconf 87' lang='lat' dir='ltr'><strong>orbis</strong></span> <span class='ocrx_word' id='word_1_450' title='bbox 730 3252 967 3312; x_wconf 92' lang='lat' dir='ltr'><strong>incultus</strong></span> <span class='ocrx_word' id='word_1_451' title='bbox 1011 3253 1247 3323; x_wconf 90' lang='lat' dir='ltr'><strong>jacebat,</strong></span> <span class='ocrx_word' id='word_1_452' title='bbox 1280 3260 1335 3307; x_wconf 92' lang='lat' dir='ltr'><strong>et</strong></span> <span class='ocrx_word' id='word_1_453' title='bbox 1355 3249 1468 3319; x_wconf 90' lang='lat' dir='ltr'><strong>jam</strong></span> <span class='ocrx_word' id='word_1_454' title='bbox 1502 3251 1603 3322; x_wconf 89' lang='lat' dir='ltr'><strong>ipsi</strong></span> <span class='ocrx_word' id='word_1_455' title='bbox 1628 3247 1821 3316; x_wconf 68' lang='lat' dir='ltr'><strong>Judaei,</strong></span> <span class='ocrx_word' id='word_1_456' title='bbox 1855 3251 1908 3305; x_wconf 93' lang='lat' dir='ltr'><strong>in</strong></span> <span class='ocrx_word' id='word_1_457' title='bbox 1937 3251 2134 3322; x_wconf 91' lang='lat' dir='ltr'><strong>quibus</strong></span> <span class='ocrx_word' id='word_1_458' title='bbox 2163 3243 2208 3308; x_wconf 90' lang='lat' dir='ltr'><strong>C</strong></span> <span class='ocrx_word' id='word_1_459' title='bbox 2240 3251 2584 3307; x_wconf 88' lang='lat' dir='ltr'><strong>erudirentur</strong></span> <span class='ocrx_word' id='word_1_460' title='bbox 2614 3265 2642 3304; x_wconf 90' lang='lat' dir='ltr'><strong>a</strong></span> <span class='ocrx_word' id='word_1_461' title='bbox 2673 3250 2812 3322; x_wconf 90' lang='lat' dir='ltr'><strong>lege,</strong></span> <span class='ocrx_word' id='word_1_462' title='bbox 2850 3259 2906 3306; x_wconf 90' lang='lat' dir='ltr'><strong>et</strong></span> <span class='ocrx_word' id='word_1_463' title='bbox 2934 3251 3140 3307; x_wconf 90' lang='lat' dir='ltr'><strong>addidit</strong></span> <span class='ocrx_word' id='word_1_464' title='bbox 3167 3251 3429 3322; x_wconf 89' lang='lat' dir='ltr'><strong>quidquid</strong></span> <span class='ocrx_word' id='word_1_465' title='bbox 3470 3252 3578 3324; x_wconf 89' lang='lat' dir='ltr'><strong>legi</strong></span> <span class='ocrx_word' id='word_1_466' title='bbox 3623 3253 3842 3323; x_wconf 79' lang='lat' dir='ltr'><strong>deerat,</strong></span> 
     </span>
    </p>
   </div>
   <div class='ocr_carea' id='block_1_63' title="bbox 543 3344 2135 3418">
    <p class='ocr_par' dir='ltr' id='par_1_63' title="bbox 543 3344 2135 3418">
     <span class='ocr_line' id='line_1_63' title="bbox 543 3344 2135 3418; baseline 0 -16"><span class='ocrx_word' id='word_1_467' title='bbox 543 3349 671 3403; x_wconf 90' lang='lat' dir='ltr'><strong>olim</strong></span> <span class='ocrx_word' id='word_1_468' title='bbox 694 3356 878 3418; x_wconf 89' lang='lat' dir='ltr'><strong>patres</strong></span> <span class='ocrx_word' id='word_1_469' title='bbox 905 3346 1029 3401; x_wconf 75' lang='lat' dir='ltr'><strong>vita:</strong></span> <span class='ocrx_word' id='word_1_470' title='bbox 1053 3346 1260 3400; x_wconf 87' lang='lat' dir='ltr'><strong>semina</strong></span> <span class='ocrx_word' id='word_1_471' title='bbox 1284 3354 1616 3415; x_wconf 86' lang='lat' dir='ltr'><strong>sparserant.</strong></span> <span class='ocrx_word' id='word_1_472' title='bbox 1652 3344 1734 3400; x_wconf 87' lang='lat' dir='ltr'><strong>Ad</strong></span> <span class='ocrx_word' id='word_1_473' title='bbox 1763 3344 1917 3415; x_wconf 85' lang='lat' dir='ltr'><strong>cujus</strong></span> <span class='ocrx_word' id='word_1_474' title='bbox 1948 3347 2135 3416; x_wconf 87' lang='lat' dir='ltr'><strong>utique</strong></span> 
     </span>
    </p>
   </div>
   <div class='ocr_carea' id='block_1_64' title="bbox 539 3436 2135 3513">
    <p class='ocr_par' dir='ltr' id='par_1_64' title="bbox 539 3436 2135 3513">
     <span class='ocr_line' id='line_1_64' title="bbox 539 3436 2135 3513; baseline -0.003 -16"><span class='ocrx_word' id='word_1_475' title='bbox 539 3440 995 3513; x_wconf 88' lang='lat' dir='ltr'><strong>comparationem</strong></span> <span class='ocrx_word' id='word_1_476' title='bbox 1025 3437 1402 3503; x_wconf 90' lang='lat' dir='ltr'><strong>multitudinis,</strong></span> <span class='ocrx_word' id='word_1_477' title='bbox 1429 3436 1688 3508; x_wconf 90' lang='lat' dir='ltr'><strong>operarii,</strong></span> <span class='ocrx_word' id='word_1_478' title='bbox 1721 3436 1975 3493; x_wconf 89' lang='lat' dir='ltr'><strong>videlicet</strong></span> <span class='ocrx_word' id='word_1_479' title='bbox 2004 3454 2135 3508; x_wconf 87' lang='lat' dir='ltr'><strong>apo-</strong></span> 
     </span>
    </p>
   </div>
   <div class='ocr_carea' id='block_1_65' title="bbox 540 3529 2134 3604">
    <p class='ocr_par' dir='ltr' id='par_1_65' title="bbox 540 3529 2134 3604">
     <span class='ocr_line' id='line_1_65' title="bbox 540 3529 2134 3604; baseline -0.002 -14"><span class='ocrx_word' id='word_1_480' title='bbox 540 3534 686 3600; x_wconf 88' lang='lat' dir='ltr'><strong>stoli,</strong></span> <span class='ocrx_word' id='word_1_481' title='bbox 723 3532 882 3604; x_wconf 86' lang='lat' dir='ltr'><strong>pauci</strong></span> <span class='ocrx_word' id='word_1_482' title='bbox 918 3539 1093 3596; x_wconf 91' lang='lat' dir='ltr'><strong>erant,</strong></span> <span class='ocrx_word' id='word_1_483' title='bbox 1138 3544 1238 3585; x_wconf 90' lang='lat' dir='ltr'><strong>nec</strong></span> <span class='ocrx_word' id='word_1_484' title='bbox 1282 3531 1383 3600; x_wconf 88' lang='lat' dir='ltr'><strong>ipsi</strong></span> <span class='ocrx_word' id='word_1_485' title='bbox 1420 3530 1594 3602; x_wconf 90' lang='lat' dir='ltr'><strong>gratia</strong></span> <span class='ocrx_word' id='word_1_486' title='bbox 1627 3529 1862 3601; x_wconf 90' lang='lat' dir='ltr'><strong>Spiritus</strong></span> <span class='ocrx_word' id='word_1_487' title='bbox 1909 3539 2134 3587; x_wconf 90' lang='lat' dir='ltr'><strong>eatenus</strong></span> 
     </span>
    </p>
   </div>
   <div class='ocr_carea' id='block_1_66' title="bbox 536 3621 2131 3695">
    <p class='ocr_par' dir='ltr' id='par_1_66' title="bbox 536 3621 2131 3695">
     <span class='ocr_line' id='line_1_66' title="bbox 536 3621 2131 3695; baseline -0.003 -13"><span class='ocrx_word' id='word_1_488' title='bbox 536 3624 821 3689; x_wconf 87' lang='lat' dir='ltr'><strong>illustrati,</strong></span> <span class='ocrx_word' id='word_1_489' title='bbox 861 3631 922 3678; x_wconf 90' lang='lat' dir='ltr'><strong>ut</strong></span> <span class='ocrx_word' id='word_1_490' title='bbox 951 3621 1277 3678; x_wconf 86' lang='lat' dir='ltr'><strong>suﬁicerent.</strong></span> <span class='ocrx_word' id='word_1_491' title='bbox 1315 3622 1372 3676; x_wconf 88' lang='lat' dir='ltr'><strong>lu</strong></span> <span class='ocrx_word' id='word_1_492' title='bbox 1402 3622 1556 3693; x_wconf 87' lang='lat' dir='ltr'><strong>cujus</strong></span> <span class='ocrx_word' id='word_1_493' title='bbox 1587 3622 1744 3693; x_wconf 87' lang='lat' dir='ltr'><strong>plane</strong></span> <span class='ocrx_word' id='word_1_494' title='bbox 1771 3624 1850 3679; x_wconf 89' lang='lat' dir='ltr'><strong>rei</strong></span> <span class='ocrx_word' id='word_1_495' title='bbox 1880 3623 2131 3695; x_wconf 86' lang='lat' dir='ltr'><strong>ﬁguram,</strong></span> 
     </span>
    </p>
   </div>
   <div class='ocr_carea' id='block_1_67' title="bbox 539 3717 2133 3791">
    <p class='ocr_par' dir='ltr' id='par_1_67' title="bbox 539 3717 2133 3791">
     <span class='ocr_line' id='line_1_67' title="bbox 539 3717 2133 3791; baseline -0.002 -12"><span class='ocrx_word' id='word_1_496' title='bbox 539 3739 602 3779; x_wconf 79' lang='lat' dir='ltr'><strong>ex</strong></span> <span class='ocrx_word' id='word_1_497' title='bbox 634 3721 864 3778; x_wconf 90' lang='lat' dir='ltr'><strong>consilio</strong></span> <span class='ocrx_word' id='word_1_498' title='bbox 901 3719 1074 3775; x_wconf 85' lang='lat' dir='ltr'><strong>soceri</strong></span> <span class='ocrx_word' id='word_1_499' title='bbox 1115 3717 1335 3790; x_wconf 85' lang='lat' dir='ltr'><strong>Moysen</strong></span> <span class='ocrx_word' id='word_1_500' title='bbox 1377 3719 1445 3773; x_wconf 87' lang='lat' dir='ltr'><strong>ad</strong></span> <span class='ocrx_word' id='word_1_501' title='bbox 1479 3719 1835 3775; x_wconf 88' lang='lat' dir='ltr'><strong>erudiendum</strong></span> <span class='ocrx_word' id='word_1_502' title='bbox 1875 3721 2133 3791; x_wconf 90' lang='lat' dir='ltr'><strong>populum</strong></span> 
     </span>
    </p>
   </div>
   <div class='ocr_carea' id='block_1_68' title="bbox 537 3811 2135 3885">
    <p class='ocr_par' dir='ltr' id='par_1_68' title="bbox 537 3811 2135 3885">
     <span class='ocr_line' id='line_1_68' title="bbox 537 3811 2135 3885; baseline -0.001 -15"><span class='ocrx_word' id='word_1_503' title='bbox 537 3817 699 3870; x_wconf 87' lang='lat' dir='ltr'><strong>unius</strong></span> <span class='ocrx_word' id='word_1_504' title='bbox 765 3812 943 3885; x_wconf 90' lang='lat' dir='ltr'><strong>gentis</strong></span> <span class='ocrx_word' id='word_1_505' title='bbox 997 3812 1182 3881; x_wconf 90' lang='lat' dir='ltr'><strong>plures</strong></span> <span class='ocrx_word' id='word_1_506' title='bbox 1242 3811 1588 3866; x_wconf 90' lang='lat' dir='ltr'><strong>constituisse</strong></span> <span class='ocrx_word' id='word_1_507' title='bbox 1643 3811 1842 3882; x_wconf 88' lang='lat' dir='ltr'><strong>gradus</strong></span> <span class='ocrx_word' id='word_1_508' title='bbox 1905 3811 2135 3884; x_wconf 88' lang='lat' dir='ltr'><strong>legimus</strong></span> 
     </span>
    </p>
   </div>
   <div class='ocr_carea' id='block_1_69' title="bbox 540 3901 2137 3976">
    <p class='ocr_par' dir='ltr' id='par_1_69' title="bbox 540 3901 2137 3976">
     <span class='ocr_line' id='line_1_69' title="bbox 540 3901 2137 3976; baseline 0.001 -17"><span class='ocrx_word' id='word_1_509' title='bbox 540 3904 754 3976; x_wconf 74' lang='lat' dir='ltr'><strong>(Exod.</strong></span> <span class='ocrx_word' id='word_1_510' title='bbox 805 3901 973 3969; x_wconf 84' lang='lat' dir='ltr'><strong>xvtn)</strong></span> <span class='ocrx_word' id='word_1_511' title='bbox 1018 3918 1035 3968; x_wconf 65' lang='grc' dir='ltr'>ξ</span> <span class='ocrx_word' id='word_1_512' title='bbox 1080 3909 1284 3971; x_wconf 91' lang='lat' dir='ltr'><strong>quanto</strong></span> <span class='ocrx_word' id='word_1_513' title='bbox 1328 3902 1499 3973; x_wconf 90' lang='lat' dir='ltr'><strong>magis</strong></span> <span class='ocrx_word' id='word_1_514' title='bbox 1548 3901 1601 3956; x_wconf 92' lang='lat' dir='ltr'><strong>in</strong></span> <span class='ocrx_word' id='word_1_515' title='bbox 1645 3903 1747 3957; x_wconf 88' lang='lat' dir='ltr'><strong>hac</strong></span> <span class='ocrx_word' id='word_1_516' title='bbox 1795 3901 2137 3960; x_wconf 89' lang='lat' dir='ltr'><strong>multitudine</strong></span> 
     </span>
    </p>
   </div>
   <div class='ocr_carea' id='block_1_70' title="bbox 535 3991 2135 4068">
    <p class='ocr_par' dir='ltr' id='par_1_70' title="bbox 535 3991 2135 4068">
     <span class='ocr_line' id='line_1_70' title="bbox 535 3991 2135 4068; baseline -0.003 -14"><span class='ocrx_word' id='word_1_517' title='bbox 535 3996 763 4054; x_wconf 87' lang='lat' dir='ltr'><strong>humani</strong></span> <span class='ocrx_word' id='word_1_518' title='bbox 809 3994 1027 4068; x_wconf 88' lang='lat' dir='ltr'><strong>generis</strong></span> <span class='ocrx_word' id='word_1_519' title='bbox 1078 3995 1395 4064; x_wconf 89' lang='lat' dir='ltr'><strong>rogandum,</strong></span> <span class='ocrx_word' id='word_1_520' title='bbox 1439 4002 1501 4046; x_wconf 92' lang='lat' dir='ltr'><strong>ut</strong></span> <span class='ocrx_word' id='word_1_521' title='bbox 1541 3991 1833 4047; x_wconf 90' lang='lat' dir='ltr'><strong>mittantur</strong></span> <span class='ocrx_word' id='word_1_522' title='bbox 1863 3994 2135 4050; x_wconf 89' lang='lat' dir='ltr'><strong>aChristo</strong></span> 
     </span>
    </p>
   </div>
   <div class='ocr_carea' id='block_1_71' title="bbox 539 4085 2131 4164">
    <p class='ocr_par' dir='ltr' id='par_1_71' title="bbox 539 4085 2131 4164">
     <span class='ocr_line' id='line_1_71' title="bbox 539 4085 2131 4164; baseline -0.004 -16"><span class='ocrx_word' id='word_1_523' title='bbox 539 4092 724 4164; x_wconf 88' lang='lat' dir='ltr'><strong>plures</strong></span> <span class='ocrx_word' id='word_1_524' title='bbox 770 4089 1027 4160; x_wconf 90' lang='lat' dir='ltr'><strong>operarii,</strong></span> <span class='ocrx_word' id='word_1_525' title='bbox 1065 4102 1294 4157; x_wconf 91' lang='lat' dir='ltr'><strong>quorum</strong></span> <span class='ocrx_word' id='word_1_526' title='bbox 1331 4085 1590 4140; x_wconf 88' lang='lat' dir='ltr'><strong>doctrinis</strong></span> <span class='ocrx_word' id='word_1_527' title='bbox 1634 4086 1829 4141; x_wconf 89' lang='lat' dir='ltr'><strong>messis</strong></span> <span class='ocrx_word' id='word_1_528' title='bbox 1874 4094 1930 4140; x_wconf 89' lang='lat' dir='ltr'><strong>et</strong></span> <span class='ocrx_word' id='word_1_529' title='bbox 1955 4087 2131 4152; x_wconf 90' lang='lat' dir='ltr'><strong>vinea,</strong></span> 
     </span>
    </p>
   </div>
   <div class='ocr_carea' id='block_1_72' title="bbox 540 4177 2136 4254">
    <p class='ocr_par' dir='ltr' id='par_1_72' title="bbox 540 4177 2136 4254">
     <span class='ocr_line' id='line_1_72' title="bbox 540 4177 2136 4254; baseline -0.004 -13"><span class='ocrx_word' id='word_1_530' title='bbox 540 4186 598 4241; x_wconf 92' lang='lat' dir='ltr'><strong>in</strong></span> <span class='ocrx_word' id='word_1_531' title='bbox 628 4199 736 4254; x_wconf 88' lang='lat' dir='ltr'><strong>qua</strong></span> <span class='ocrx_word' id='word_1_532' title='bbox 763 4191 918 4253; x_wconf 90' lang='lat' dir='ltr'><strong>pater</strong></span> <span class='ocrx_word' id='word_1_533' title='bbox 952 4179 1192 4252; x_wconf 87' lang='lat' dir='ltr'><strong>agricola</strong></span> <span class='ocrx_word' id='word_1_534' title='bbox 1227 4187 1331 4243; x_wconf 91' lang='lat' dir='ltr'><strong>est,</strong></span> <span class='ocrx_word' id='word_1_535' title='bbox 1363 4177 1591 4233; x_wconf 88' lang='lat' dir='ltr'><strong>ulterius</strong></span> <span class='ocrx_word' id='word_1_536' title='bbox 1612 4177 1828 4233; x_wconf 88' lang='lat' dir='ltr'><strong>exculta</strong></span> <span class='ocrx_word' id='word_1_537' title='bbox 1866 4179 2136 4249; x_wconf 88' lang='lat' dir='ltr'><strong>c0piosius</strong></span> 
     </span>
    </p>
   </div>
   <div class='ocr_carea' id='block_1_73' title="bbox 541 4269 1515 4340">
    <p class='ocr_par' dir='ltr' id='par_1_73' title="bbox 541 4269 1515 4340">
     <span class='ocr_line' id='line_1_73' title="bbox 541 4269 1515 4340; baseline -0.009 -10"><span class='ocrx_word' id='word_1_538' title='bbox 541 4274 903 4339; x_wconf 64' lang='lat' dir='ltr'><strong>exuberet,&#39;et</strong></span> <span class='ocrx_word' id='word_1_539' title='bbox 927 4269 1157 4340; x_wconf 87' lang='lat' dir='ltr'><strong>amplius</strong></span> <span class='ocrx_word' id='word_1_540' title='bbox 1187 4269 1515 4323; x_wconf 81' lang='lat' dir='ltr'><strong>fructiﬁcet?</strong></span> 
     </span>
    </p>
   </div>
   <div class='ocr_carea' id='block_1_74' title="bbox 613 4361 2135 4440">
    <p class='ocr_par' dir='ltr' id='par_1_74' title="bbox 613 4361 2135 4440">
     <span class='ocr_line' id='line_1_74' title="bbox 613 4361 2135 4440; baseline -0.001 -19"><span class='ocrx_word' id='word_1_541' title='bbox 613 4366 766 4440; x_wconf 74' lang='grc' dir='ltr'><strong>(ΟΑΡ.</strong></span> <span class='ocrx_word' id='word_1_542' title='bbox 823 4363 916 4435; x_wconf 74' lang='grc' dir='ltr'><strong>Χ.)</strong></span> <span class='ocrx_word' id='word_1_543' title='bbox 962 4361 1170 4432; x_wconf 80' lang='lat' dir='ltr'><strong>Itaque,</strong></span> <span class='ocrx_word' id='word_1_544' title='bbox 1221 4361 1512 4415; x_wconf 78' lang='lat' dir='ltr'><strong>convocatis</strong></span> <span class='ocrx_word' id='word_1_545' title='bbox 1555 4361 1829 4416; x_wconf 83' lang='lat' dir='ltr'><strong>duodecim</strong></span> <span class='ocrx_word' id='word_1_546' title='bbox 1865 4364 2135 4435; x_wconf 81' lang='lat' dir='ltr'><strong>discipulis</strong></span> 
     </span>
    </p>
   </div>
   <div class='ocr_carea' id='block_1_75' title="bbox 541 4453 2134 4526">
    <p class='ocr_par' dir='ltr' id='par_1_75' title="bbox 541 4453 2134 4526">
     <span class='ocr_line' id='line_1_75' title="bbox 541 4453 2134 4526; baseline -0.003 -11"><span class='ocrx_word' id='word_1_547' title='bbox 541 4459 678 4526; x_wconf 87' lang='lat' dir='ltr'><strong>suis,</strong></span> <span class='ocrx_word' id='word_1_548' title='bbox 709 4458 853 4513; x_wconf 83' lang='lat' dir='ltr'><strong>dedit</strong></span> <span class='ocrx_word' id='word_1_549' title='bbox 896 4456 1002 4510; x_wconf 86' lang='lat' dir='ltr'><strong>illis</strong></span> <span class='ocrx_word' id='word_1_550' title='bbox 1042 4463 1346 4526; x_wconf 84' lang='lat' dir='ltr'><strong>potestatem</strong></span> <span class='ocrx_word' id='word_1_551' title='bbox 1394 4453 1670 4523; x_wconf 88' lang='lat' dir='ltr'><strong>spiriluum</strong></span> <span class='ocrx_word' id='word_1_552' title='bbox 1721 4455 2134 4522; x_wconf 82' lang='lat' dir='ltr'><strong>immundorum,</strong></span> 
     </span>
    </p>
   </div>
   <div class='ocr_carea' id='block_1_76' title="bbox 544 4544 2135 4620">
    <p class='ocr_par' dir='ltr' id='par_1_76' title="bbox 544 4544 2135 4620">
     <span class='ocr_line' id='line_1_76' title="bbox 544 4544 2135 4620; baseline -0.001 -17"><span class='ocrx_word' id='word_1_553' title='bbox 544 4558 602 4603; x_wconf 82' lang='lat' dir='ltr'><strong>ut</strong></span> <span class='ocrx_word' id='word_1_554' title='bbox 644 4549 888 4620; x_wconf 81' lang='lat' dir='ltr'><strong>ejicerent</strong></span> <span class='ocrx_word' id='word_1_555' title='bbox 934 4563 1044 4612; x_wconf 90' lang='lat' dir='ltr'><strong>eos,</strong></span> <span class='ocrx_word' id='word_1_556' title='bbox 1092 4555 1140 4599; x_wconf 80' lang='lat' dir='ltr'><strong>et</strong></span> <span class='ocrx_word' id='word_1_557' title='bbox 1184 4554 1427 4597; x_wconf 79' lang='lat' dir='ltr'><strong>curarent</strong></span> <span class='ocrx_word' id='word_1_558' title='bbox 1471 4561 1675 4598; x_wconf 85' lang='lat' dir='ltr'><strong>onmem</strong></span> <span class='ocrx_word' id='word_1_559' title='bbox 1721 4544 2049 4615; x_wconf 85' lang='lat' dir='ltr'><strong>languorem,</strong></span> <span class='ocrx_word' id='word_1_560' title='bbox 2086 4557 2135 4602; x_wconf 84' lang='lat' dir='ltr'><strong>et</strong></span> 
     </span>
    </p>
   </div>
   <div class='ocr_carea' id='block_1_77' title="bbox 2239 3339 3847 3411">
    <p class='ocr_par' dir='ltr' id='par_1_77' title="bbox 2239 3339 3847 3411">
     <span class='ocr_line' id='line_1_77' title="bbox 2239 3339 3847 3411; baseline 0.001 -14"><span class='ocrx_word' id='word_1_561' title='bbox 2239 3341 2437 3397; x_wconf 90' lang='lat' dir='ltr'><strong>deinde</strong></span> <span class='ocrx_word' id='word_1_562' title='bbox 2463 3339 2692 3396; x_wconf 90' lang='lat' dir='ltr'><strong>Deitatis</strong></span> <span class='ocrx_word' id='word_1_563' title='bbox 2732 3355 2901 3411; x_wconf 91' lang='lat' dir='ltr'><strong>opere</strong></span> <span class='ocrx_word' id='word_1_564' title='bbox 2935 3341 3080 3411; x_wconf 89' lang='lat' dir='ltr'><strong>quod</strong></span> <span class='ocrx_word' id='word_1_565' title='bbox 3109 3341 3253 3397; x_wconf 90' lang='lat' dir='ltr'><strong>Deus</strong></span> <span class='ocrx_word' id='word_1_566' title='bbox 3289 3350 3437 3398; x_wconf 89' lang='lat' dir='ltr'><strong>esset</strong></span> <span class='ocrx_word' id='word_1_567' title='bbox 3465 3341 3633 3398; x_wconf 88' lang='lat' dir='ltr'><strong>ﬁdem</strong></span> <span class='ocrx_word' id='word_1_568' title='bbox 3680 3344 3847 3401; x_wconf 86' lang='lat' dir='ltr'><strong>insti-</strong></span> 
     </span>
    </p>
   </div>
   <div class='ocr_carea' id='block_1_78' title="bbox 2238 3432 3846 3509">
    <p class='ocr_par' dir='ltr' id='par_1_78' title="bbox 2238 3432 3846 3509">
     <span class='ocr_line' id='line_1_78' title="bbox 2238 3432 3846 3509; baseline 0.004 -23"><span class='ocrx_word' id='word_1_569' title='bbox 2238 3432 2361 3500; x_wconf 89' lang='lat' dir='ltr'><strong>tuit,</strong></span> <span class='ocrx_word' id='word_1_570' title='bbox 2391 3447 2552 3503; x_wconf 86' lang='lat' dir='ltr'><strong>quam</strong></span> <span class='ocrx_word' id='word_1_571' title='bbox 2582 3448 2772 3488; x_wconf 88' lang='lat' dir='ltr'><strong>rursus</strong></span> <span class='ocrx_word' id='word_1_572' title='bbox 2806 3433 2924 3498; x_wconf 18' lang='lat' dir='ltr'><strong>suis;</strong></span> <span class='ocrx_word' id='word_1_573' title='bbox 2949 3439 3273 3504; x_wconf 89' lang='lat' dir='ltr'><strong>potestatem</strong></span> <span class='ocrx_word' id='word_1_574' title='bbox 3304 3432 3624 3504; x_wconf 86' lang='lat' dir='ltr'><strong>impertiens</strong></span> <span class='ocrx_word' id='word_1_575' title='bbox 3655 3436 3846 3509; x_wconf 84' lang='lat' dir='ltr'><strong>signo-</strong></span> 
     </span>
    </p>
   </div>
   <div class='ocr_carea' id='block_1_79' title="bbox 2238 3525 3846 3598">
    <p class='ocr_par' dir='ltr' id='par_1_79' title="bbox 2238 3525 3846 3598">
     <span class='ocr_line' id='line_1_79' title="bbox 2238 3525 3846 3598; baseline 0.002 -18"><span class='ocrx_word' id='word_1_576' title='bbox 2238 3541 2382 3590; x_wconf 89' lang='lat' dir='ltr'><strong>rum,</strong></span> <span class='ocrx_word' id='word_1_577' title='bbox 2410 3525 2743 3582; x_wconf 88' lang='lat' dir='ltr'><strong>validissime</strong></span> <span class='ocrx_word' id='word_1_578' title='bbox 2769 3526 3028 3580; x_wconf 90' lang='lat' dir='ltr'><strong>ﬁrmavit.</strong></span> <span class='ocrx_word' id='word_1_579' title='bbox 3064 3526 3306 3581; x_wconf 92' lang='lat' dir='ltr'><strong>Primum</strong></span> <span class='ocrx_word' id='word_1_580' title='bbox 3332 3527 3514 3598; x_wconf 88' lang='lat' dir='ltr'><strong>itaque</strong></span> <span class='ocrx_word' id='word_1_581' title='bbox 3544 3528 3743 3583; x_wconf 89' lang='lat' dir='ltr'><strong>docuit</strong></span> <span class='ocrx_word' id='word_1_582' title='bbox 3781 3547 3846 3585; x_wconf 84' lang='lat' dir='ltr'><strong>ex</strong></span> 
     </span>
    </p>
   </div>
   <div class='ocr_carea' id='block_1_80' title="bbox 2237 3617 3848 3690">
    <p class='ocr_par' dir='ltr' id='par_1_80' title="bbox 2237 3617 3848 3690">
     <span class='ocr_line' id='line_1_80' title="bbox 2237 3617 3848 3690; baseline 0.002 -18"><span class='ocrx_word' id='word_1_583' title='bbox 2237 3617 2344 3673; x_wconf 88' lang='lat' dir='ltr'><strong>ﬁde</strong></span> <span class='ocrx_word' id='word_1_584' title='bbox 2377 3617 2592 3684; x_wconf 90' lang='lat' dir='ltr'><strong>vivere,</strong></span> <span class='ocrx_word' id='word_1_585' title='bbox 2627 3617 2770 3673; x_wconf 89' lang='lat' dir='ltr'><strong>sicut</strong></span> <span class='ocrx_word' id='word_1_586' title='bbox 2810 3618 3074 3690; x_wconf 89' lang='lat' dir='ltr'><strong>scriptum</strong></span> <span class='ocrx_word' id='word_1_587' title='bbox 3103 3628 3216 3683; x_wconf 91' lang='lat' dir='ltr'><strong>est,</strong></span> <span class='ocrx_word' id='word_1_588' title='bbox 3242 3617 3431 3673; x_wconf 80' lang='lat' dir='ltr'><strong>Justus</strong></span> <span class='ocrx_word' id='word_1_589' title='bbox 3473 3627 3653 3674; x_wconf 85' lang='lat' dir='ltr'><strong>autem</strong></span> <span class='ocrx_word' id='word_1_590' title='bbox 3694 3637 3848 3675; x_wconf 77' lang='lat' dir='ltr'><strong>meus</strong></span> 
     </span>
    </p>
   </div>
   <div class='ocr_carea' id='block_1_81' title="bbox 2237 3707 3852 3782">
    <p class='ocr_par' dir='ltr' id='par_1_81' title="bbox 2237 3707 3852 3782">
     <span class='ocr_line' id='line_1_81' title="bbox 2237 3707 3852 3782; baseline -0.001 -16"><span class='ocrx_word' id='word_1_591' title='bbox 2237 3726 2302 3766; x_wconf 77' lang='lat' dir='ltr'><strong>ea:</strong></span> <span class='ocrx_word' id='word_1_592' title='bbox 2323 3710 2430 3780; x_wconf 82' lang='lat' dir='ltr'><strong>ﬁde</strong></span> <span class='ocrx_word' id='word_1_593' title='bbox 2466 3710 2585 3765; x_wconf 81' lang='lat' dir='ltr'><strong>vivit</strong></span> <span class='ocrx_word' id='word_1_594' title='bbox 2627 3707 2814 3782; x_wconf 85' lang='lat' dir='ltr'><strong>(Hebr.</strong></span> <span class='ocrx_word' id='word_1_595' title='bbox 2842 3726 2896 3775; x_wconf 79' lang='grc' dir='ltr'><strong>χ,</strong></span> <span class='ocrx_word' id='word_1_596' title='bbox 2925 3708 3037 3780; x_wconf 83' lang='grc'><strong>58).</strong></span> <span class='ocrx_word' id='word_1_597' title='bbox 3092 3707 3230 3764; x_wconf 89' lang='lat' dir='ltr'><strong>Tum</strong></span> <span class='ocrx_word' id='word_1_598' title='bbox 3261 3708 3483 3765; x_wconf 90' lang='lat' dir='ltr'><strong>demum</strong></span> <span class='ocrx_word' id='word_1_599' title='bbox 3512 3709 3623 3766; x_wconf 87' lang='lat' dir='ltr'><strong>ﬁde</strong></span> <span class='ocrx_word' id='word_1_600' title='bbox 3647 3725 3852 3781; x_wconf 85' lang='lat' dir='ltr'><strong>perce-</strong></span> 
     </span>
    </p>
   </div>
   <div class='ocr_carea' id='block_1_82' title="bbox 2237 3801 3847 3873">
    <p class='ocr_par' dir='ltr' id='par_1_82' title="bbox 2237 3801 3847 3873">
     <span class='ocr_line' id='line_1_82' title="bbox 2237 3801 3847 3873; baseline -0.002 -15"><span class='ocrx_word' id='word_1_601' title='bbox 2237 3811 2330 3873; x_wconf 90' lang='lat' dir='ltr'><strong>pta</strong></span> <span class='ocrx_word' id='word_1_602' title='bbox 2360 3803 2588 3860; x_wconf 87' lang='lat' dir='ltr'><strong>Deitatis</strong></span> <span class='ocrx_word' id='word_1_603' title='bbox 2630 3815 2794 3872; x_wconf 90' lang='lat' dir='ltr'><strong>opere</strong></span> <span class='ocrx_word' id='word_1_604' title='bbox 2837 3801 3066 3873; x_wconf 88' lang='lat' dir='ltr'><strong>largitus</strong></span> <span class='ocrx_word' id='word_1_605' title='bbox 3117 3810 3200 3857; x_wconf 90' lang='lat' dir='ltr'><strong>est</strong></span> <span class='ocrx_word' id='word_1_606' title='bbox 3241 3801 3430 3868; x_wconf 90' lang='lat' dir='ltr'><strong>etiam,</strong></span> <span class='ocrx_word' id='word_1_607' title='bbox 3478 3811 3540 3856; x_wconf 91' lang='lat' dir='ltr'><strong>ut</strong></span> <span class='ocrx_word' id='word_1_608' title='bbox 3595 3802 3643 3858; x_wconf 87' lang='lat' dir='ltr'><strong>si</strong></span> <span class='ocrx_word' id='word_1_609' title='bbox 3674 3803 3847 3858; x_wconf 87' lang='lat' dir='ltr'><strong>ﬁdem</strong></span> 
     </span>
    </p>
   </div>
   <div class='ocr_carea' id='block_1_83' title="bbox 2239 3896 3849 3968">
    <p class='ocr_par' dir='ltr' id='par_1_83' title="bbox 2239 3896 3849 3968">
     <span class='ocr_line' id='line_1_83' title="bbox 2239 3896 3849 3968; baseline 0.001 -18"><span class='ocrx_word' id='word_1_610' title='bbox 2239 3897 2504 3952; x_wconf 90' lang='lat' dir='ltr'><strong>baberent</strong></span> <span class='ocrx_word' id='word_1_611' title='bbox 2529 3896 2672 3952; x_wconf 88' lang='lat' dir='ltr'><strong>velut</strong></span> <span class='ocrx_word' id='word_1_612' title='bbox 2700 3911 2929 3968; x_wconf 91' lang='lat' dir='ltr'><strong>granum</strong></span> <span class='ocrx_word' id='word_1_613' title='bbox 2967 3897 3196 3966; x_wconf 90' lang='lat' dir='ltr'><strong>sinapis,</strong></span> <span class='ocrx_word' id='word_1_614' title='bbox 3227 3904 3449 3966; x_wconf 89' lang='lat' dir='ltr'><strong>possent</strong></span> <span class='ocrx_word' id='word_1_615' title='bbox 3474 3896 3646 3952; x_wconf 90' lang='lat' dir='ltr'><strong>verbo</strong></span> <span class='ocrx_word' id='word_1_616' title='bbox 3677 3913 3849 3954; x_wconf 89' lang='lat' dir='ltr'><strong>mon—</strong></span> 
     </span>
    </p>
   </div>
   <div class='ocr_carea' id='block_1_84' title="bbox 2241 3989 3846 4061">
    <p class='ocr_par' dir='ltr' id='par_1_84' title="bbox 2241 3989 3846 4061">
     <span class='ocr_line' id='line_1_84' title="bbox 2241 3989 3846 4061; baseline 0 -17"><span class='ocrx_word' id='word_1_617' title='bbox 2241 3999 2322 4046; x_wconf 90' lang='lat' dir='ltr'><strong>tes</strong></span> <span class='ocrx_word' id='word_1_618' title='bbox 2350 3991 2417 4046; x_wconf 92' lang='lat' dir='ltr'><strong>de</strong></span> <span class='ocrx_word' id='word_1_619' title='bbox 2451 3989 2572 4045; x_wconf 91' lang='lat' dir='ltr'><strong>loco</strong></span> <span class='ocrx_word' id='word_1_620' title='bbox 2604 3989 2898 4045; x_wconf 83' lang='lat' dir='ltr'><strong>transferre</strong></span> <span class='ocrx_word' id='word_1_621' title='bbox 2925 4006 2940 4056; x_wconf 91' lang='lat'><strong>;</strong></span> <span class='ocrx_word' id='word_1_622' title='bbox 2982 3998 3251 4059; x_wconf 89' lang='lat' dir='ltr'><strong>quatenus</strong></span> <span class='ocrx_word' id='word_1_623' title='bbox 3284 3998 3338 4044; x_wconf 89' lang='lat' dir='ltr'><strong>et</strong></span> <span class='ocrx_word' id='word_1_624' title='bbox 3364 3989 3463 4059; x_wconf 90' lang='lat' dir='ltr'><strong>ipsi</strong></span> <span class='ocrx_word' id='word_1_625' title='bbox 3494 3999 3759 4061; x_wconf 86' lang='lat' dir='ltr'><strong>potentes</strong></span> <span class='ocrx_word' id='word_1_626' title='bbox 3791 3993 3846 4046; x_wconf 89' lang='lat' dir='ltr'><strong>in</strong></span> 
     </span>
    </p>
   </div>
   <div class='ocr_carea' id='block_1_85' title="bbox 2237 4079 3848 4150">
    <p class='ocr_par' dir='ltr' id='par_1_85' title="bbox 2237 4079 3848 4150">
     <span class='ocr_line' id='line_1_85' title="bbox 2237 4079 3848 4150; baseline 0 -14"><span class='ocrx_word' id='word_1_627' title='bbox 2237 4080 2384 4136; x_wconf 90' lang='lat' dir='ltr'><strong>omni</strong></span> <span class='ocrx_word' id='word_1_628' title='bbox 2425 4093 2588 4150; x_wconf 91' lang='lat' dir='ltr'><strong>opere</strong></span> <span class='ocrx_word' id='word_1_629' title='bbox 2631 4096 2696 4136; x_wconf 87' lang='lat' dir='ltr'><strong>ac</strong></span> <span class='ocrx_word' id='word_1_630' title='bbox 2735 4096 2987 4136; x_wconf 88' lang='lat' dir='ltr'><strong>sermone</strong></span> <span class='ocrx_word' id='word_1_631' title='bbox 3028 4079 3190 4135; x_wconf 87' lang='lat' dir='ltr'><strong>ﬁdem</strong></span> <span class='ocrx_word' id='word_1_632' title='bbox 3220 4081 3478 4136; x_wconf 89' lang='lat' dir='ltr'><strong>omnibus</strong></span> <span class='ocrx_word' id='word_1_633' title='bbox 3507 4082 3576 4136; x_wconf 90' lang='lat' dir='ltr'><strong>de</strong></span> <span class='ocrx_word' id='word_1_634' title='bbox 3613 4081 3848 4138; x_wconf 85' lang='lat' dir='ltr'><strong>Christo</strong></span> 
     </span>
    </p>
   </div>
   <div class='ocr_carea' id='block_1_86' title="bbox 2239 4171 3848 4245">
    <p class='ocr_par' dir='ltr' id='par_1_86' title="bbox 2239 4171 3848 4245">
     <span class='ocr_line' id='line_1_86' title="bbox 2239 4171 3848 4245; baseline 0.002 -18"><span class='ocrx_word' id='word_1_635' title='bbox 2239 4180 2549 4228; x_wconf 90' lang='lat' dir='ltr'><strong>astruerent</strong></span> <span class='ocrx_word' id='word_1_636' title='bbox 2598 4172 2865 4228; x_wconf 89' lang='lat' dir='ltr'><strong>veritatis.</strong></span> <span class='ocrx_word' id='word_1_637' title='bbox 2906 4171 2985 4226; x_wconf 89' lang='lat' dir='ltr'><strong>’Et</strong></span> <span class='ocrx_word' id='word_1_638' title='bbox 3033 4173 3354 4240; x_wconf 89' lang='lat' dir='ltr'><strong>notandum,</strong></span> <span class='ocrx_word' id='word_1_639' title='bbox 3404 4174 3550 4244; x_wconf 90' lang='lat' dir='ltr'><strong>quod</strong></span> <span class='ocrx_word' id='word_1_640' title='bbox 3595 4174 3848 4245; x_wconf 87' lang='lat' dir='ltr'><strong>primum</strong></span> 
     </span>
    </p>
   </div>
   <div class='ocr_carea' id='block_1_87' title="bbox 2238 4264 3854 4337">
    <p class='ocr_par' dir='ltr' id='par_1_87' title="bbox 2238 4264 3854 4337">
     <span class='ocr_line' id='line_1_87' title="bbox 2238 4264 3854 4337; baseline 0.002 -17"><span class='ocrx_word' id='word_1_641' title='bbox 2238 4264 2526 4335; x_wconf 87' lang='lat' dir='ltr'><strong>spirituum</strong></span> <span class='ocrx_word' id='word_1_642' title='bbox 2558 4265 2958 4322; x_wconf 87' lang='lat' dir='ltr'><strong>immundorum</strong></span> <span class='ocrx_word' id='word_1_643' title='bbox 3003 4274 3244 4337; x_wconf 86' lang='lat' dir='ltr'><strong>potestas</strong></span> <span class='ocrx_word' id='word_1_644' title='bbox 3275 4266 3550 4332; x_wconf 88' lang='lat' dir='ltr'><strong>tribuitur,</strong></span> <span class='ocrx_word' id='word_1_645' title='bbox 3597 4276 3660 4322; x_wconf 91' lang='lat' dir='ltr'><strong>ut</strong></span> <span class='ocrx_word' id='word_1_646' title='bbox 3701 4270 3854 4326; x_wconf 82' lang='lat' dir='ltr'><strong>scia-</strong></span> 
     </span>
    </p>
   </div>
   <div class='ocr_carea' id='block_1_88' title="bbox 2239 4357 3852 4429">
    <p class='ocr_par' dir='ltr' id='par_1_88' title="bbox 2239 4357 3852 4429">
     <span class='ocr_line' id='line_1_88' title="bbox 2239 4357 3852 4429; baseline 0.002 -17"><span class='ocrx_word' id='word_1_647' title='bbox 2239 4372 2360 4412; x_wconf 88' lang='lat' dir='ltr'><strong>mus</strong></span> <span class='ocrx_word' id='word_1_648' title='bbox 2385 4357 2528 4427; x_wconf 90' lang='lat' dir='ltr'><strong>quod</strong></span> <span class='ocrx_word' id='word_1_649' title='bbox 2559 4358 2874 4413; x_wconf 90' lang='lat' dir='ltr'><strong>morborum</strong></span> <span class='ocrx_word' id='word_1_650' title='bbox 2903 4373 3103 4429; x_wconf 89' lang='lat' dir='ltr'><strong>genera</strong></span> <span class='ocrx_word' id='word_1_651' title='bbox 3148 4358 3353 4414; x_wconf 89' lang='lat' dir='ltr'><strong>eisdem</strong></span> <span class='ocrx_word' id='word_1_652' title='bbox 3382 4358 3715 4429; x_wconf 89' lang='lat' dir='ltr'><strong>corporibus</strong></span> <span class='ocrx_word' id='word_1_653' title='bbox 3756 4361 3852 4416; x_wconf 85' lang='lat' dir='ltr'><strong>in-</strong></span> 
     </span>
    </p>
   </div>
   <div class='ocr_carea' id='block_1_89' title="bbox 2239 4452 3852 4525">
    <p class='ocr_par' dir='ltr' id='par_1_89' title="bbox 2239 4452 3852 4525">
     <span class='ocr_line' id='line_1_89' title="bbox 2239 4452 3852 4525; baseline 0.002 -18"><span class='ocrx_word' id='word_1_654' title='bbox 2239 4452 2498 4525; x_wconf 90' lang='lat' dir='ltr'><strong>ﬁiguntur</strong></span> <span class='ocrx_word' id='word_1_655' title='bbox 2527 4469 2542 4507; x_wconf 87' lang='lat'><strong>:</strong></span> <span class='ocrx_word' id='word_1_656' title='bbox 2592 4454 2788 4524; x_wconf 91' lang='lat' dir='ltr'><strong>quibus</strong></span> <span class='ocrx_word' id='word_1_657' title='bbox 2818 4454 3034 4509; x_wconf 91' lang='lat' dir='ltr'><strong>demum</strong></span> <span class='ocrx_word' id='word_1_658' title='bbox 3086 4453 3345 4524; x_wconf 78' lang='lat' dir='ltr'><strong>expulsis,</strong></span> <span class='ocrx_word' id='word_1_659' title='bbox 3382 4454 3575 4510; x_wconf 91' lang='lat' dir='ltr'><strong>tribuit</strong></span> <span class='ocrx_word' id='word_1_660' title='bbox 3604 4456 3852 4512; x_wconf 82' lang='lat' dir='ltr'><strong>sanandi</strong></span> 
     </span>
    </p>
   </div>
   <div class='ocr_carea' id='block_1_90' title="bbox 2245 4547 3854 4620">
    <p class='ocr_par' dir='ltr' id='par_1_90' title="bbox 2245 4547 3854 4620">
     <span class='ocr_line' id='line_1_90' title="bbox 2245 4547 3854 4620; baseline 0.002 -19"><span class='ocrx_word' id='word_1_661' title='bbox 2245 4547 2554 4602; x_wconf 80' lang='lat' dir='ltr'><strong>facultatem</strong></span> <span class='ocrx_word' id='word_1_662' title='bbox 2597 4547 2643 4602; x_wconf 89' lang='lat' dir='ltr'><strong>si</strong></span> <span class='ocrx_word' id='word_1_663' title='bbox 2688 4547 2820 4617; x_wconf 88' lang='lat' dir='ltr'><strong>quid</strong></span> <span class='ocrx_word' id='word_1_664' title='bbox 2865 4548 2932 4603; x_wconf 90' lang='lat' dir='ltr'><strong>ab</strong></span> <span class='ocrx_word' id='word_1_665' title='bbox 2983 4547 3063 4604; x_wconf 92' lang='lat' dir='ltr'><strong>eis</strong></span> <span class='ocrx_word' id='word_1_666' title='bbox 3112 4557 3196 4603; x_wconf 85' lang='lat' dir='ltr'><strong>est</strong></span> <span class='ocrx_word' id='word_1_667' title='bbox 3245 4548 3535 4618; x_wconf 90' lang='lat' dir='ltr'><strong>ingestum.</strong></span> <span class='ocrx_word' id='word_1_668' title='bbox 3578 4547 3854 4620; x_wconf 85' lang='lat' dir='ltr'><strong>Alioquin</strong></span> 
     </span>
    </p>
   </div>
   <div class='ocr_carea' id='block_1_91' title="bbox 544 4616 3856 4714">
    <p class='ocr_par' dir='ltr' id='par_1_91' title="bbox 544 4616 3856 4714">
     <span class='ocr_line' id='line_1_91' title="bbox 544 4616 3856 4714; baseline 0.001 -17"><span class='ocrx_word' id='word_1_669' title='bbox 544 4659 751 4697; x_wconf 83' lang='lat' dir='ltr'><strong>omnem</strong></span> <span class='ocrx_word' id='word_1_670' title='bbox 792 4640 1168 4711; x_wconf 76' lang='lat' dir='ltr'><strong>inﬁmitatem.</strong></span> <span class='ocrx_word' id='word_1_671' title='bbox 1200 4639 1319 4706; x_wconf 83' lang='lat' dir='ltr'><strong>Quo</strong></span> <span class='ocrx_word' id='word_1_672' title='bbox 1353 4655 1483 4693; x_wconf 86' lang='lat' dir='ltr'><strong>sane</strong></span> <span class='ocrx_word' id='word_1_673' title='bbox 1507 4639 1623 4694; x_wconf 89' lang='lat' dir='ltr'><strong>loco</strong></span> <span class='ocrx_word' id='word_1_674' title='bbox 1651 4639 1707 4694; x_wconf 89' lang='lat' dir='ltr'><strong>in</strong></span> <span class='ocrx_word' id='word_1_675' title='bbox 1733 4648 1928 4694; x_wconf 90' lang='lat' dir='ltr'><strong>neutro</strong></span> <span class='ocrx_word' id='word_1_676' title='bbox 1968 4657 2135 4696; x_wconf 87' lang='lat' dir='ltr'><strong>evan-</strong></span> <span class='ocrx_word' id='word_1_677' title='bbox 2164 4616 2217 4674; x_wconf 81' lang='lat' dir='ltr'><strong>D</strong></span> <span class='ocrx_word' id='word_1_678' title='bbox 2245 4639 2349 4694; x_wconf 88' lang='lat' dir='ltr'><strong>nisi</strong></span> <span class='ocrx_word' id='word_1_679' title='bbox 2385 4649 2577 4696; x_wconf 89' lang='lat' dir='ltr'><strong>auctor</strong></span> <span class='ocrx_word' id='word_1_680' title='bbox 2617 4641 2872 4695; x_wconf 90' lang='lat' dir='ltr'><strong>tormenti</strong></span> <span class='ocrx_word' id='word_1_681' title='bbox 2900 4640 3054 4711; x_wconf 90' lang='lat' dir='ltr'><strong>prius</strong></span> <span class='ocrx_word' id='word_1_682' title='bbox 3087 4640 3400 4711; x_wconf 89' lang='lat' dir='ltr'><strong>pelleretur,</strong></span> <span class='ocrx_word' id='word_1_683' title='bbox 3431 4641 3585 4696; x_wconf 90' lang='lat' dir='ltr'><strong>virus</strong></span> <span class='ocrx_word' id='word_1_684' title='bbox 3613 4641 3856 4714; x_wconf 83' lang='lat' dir='ltr'><strong>languo-</strong></span> 
     </span>
    </p>
   </div>
   <div class='ocr_carea' id='block_1_92' title="bbox 546 4731 2136 4806">
    <p class='ocr_par' dir='ltr' id='par_1_92' title="bbox 546 4731 2136 4806">
     <span class='ocr_line' id='line_1_92' title="bbox 546 4731 2136 4806; baseline -0.002 -17"><span class='ocrx_word' id='word_1_685' title='bbox 546 4733 861 4806; x_wconf 87' lang='lat' dir='ltr'><strong>gelistarum</strong></span> <span class='ocrx_word' id='word_1_686' title='bbox 898 4731 1030 4786; x_wconf 92' lang='lat' dir='ltr'><strong>satis</strong></span> <span class='ocrx_word' id='word_1_687' title='bbox 1077 4739 1319 4800; x_wconf 87' lang='lat' dir='ltr'><strong>apparet,</strong></span> <span class='ocrx_word' id='word_1_688' title='bbox 1353 4745 1421 4784; x_wconf 91' lang='lat' dir='ltr'><strong>an</strong></span> <span class='ocrx_word' id='word_1_689' title='bbox 1458 4745 1555 4799; x_wconf 92' lang='lat' dir='ltr'><strong>per</strong></span> <span class='ocrx_word' id='word_1_690' title='bbox 1582 4731 2035 4796; x_wconf 90' lang='lat' dir='ltr'><strong>recordationem,</strong></span> <span class='ocrx_word' id='word_1_691' title='bbox 2069 4748 2136 4786; x_wconf 92' lang='lat' dir='ltr'><strong>an</strong></span> 
     </span>
    </p>
   </div>
   <div class='ocr_carea' id='block_1_93' title="bbox 538 4824 2136 4896">
    <p class='ocr_par' dir='ltr' id='par_1_93' title="bbox 538 4824 2136 4896">
     <span class='ocr_line' id='line_1_93' title="bbox 538 4824 2136 4896; baseline -0.002 -13"><span class='ocrx_word' id='word_1_692' title='bbox 538 4826 698 4896; x_wconf 80' lang='lat' dir='ltr'><strong>juxta</strong></span> <span class='ocrx_word' id='word_1_693' title='bbox 730 4825 971 4882; x_wconf 62' lang='lat' dir='ltr'><strong>historiae</strong></span> <span class='ocrx_word' id='word_1_694' title='bbox 999 4824 1307 4887; x_wconf 87' lang='lat' dir='ltr'><strong>veritatem,</strong></span> <span class='ocrx_word' id='word_1_695' title='bbox 1335 4824 1470 4878; x_wconf 90' lang='lat' dir='ltr'><strong>ordo</strong></span> <span class='ocrx_word' id='word_1_696' title='bbox 1496 4824 1753 4879; x_wconf 90' lang='lat' dir='ltr'><strong>narrandi</strong></span> <span class='ocrx_word' id='word_1_697' title='bbox 1791 4825 2136 4880; x_wconf 83' lang='lat' dir='ltr'><strong>successerit.</strong></span> 
     </span>
    </p>
   </div>
   <div class='ocr_carea' id='block_1_94' title="bbox 548 4914 2149 4990">
    <p class='ocr_par' dir='ltr' id='par_1_94' title="bbox 548 4914 2149 4990">
     <span class='ocr_line' id='line_1_94' title="bbox 548 4914 2149 4990; baseline -0.003 -15"><span class='ocrx_word' id='word_1_698' title='bbox 548 4919 700 4976; x_wconf 88' lang='lat' dir='ltr'><strong>Unde</strong></span> <span class='ocrx_word' id='word_1_699' title='bbox 749 4916 945 4990; x_wconf 88' lang='lat' dir='ltr'><strong>singuli</strong></span> <span class='ocrx_word' id='word_1_700' title='bbox 981 4931 1192 4981; x_wconf 88' lang='lat' dir='ltr'><strong>eorum,</strong></span> <span class='ocrx_word' id='word_1_701' title='bbox 1227 4914 1439 4970; x_wconf 84' lang='lat' dir='ltr'><strong>Marcus</strong></span> <span class='ocrx_word' id='word_1_702' title='bbox 1482 4914 1688 4970; x_wconf 88' lang='lat' dir='ltr'><strong>scilicet</strong></span> <span class='ocrx_word' id='word_1_703' title='bbox 1734 4926 1896 4986; x_wconf 89' lang='lat' dir='ltr'><strong>atque</strong></span> <span class='ocrx_word' id='word_1_704' title='bbox 1941 4916 2149 4986; x_wconf 81' lang='lat' dir='ltr'><strong>Lucas,</strong></span> 
     </span>
    </p>
   </div>
   <div class='ocr_carea' id='block_1_95' title="bbox 546 5007 2137 5084">
    <p class='ocr_par' dir='ltr' id='par_1_95' title="bbox 546 5007 2137 5084">
     <span class='ocr_line' id='line_1_95' title="bbox 546 5007 2137 5084; baseline -0.003 -17"><span class='ocrx_word' id='word_1_705' title='bbox 546 5023 602 5068; x_wconf 93' lang='lat' dir='ltr'><strong>et</strong></span> <span class='ocrx_word' id='word_1_706' title='bbox 628 5020 942 5084; x_wconf 89' lang='lat' dir='ltr'><strong>sequentem</strong></span> <span class='ocrx_word' id='word_1_707' title='bbox 997 5023 1304 5065; x_wconf 89' lang='lat' dir='ltr'><strong>sermonem</strong></span> <span class='ocrx_word' id='word_1_708' title='bbox 1353 5007 1592 5078; x_wconf 89' lang='lat' dir='ltr'><strong>quolibet</strong></span> <span class='ocrx_word' id='word_1_709' title='bbox 1629 5009 1682 5062; x_wconf 94' lang='lat' dir='ltr'><strong>in</strong></span> <span class='ocrx_word' id='word_1_710' title='bbox 1727 5008 1846 5065; x_wconf 90' lang='lat' dir='ltr'><strong>loco</strong></span> <span class='ocrx_word' id='word_1_711' title='bbox 1890 5010 2137 5064; x_wconf 90' lang='lat' dir='ltr'><strong>habitum</strong></span> 
     </span>
    </p>
   </div>
   <div class='ocr_carea' id='block_1_96' title="bbox 549 5086 2142 5173">
    <p class='ocr_par' dir='ltr' id='par_1_96' title="bbox 549 5086 2142 5173">
     <span class='ocr_line' id='line_1_96' title="bbox 549 5086 2142 5173; baseline -0.004 -11"><span class='ocrx_word' id='word_1_712' title='bbox 549 5086 854 5173; x_wconf 67' lang='lat' dir='ltr'><strong>insinuant,</strong></span> <span class='ocrx_word' id='word_1_713' title='bbox 877 5113 933 5160; x_wconf 89' lang='lat' dir='ltr'><strong>et</strong></span> <span class='ocrx_word' id='word_1_714' title='bbox 966 5114 1149 5159; x_wconf 89' lang='lat' dir='ltr'><strong>tamen</strong></span> <span class='ocrx_word' id='word_1_715' title='bbox 1187 5117 1345 5158; x_wconf 90' lang='lat' dir='ltr'><strong>nemo</strong></span> <span class='ocrx_word' id='word_1_716' title='bbox 1374 5101 1589 5158; x_wconf 79' lang='lat' dir='ltr'><strong>illorum</strong></span> <span class='ocrx_word' id='word_1_717' title='bbox 1621 5102 1830 5172; x_wconf 90' lang='lat' dir='ltr'><strong>uspiam</strong></span> <span class='ocrx_word' id='word_1_718' title='bbox 1866 5119 1898 5156; x_wconf 91' lang='lat' dir='ltr'><strong>a</strong></span> <span class='ocrx_word' id='word_1_719' title='bbox 1925 5101 2142 5156; x_wconf 89' lang='lat' dir='ltr'><strong>tramite</strong></span> 
     </span>
    </p>
   </div>
   <div class='ocr_carea' id='block_1_97' title="bbox 548 5193 2141 5260">
    <p class='ocr_par' dir='ltr' id='par_1_97' title="bbox 548 5193 2141 5260">
     <span class='ocr_line' id='line_1_97' title="bbox 548 5193 2141 5260; baseline -0.004 -8"><span class='ocrx_word' id='word_1_720' title='bbox 548 5198 795 5253; x_wconf 90' lang='lat' dir='ltr'><strong>veritatis</strong></span> <span class='ocrx_word' id='word_1_721' title='bbox 843 5195 1042 5259; x_wconf 89' lang='lat' dir='ltr'><strong>deviat,</strong></span> <span class='ocrx_word' id='word_1_722' title='bbox 1076 5195 1202 5249; x_wconf 89' lang='lat' dir='ltr'><strong>dum</strong></span> <span class='ocrx_word' id='word_1_723' title='bbox 1250 5201 1304 5249; x_wconf 93' lang='lat' dir='ltr'><strong>et</strong></span> <span class='ocrx_word' id='word_1_724' title='bbox 1347 5193 1542 5249; x_wconf 90' lang='lat' dir='ltr'><strong>missos</strong></span> <span class='ocrx_word' id='word_1_725' title='bbox 1589 5207 1682 5248; x_wconf 90' lang='lat' dir='ltr'><strong>eos</strong></span> <span class='ocrx_word' id='word_1_726' title='bbox 1732 5208 1763 5246; x_wconf 94' lang='lat' dir='ltr'><strong>a</strong></span> <span class='ocrx_word' id='word_1_727' title='bbox 1794 5193 2038 5260; x_wconf 90' lang='lat' dir='ltr'><strong>Domino,</strong></span> <span class='ocrx_word' id='word_1_728' title='bbox 2086 5200 2141 5246; x_wconf 90' lang='lat' dir='ltr'><strong>et</strong></span> 
     </span>
    </p>
   </div>
   <div class='ocr_carea' id='block_1_98' title="bbox 546 5271 2139 5363">
    <p class='ocr_par' dir='ltr' id='par_1_98' title="bbox 546 5271 2139 5363">
     <span class='ocr_line' id='line_1_98' title="bbox 546 5271 2139 5363; baseline -0.003 -22"><span class='ocrx_word' id='word_1_729' title='bbox 546 5301 771 5346; x_wconf 90' lang='lat' dir='ltr'><strong>vocatos</strong></span> <span class='ocrx_word' id='word_1_730' title='bbox 799 5271 966 5363; x_wconf 82' lang='lat' dir='ltr'><strong>fuisse</strong></span> <span class='ocrx_word' id='word_1_731' title='bbox 991 5295 1159 5360; x_wconf 89' lang='lat' dir='ltr'><strong>patet.</strong></span> <span class='ocrx_word' id='word_1_732' title='bbox 1193 5286 1329 5342; x_wconf 84' lang='lat' dir='ltr'><strong>Nam</strong></span> <span class='ocrx_word' id='word_1_733' title='bbox 1355 5286 1534 5341; x_wconf 87' lang='lat' dir='ltr'><strong>Lucas</strong></span> <span class='ocrx_word' id='word_1_734' title='bbox 1565 5299 1658 5340; x_wconf 91' lang='lat' dir='ltr'><strong>eos</strong></span> <span class='ocrx_word' id='word_1_735' title='bbox 1688 5286 1742 5339; x_wconf 91' lang='lat' dir='ltr'><strong>in</strong></span> <span class='ocrx_word' id='word_1_736' title='bbox 1771 5292 1954 5340; x_wconf 92' lang='lat' dir='ltr'><strong>monte</strong></span> <span class='ocrx_word' id='word_1_737' title='bbox 1979 5284 2139 5339; x_wconf 90' lang='lat' dir='ltr'><strong>simul</strong></span> 
     </span>
    </p>
   </div>
   <div class='ocr_carea' id='block_1_99' title="bbox 547 5377 2144 5443">
    <p class='ocr_par' dir='ltr' id='par_1_99' title="bbox 547 5377 2144 5443">
     <span class='ocr_line' id='line_1_99' title="bbox 547 5377 2144 5443; baseline -0.004 -7"><span class='ocrx_word' id='word_1_738' title='bbox 547 5391 772 5439; x_wconf 91' lang='lat' dir='ltr'><strong>vocatos</strong></span> <span class='ocrx_word' id='word_1_739' title='bbox 817 5391 873 5437; x_wconf 90' lang='lat' dir='ltr'><strong>et</strong></span> <span class='ocrx_word' id='word_1_740' title='bbox 916 5382 1222 5438; x_wconf 90' lang='lat' dir='ltr'><strong>nominatos</strong></span> <span class='ocrx_word' id='word_1_741' title='bbox 1267 5379 1437 5443; x_wconf 89' lang='lat' dir='ltr'><strong>dicit;</strong></span> <span class='ocrx_word' id='word_1_742' title='bbox 1493 5377 1621 5432; x_wconf 88' lang='lat' dir='ltr'><strong>alibi</strong></span> <span class='ocrx_word' id='word_1_743' title='bbox 1669 5386 1868 5441; x_wconf 88' lang='lat' dir='ltr'><strong>autem,</strong></span> <span class='ocrx_word' id='word_1_744' title='bbox 1923 5377 2144 5434; x_wconf 69' lang='lat' dir='ltr'><strong>missos;</strong></span> 
     </span>
    </p>
   </div>
   <div class='ocr_carea' id='block_1_100' title="bbox 549 5468 2138 5542">
    <p class='ocr_par' dir='ltr' id='par_1_100' title="bbox 549 5468 2138 5542">
     <span class='ocr_line' id='line_1_100' title="bbox 549 5468 2138 5542; baseline -0.002 -15"><span class='ocrx_word' id='word_1_745' title='bbox 549 5474 758 5530; x_wconf 90' lang='lat' dir='ltr'><strong>Dehinc</strong></span> <span class='ocrx_word' id='word_1_746' title='bbox 789 5475 949 5530; x_wconf 89' lang='lat' dir='ltr'><strong>tertio</strong></span> <span class='ocrx_word' id='word_1_747' title='bbox 987 5475 1104 5530; x_wconf 91' lang='lat' dir='ltr'><strong>loco</strong></span> <span class='ocrx_word' id='word_1_748' title='bbox 1130 5470 1469 5542; x_wconf 89' lang='lat' dir='ltr'><strong>septuaginta</strong></span> <span class='ocrx_word' id='word_1_749' title='bbox 1498 5469 1725 5524; x_wconf 88' lang='lat' dir='ltr'><strong>duorum</strong></span> <span class='ocrx_word' id='word_1_750' title='bbox 1755 5468 2138 5540; x_wconf 87' lang='lat' dir='ltr'><strong>discipulorum</strong></span> 
     </span>
    </p>
   </div>
   <div class='ocr_carea' id='block_1_101' title="bbox 553 5558 2142 5635">
    <p class='ocr_par' dir='ltr' id='par_1_101' title="bbox 553 5558 2142 5635">
     <span class='ocr_line' id='line_1_101' title="bbox 553 5558 2142 5635; baseline -0.002 -16"><span class='ocrx_word' id='word_1_751' title='bbox 553 5565 620 5620; x_wconf 90' lang='lat' dir='ltr'><strong>ad</strong></span> <span class='ocrx_word' id='word_1_752' title='bbox 652 5565 1051 5635; x_wconf 73' lang='lat' dir='ltr'><strong>praedicandum</strong></span> <span class='ocrx_word' id='word_1_753' title='bbox 1097 5571 1286 5618; x_wconf 90' lang='lat' dir='ltr'><strong>narrat</strong></span> <span class='ocrx_word' id='word_1_754' title='bbox 1331 5560 1706 5617; x_wconf 90' lang='lat' dir='ltr'><strong>directionem.</strong></span> <span class='ocrx_word' id='word_1_755' title='bbox 1762 5558 1915 5626; x_wconf 84' lang='lat' dir='ltr'><strong>Quod</strong></span> <span class='ocrx_word' id='word_1_756' title='bbox 1959 5568 2015 5615; x_wconf 91' lang='lat' dir='ltr'><strong>et</strong></span> <span class='ocrx_word' id='word_1_757' title='bbox 2056 5561 2142 5617; x_wconf 90' lang='lat' dir='ltr'><strong>hic</strong></span> 
     </span>
    </p>
   </div>
   <div class='ocr_carea' id='block_1_102' title="bbox 553 5653 2144 5725">
    <p class='ocr_par' dir='ltr' id='par_1_102' title="bbox 553 5653 2144 5725">
     <span class='ocr_line' id='line_1_102' title="bbox 553 5653 2144 5725; baseline -0.003 -13"><span class='ocrx_word' id='word_1_758' title='bbox 553 5671 688 5712; x_wconf 82' lang='lat' dir='ltr'><strong>sane</strong></span> <span class='ocrx_word' id='word_1_759' title='bbox 737 5657 1068 5712; x_wconf 88' lang='lat' dir='ltr'><strong>tantumdem</strong></span> <span class='ocrx_word' id='word_1_760' title='bbox 1124 5653 1328 5725; x_wconf 16' lang='lat' dir='ltr'><strong>quovis,</strong></span> <span class='ocrx_word' id='word_1_761' title='bbox 1356 5653 1560 5708; x_wconf 82' lang='lat' dir='ltr'><strong>factum</strong></span> <span class='ocrx_word' id='word_1_762' title='bbox 1602 5653 2030 5722; x_wconf 88' lang='lat' dir='ltr'><strong>comprehendit.</strong></span> <span class='ocrx_word' id='word_1_763' title='bbox 2083 5655 2144 5708; x_wconf 87' lang='lat' dir='ltr'><strong>Et</strong></span> 
     </span>
    </p>
   </div>
   <div class='ocr_carea' id='block_1_103' title="bbox 554 5745 2144 5819">
    <p class='ocr_par' dir='ltr' id='par_1_103' title="bbox 554 5745 2144 5819">
     <span class='ocr_line' id='line_1_103' title="bbox 554 5745 2144 5819; baseline -0.001 -15"><span class='ocrx_word' id='word_1_764' title='bbox 554 5749 851 5805; x_wconf 84' lang='lat' dir='ltr'><strong>notandum</strong></span> <span class='ocrx_word' id='word_1_765' title='bbox 893 5750 1036 5819; x_wconf 86' lang='lat' dir='ltr'><strong>quod</strong></span> <span class='ocrx_word' id='word_1_766' title='bbox 1083 5748 1137 5802; x_wconf 89' lang='lat' dir='ltr'><strong>in</strong></span> <span class='ocrx_word' id='word_1_767' title='bbox 1182 5747 1344 5816; x_wconf 89' lang='lat' dir='ltr'><strong>hujus</strong></span> <span class='ocrx_word' id='word_1_768' title='bbox 1397 5746 1584 5816; x_wconf 67' lang='lat' dir='ltr'><strong>gratim</strong></span> <span class='ocrx_word' id='word_1_769' title='bbox 1634 5745 2012 5802; x_wconf 89' lang='lat' dir='ltr'><strong>distributione</strong></span> <span class='ocrx_word' id='word_1_770' title='bbox 2045 5763 2144 5802; x_wconf 90' lang='lat' dir='ltr'><strong>nec</strong></span> 
     </span>
    </p>
   </div>
   <div class='ocr_carea' id='block_1_104' title="bbox 552 5839 2143 5913">
    <p class='ocr_par' dir='ltr' id='par_1_104' title="bbox 552 5839 2143 5913">
     <span class='ocr_line' id='line_1_104' title="bbox 552 5839 2143 5913; baseline -0.003 -14"><span class='ocrx_word' id='word_1_771' title='bbox 552 5842 720 5900; x_wconf 65' lang='lat' dir='ltr'><strong>Iudas</strong></span> <span class='ocrx_word' id='word_1_772' title='bbox 747 5844 1037 5913; x_wconf 81' lang='lat' dir='ltr'><strong>excipitur,</strong></span> <span class='ocrx_word' id='word_1_773' title='bbox 1068 5842 1160 5897; x_wconf 83' lang='lat' dir='ltr'><strong>sed</strong></span> <span class='ocrx_word' id='word_1_774' title='bbox 1190 5848 1249 5894; x_wconf 89' lang='lat' dir='ltr'><strong>ut</strong></span> <span class='ocrx_word' id='word_1_775' title='bbox 1277 5842 1330 5895; x_wconf 92' lang='lat' dir='ltr'><strong>in</strong></span> <span class='ocrx_word' id='word_1_776' title='bbox 1356 5841 1546 5896; x_wconf 89' lang='lat' dir='ltr'><strong>ordine</strong></span> <span class='ocrx_word' id='word_1_777' title='bbox 1578 5839 1648 5893; x_wconf 86' lang='lat' dir='ltr'><strong>ita</strong></span> <span class='ocrx_word' id='word_1_778' title='bbox 1683 5842 1734 5896; x_wconf 88' lang='lat' dir='ltr'><strong>in</strong></span> <span class='ocrx_word' id='word_1_779' title='bbox 1761 5840 1901 5898; x_wconf 83' lang='lat' dir='ltr'><strong>dono</strong></span> <span class='ocrx_word' id='word_1_780' title='bbox 1936 5859 2143 5897; x_wconf 84' lang='lat' dir='ltr'><strong>connu-</strong></span> 
     </span>
    </p>
   </div>
   <div class='ocr_carea' id='block_1_105' title="bbox 2245 4729 3857 4804">
    <p class='ocr_par' dir='ltr' id='par_1_105' title="bbox 2245 4729 3857 4804">
     <span class='ocr_line' id='line_1_105' title="bbox 2245 4729 3857 4804; baseline 0.003 -21"><span class='ocrx_word' id='word_1_781' title='bbox 2245 4731 2321 4785; x_wconf 90' lang='lat' dir='ltr'><strong>ris</strong></span> <span class='ocrx_word' id='word_1_782' title='bbox 2351 4737 2514 4799; x_wconf 88' lang='lat' dir='ltr'><strong>atque</strong></span> <span class='ocrx_word' id='word_1_783' title='bbox 2545 4729 2881 4786; x_wconf 90' lang='lat' dir='ltr'><strong>inﬁrmitatis</strong></span> <span class='ocrx_word' id='word_1_784' title='bbox 2924 4739 3188 4787; x_wconf 91' lang='lat' dir='ltr'><strong>maneret.</strong></span> <span class='ocrx_word' id='word_1_785' title='bbox 3241 4731 3310 4786; x_wconf 87' lang='lat' dir='ltr'><strong>Et</strong></span> <span class='ocrx_word' id='word_1_786' title='bbox 3344 4732 3466 4788; x_wconf 90' lang='lat' dir='ltr'><strong>ideo</strong></span> <span class='ocrx_word' id='word_1_787' title='bbox 3493 4741 3642 4788; x_wconf 87' lang='lat' dir='ltr'><strong>recte</strong></span> <span class='ocrx_word' id='word_1_788' title='bbox 3672 4735 3857 4804; x_wconf 81' lang='lat' dir='ltr'><strong>spiri-</strong></span> 
     </span>
    </p>
   </div>
   <div class='ocr_carea' id='block_1_106' title="bbox 2244 4821 3862 4893">
    <p class='ocr_par' dir='ltr' id='par_1_106' title="bbox 2244 4821 3862 4893">
     <span class='ocr_line' id='line_1_106' title="bbox 2244 4821 3862 4893; baseline 0.003 -17"><span class='ocrx_word' id='word_1_789' title='bbox 2244 4831 2396 4876; x_wconf 89' lang='lat' dir='ltr'><strong>tuum</strong></span> <span class='ocrx_word' id='word_1_790' title='bbox 2432 4821 2834 4878; x_wconf 91' lang='lat' dir='ltr'><strong>immundorum</strong></span> <span class='ocrx_word' id='word_1_791' title='bbox 2863 4833 3103 4893; x_wconf 90' lang='lat' dir='ltr'><strong>potestas</strong></span> <span class='ocrx_word' id='word_1_792' title='bbox 3132 4832 3293 4880; x_wconf 89' lang='lat' dir='ltr'><strong>antea</strong></span> <span class='ocrx_word' id='word_1_793' title='bbox 3340 4823 3589 4893; x_wconf 88' lang='lat' dir='ltr'><strong>largitur,</strong></span> <span class='ocrx_word' id='word_1_794' title='bbox 3623 4834 3684 4880; x_wconf 92' lang='lat' dir='ltr'><strong>et</strong></span> <span class='ocrx_word' id='word_1_795' title='bbox 3717 4834 3862 4881; x_wconf 86' lang='lat' dir='ltr'><strong>tunc</strong></span> 
     </span>
    </p>
   </div>
   <div class='ocr_carea' id='block_1_107' title="bbox 2241 4912 3857 4986">
    <p class='ocr_par' dir='ltr' id='par_1_107' title="bbox 2241 4912 3857 4986">
     <span class='ocr_line' id='line_1_107' title="bbox 2241 4912 3857 4986; baseline 0.001 -19"><span class='ocrx_word' id='word_1_796' title='bbox 2241 4914 2310 4969; x_wconf 87' lang='lat' dir='ltr'><strong>ab</strong></span> <span class='ocrx_word' id='word_1_797' title='bbox 2332 4913 2412 4968; x_wconf 90' lang='lat' dir='ltr'><strong>eis</strong></span> <span class='ocrx_word' id='word_1_798' title='bbox 2445 4912 2708 4984; x_wconf 90' lang='lat' dir='ltr'><strong>quidquid</strong></span> <span class='ocrx_word' id='word_1_799' title='bbox 2732 4912 2898 4986; x_wconf 69' lang='grc'><strong>470</strong></span> <span class='ocrx_word' id='word_1_800' title='bbox 2923 4914 3186 4971; x_wconf 90' lang='lat' dir='ltr'><strong>inﬁictum</strong></span> <span class='ocrx_word' id='word_1_801' title='bbox 3231 4925 3336 4982; x_wconf 91' lang='lat' dir='ltr'><strong>est,</strong></span> <span class='ocrx_word' id='word_1_802' title='bbox 3378 4915 3606 4972; x_wconf 88' lang='lat' dir='ltr'><strong>curandi</strong></span> <span class='ocrx_word' id='word_1_803' title='bbox 3637 4916 3857 4972; x_wconf 90' lang='lat' dir='ltr'><strong>virtus.</strong></span> 
     </span>
    </p>
   </div>
   <div class='ocr_carea' id='block_1_108' title="bbox 2242 5007 3862 5082">
    <p class='ocr_par' dir='ltr' id='par_1_108' title="bbox 2242 5007 3862 5082">
     <span class='ocr_line' id='line_1_108' title="bbox 2242 5007 3862 5082; baseline 0.003 -21"><span class='ocrx_word' id='word_1_804' title='bbox 2242 5007 2377 5062; x_wconf 82' lang='lat' dir='ltr'><strong>Mira</strong></span> <span class='ocrx_word' id='word_1_805' title='bbox 2421 5008 2641 5079; x_wconf 89' lang='lat' dir='ltr'><strong>quidem</strong></span> <span class='ocrx_word' id='word_1_806' title='bbox 2691 5009 3082 5081; x_wconf 90' lang='lat' dir='ltr'><strong>omnipotentis</strong></span> <span class='ocrx_word' id='word_1_807' title='bbox 3128 5011 3506 5082; x_wconf 72' lang='lat' dir='ltr'><strong>dispensatio-</strong></span> <span class='ocrx_word' id='word_1_808' title='bbox 3549 5010 3694 5078; x_wconf 85' lang='lat' dir='ltr'><strong>Quia</strong></span> <span class='ocrx_word' id='word_1_809' title='bbox 3742 5012 3862 5068; x_wconf 87' lang='lat' dir='ltr'><strong>etsi</strong></span> 
     </span>
    </p>
   </div>
   <div class='ocr_carea' id='block_1_109' title="bbox 2248 5098 3866 5173">
    <p class='ocr_par' dir='ltr' id='par_1_109' title="bbox 2248 5098 3866 5173">
     <span class='ocr_line' id='line_1_109' title="bbox 2248 5098 3866 5173; baseline 0.003 -19"><span class='ocrx_word' id='word_1_810' title='bbox 2248 5098 2393 5154; x_wconf 90' lang='lat' dir='ltr'><strong>nulla</strong></span> <span class='ocrx_word' id='word_1_811' title='bbox 2407 5108 2743 5172; x_wconf 89' lang='lat' dir='ltr'><strong>estpotestas</strong></span> <span class='ocrx_word' id='word_1_812' title='bbox 2764 5101 2869 5157; x_wconf 92' lang='lat' dir='ltr'><strong>nisi</strong></span> <span class='ocrx_word' id='word_1_813' title='bbox 2890 5117 2923 5156; x_wconf 93' lang='lat' dir='ltr'><strong>a</strong></span> <span class='ocrx_word' id='word_1_814' title='bbox 2947 5101 3080 5168; x_wconf 89' lang='lat' dir='ltr'><strong>Deo,</strong></span> <span class='ocrx_word' id='word_1_815' title='bbox 3096 5111 3274 5158; x_wconf 91' lang='lat' dir='ltr'><strong>tamen</strong></span> <span class='ocrx_word' id='word_1_816' title='bbox 3291 5101 3396 5158; x_wconf 88' lang='lat' dir='ltr'><strong>alia</strong></span> <span class='ocrx_word' id='word_1_817' title='bbox 3412 5109 3498 5159; x_wconf 85' lang='lat' dir='ltr'><strong>est</strong></span> <span class='ocrx_word' id='word_1_818' title='bbox 3523 5117 3698 5172; x_wconf 86' lang='lat' dir='ltr'><strong>quam</strong></span> <span class='ocrx_word' id='word_1_819' title='bbox 3731 5102 3866 5173; x_wconf 87' lang='lat' dir='ltr'><strong>ipsc</strong></span> 
     </span>
    </p>
   </div>
   <div class='ocr_carea' id='block_1_110' title="bbox 2213 5193 3870 5268">
    <p class='ocr_par' dir='ltr' id='par_1_110' title="bbox 2213 5193 3870 5268">
     <span class='ocr_line' id='line_1_110' title="bbox 2213 5193 3870 5268; baseline 0.002 -21"><span class='ocrx_word' id='word_1_820' title='bbox 2213 5193 2514 5264; x_wconf 76' lang='lat' dir='ltr'><strong>permittit</strong></span> <span class='ocrx_word' id='word_1_821' title='bbox 2549 5194 2820 5250; x_wconf 91' lang='lat' dir='ltr'><strong>interdum</strong></span> <span class='ocrx_word' id='word_1_822' title='bbox 2865 5195 3070 5268; x_wconf 92' lang='lat' dir='ltr'><strong>aliquid</strong></span> <span class='ocrx_word' id='word_1_823' title='bbox 3107 5203 3167 5250; x_wconf 92' lang='lat' dir='ltr'><strong>ut</strong></span> <span class='ocrx_word' id='word_1_824' title='bbox 3203 5195 3397 5266; x_wconf 90' lang='lat' dir='ltr'><strong>possit,</strong></span> <span class='ocrx_word' id='word_1_825' title='bbox 3448 5210 3570 5266; x_wconf 69' lang='lat' dir='ltr'><strong>quae</strong></span> <span class='ocrx_word' id='word_1_826' title='bbox 3619 5209 3870 5266; x_wconf 83' lang='lat' dir='ltr'><strong>semper</strong></span> 
     </span>
    </p>
   </div>
   <div class='ocr_carea' id='block_1_111' title="bbox 2246 5285 3864 5359">
    <p class='ocr_par' dir='ltr' id='par_1_111' title="bbox 2246 5285 3864 5359">
     <span class='ocr_line' id='line_1_111' title="bbox 2246 5285 3864 5359; baseline 0.002 -19"><span class='ocrx_word' id='word_1_827' title='bbox 2246 5287 2464 5358; x_wconf 87' lang='lat' dir='ltr'><strong>pietatis</strong></span> <span class='ocrx_word' id='word_1_828' title='bbox 2506 5287 2722 5343; x_wconf 89' lang='lat' dir='ltr'><strong>obsistit</strong></span> <span class='ocrx_word' id='word_1_829' title='bbox 2750 5288 2912 5356; x_wconf 92' lang='lat' dir='ltr'><strong>bono,</strong></span> <span class='ocrx_word' id='word_1_830' title='bbox 2942 5287 3191 5359; x_wconf 88' lang='lat' dir='ltr'><strong>quamvis</strong></span> <span class='ocrx_word' id='word_1_831' title='bbox 3222 5288 3368 5359; x_wconf 92' lang='lat' dir='ltr'><strong>justa</strong></span> <span class='ocrx_word' id='word_1_832' title='bbox 3391 5285 3517 5356; x_wconf 90' lang='lat' dir='ltr'><strong>jure</strong></span> <span class='ocrx_word' id='word_1_833' title='bbox 3541 5287 3864 5353; x_wconf 77' lang='lat' dir='ltr'><strong>credatur;</strong></span> 
     </span>
    </p>
   </div>
   <div class='ocr_carea' id='block_1_112' title="bbox 2249 5379 3875 5454">
    <p class='ocr_par' dir='ltr' id='par_1_112' title="bbox 2249 5379 3875 5454">
     <span class='ocr_line' id='line_1_112' title="bbox 2249 5379 3875 5454; baseline 0.004 -21"><span class='ocrx_word' id='word_1_834' title='bbox 2249 5380 2352 5434; x_wconf 86' lang='lat' dir='ltr'><strong>alia</strong></span> <span class='ocrx_word' id='word_1_835' title='bbox 2380 5397 2501 5452; x_wconf 82' lang='lat' dir='ltr'><strong>quae</strong></span> <span class='ocrx_word' id='word_1_836' title='bbox 2529 5381 2795 5439; x_wconf 89' lang='lat' dir='ltr'><strong>voluntati</strong></span> <span class='ocrx_word' id='word_1_837' title='bbox 2833 5382 2952 5453; x_wconf 90' lang='lat' dir='ltr'><strong>ejus</strong></span> <span class='ocrx_word' id='word_1_838' title='bbox 2997 5396 3210 5454; x_wconf 90' lang='lat' dir='ltr'><strong>semper</strong></span> <span class='ocrx_word' id='word_1_839' title='bbox 3255 5379 3460 5447; x_wconf 89' lang='lat' dir='ltr'><strong>obedit,</strong></span> <span class='ocrx_word' id='word_1_840' title='bbox 3513 5396 3677 5452; x_wconf 87' lang='lat' dir='ltr'><strong>quam</strong></span> <span class='ocrx_word' id='word_1_841' title='bbox 3729 5384 3875 5439; x_wconf 82' lang='lat' dir='ltr'><strong>suis</strong></span> 
     </span>
    </p>
   </div>
   <div class='ocr_carea' id='block_1_113' title="bbox 2249 5469 3874 5533">
    <p class='ocr_par' dir='ltr' id='par_1_113' title="bbox 2249 5469 3874 5533">
     <span class='ocr_line' id='line_1_113' title="bbox 2249 5469 3874 5533; baseline 0.001 -2"><span class='ocrx_word' id='word_1_842' title='bbox 2249 5469 2508 5531; x_wconf 90' lang='lat' dir='ltr'><strong>Dominus</strong></span> <span class='ocrx_word' id='word_1_843' title='bbox 2532 5475 2830 5533; x_wconf 88' lang='lat' dir='ltr'><strong>clementer</strong></span> <span class='ocrx_word' id='word_1_844' title='bbox 2863 5476 3107 5533; x_wconf 87' lang='lat' dir='ltr'><strong>indulsit.</strong></span> <span class='ocrx_word' id='word_1_845' title='bbox 3153 5475 3261 5532; x_wconf 91' lang='lat' dir='ltr'><strong>Sed</strong></span> <span class='ocrx_word' id='word_1_846' title='bbox 3306 5474 3396 5530; x_wconf 90' lang='lat' dir='ltr'><strong>illa</strong></span> <span class='ocrx_word' id='word_1_847' title='bbox 3442 5475 3569 5531; x_wconf 90' lang='lat' dir='ltr'><strong>licet</strong></span> <span class='ocrx_word' id='word_1_848' title='bbox 3613 5475 3874 5532; x_wconf 84' lang='lat' dir='ltr'><strong>extollat</strong></span> 
     </span>
    </p>
   </div>
   <div class='ocr_carea' id='block_1_114' title="bbox 2250 5565 3874 5639">
    <p class='ocr_par' dir='ltr' id='par_1_114' title="bbox 2250 5565 3874 5639">
     <span class='ocr_line' id='line_1_114' title="bbox 2250 5565 3874 5639; baseline 0 -15"><span class='ocrx_word' id='word_1_849' title='bbox 2250 5583 2308 5624; x_wconf 90' lang='lat' dir='ltr'><strong>se</strong></span> <span class='ocrx_word' id='word_1_850' title='bbox 2342 5582 2506 5637; x_wconf 90' lang='lat' dir='ltr'><strong>super</strong></span> <span class='ocrx_word' id='word_1_851' title='bbox 2531 5583 2694 5624; x_wconf 90' lang='lat' dir='ltr'><strong>omne</strong></span> <span class='ocrx_word' id='word_1_852' title='bbox 2719 5569 2864 5639; x_wconf 87' lang='lat' dir='ltr'><strong>quod</strong></span> <span class='ocrx_word' id='word_1_853' title='bbox 2890 5569 3089 5625; x_wconf 88' lang='lat' dir='ltr'><strong>dicitur</strong></span> <span class='ocrx_word' id='word_1_854' title='bbox 3119 5568 3282 5634; x_wconf 87' lang='lat' dir='ltr'><strong>Deus,</strong></span> <span class='ocrx_word' id='word_1_855' title='bbox 3311 5577 3368 5623; x_wconf 91' lang='lat' dir='ltr'><strong>et</strong></span> <span class='ocrx_word' id='word_1_856' title='bbox 3404 5567 3481 5622; x_wconf 92' lang='lat' dir='ltr'><strong>ita</strong></span> <span class='ocrx_word' id='word_1_857' title='bbox 3519 5565 3715 5622; x_wconf 74' lang='lat' dir='ltr'><strong>efﬁcax</strong></span> <span class='ocrx_word' id='word_1_858' title='bbox 3747 5569 3874 5634; x_wconf 85' lang='lat' dir='ltr'><strong>sit,</strong></span> 
     </span>
    </p>
   </div>
   <div class='ocr_carea' id='block_1_115' title="bbox 2251 5655 3877 5730">
    <p class='ocr_par' dir='ltr' id='par_1_115' title="bbox 2251 5655 3877 5730">
     <span class='ocr_line' id='line_1_115' title="bbox 2251 5655 3877 5730; baseline 0 -14"><span class='ocrx_word' id='word_1_859' title='bbox 2251 5672 2309 5716; x_wconf 89' lang='lat' dir='ltr'><strong>ut</strong></span> <span class='ocrx_word' id='word_1_860' title='bbox 2355 5660 2500 5716; x_wconf 90' lang='lat' dir='ltr'><strong>nulla</strong></span> <span class='ocrx_word' id='word_1_861' title='bbox 2541 5661 2777 5717; x_wconf 90' lang='lat' dir='ltr'><strong>humana</strong></span> <span class='ocrx_word' id='word_1_862' title='bbox 2804 5662 2977 5718; x_wconf 91' lang='lat' dir='ltr'><strong>virtus</strong></span> <span class='ocrx_word' id='word_1_863' title='bbox 3012 5663 3274 5718; x_wconf 90' lang='lat' dir='ltr'><strong>adversus</strong></span> <span class='ocrx_word' id='word_1_864' title='bbox 3301 5655 3424 5716; x_wconf 87' lang='lat' dir='ltr'><strong>eam</strong></span> <span class='ocrx_word' id='word_1_865' title='bbox 3447 5659 3652 5730; x_wconf 89' lang='lat' dir='ltr'><strong>possit,</strong></span> <span class='ocrx_word' id='word_1_866' title='bbox 3691 5673 3877 5729; x_wconf 72' lang='lat' dir='ltr'><strong>pra:-</strong></span> 
     </span>
    </p>
   </div>
   <div class='ocr_carea' id='block_1_116' title="bbox 2251 5749 3882 5812">
    <p class='ocr_par' dir='ltr' id='par_1_116' title="bbox 2251 5749 3882 5812">
     <span class='ocr_line' id='line_1_116' title="bbox 2251 5749 3882 5812; baseline 0.001 -6"><span class='ocrx_word' id='word_1_867' title='bbox 2251 5759 2426 5806; x_wconf 87' lang='lat' dir='ltr'><strong>statur</strong></span> <span class='ocrx_word' id='word_1_868' title='bbox 2452 5760 2632 5807; x_wconf 89' lang='lat' dir='ltr'><strong>tamen</strong></span> <span class='ocrx_word' id='word_1_869' title='bbox 2657 5751 2967 5808; x_wconf 89' lang='lat' dir='ltr'><strong>hominibus</strong></span> <span class='ocrx_word' id='word_1_870' title='bbox 3007 5766 3114 5807; x_wconf 92' lang='lat' dir='ltr'><strong>non</strong></span> <span class='ocrx_word' id='word_1_871' title='bbox 3159 5750 3322 5807; x_wconf 88' lang='lat' dir='ltr'><strong>modo</strong></span> <span class='ocrx_word' id='word_1_872' title='bbox 3346 5758 3405 5806; x_wconf 91' lang='lat' dir='ltr'><strong>ut</strong></span> <span class='ocrx_word' id='word_1_873' title='bbox 3435 5749 3714 5812; x_wconf 85' lang='lat' dir='ltr'><strong>resistant,</strong></span> <span class='ocrx_word' id='word_1_874' title='bbox 3753 5766 3882 5808; x_wconf 70' lang='lat' dir='ltr'><strong>vc-</strong></span> 
     </span>
    </p>
   </div>
   <div class='ocr_carea' id='block_1_117' title="bbox 2254 5841 3883 5910">
    <p class='ocr_par' dir='ltr' id='par_1_117' title="bbox 2254 5841 3883 5910">
     <span class='ocr_line' id='line_1_117' title="bbox 2254 5841 3883 5910; baseline 0 -11"><span class='ocrx_word' id='word_1_875' title='bbox 2254 5860 2372 5899; x_wconf 89' lang='lat' dir='ltr'><strong>rum</strong></span> <span class='ocrx_word' id='word_1_876' title='bbox 2427 5845 2505 5900; x_wconf 90' lang='lat' dir='ltr'><strong>eis</strong></span> <span class='ocrx_word' id='word_1_877' title='bbox 2540 5841 2542 5843; x_wconf 65' lang='grc'><em>’</em></span> <span class='ocrx_word' id='word_1_878' title='bbox 2572 5851 2632 5898; x_wconf 81' lang='grc' dir='ltr'><strong>ιιι</strong></span> <span class='ocrx_word' id='word_1_879' title='bbox 2677 5843 3018 5900; x_wconf 88' lang='lat' dir='ltr'><strong>dominentur</strong></span> <span class='ocrx_word' id='word_1_880' title='bbox 3078 5853 3132 5898; x_wconf 89' lang='lat' dir='ltr'><strong>et</strong></span> <span class='ocrx_word' id='word_1_881' title='bbox 3180 5850 3508 5910; x_wconf 70' lang='lat' dir='ltr'><strong>potestatem</strong></span> <span class='ocrx_word' id='word_1_882' title='bbox 3571 5841 3883 5899; x_wconf 81' lang='lat' dir='ltr'><strong>adversus</strong></span> 
     </span>
    </p>
   </div>
  </div>
