3994 6364
199 395 301 449 ὅθι

1033 389 1393 449 EXPOSITIO
1432 388 1498 444 IN
1538 385 1975 445 MATTHIEUM.
2018 419 2086 430 -ο
2127 387 2390 454 ιιΒργμ
2423 387 2574 444 CAP.
2617 389 2683 444 X.

3363 389 3494 452 ,ιω

197 524 390 575 omne,
419 507 562 578 quod
609 517 796 561 contra
831 505 1117 562 Dominum
1161 515 1268 572 est,
1296 515 1506 576 gerant.
1560 503 1796 559 Audiant
1821 509 1872 569 Α
1899 503 2250 560 fundamenta
2277 504 2513 560 civitatis
2549 504 2666 572 Dei,
2713 520 2833 576 quae
2879 505 2933 560 iu
2977 504 3298 579 Apocalypsi
3353 523 3495 580 prc-

199 600 375 672 igitur
402 598 708 665 Manichaai,
757 599 850 669 qui
883 597 1169 654 Dominum
1215 607 1405 654 contra
1451 598 1622 652 Deum
1653 605 1802 652 tene-

197 692 431 746 brarum
471 689 762 746 dimicasse
811 697 1116 756 autumant,
1163 699 1220 745 et
1261 704 1490 760 corpora
1536 689 1603 744 de
1633 703 1801 758 regno

200 785 558 840 tenebrarum
605 796 728 837 esse
770 781 1126 848 contendunt,
1162 781 1433 852 quomodo
1471 780 1798 851 condignum

193 884 419 948 putant,
446 875 539 945 qui
580 882 692 929 tam
720 875 908 946 paucis
933 881 992 930 et
1014 875 1227 946 exiguis
1266 890 1428 946 supra
1464 890 1626 930 omne
1654 873 1800 945 quod

196 969 466 1024 adversus
495 965 784 1021 Dominum
836 972 1086 1032 conatur,
1131 974 1459 1035 potestatem
1513 964 1702 1020 tribuit
1737 973 1797 1018 ut

194 1061 408 1132 pellant
441 1075 472 1114 a
497 1057 840 1129 corporibus,
877 1059 1077 1115 bellum
1116 1059 1378 1115 adversus
1412 1074 1508 1115 eos
1533 1058 1786 1130 gessisse.

195 1155 298 1210 Vel
342 1152 616 1226 quomodo
659 1167 890 1222 corpora
937 1151 1004 1207 de
1047 1167 1214 1223 regno
1279 1153 1629 1208 tenebrarum
1671 1149 1798 1220 jure

191 1247 514 1311 credantur,
544 1260 668 1300 cum
707 1255 764 1300 et
791 1242 1042 1298 Salvator
1074 1245 1143 1299 ab
1171 1243 1252 1299 eis
1280 1257 1552 1299 evacuare
1583 1243 1798 1298 venerit

189 1352 419 1393 omnem
461 1335 711 1392 fraudem
761 1333 989 1400 inimici,
1037 1343 1095 1389 et
1121 1349 1315 1389 sanare
1356 1348 1574 1389 omnem
1617 1332 1794 1388 labem

189 1429 587 1500 corruptionis.
625 1427 785 1483 Patet
829 1427 994 1498 igitur
1019 1427 1166 1497 quod
1203 1426 1349 1482 nulla
1387 1434 1472 1482 est
1497 1426 1674 1481 virtus
1703 1434 1795 1479 aut

187 1532 441 1596 potestas
469 1523 578 1578 nisi
625 1537 657 1576 a
683 1521 813 1588 Deo,
853 1530 907 1577 et
936 1522 1051 1592 ipse
1072 1522 1217 1578 Deus
1244 1522 1334 1588 sit,
1366 1521 1460 1592 qui
1499 1528 1648 1576 tanta
1680 1521 1794 1576 suis

177 1616 456 1687 praestitit
477 1625 542 1672 ut
569 1615 818 1686 possint:
855 1615 1004 1670 dedit
1039 1613 1184 1670 enim
1211 1614 1291 1670 eis
1319 1623 1643 1690 potestatem
1677 1613 1793 1669 cal-

195 1710 362 1765 candi
387 1724 550 1782 supra
565 1724 784 1764 omnem
807 1709 1065 1764 virtutem
1090 1708 1293 1765 inimici
1314 1726 1328 1774 ;
1363 1709 1457 1764 sed
1477 1719 1534 1763 et
1562 1722 1790 1778 corpora

191 1817 308 1857 non
337 1800 408 1856 ab
441 1801 548 1857 alio
574 1816 738 1872 quam
769 1802 835 1856 ab
875 1802 995 1872 ipso
1046 1801 1290 1869 condita,
1318 1812 1378 1857 ut
1405 1801 1548 1872 quod
1578 1801 1787 1857 saucia-

1903 603 2257 661 monstratur,
2312 595 2646 666 totidemque
2670 605 2842 667 portae
2878 607 2933 653 et
2977 597 3159 670 anguli
3189 599 3317 670 quia
3369 599 3498 656 soli-

1901 688 2123 753 dantur,
2151 688 2391 760 oportuit
2416 703 2512 745 eos
2543 689 2948 755 connumerari,
3003 699 3058 745 et
3105 689 3220 745 suis
3263 690 3496 762 signatis

1901 779 2158 850 przeﬁniri
2188 780 2516 836 nominibus.
2571 780 2724 838 Unde
2758 782 2863 837 etsi
2915 781 3006 838 alii
3056 781 3311 838 dicuntur
3361 798 3494 854 apo-

1900 870 2047 936 stoli,
2090 878 2269 925 tamen
2297 871 2353 926 in
2381 871 2500 926 istis
2521 872 2741 942 praeﬁxa
2762 879 2846 928 est
2893 880 2949 927 et
2993 871 3259 942 completa
3291 871 3494 943 ﬁgura-

1901 976 2028 1016 rum
2062 959 2324 1027 varietas,
2351 976 2517 1031 super
2541 977 2678 1032 quos
2701 977 2852 1018 mare
2891 961 3189 1018 collocatur
3233 978 3444 1018 aeneum
3472 979 3489 1030 ;

1898 1061 1954 1108 et
1974 1052 2075 1122 ipsi
2107 1067 2174 1108 ac
2193 1053 2240 1107 si
2263 1053 2545 1109 duodecim
2586 1056 2750 1110 boves
2792 1055 3032 1110 ternario
3055 1055 3359 1112 consecrati
3389 1071 3493 1112 nu-

1898 1160 2070 1209 mero,
2104 1147 2172 1199 ad
2199 1145 2440 1216 singulas
2461 1147 2646 1202 mundi
2669 1147 2854 1219 plagas
2882 1147 3254 1219 respicientes,
3294 1149 3350 1204 in
3399 1163 3497 1204 no-

1897 1237 2045 1291 mine
2069 1235 2268 1300 Patris,
2295 1245 2350 1293 et
2380 1237 2522 1302 Filii,
2549 1247 2602 1291 et
2631 1237 2868 1310 Spiritus
2911 1239 3107 1304 sancti,
3141 1240 3490 1318 baptismum,

1897 1329 2044 1399 quod
2073 1338 2156 1384 est
2186 1345 2334 1384 mare
2364 1345 2595 1396 :eneum,
2619 1331 2899 1402 signanter
2921 1331 3123 1388 ferunt.
3158 1331 3329 1387 Porro
3349 1333 3494 1404 quod

1896 1429 1951 1475 et
1969 1423 2195 1492 mystice
2233 1429 2442 1477 tantum
2465 1423 2749 1479 duodecim
2775 1424 3067 1496 eliguntur,
3123 1424 3494 1498 quiprol'ecto

1879 1528 2154 1570 numerus
2182 1513 2310 1568 dum
2342 1522 2422 1568 ter
2443 1523 2695 1584 quatuor,
2755 1515 2838 1571 vel
2885 1523 3082 1587 quater
3124 1524 3238 1571 tres
3283 1531 3492 1588 suppu-

1896 1610 2102 1670 tantur,
2144 1603 2451 1659 alternatim
2483 1605 2792 1671 conﬁcitur,
2837 1605 2912 1661 ita
2956 1614 3016 1661 ut
3054 1621 3156 1662 nec
3207 1614 3322 1662 tres
3373 1607 3493 1662 sine

1894 1704 2148 1765 quatuor,
2182 1711 2356 1765 neque
2385 1704 2618 1765 quatuor
2638 1696 2754 1751 sine
2783 1696 2952 1752 tribus
2984 1696 3098 1751 suis
3124 1698 3490 1768 respondeant

1891 1777 2172 1857 partibus;
2206 1803 2273 1843 eo
2302 1788 2446 1858 quod
2473 1788 2813 1844 solummodo
2848 1788 2971 1844 istis
2998 1796 3233 1859 quatuor
3279 1789 3490 1860 specia-

185 1903 350 1949 verat
395 1870 737 1965 hostia—jure
760 1870 983 1949 sanetur
1025 1894 1094 1950 ab
1119 1893 1342 1965 opiﬁce;
1383 1870 1669 1963 propterea
1699 1908 1792 1948 cu-
1821 1870 1869 1932 Β
1896 1888 2002 1944 lius
2028 1890 2234 1946 credita
2255 1891 2365 1946 sint
2384 1889 2587 1946 Christi
2617 1891 2907 1963 Evangelia
2939 1891 2992 1946 in
3044 1892 3264 1948 nomine
3312 1892 3491 1948 Trini-

183 1984 354 2040 randi
397 1999 616 2040 omnem
688 1985 1000 2056 languorem
1047 1993 1104 2042 et
1147 2001 1367 2043 omnem
1421 1985 1792 2042 inﬁrmitatem

183 2077 370 2132 verbo
397 2076 549 2132 dedit
576 2076 691 2132 suis
738 2085 795 2133 et
833 2077 1065 2148 gratiam
1113 2078 1354 2134 indulsit.
1403 2077 1791 2136 Verumtamen

187 2167 493 2235 queritur,
542 2168 670 2238 quid
745 2169 817 2223 sit
863 2169 1007 2224 inter
1057 2184 1276 2225 omnem
1324 2169 1640 2242 languorem
1667 2212 1681 2234 ,
1737 2180 1792 2226 et

173 2275 424 2315 .omnem
471 2261 860 2328 inﬁrmitatem,
901 2263 1067 2318 etiam
1097 2264 1165 2320 ab
1195 2263 1283 2319 his
1312 2264 1403 2334 qui
1435 2265 1571 2319 nihil
1598 2273 1793 2336 putant

190 2365 437 2406 vacuum
483 2352 536 2406 in
581 2352 782 2409 divinis
830 2353 1025 2410 litteris
1077 2370 1107 2408 a
1151 2356 1414 2426 mysterio
1457 2363 1550 2409 aut
1596 2371 1791 2425 super—

181 2439 366 2497 unum
402 2443 456 2498 in
483 2443 677 2499 relatu.
751 2444 902 2501 Unde
925 2445 1086 2501 liceat
1137 2445 1453 2502 existimare
1481 2450 1623 2518 quod
1666 2448 1780 2503 lan-

180 2545 334 2603 guor
369 2533 436 2587 ad
466 2533 843 2592 inﬁdelitatem
891 2537 1086 2592 animm
1113 2537 1459 2607 pertinuerit,
1501 2534 1790 2596 inﬁrmitas

184 2637 331 2676 vero
359 2623 428 2678 ad
458 2625 798 2682 vexationem
829 2629 1033 2685 carnis.
1067 2628 1197 2696 Quae
1223 2631 1480 2686 nimirum
1507 2632 1616 2688 duo
1645 2649 1790 2690 mor-

182 2714 396 2770 borum
426 2730 628 2787 genera
659 2719 726 2774 de
749 2719 1064 2776 obsessione
1101 2721 1404 2776 daemonum
1451 2723 1636 2779 venire
1675 2740 1791 2780 ma-

181 2805 456 2863 nifestum
480 2819 584 2866 est.
609 2810 676 2865 Et
703 2809 827 2867 ideo
848 2813 1000 2884 prius
1029 2813 1104 2868 illi
1135 2814 1567 2885 pellendi-erant,
1596 2818 1790 2875 deinde

181 2915 290 2971 per
313 2900 475 2957 ﬁdem
505 2906 687 2959 anima
716 2907 1015 2977 purganda,
1049 2915 1160 2962 tum
1193 2910 1400 2965 sanitas
1442 2911 1623 2968 carnis
1653 2927 1784 2968 con-

181 2996 492 3066 sequentia.
529 2996 871 3070 Quapropter
903 3007 960 3054 et
983 2998 1117 3056 ﬁdes
1141 3016 1304 3072 quam
1325 3016 1469 3073 saepe
1493 3004 1790 3074 requiritur

181 3085 247 3138 in
294 3087 594 3153 miraculis,
642 3099 699 3144 et
721 3089 929 3160 plenius
982 3091 1340 3148 conﬁrmatur
1390 3109 1454 3149 ex
1483 3095 1784 3161 beneﬁciis,

177 3179 383 3248 siquo
428 3180 592 3236 modo
645 3189 790 3237 totus
835 3183 998 3238 homo
1047 3183 1307 3252 salvetur,
1351 3193 1409 3240 et
1456 3185 1602 3241 nulla
1649 3187 1789 3243 desit

180 3269 458 3339 ³Ρ⁰ειο¹ί⁸
498 3271 675 3342 gratia
719 3271 928 3328 salutis.
984 3273 1263 3344 Siquidem
1311 3275 1630 3349 languorem
1660 3279 1784 3348 qui-
1814 3257 1860 3320 (ἶ

179 3358 322 3415 dam
353 3361 421 3416 ad
455 3362 768 3419 diuturnam
795 3366 1137 3422 vexationem
1184 3369 1368 3425 carnis
1419 3371 1787 3442 interpretan-

182 3461 302 3517 tur,
349 3453 719 3511 inﬁrmitatem
746 3471 878 3513 vero
905 3459 973 3514 ad
1003 3460 1344 3531 ingruentem
1393 3465 1574 3520 subito
1601 3481 1788 3522 corru-

185 3543 456 3614 ptionem.
487 3545 662 3603 Porro
689 3548 780 3604 alii
817 3548 1163 3607 aﬂlictionem
1193 3551 1370 3608 hostis
1397 3556 1465 3608 ad
1498 3556 1786 3614 inﬁrmita-

189 3645 282 3690 tes
305 3638 576 3695 mstimant
603 3642 900 3712 pertinere,
931 3643 1223 3723 languores
1263 3662 1394 3704 vero
1422 3649 1491 3704 ad
1526 3650 1788 3723 intempe-

183 3729 435 3784 rantiam
458 3732 657 3788 carnis.
685 3731 744 3788 Si
775 3735 903 3805 quid
937 3719 1132 3792 horum
1156 3739 1337 3794 verius
1363 3739 1455 3806 sit,
1487 3749 1638 3812 patet
1665 3719 1788 3798 sen-

185 3835 293 3874 sus
343 3821 470 3875 dum
498 3823 626 3878 dicit
652 3823 815 3897 571
841 3842 1058 3883 omnem
1107 3828 1422 3900 languorem
1467 3841 1522 3888 et
1572 3849 1785 3890 omnem

187 3909 604 3980 inﬁrmitatem;
627 3917 832 3973 nullam
857 3935 988 3991 ergo
1010 3923 1212 3992 excipit
1234 3923 1470 3981 hominis
1497 3927 1782 3994 malitiam,

183 4018 306 4072 qua
358 4005 529 4072 possit
570 4010 809 4065 exterius
855 4011 1154 4070 interiusve
1209 4017 1525 4086 corrumpi;
1581 4019 1784 4076 nullam

175 4110 362 4166 quam
406 4112 512 4154 non
551 4099 761 4156 dederit
795 4103 1053 4174 apostolis
1081 4105 1312 4177 gratiam
1352 4116 1540 4163 contra
1569 4125 1785 4166 omnem

175 4187 582 4244 adversitatem
626 4191 896 4259 sanitatis,
934 4203 996 4249 ut
1041 4195 1096 4250 in
1137 4195 1286 4251 nullo
1329 4206 1570 4268 potestas
1597 4215 1786 4256 eorum

177 4278 469 4333 videretur
497 4280 734 4337 inﬁrma.
780 4282 915 4340 Nam
942 4287 1122 4343 omnis
1157 4291 1433 4360 corruptio
1477 4307 1508 4346 a
1548 4293 1786 4365 maligno

167 4379 300 4437 est;
345 4380 403 4426 et
441 4371 562 4427 ideo
595 4374 838 4444 perfecta
887 4385 1126 4447 potestas
1167 4380 1250 4436 eis
1292 4382 1570 4448 tribuitur,
1603 4394 1664 4440 ut
1692 4385 1787 4440 ba-

167 4466 356 4518 beant
399 4463 664 4537 largiendi
711 4483 778 4524 ex
824 4470 1044 4528 domino
1069 4473 1215 4543 quod
1262 4475 1317 4530 in
1367 4476 1484 4546 ipso
1521 4481 1783 4551 estzipse

169 4565 374 4610 autem
405 4566 668 4628 potestas,
699 4561 846 4618 salus
871 4573 928 4620 et
966 4565 1182 4623 bonitas
1228 4576 1332 4635 est,
1377 4578 1432 4626 et
1462 4569 1587 4627 fons
1612 4573 1782 4630 totius

168 4650 634 4722 incorruptionis.
665 4654 872 4714 Idcirco
890 4659 1143 4729 praestitit
1176 4662 1290 4718 suis
1315 4677 1382 4718 ex
1408 4665 1605 4737 gratia,
1637 4668 1782 4738 quo‘d

167 4746 302 4818 ipse
351 4755 437 4802 est
479 4763 581 4821 per
612 4760 888 4821 naturam,
937 4763 1148 4812 tantum
1192 4767 1252 4815 ut
1283 4759 1559 4820 auditores
1587 4780 1777 4820 eorum

165 4838 519 4902 doctrinam.
549 4859 710 4915 quam
739 4846 1006 4914 exhibuit,
1032 4859 1084 4904 et
1115 4851 1276 4907 ﬁdem
1307 4853 1593 4924 recipiant,
1618 4871 1781 4926 quam

165 4936 361 5007 signis
387 4946 442 4992 et
470 4938 764 4998 virtutibus
787 4941 1220 4999 commendavit.
1259 4944 1545 5017 Sequitur:

161 5071 168 5079 .
254 5030 550 5086 Duodecim
573 5034 930 5106 apostolorum
957 5037 1170 5091 nomina
1210 5049 1331 5092 sunt
1372 5039 1506 5095 hac.
1557 5039 1636 5095 Ex
1677 5057 1784 5112 quo

163 5125 390 5196 quippe
414 5126 709 5200 pmﬁgitur
734 5128 941 5195 titulus,
969 5130 1097 5200 quia
1125 5131 1336 5186 venturi
1368 5142 1526 5187 erant
1561 5136 1787 5204 pseudo-

163 5217 443 5288 apostoli,
466 5234 533 5274 ne
555 5221 696 5277 ullus
714 5221 853 5279 alius
877 5224 1208 5294 recipiatur;
1239 5232 1295 5281 et
1321 5225 1444 5281 ideo
1481 5241 1606 5282 mox
1655 5242 1784 5283 con-

167 5320 569 5366 numerantur.
601 5311 660 5367 In
681 5313 804 5369 istis
842 5330 1079 5385 namque
1131 5316 1484 5374 consecratus
1522 5318 1678 5384 ordo,
1729 5328 1785 5374 et

163 5405 555 5463 duodenarius
580 5417 666 5463 est
687 5408 968 5464 numerus.
1039 5409 1335 5480 Propterea
1382 5411 1516 5467 satis
1558 5413 1781 5482 provide

163 5506 310 5569 post
339 5497 640 5554 doctrinam
655 5498 990 5574 .Salvatoris,
1015 5509 1070 5556 et
1093 5501 1334 5573 prodigia
1366 5501 1664 5574 signorum,
1713 5503 1775 5558 il-

169 5589 292 5644 lico
317 5586 450 5642 dum
473 5597 716 5661 potestas
736 5593 818 5647 eis
843 5592 1099 5648 tribuitur
1123 5592 1543 5664 praetitnlantur,
1584 5609 1653 5650 ne
1677 5595 1778 5650 ali-

165 5677 312 5749 quis
333 5666 483 5735 a'liud
526 5691 681 5736 extra
727 5683 1032 5739 doctrinam
1085 5685 1310 5740 istorum
1351 5683 1583 5741 aﬁ‘erens
1633 5685 1785 5756 (licet

169 5771 314 5827 ullis
352 5771 554 5843 aliquid
579 5774 826 5831 videatur
881 5776 1112 5849 artibus)
1166 5775 1307 5835 forte
1349 5777 1406 5833 in
1454 5778 1777 5850 apostolatu,

173 5865 275 5921 vel
303 5866 555 5922 doctrina
585 5867 777 5927 salutis
798 5870 1150 5935 reciperetur.
1181 5870 1353 5928 Porro
1390 5871 1448 5928 hi
1496 5871 1780 5930 duodecim

1807 4623 1860 4685 D

1895 1981 2041 2049 tatis,
2067 1998 2189 2052 quae
2218 1982 2455 2038 debeant
2488 1998 2554 2038 ex
2581 1983 2758 2038 olIicio
2784 1985 2853 2039 ad
2879 1992 3115 2054 quatuor
3140 1983 3328 2040 mundi
3373 1983 3490 2054 pla-

1893 2088 1988 2144 gas
2010 2071 2135 2142 jure
2165 2071 2401 2139 deferre,
2430 2081 2488 2128 et
2518 2073 2842 2130 Trinitatem
2883 2075 2939 2129 in
2997 2074 3188 2131 iisdem
3215 2075 3489 2146 partibus

1892 2164 2160 2219 nuntiare.
2227 2163 2366 2219 Hinc
2413 2179 2628 2236 quoque
2689 2164 2974 2221 duodecim
3025 2165 3198 2221 tribus
3251 2163 3486 2220 ﬁliorum

1890 2254 2058 2312 Israel
2103 2257 2459 2313 ascendentes
2488 2273 2555 2313 ex
2606 2256 2843 2329 [Egypto
2898 2255 3089 2329 (Num.
3131 2258 3197 2326 ιι)
3233 2257 3489 2313 similiter

1892 2357 2071 2404 castra
2093 2357 2396 2416 metantur;
2431 2357 2545 2404 tres
2571 2349 2824 2405 videlicet
2843 2351 2912 2405 ad
2931 2349 3224 2415 orientem,
3278 2358 3334 2405 et
3377 2358 3488 2404 tres

1892 2439 1960 2493 ad
1989 2438 2293 2505 meridiem,
2323 2447 2436 2495 tres
2455 2455 2586 2496 vero
2614 2442 2683 2496 ad
2705 2441 3032 2511 aquilonem,
3064 2449 3120 2496 et
3149 2448 3262 2496 tres
3297 2441 3366 2495 ad
3385 2456 3480 2496 oc-

1891 2543 2095 2592 casum,
2134 2529 2500 2600 apostolorum
2530 2529 2938 2601 prmﬁgurantes
2966 2530 3217 2597 formam,
3258 2531 3332 2608 ide
3354 2530 3476 2600 qui-

1890 2621 1993 2676 bus
2031 2621 2291 2692 scriptum
2338 2630 2424 2678 est
2455 2641 2466 2676 :
2501 2622 2572 2676 In
2615 2640 2818 2678 omnem
2867 2634 3063 2678 terram
3113 2625 3270 2680 exivit
3323 2639 3485 2680 sonus

1888 2720 2054 2794 472
2083 2737 2284 2786 eorum,
2327 2732 2374 2776 et
2417 2721 2470 2776 in
2525 2721 2656 2790 ﬁnes
2698 2720 2837 2776 orbis
2888 2731 3042 2776 terra:
3096 2721 3249 2776 verba
3301 2738 3484 2776 eorum

1893 2813 2064 2881 (Psal.
2091 2829 2246 2878 xvnr,
2272 2813 2349 2884 4).
2377 2813 2550 2868 Verus
2572 2813 2768 2884 quippe
2790 2813 2958 2870 Jacob
2981 2812 3265 2870 duodecim
3296 2814 3485 2886 genuit

1891 2901 2050 2968 ﬁlios,
2090 2919 2224 2972 quos
2256 2903 2726 2958 benedictionibus
2751 2903 2969 2958 collium
3009 2913 3338 2960 mternorum
3370 2904 3480 2974 spi-

1892 2995 2125 3051 ritaliter
2153 2997 2450 3051 benedixit.
2474 2994 2540 3049 Hi
2561 2995 2845 3051 duodecim
2874 2995 3055 3052 fontes
3077 2997 3132 3052 in
3155 2996 3294 3052 Elim
3324 2997 3486 3054 uber-

1892 3096 2058 3144 tatem
2093 3089 2216 3144 vita:
2245 3087 2436 3155 ﬂuunt,
2469 3089 2615 3144 circa
2637 3104 2774 3159 quos
2791 3090 3134 3160 septuaginta
3152 3088 3274 3146 duae
3289 3091 3484 3162 palmae

1891 3182 2129 3238 crevisse
2149 3182 2401 3252 leguntur
2443 3183 2638 3253 (Exod.
2671 3199 2764 3248 xv,
2796 3184 2908 3254 Ἥ),
2962 3183 3214 3240 videlicet
3263 3193 3481 3255 septua—

1890 3275 2041 3345 ginta
2070 3275 2176 3330 duo
2211 3276 2304 3345 qui
2337 3276 2405 3330 ad
2432 3277 2832 3346 praedicandum
2875 3277 3167 3333 mittuntur
3210 3278 3482 3350 discipuli,

1891 3382 2028 3437 quos
2058 3366 2301 3438 profecto
2333 3367 2698 3439 apostolorum
2728 3368 2850 3424 fons
2877 3369 3168 3426 salubriter
3189 3372 3482 3426 'enutrivit.

1893 3456 1998 3513 Sed
2034 3467 2090 3513 et
2116 3458 2298 3513 leones
2329 3459 2611 3514 duodecim
2641 3461 2897 3515 thronum
2953 3460 3188 3517 ferentes
3237 3462 3485 3520 Salomo-

1891 3550 1976 3604 nis
2002 3548 2120 3621 (111
2147 3548 2277 3619 Reg.
2307 3566 2358 3614 χ,
2387 3550 2504 3620 20),
2536 3555 2662 3605 dum
2693 3551 2964 3621 quadrato
2985 3567 3235 3619 numero,
3266 3563 3378 3609 tres
3408 3557 3484 3611 si-

1891 3641 2004 3696 mul
2036 3640 2104 3695 ad
2142 3640 2382 3712 singulas
2414 3642 2596 3697 mundi
2636 3640 2941 3712 junguntur
2989 3645 3195 3716 plagas,
3249 3646 3477 3702 istorum

1887 3742 2309 3806 praemonstrant
2335 3733 2729 3798 fortitudinem,
2773 3736 2970 3805 quibus
3011 3752 3172 3795 verus
3221 3738 3478 3797 Salomon

1889 3826 2139 3883 Christus
2165 3826 2458 3898 prmsidere
2488 3826 2542 3880 in
2577 3827 2773 3883 throno
2796 3828 3053 3885 Ecclesia;
3082 3829 3334 3901 eumiure
3361 3847 3484 3890 cre-

1889 3922 2054 3988 ditur,
2114 3921 2241 3992 quia
2281 3935 2445 3991 super
2487 3936 2582 3977 eos
2645 3921 2819 3977 solum
2863 3921 3166 3992 maiestatis
3210 3925 3328 3997 ejus
3376 3925 3485 3982 ﬁde

1889 4011 2166 4078 fundatur,
2201 4020 2257 4066 et
2282 4011 2498 4079 civitas,
2529 4013 2596 4068 de
2621 4028 2727 4083 qua
2757 4013 2965 4070 dictum
3007 4024 3138 4083 est,
3168 4016 3434 4074 solidatur
3467 4036 3481 4073 :

1888 4100 2263 4155 Fundamenta
2292 4101 2407 4171 ejus
2431 4102 2488 4155 in
2517 4102 2780 4158 montibus
2801 4107 2998 4160 sanctis
3048 4105 3224 4178 (Psal.
3255 4120 3480 4174 LxxxVI,

1890 4193 1968 4266 l),
2001 4208 2122 4264 qua:
2150 4193 2410 4248 nimirum
2435 4192 2791 4250 fundamenta
2822 4212 2950 4252 mox
2996 4207 3170 4268 porta:
3206 4199 3482 4268 dicuntur,

1886 4299 2023 4356 quas
2047 4284 2310 4340 Dominus
2345 4284 2517 4357 diligit
2562 4301 2727 4356 supra
2783 4287 2965 4343 omnia
3009 4289 3358 4346 tabernacula
3391 4290 3483 4346 .Ia-

1889 4375 2009 4430 cob.
2043 4374 2102 4430 Si
2129 4375 2252 4445 quis
2286 4390 2416 4444 ergo
2436 4390 2668 4446 pereas,
2701 4392 2801 4448 per
2839 4393 3030 4435 eorum
3071 4381 3280 4438 scilicet
3314 4381 3476 4438 ﬁdem

1889 4477 2052 4538 atque
2080 4467 2408 4533 doctrinam,
2453 4468 2656 4524 Christi
2685 4469 2989 4527 Ecclesiam
3040 4488 3148 4528 non
3188 4474 3479 4540 introierit,

1887 4560 2086 4614 ostium
2115 4574 2381 4629 nusquam
2413 4568 2470 4614 et
2495 4575 2773 4632 nunquam
2795 4564 3029 4634 reperiet
3050 4566 3142 4636 qui
3197 4567 3274 4623 ait
3306 4585 3321 4622 :
3363 4568 3479 4640 Ego

1885 4672 2002 4712 sum
2031 4655 2244 4720 ostium,
2258 4671 2351 4726 per
2371 4670 2455 4709 me
2475 4656 2520 4709 si
2537 4657 2653 4727 quis
2671 4657 2963 4727 intraverit,
2979 4659 3476 4735 mirabitur-(10am

1887 4766 1942 4816 x,
1970 4749 2047 4819 9).
2081 4747 2245 4803 Multa
2275 4755 2402 4803 sunt
2424 4748 2589 4820 igitur
2627 4749 2925 4821 ﬁgurarum
2963 4753 3230 4826 exempla,
3281 4755 3480 4824 quibus

1887 4843 2254 4916 apostolorum
2284 4858 2546 4899 numerus
2568 4845 2947 4917 praesignatur,
2976 4849 3314 4920 principatus
3343 4863 3480 4919 quo-

1887 4955 2015 5012 que,
2063 4953 2250 4994 eorum
2302 4938 2437 4992 ordo
2486 4945 2541 4994 et
2592 4938 2898 4996 sublimitas
2936 4939 3262 4998 declaratur.
3324 4940 3480 4998 Unde

1889 5030 2074 5088 multis
2093 5029 2496 5100 Scripturarum
2523 5030 2738 5087 indiciis
2765 5033 3091 5099 divinarum,
3141 5032 3476 5089 creberrime

1891 5122 2192 5179 olﬁciorum
2213 5130 2269 5177 et
2295 5136 2650 5193 personarum
2680 5125 3006 5195 praaconium
3038 5124 3139 5179 sub
3166 5125 3357 5180 eodem
3391 5142 3475 5182 re-

1893 5213 2094 5269 texitur
2116 5226 2362 5278 numero,
2389 5221 2658 5282 quatenus
2692 5215 2921 5286 mystice
2955 5215 3184 5270 istorum
3206 5224 3262 5270 et
3291 5231 3476 5272 nume-

1891 5325 1985 5365 rus
2004 5317 2058 5363 et
2080 5306 2273 5362 merita
2309 5308 2778 5364 commendentur.
2808 5307 2985 5363 Habet
3009 5307 3155 5362 enim
3184 5323 3345 5365 verus
3367 5310 3471 5367 Sa-

1890 5401 2069 5456 lomon
2105 5400 2478 5455 tantummodo
2531 5415 2698 5470 super
2731 5414 2948 5455 omnem
2978 5399 3146 5458 Israel
3192 5401 3292 5458 hos
3339 5403 3474 5462 duo-

1841 5529 1847 5534 ι
1888 5494 2062 5548 decim
2085 5491 2252 5546 duces
2287 5490 2557 5562 praelatos,
2578 5491 2774 5561 quibus
2801 5491 3004 5546 dictum
3033 5502 3116 5549 est
3143 5509 3175 5548 a
3205 5495 3466 5555 Domino:

1887 5583 2143 5640 Sedebitis
2166 5600 2256 5636 ros
2276 5598 2431 5658 super
2451 5582 2595 5637 sedes
2620 5581 2915 5648 duodecim,
2933 5583 3236 5652 judicantcs
3275 5589 3471 5644 duode-

1885 5682 1985 5736 cim
2011 5681 2176 5735 tribus
2200 5678 2370 5735 Israel
2394 5677 2609 5751 (Matth.
2633 5695 2752 5747 xix,
2781 5679 2890 5752 18).
2922 5680 3200 5754 Siquidem
3233 5683 3320 5741 isti
3345 5696 3474 5742 sunt

1885 5774 2174 5830 duodecim
2199 5772 2403 5842 lapides
2423 5771 2636 5839 altaris,
2661 5782 2716 5828 et
2750 5773 3034 5832 duodecim
3057 5793 3225 5848 panes
3275 5793 3471 5851 prepo-

1885 5869 2099 5926 sitionis
2119 5882 2303 5925 coram
2333 5865 2562 5922 Domino
2584 5866 2771 5937 (Leuit.
2803 5883 2877 5936 tv,
2909 5869 2986 5942 5).
3034 5868 3127 5926 Isti
3181 5871 3249 5926 de
3291 5871 3468 5926 medio
