4004 6362
545 384 651 440 405

1335 376 1393 432 S.
1437 372 1793 433 PASCHASII
1830 370 2181 431 BADBEBTI
2217 370 2507 428 ABBATIS
2544 369 2997 430 CORBEIENSIS

3708 366 3809 422 4M

550 502 810 559 tolluntur
831 497 966 553 alvei
998 495 1251 552 iordanis
1277 503 1331 550 et
1358 493 1667 550 referuntur
1692 494 1745 566 (J
1754 510 1830 550 os.
1856 495 1955 563 tv),
2002 508 2128 563 quo-
2154 494 2205 553 Α
2233 489 2635 544 distinctionem
2648 489 2844 544 habeat
2859 488 2927 543 ab
2947 487 3053 544 alio
3074 485 3463 559 apostolorum,
3478 484 3639 553 quiet
3659 483 3823 542 ludas

542 613 660 652 rum
686 595 902 649 nomina
928 610 1050 649 mox
1083 594 1135 647 in
1161 592 1339 649 fronte
1361 593 1513 663 juxta
1539 592 1901 664 Apocalypsin
1956 599 2127 663 portae

539 688 776 745 civuatis
802 687 1225 743 conscribuntur
1248 685 1429 759 (Apoc.
1465 701 1559 752 xu,
1590 688 1671 757 l);
1706 687 1796 757 qui
1825 694 1879 741 et
1900 686 2021 757 ipsi,
2069 693 2130 739 ut

539 783 797 848 diximus,
826 790 997 852 portae
1028 778 1303 845 dicunttIr,
1344 796 1409 835 eo
1459 778 1601 850 quod
1622 794 1719 850 per
1761 795 1856 834 eos
1891 772 2127 834 tantum-

539 874 700 931 modo
730 874 940 929 cunctis
972 882 1157 943 pateat
1180 873 1456 928 introitus.
1495 872 1744 927 Pluribus
1795 871 1960 941 igitur
2010 868 2127 924 tali-

538 967 640 1021 bus
663 975 717 1022 et
738 965 1043 1034 hujusmodi
1073 964 1281 1037 ﬁguris,
1312 963 1645 1021 creberrime
1670 979 1856 1019 eorum
1896 963 1947 1017 in
1994 962 2129 1017 divi-

540 1059 625 1115 nis
656 1058 853 1114 litteris
880 1059 1232 1130 przescriptus
1262 1066 1347 1114 est
1384 1072 1645 1113 numerus
1701 1065 1757 1112 et
1794 1056 2121 1128 assignatus,

538 1157 599 1204 ut
622 1157 676 1204 et
699 1150 936 1215 illorum,
967 1158 1027 1203 ut
1051 1148 1229 1205 fassus
1257 1163 1396 1230 sum,
1448 1148 1680 1220 dignitas
1705 1164 1773 1203 ex
1795 1147 1897 1203 hoc
1949 1146 2123 1203 clare-

537 1248 735 1306 sceret,
771 1241 989 1311 etquod
1011 1241 1257 1306 totidem,
1286 1255 1387 1296 nec
1424 1238 1656 1310 amplius
1704 1238 1787 1293 vel
1838 1238 2015 1294 minus
2044 1252 2130 1293 re-

537 1330 770 1404 cipiendi
805 1340 1005 1389 essent.
1040 1328 1174 1401 Quia
1200 1332 1305 1388 etsi
1327 1333 1437 1388 sint
1460 1331 1548 1386 alii
1572 1330 1747 1386 adhuc
1777 1329 2026 1401 apostoli,
2069 1340 2129 1387 ut

537 1423 737 1480 Paulus
772 1432 826 1481 ct
862 1421 1160 1491 Baniabas,
1205 1441 1269 1481 ac
1290 1424 1468 1481 caeteri
1517 1424 1715 1496 quibus
1743 1422 1946 1479 credita
2001 1434 2129 1480 sunt

535 1516 868 1586 apostolatus
892 1516 972 1571 sui
1000 1517 1121 1587 jura
1154 1515 1355 1584 divina,
1385 1523 1565 1571 tamen
1591 1515 1643 1569 in
1675 1514 1794 1570 istis
1841 1529 2130 1570 consecra-

537 1615 624 1661 tus
646 1613 729 1661 est
759 1607 1019 1678 mysticus
1041 1606 1373 1661 sacramenti
1403 1620 1687 1671 numerus,
1711 1614 1766 1660 et
1794 1604 2016 1659 fundata
2070 1605 2124 1660 in

534 1698 725 1751 eodem
757 1697 959 1753 Christi
982 1694 1245 1763 Ecclesia,
1284 1705 1551 1768 quatenus
1576 1697 1645 1753 ad
1664 1711 1759 1752 eos
1780 1695 1944 1769 573
1964 1698 2128 1752 etiam

536 1800 589 1843 ct
612 1788 812 1846 Paulus
839 1806 902 1845 ac
941 1790 1125 1847 caeteri
1174 1790 1514 1862 colligantur,
1560 1797 1616 1845 et
1641 1804 1829 1845 omnes
1852 1791 1905 1845 in
1938 1806 2128 1847 eorum

2233 582 2561 637 nominatur.
2581 582 2639 637 in
2654 596 2763 653 quo
2786 598 2918 639 sane
2945 581 3245 645 sciendum,
3275 580 3417 651 quod
3438 578 3589 637 solus
3611 589 3822 637 seruta-

2232 683 2317 728 tor
2353 672 2520 747 474
2551 674 2796 729 cordium
2822 715 2837 740 ,
2880 675 2971 745 qui
3012 674 3205 728 merita
3256 672 3409 728 novit
3449 671 3823 741 singulorum,

2229 779 2322 820 eos
2356 765 2430 820 ita
2460 765 2706 821 distinxit
2751 774 2806 820 et
2827 764 3233 835 przeordinavit,
3269 772 3325 818 ut
3373 771 3428 819 et
3478 771 3824 820 sacramenta

2229 856 2508 913 redoleant
2534 856 2600 911 de
2625 856 2819 921 relatu,
2850 864 2905 912 et
2930 856 3112 912 divina
3155 855 3210 911 in
3260 852 3464 910 eisdem
3492 864 3827 911 venerentur

2229 963 2294 1004 ex
2321 948 2535 1005 aﬁ‘ectu.
2582 950 2820 1005 Tertium
2848 964 2979 1005 vero
3003 949 3243 1003 fatentur
3286 960 3532 1012 causam,
3570 948 3735 1019 quasi
3762 963 3827 1004 ex

2230 1041 2549 1112 cognatione
2568 1042 2770 1107 carnis,
2802 1041 2945 1112 quod
2970 1056 3077 1097 non
3105 1042 3240 1097 satis
3268 1041 3545 1111 approbo;
3573 1040 3705 1095 licet
3733 1040 3831 1095 Pe-

2232 1140 2346 1187 trus
2372 1143 2429 1186 et
2472 1132 2739 1198 Andreas,
2778 1132 3012 1188 Jacohus
3047 1141 3103 1188 et
3141 1132 3398 1196 Joannes,
3429 1129 3595 1187 simul
3633 1130 3832 1187 fratres

2225 1223 2542 1295 junguntur,
2594 1226 2684 1294 qui
2740 1225 2995 1280 nimirum
3030 1224 3143 1280 bini
3192 1233 3478 1295 propterea
3522 1235 3827 1296 ponuntur,

2231 1316 2355 1386 quia
2385 1317 2465 1371 sic
2491 1317 2555 1371 ad
2580 1317 2983 1387 praedicandum
3011 1317 3257 1371 mittendi
3288 1325 3469 1383 erant,
3498 1324 3555 1371 ut
3586 1317 3831 1374 citat-itas

2230 1406 2287 1460 in
2316 1407 2396 1462 eis
2430 1407 2668 1477 gemina,
2697 1408 2792 1463 Dei
2824 1406 3074 1463 videlicet
3097 1422 3161 1463 ac
3206 1408 3459 1478 proximi,
3498 1423 3666 1477 quam
3694 1423 3835 1479 prm-

2232 1499 2464 1555 dicaturi
2497 1509 2676 1568 erant,
2719 1509 3043 1571 putesceret,
3091 1509 3148 1556 et
3183 1501 3520 1572 germanitas
3547 1516 3747 1555 eorum
3780 1501 3833 1558 in

2234 1592 2423 1661 spiritu
2446 1592 2671 1648 solidior
2697 1591 3025 1649 ﬁrmaretur.
3057 1590 3212 1649 Unde
3236 1601 3292 1649 et
3324 1592 3642 1650 fraternitas
3680 1591 3834 1649 Petri

2235 1694 2289 1742 et
2308 1687 2536 1742 Andreas
2565 1701 2704 1756 pene
2732 1686 2931 1756 ubique
2959 1701 2989 1741 a
3012 1686 3281 1756 principio
3302 1685 3640 1755 designatur.
3685 1685 3830 1741 Con-

2234 1787 2343 1836 stat
2372 1779 2536 1851 igitur
2567 1780 2890 1836 charitatem
2944 1795 3050 1835 non
3106 1780 3286 1835 minus
3306 1795 3467 1850 quam
3504 1780 3652 1837 inter
3699 1780 3837 1835 duos

536 1896 783 1946 munero,
808 1896 971 1951 supra
993 1882 1278 1937 duodecim
1304 1881 1786 1952 sedesjudicantes
1820 1881 2124 1938 resideant:
2158 1876 2206 1946 Β
2233 1873 2423 1929 haberi
2457 1887 2644 1944 Posse;
2694 1873 2895 1929 “Circo
2922 1872 3056 1929 Sili!
3089 1873 3453 1963 ἀίδρθιῖθιιίνθ
3496 1873 3608 1929 duo
3642 1872 3834 1938 Simul.

533 1983 591 2027 ut
621 1976 761 2029 sicut
789 1989 896 2030 non
923 1976 1137 2029 excedit
1170 1974 1452 2030 duodecim
1491 1974 1728 2029 tribuum
1770 1975 1836 2029 de
1890 1972 2129 2046 Egypto

532 2066 843 2121 transiliens
863 2080 1144 2131 numerus,
1195 2068 1288 2123 sed
1318 2076 1374 2123 et
1403 2077 1590 2138 gentes
1633 2069 1797 2121 etiam
1843 2067 1894 2121 in
1937 2068 2128 2122 eodem

532 2160 875 2226 inseruntur;
916 2161 991 2216 ita
1044 2176 1143 2217 uec
1197 2159 1331 2216 ordo
1384 2146 1467 2215 vel
1508 2176 1770 2216 numerus
1826 2159 2129 2231 praedican-

533 2253 690 2317 tium,
725 2254 817 2308 sed
842 2268 1035 2309 omnes
1057 2268 1123 2308 ex
1152 2254 1357 2309 eisdem
1388 2254 1670 2325 propagati
1696 2260 1882 2307 eorum
1912 2236 2129 2308 socian-

532 2354 621 2401 tur
646 2347 809 2401 cmtui
833 2361 931 2416 per
965 2345 1124 2402 ﬁdem
1151 2346 1373 2412 Christi,
1428 2355 1483 2402 et
1512 2347 1844 2402 couuiuntur
1879 2356 2124 2400 numero.

532 2440 784 2511 Oportuit
815 2441 1035 2511 quidem
1073 2450 1131 2495 ut
1153 2432 1341 2497 eorum
1365 2440 1590 2497 evidens
1619 2441 2001 2514 mysteriorum
2044 2439 2126 2495 di-

533 2534 709 2605 gnitas
733 2532 916 2589 multis
955 2549 1019 2590 ac
1047 2535 1397 2591 creberrimis
1420 2534 1823 2606 Scripturarum
1851 2550 2125 2591 commen-

531 2624 754 2679 daretur
781 2623 1098 2695 ‘przeconiis;
1133 2636 1186 2681 et
1210 2625 1350 2692 idco,
1373 2625 1611 2697 prudens
1636 2625 1827 2691 lector,
1885 2625 2124 2691 attende,

527 2715 653 2783 quia
687 2723 891 2784 quanto
939 2714 1249 2787 diligentius
1295 2732 1358 2771 ea
1406 2718 1748 2784 discusseris,
1802 2726 1957 2773 tanto
2002 2733 2128 2788 pro-

529 2801 779 2859 fundiora
808 2804 878 2860 de
907 2805 1022 2877 lege
1049 2807 1145 2861 Dei
1177 2807 1442 2863 mirabilia
1478 2809 1871 2865 considerabis.

602 2896 839 2965 Primus,
890 2898 1086 2969 inquit,
1132 2898 1314 2955 Simon
1367 2899 1579 2967 Petrus,
1611 2912 1657 2955 et
1688 2903 1925 2958 Andreas
1958 2903 2125 2970 frater

530 2989 668 3060 ejus.
690 2987 809 3045 Jam
833 2989 1137 3061 catal‘ogum
1163 3005 1349 3045 eorum
1374 2992 1616 3046 adoritur
1638 2992 1819 3047 divina
1848 2993 2126 3064 dispensa-

532 3083 632 3149 tio,
663 3082 753 3152 qui
795 3083 945 3139 novit
985 3084 1179 3138 merita
1224 3084 1581 3155 singulorum.
1621 3084 1728 3141 Sed
1773 3087 2122 3156 quaerendum

530 3175 596 3230 de
625 3174 846 3230 Simone
873 3172 1053 3240 Petro,
1079 3175 1207 3247 quia
1239 3176 1436 3232 dicitur
1462 3178 1685 3248 primus,
1716 3187 1896 3233 utrum
1934 3179 2001 3234 ad
2031 3195 2121 3234 or-

2234 1981 2379 2029 reor,
2413 1965 2739 2037 junguntur,
2766 1973 3038 2037 quatenus
3063 1973 3117 2020 et
3139 1965 3241 2035 ipsi
3263 1965 3413 2036 prius
3436 1965 3629 2021 eadem
3669 1964 3836 2019 fibula

2233 2057 2522 2113 charitatis
2550 2064 2933 2125 amtectantur,
2979 2065 3037 2113 et
3084 2066 3312 2112 caeteros
3344 2053 3475 2129 iugo
3520 2055 3837 2113 dilectionis

2234 2152 2286 2205 in
2317 2151 2419 2207 hac
2447 2150 2659 2206 Domini
2684 2150 3012 2223 agricultura
3038 2150 3199 2207 binos
3217 2166 3282 2206 ac
3309 2149 3465 2206 binos
3488 2151 3835 2208 consocieut.

2232 2239 2289 2296 Si
2319 2256 2427 2311 quo
2468 2241 2629 2297 modo
2676 2242 2856 2297 omnis
2905 2251 3182 2298 structura
3224 2241 3416 2298 domus
3443 2249 3735 2313 eoinpacta
3778 2252 3839 2298 et

2231 2333 2539 2389 consociata
2564 2342 2776 2390 crescat
2812 2334 2866 2389 in
2897 2335 3145 2389 Domino.
3182 2333 3355 2390 Habet
3382 2335 3528 2391 enim
3554 2334 3648 2390 Dei
3682 2335 3835 2405 agri-

2229 2426 2439 2482 cultura
2472 2442 2716 2493 neccsse,
2745 2434 2805 2482 ut
2822 2427 2924 2482 sub
2951 2443 3060 2483 uno
3081 2427 3213 2499 jngo
3251 2426 3374 2489 ﬁdei
3398 2426 3510 2482 bini
3537 2427 3838 2483 charitatis

2229 2512 2348 2572 loro
2374 2517 2764 2588 astringantur,
2795 2531 2864 2572 ne
2901 2517 3075 2587 possit
3100 2515 3385 2573 dissociari
3407 2517 3753 2589 germanitas
3775 2527 3837 2575 et

2230 2610 2503 2666 lascivire.
2557 2608 2694 2677 Quia
2740 2609 2987 2681 profecto
3036 2624 3198 2666 nemo
3229 2624 3452 2665 utanum
3482 2610 3711 2666 mittens
3762 2610 3836 2668 ad

2229 2712 2469 2758 aratrum
2510 2711 2568 2758 et
2612 2703 2881 2774 aspiciens
2928 2711 3096 2769 retro,
3128 2708 3288 2773 aptus
3319 2711 3406 2758 est
3456 2703 3835 2775 regnocteto-

2230 2811 2349 2850 rum
2378 2794 2529 2866 (Luc.
2575 2812 2654 2860 ιχ,
2686 2795 2797 2867 6S);
2840 2796 2910 2852 Et
2935 2796 3059 2852 ideo
3082 2811 3246 2868 quam
3286 2795 3429 2852 bene
3462 2796 3575 2852 bini
3605 2811 3672 2852 ac
3716 2796 3835 2853 bini

2228 2888 2610 2943 consociantur
2636 2927 2651 2953 ,
2716 2897 2778 2944 ut
2839 2902 3027 2945 eorum
3075 2886 3387 2959 coniugatio
3434 2888 3491 2943 in
3540 2889 3835 2944 senarium

2227 2988 2435 3050 surgat.
2454 2981 2680 3037 Constat
2702 2981 2848 3037 enim
2877 2982 3064 3038 eodem
3088 2981 3301 3037 dierum
3321 2979 3530 3039 calculo
3544 2981 3833 3048 universa,

2225 3081 2281 3129 et
2308 3073 2360 3128 in
2406 3080 2560 3129 sexto
2588 3074 2883 3139 hominem,
2914 3074 3041 3145 quia
3079 3072 3357 3145 perfectus
3405 3084 3489 3131 est
3540 3089 3833 3144 numerus,

2227 3174 2595 3235 procreatum.
2628 3166 2736 3221 Sed
2765 3167 2893 3236 quia
2941 3181 3158 3222 omnem
3201 3166 3588 3239 agriculturam
3638 3167 3833 3225 seaculi

531 3267 711 3321 dinem
735 3273 787 3321 et
817 3276 1099 3322 numerum
1128 3268 1416 3337 pertineat,
1453 3282 1519 3324 an
1555 3270 1620 3325 ad
1652 3271 1944 3326 meritum?
1967 3269 2120 3327 Haud

2230 3258 2400 3328 spina:
2426 3267 2771 3329 peccatorum
2794 3262 2853 3315 et
2890 3258 3145 3315 fruticeta
3182 3258 3521 3316 inﬁdelitatis
3558 3268 3829 3330 pervase-

532 3358 753 3413 duhium
774 3360 903 3429 quin
944 3358 1012 3414 ad
1060 3368 1350 3431 utrumque
1380 3361 1568 3416 referri
1612 3362 1802 3432 possit,
1830 3363 1953 3433 quia
1984 3364 2124 3419 sicut

533 3450 622 3503 hic
648 3449 1159 3519 primusnrdinatur
1184 3451 1236 3505 in
1266 3450 1529 3522 catalogo,
1571 3452 1641 3507 ita
1676 3461 1727 3506 et
1759 3454 1812 3509 in
1840 3453 1959 3530 aliis
2000 3455 2122 3523 qui-

530 3542 948 3608 busli'betlocis;
977 3543 1103 3599 dum
1126 3552 1181 3599 et
1209 3544 1520 3615 specialiter
1556 3546 1724 3612 solus,
1770 3555 1823 3602 et
1857 3547 2124 3618 generali-

533 3643 616 3688 ter
662 3650 784 3690 cum
834 3636 1048 3692 caeteris
1094 3636 1297 3708 ubique
1346 3637 1653 3707 praefertur.
1700 3638 1859 3695 Solus
1904 3641 2120 3710 quidem

533 3744 656 3783 cum
685 3730 911 3785 dicitur:
934 3729 1013 3784 Tu
1042 3748 1095 3786 es
1124 3729 1341 3799 Petrus,
1368 3744 1414 3787 et
1436 3750 1591 3803 super
1616 3734 1751 3788 hanc
1771 3744 1971 3804 petram
1994 3735 2121 3788 (rdi-

529 3822 697 3890 ﬁcabo
750 3821 1041 3877 Ecclesium
1091 3836 1260 3878 meam
1289 3822 1503 3897 (Matth.
1563 3842 1674 3889 xvr,
1706 3825 1826 3895 18);
1858 3835 1914 3880 et
1943 3826 2070 3881 illud
2103 3844 2117 3880 :

534 3910 644 3980 Ego
671 3924 766 3979 pro
783 3919 831 3964 te
855 3914 1055 3982 rogavi,
1082 3910 1257 3978 Petra,
1286 3926 1343 3968 ut
1377 3932 1479 3969 non
1507 3915 1717 3984 deﬁciat
1745 3916 1877 3984 ﬁdes
1909 3926 2020 3980 tua,
2074 3927 2122 3971 et

529 4011 585 4054 tu
608 3998 896 4071 aliquando
941 4018 1218 4057 conversus
1266 4004 1521 4073 conﬁrma
1571 4005 1761 4073 fratres
1813 4016 1929 4060 tuos
1964 4006 2118 4077 (Luc.

534 4108 682 4162 nix,
716 4095 829 4167 32).
854 4095 984 4152 Jure
1028 4098 1192 4169 igitur
1217 4099 1270 4153 in
1318 4099 1526 4153 meritis
1555 4100 1765 4169 primus
1795 4100 2115 4167 aestimatur,

522 4201 622 4257 per
643 4203 825 4256 quem,
856 4196 911 4242 et
952 4190 1006 4243 in
1035 4203 1142 4258 quo
1189 4188 1256 4243 ad
1302 4189 1437 4244 alios
1485 4189 1622 4244 dona
1655 4192 2117 4248 transmittuntur.

528 4279 820 4348 Arripiunt
857 4287 1035 4334 autem
1068 4280 1260 4350 reliqui
1303 4281 1355 4335 in
1403 4296 1469 4335 eo
1516 4298 1707 4338 omnes
1740 4283 1922 4341 claves
1966 4288 2117 4358 regni

521 4368 806 4434 eteinrum,
834 4384 959 4425 cum
974 4372 1024 4426 ei
1043 4387 1071 4425 a
1103 4372 1332 4427 Domino
1360 4370 1649 4443 specialius
1674 4377 2115 4445 committuntur;

521 4468 579 4518 et
602 4460 861 4517 fundatur
884 4462 1087 4518 Christi
1116 4464 1356 4521 Ecclesia
1387 4481 1551 4535 super
1572 4481 1666 4522 eos
1692 4485 1704 4520 :
1733 4466 1873 4523 unde
1899 4479 1952 4524 et
2000 4469 2121 4525 fnu-

520 4552 775 4607 damenta
818 4566 917 4624 per
954 4556 1269 4625 prophetam
1325 4556 1599 4621 dicuntur,
1640 4573 1761 4614 cum
1806 4569 1861 4614 et
1910 4561 2009 4631 ipsi
2060 4563 2113 4617 in

2230 3361 2371 3417 rant,
2410 3353 2616 3424 justum
2654 3350 2756 3406 fuit
2802 3350 3022 3407 totidem
3054 3350 3183 3423 juga
3213 3350 3375 3407 boum
3414 3358 3661 3406 aratrum
3706 3364 3833 3408 sun-

2225 3444 2298 3499 cti
2326 3443 2599 3515 Evangelii
2625 3443 2692 3497 ad
2715 3443 3043 3498 scindendas
3067 3442 3312 3497 cordimn
3343 3441 3551 3514 glebas,
3579 3443 3831 3512 perfecto

2229 3540 2508 3596 traherent
2535 3553 2784 3605 numero,
2803 3546 2858 3592 et
2883 3536 3090 3593 semina
3118 3536 3268 3590 'verhi
3300 3540 3828 3608 superspargerent;

2225 3643 2492 3705 quatenus
2506 3631 2923 3702 charitatisjugo
2936 3629 3094 3705 simul
3117 3629 3292 3695 asciti,
3314 3626 3717 3699 perfectionem
3740 3644 3832 3686 se-

2214 3702 2728 3789 nariiexhiherent,
2757 3732 2813 3777 et
2835 3702 3033 3793 singuli
3059 3722 3435 3779 connumernti
3482 3734 3649 3792 supra
3692 3723 3830 3777 duo-

2228 3818 2399 3871 decim
2433 3817 2671 3872 tribuum
2699 3815 2857 3871 sedes
2880 3815 2949 3870 ad
2979 3813 3330 3882 iudicandum
3363 3812 3660 3885 gloriosius
3693 3812 3832 3869 nite-

2229 3914 2367 3963 rent.
2395 3908 2636 3976 Quorum
2678 3907 2889 3979 primus
2927 3906 3199 3962 binomius
3238 3903 3427 3961 Simon
3461 3905 3715 3960 audiens
3746 3907 3829 3961 in-

2228 4006 2599 4069 terpretatur,
2652 3997 2847 4053 Petrus
2902 4011 3033 4053 vero
3085 4010 3407 4067 agnoscens;
3457 3995 3587 4066 quia
3640 3997 3831 4051 omnis

2223 4088 2486 4160 perfectio
2514 4088 2835 4145 Christianae
2885 4088 3161 4160 religionis
3203 4102 3272 4142 ex
3310 4079 3649 4151 obedientia,
3680 4088 3830 4143 sicut

2225 4182 2495 4254 apostasia
2538 4181 2735 4251 prioris
2766 4181 2935 4237 Adam
2978 4182 3047 4236 ab
3091 4179 3456 4236 inobedientia
3501 4178 3738 4250 incipit;
3770 4188 3829 4236 et

2224 4291 2333 4333 non
2361 4289 2430 4331 ex
2457 4274 2763 4346 ignorantia
2795 4275 2924 4329 dum
2950 4273 3099 4337 libet,
3131 4272 3226 4328 sed
3255 4287 3322 4328 ex
3358 4271 3638 4344 agnitione
3668 4273 3827 4329 veri-

2225 4367 2367 4424 tatis.
2403 4366 2693 4437 Propterea
2713 4363 2855 4434 jure,
2894 4372 2955 4419 ut
2984 4365 3119 4431 dixi,
3155 4364 3351 4420 Petrus
3391 4378 3707 4434 agnoscens
3758 4366 3829 4421 de

2223 4461 2411 4517 Grazco
2441 4463 2494 4517 in
2524 4472 2707 4518 nostra
2748 4476 2944 4517 sonare
2971 4462 3189 4517 dicitur.
3222 4461 3376 4529 Quod
3398 4469 3584 4517 tamen
3616 4478 3825 4519 nomen

2223 4570 2331 4611 non
2365 4556 2545 4611 minus
2582 4564 2638 4609 et
2666 4556 2719 4610 in
2748 4554 2945 4612 Latino
2972 4568 3001 4609 a
3044 4564 3224 4625 petra,
3245 4568 3367 4624 quas
3398 4553 3659 4610 Christus
3711 4564 3824 4623 est,

522 4652 696 4712 petra,
748 4660 869 4715 qua:
916 4624 1169 4703 Christus
1211 4656 1314 4714 est,
1367 4650 1690 4705 solidantur.
1728 4624 1945 4706 Tamen.
1966 4654 2111 4723 quod
2142 4624 2194 4684 Ῑ)
2220 4646 2544 4711 derivatum,
2571 4645 2885 4701 ﬁrmitatem
2914 4624 3185 4714 ﬁdeiiejus
3209 4644 3478 4717 designat.
3501 4642 3643 4701 Hinc
3666 4646 3825 4713 inde,

521 4735 648 4791 huic
672 4745 961 4805 praestatur
984 4739 1138 4808 quasi
1164 4740 1283 4803 soli,
1311 4742 1565 4797 omnibus
1600 4743 1741 4799 ineo
1771 4743 2016 4817 largitur.
2046 4745 2112 4799 Et

521 4827 642 4883 ideo
670 4829 723 4883 in
768 4828 932 4884 Petro
961 4830 1112 4900 prior
1149 4831 1281 4887 vivit
1310 4843 1571 4905 potestas,
1613 4832 1874 4905 prmerllit
1919 4846 2109 4893 aucto-

518 4921 673 4976 ritas.
705 4919 891 4977 Simon
918 4933 1100 4977 autem
1127 4922 1324 4981 Petrus
1351 4927 1417 4979 ad
1458 4927 1860 4984 distinctiorcm
1886 4929 2111 4985 alterius

521 5010 759 5069 Simonis
777 5014 869 5085 qui
893 5012 1233 5071 Chananteus
1257 5017 1431 5071 dictus
1469 5029 1573 5082 est,
1606 5019 1925 5088 appellatur,
1955 5031 2014 5075 ut
2057 5021 2108 5075 in

518 5103 667 5158 nullo
685 5118 785 5159 nos
802 5120 960 5160 error
984 5104 1050 5159 de
1078 5105 1164 5160 his
1194 5106 1464 5171 involvat;
1516 5108 1608 5163 sed
1659 5110 2003 5182 praescriptus
2050 5118 2105 5165 et

518 5196 914 5263 prreordinatus
936 5198 1072 5253 ordo
1109 5207 1374 5265 servetur,
1414 5214 1481 5254 ne
1524 5207 1625 5254 'aut
1663 5200 1801 5255 alter
1831 5216 1929 5270 pro
1974 5202 2098 5267 alio,

517 5285 777 5342 autalins
799 5297 955 5343 extra
994 5289 1093 5343 hos
1133 5304 1371 5360 unquam
1424 5290 1743 5361 recipiatur,
1788 5299 1881 5347 aut
1908 5292 1973 5346 de
2021 5293 2105 5349 his

519 5377 677 5443 idlus,
719 5392 785 5434 ac
832 5379 878 5434 si
927 5395 1035 5435 non
1065 5380 1356 5457 ascriptus,
1381 5382 1715 5452 repudietur.
1749 5381 1897 5438 Ordo
1925 5392 2103 5438 autem

517 5485 726 5536 eorum,
765 5480 826 5525 ut
869 5472 1041 5539 aiunt,
1076 5473 1248 5529 tribus
1286 5472 1354 5528 de
1383 5474 1563 5529 causis
1599 5474 1674 5529 ita
1716 5474 2103 5547 distinguitur:

519 5562 726 5633 Quippe
749 5571 845 5618 aut
883 5566 1184 5622 vocationis
1210 5566 1410 5637 gratia,
1440 5575 1536 5621 aut
1562 5566 1894 5637 perfectione
1942 5569 2106 5622 meri-

523 5666 719 5722 torum,
748 5665 807 5712 et
847 5658 969 5714 ideo
995 5658 1192 5715 Petrus
1227 5660 1366 5715 forte
1403 5660 1457 5715 in
1506 5660 1752 5725 exordio,
1782 5659 1950 5715 ludas
1976 5676 2104 5714 vero
2135 5718 2147 5730 ,

522 5747 803 5842 lsrariotes
848 5751 901 5804 in
954 5751 1062 5806 ﬁne
1098 5752 1339 5820 ponitur,
1368 5753 1453 5807 cui
1486 5752 1720 5823 elogium
1744 5753 2106 5811 dcuotationis

522 5841 638 5896 iure
664 5841 877 5905 semper
899 5844 1212 5911 ascribitur,
1245 5853 1304 5899 ut
1324 5852 1381 5899 et
1405 5845 1563 5918 culpa
1590 5856 1770 5919 pateat
1803 5864 1872 5904 ex
1902 5849 2028 5917 hoc,
2050 5859 2107 5907 et

2218 4748 2278 4794 ut
2296 4738 2604 4795 obedientia
2621 4754 2742 4809 qua?
2765 4739 3026 4795 certatrix
3045 4753 3217 4809 usque
3229 4739 3295 4793 ad
3318 4747 3551 4793 mortem
3574 4748 3687 4805 est,
3712 4754 3829 4795 non

2217 4835 2377 4888 modo
2390 4831 2719 4902 agnitionem
2736 4831 2872 4897 veri,
2889 4831 2982 4886 sed
2996 4840 3047 4887 et
3063 4830 3434 4887 fortitudinem
3450 4828 3577 4884 ﬁdei
3593 4829 3827 4885 habeat.

2218 4925 2370 4981 Unde
2412 4923 2574 4996 475
2616 4933 2674 4980 et
2722 4925 3020 4990 scharioth,
3042 4924 3187 4995 quod
3209 4924 3260 4979 in
3284 4922 3533 4994 catalogo
3559 4923 3831 4978 ultimum

2227 5017 2482 5090 aﬁigitur,
2511 5017 2815 5072 memoriale
2844 5017 3058 5072 Domini
3086 5017 3170 5073 vel
3203 5017 3458 5072 messoria
3481 5016 3669 5070 meriis
3700 5018 3831 5087 ejus

2216 5117 2360 5165 recte
2382 5106 2792 5178 interpretatur,
2819 5110 2945 5179 quia
2982 5123 3110 5163 vera
3137 5107 3506 5177 apostolorum
3542 5108 3829 5163 obedien-

2216 5201 2287 5255 tia
2311 5200 2365 5255 iu
2389 5198 2708 5256 memoriam
2730 5200 2924 5255 mortis
2946 5199 3148 5256 Christi
3171 5200 3334 5256 debet
3357 5214 3456 5271 per
3483 5201 3829 5272 martyrium

2214 5292 2449 5358 dilatari,
2481 5302 2536 5346 et
2565 5291 2827 5347 imitatrix
2849 5292 3118 5362 passionis
3140 5291 3261 5363 ejus
3286 5304 3460 5363 usque
3480 5293 3552 5348 ad
3575 5305 3829 5350 mortem

2216 5386 2353 5441 ﬁeri.
2379 5384 2772 5454 Interpretatur
2805 5394 2984 5442 tamen
3015 5385 3204 5442 Simon
3231 5387 3401 5449 etiam
3421 5429 3435 5452 ,
3462 5402 3598 5458 pene
3626 5403 3833 5444 mrem-

2218 5495 2348 5542 rem,
2412 5478 2546 5532 satis
2596 5478 2821 5547 provide
2874 5479 2944 5534 ob
2994 5478 3453 5550 dispensationem
3500 5481 3835 5551 negationis

2209 5584 2339 5633 sine,
2373 5569 2440 5624 de
2466 5583 2572 5639 qua
2603 5568 2736 5625 satis
2767 5582 3007 5644 maerens
3029 5585 3096 5626 ac
3121 5570 3311 5627 dolens
3330 5572 3595 5627 amariter
3623 5573 3828 5642 ﬁerit;

2208 5678 2367 5731 qticm
2392 5662 2647 5717 nimirum
2677 5677 2966 5719 maerorem
2984 5674 3116 5720 tunc
3129 5663 3541 5736 deposuit,cum
3568 5665 3834 5735 repletus

2201 5755 2311 5825 jam
2359 5756 2562 5828 Spiritu
2598 5765 2790 5811 sancto
2834 5765 3072 5813 mustum
3114 5755 3473 5829 iucunditatis
3512 5758 3833 5825 ernctavit,

2208 5850 2301 5908 sed
2320 5858 2379 5906 et
2410 5863 2707 5906 msereret-
2730 5864 2895 5922 quem
2915 5850 2985 5908 de
3006 5850 3213 5916 Christi
3241 5852 3496 5926 passione
3514 5861 3835 5911 naturale-
