4004 6362
170 404 256 458 ms
972 395 1333 454 exrosmo
1371 396 1438 452 IN
1482 395 1916 451 MATTHAELTM.
1957 423 2027 436 -
2068 395 2191 452 un.
2231 396 2318 464 vr,
2360 397 2511 455 car.
2554 399 2620 452 x.

3325 398 3430 456 400

171 528 256 575 rat,
278 512 580 582 dereliquit,
609 526 731 566 cum
757 509 1033 566 Christum
1069 513 1432 568 resurrexisse
1458 514 1574 567 visu
1603 529 1722 565 cor-
1755 514 1802 572 Α
1831 509 2063 578 palmam
2088 510 2312 581 adeptus
2337 519 2419 566 est
2441 511 2716 582 martyrii;
2741 509 2830 579 qui
2850 509 3006 564 simul
3031 526 3170 582 saepe
3187 527 3431 569 seorsum

173 622 310 680 porco
336 605 637 676 conspexit.
674 604 926 674 Jungitur
951 614 1129 660 autem
1179 607 1227 660 ei
1273 606 1516 662 Andreas
1569 605 1736 660 frater

173 703 264 771 ejus
339 699 391 750 in
473 695 948 767 cognominatione
991 698 1143 767 juxta
1199 699 1602 770 tropologiam,

173 794 315 847 virtus
387 787 616 860 prtefata
697 787 1018 845 fortitudine
1100 789 1374 845 fulciatur.
1459 789 1736 860 Siquidem

172 882 384 939 Andreas
438 878 610 934 uirilis
672 879 738 934 de
799 877 990 934 Graeco
1037 881 1426 950 interpretatur
1460 922 1474 943 ,
1549 887 1608 933 ut
1669 879 1739 934 sit

171 987 349 1034 sensus,
380 971 529 1039 quod
560 983 659 1023 nec
683 969 992 1024 obedientia
1040 970 1157 1024 sine
1206 970 1465 1025 virilitate
1512 971 1729 1035 mentis,

171 1081 316 1134 neque
354 1063 595 1118 virilitas
645 1063 762 1118 sine
810 1063 1085 1134 agnitione
1145 1065 1257 1119 veri
1312 1071 1368 1118 et
1425 1064 1732 1118 obedientia

171 1171 325 1212 coram
354 1155 593 1210 Domino
616 1155 883 1225 expletur.
932 1154 1358 1210 Prtemonstrant
1403 1164 1585 1210 autem
1613 1154 1732 1225 ejus

1841 600 2109 655 ducuntur
2135 617 2162 656 a
2197 603 2424 657 Domino
2451 604 2503 658 in
2537 609 2738 667 monte,
2769 611 2821 655 et
2857 603 3039 658 nescio
3068 604 3224 674 cujus
3248 606 3435 675 gratia

1679 704 1737 752 ut
1838 692 2117 762 privilegio
2145 709 2248 748 una
2275 710 2396 749 cum
2423 694 2585 749 Petro
2616 709 2726 765 pra:
2752 695 2965 750 caeteris
2991 695 3349 752 honorantur.

1913 779 2188 851 Philippus
2233 793 2280 836 et
2327 783 2767 839 Bartholomteus.
2824 781 3110 856 Philippus
3155 795 3339 841 autem
3373 801 3435 842 os

1841 873 2099 942 lampadis
2149 875 2551 943 interpretatur.
2584 876 2651 930 Et
2705 885 2851 933 recte
2895 879 3044 947 quia,
3094 879 3430 948 prtedicante

1839 962 2066 1030 Joanne,
2097 967 2242 1021 velut
2268 967 2472 1036 lampas
2501 982 2765 1038 succensa
2799 970 2949 1039 prior
2996 970 3049 1024 in
3094 970 3427 1040 agnitionem

1842 1059 2083 1113 veritatis
2109 1059 2331 1126 ell‘ulsit,
2368 1069 2422 1115 et
2447 1061 2611 1114 alium
2635 1061 2957 1133 discipulum
2987 1063 3195 1118 caelesti
3225 1065 3430 1119 lumine

1842 1149 2144 1205 illustravit.
2184 1151 2348 1216 Quem
2377 1154 2603 1222 scripsit,
2655 1151 2848 1225 inquit,
2897 1154 3101 1225 Moyses
3131 1157 3187 1210 in
3233 1154 3339 1225 lege
3387 1166 3436 1210 et

172 1249 404 1322 tyrocinia
450 1250 730 1313 credendi,
779 1265 942 1320 quam
991 1249 1166 1304 virilis
1211 1251 1312 1305 iste
1361 1251 1634 1321 praefuerit
1683 1258 1739 1305 et
1839 1243 2103 1312 propheta?
2132 1283 2145 1304 .
2180 1244 2468 1298 invenimus
2499 1242 2683 1299 Iesum
2719 1246 2890 1312 ﬁlium
2925 1245 3119 1316 Ioseph
3171 1264 3202 1300 a
3255 1246 3438 1299 Nasa-

172 1344 389 1406 decorus,
418 1341 569 1412 quod
622 1341 780 1396 simul
823 1358 890 1396 ex
936 1341 1123 1396 Grtcco
1169 1341 1501 1412 Hebrumque
1530 1355 1726 1396 sonare

169 1433 354 1487 videtur
377 1433 668 1494 sermone;
709 1431 801 1500 qui
837 1445 983 1494 mox,
1009 1428 1216 1484 Joanne
1263 1430 1569 1484 insinuante
1599 1429 1735 1483 Ecce

172 1527 326 1596 Agnus
374 1524 493 1586 Dei,
528 1539 637 1578 non
671 1523 844 1578 solum
874 1523 1078 1586 videre,
1117 1523 1210 1578 sed
1259 1523 1410 1593 sequi
1457 1521 1736 1577 Christum

176 1616 364 1680 maluit,
382 1617 450 1670 ad
477 1630 634 1685 quem
663 1625 718 1671 et
741 1615 963 1671 fratrem
989 1629 1146 1670 suum
1170 1615 1468 1686 perducere
1494 1615 1733 1679 curavit;

179 1706 259 1774 qui
285 1706 427 1759 simul
462 1705 668 1760 relictis
691 1705 943 1759 omnibus
971 1704 1038 1759 ad
1064 1705 1225 1760 unius
1242 1702 1506 1772 jussionls
1528 1720 1736 1771 vocem,

170 1805 416 1851 auctorem
461 1797 588 1850 vitae
623 1804 925 1866 sequuntur
962 1795 1144 1867 (Joan.
1174 1811 1215 1861 ι,
1240 1796 1332 1862 29,
1359 1795 1448 1858 40,
1478 1796 1590 1866 bl).
1631 1796 1739 1851 Sed

1843 1336 1953 1388 rem
1979 1333 2161 1406 (Joan.
2201 1351 2243 1400 ι,
2264 1335 2376 1403 45).
2411 1335 2550 1391 Ecce
2579 1353 2749 1407 quare
2784 1353 2845 1393 os
2876 1339 3140 1409 lampadis
3173 1337 3261 1393 hic
3296 1338 3437 1391 futu-

1843 1440 2023 1479 rorum
2048 1427 2448 1497 przesagiojure
2471 1429 2880 1499 interpretetur,
2919 1431 3012 1500 qui
3038 1429 3202 1484 veluti
3253 1429 3340 1482 fax
3378 1430 3431 1482 in

1842 1516 2155 1584 caliginoso,
2188 1520 2377 1574 abere
2405 1520 2650 1574 veritatis
2674 1521 2742 1576 de
2771 1521 2888 1593 lege
2913 1536 2977 1576 ac
2997 1521 3278 1592 prophetis
3305 1520 3430 1574 edo-

1843 1607 1973 1661 cuit.
2003 1606 2433 1666 Bartholomatus
2459 1625 2589 1666 vero
2611 1612 2739 1667 licet
2769 1611 2966 1684 Syrum
2995 1614 3088 1678 sit,
3119 1622 3173 1667 et
3201 1628 3306 1668 non
3333 1612 3438 1666 lle-

1843 1699 2066 1764 braeum,
2102 1700 2493 1771 interpretatur
2516 1712 2698 1760 tamen
2745 1703 2892 1774 ﬁlius
2936 1705 3207 1776 suspendit
3249 1721 3433 1776 aquas,

1846 1791 1897 1845 id
1923 1800 2008 1845 est
2048 1791 2248 1848 fluenta
2293 1795 2663 1851 doctrinarum
2695 1797 2748 1852 In
2780 1799 3036 1865 nubibus,
3083 1814 3201 1869 quae
3249 1799 3440 1869 pluunt

166 1898 207 1940 et
251 1887 364 1941 ﬁnis
408 1888 730 1942 virilitatem
769 1887 938 1957 ipsius
991 1896 1244 1956 patenter
1279 1887 1541 1953 insinuat,
1574 1903 1739 1958 quam
1769 1889 1818 1951 B
1846 1898 2006 1953 super
2035 1901 2195 1940 unam
2218 1889 2580 1957 quarumlibet
2627 1890 2927 1957 civitatum,
2985 1900 3041 1947 et
3082 1907 3245 1962 super
3275 1893 3436 1947 aliam

164 1991 388 2037 strenuus
439 1983 512 2036 ad
543 1996 761 2036 crucem
795 1982 1021 2046 venerit,
1063 1997 1339 2051 quamque
1361 1981 1592 2036 viriliter
1619 1996 1741 2051 per—

164 2075 437 2139 duraverit,
463 2085 522 2128 et
561 2089 727 2145 quam
783 2074 1012 2129 decorus
1061 2074 1114 2128 in
1143 2076 1398 2129 omnibus
1444 2074 1734 2129 refulserit.

165 2168 292 2223 Unde
310 2170 500 2239 potius
521 2184 590 2223 ex
617 2169 880 2239 praesagio
903 2168 1122 2222 nomina
1151 2168 1542 2238 apostolorum,
1576 2183 1736 2237 quam

162 2259 358 2315 fortuito
409 2261 589 2315 indita
636 2260 952 2331 probantur.
987 2259 1216 2329 Propter
1253 2259 1397 2329 quod
1427 2269 1482 2315 et
1526 2260 1628 2314 alia
1657 2260 1739 2316 eis

159 2361 608 2422 superponuntur,
634 2361 692 2404 ut
734 2349 912 2412 Petro,
941 2351 1081 2419 quod
1132 2351 1184 2404 in
1219 2359 1452 2420 utraque
1498 2350 1678 2419 lingua
1709 2364 1739 2403 a

158 2456 302 2514 petra,
322 2460 454 2514 quae
485 2443 738 2498 Christus
752 2454 851 2506 est,
871 2443 1170 2508 derivatur,
1188 2452 1236 2498 et
1269 2443 1587 2513 Boanerges,
1607 2457 1738 2513 qna-

160 2544 292 2591 tenus
340 2535 448 2590 ﬁlii
501 2535 616 2589 veri
669 2533 891 2588 tonitrui
947 2534 1342 2604 intelligantur.
1408 2532 1618 2588 Idcirco
1683 2542 1739 2587 et

159 2625 319 2682 Simon
381 2626 559 2680 etiam
613 2625 832 2679 audiens
885 2625 1152 2678 tristitiam
1199 2625 1620 2692 interpretatur,
1674 2637 1740 2678 eo

159 2721 281 2790 quod
298 2719 549 2775 audierit
569 2735 599 2772 a
635 2719 898 2773 Domino:
927 2715 1059 2772 Cum
1082 2727 1254 2770 autem
1286 2717 1541 2780 senueris,
1599 2715 1738 2770 alius

161 2823 202 2865 te
235 2813 440 2883 cinget,
494 2822 545 2865 et
595 2811 750 2865 ducet
799 2827 901 2881 quo
944 2825 1047 2863 non
1097 2809 1174 2863 vis
1215 2808 1398 2878 (Joan.
1436 2824 1528 2862 XXI
1561 2847 1575 2869 .
1626 2807 1735 2877 18).

158 2900 258 2958 Non
285 2905 440 2959 enim
473 2913 559 2958 est
587 2903 962 2956 aestimandum
989 2901 1165 2964 aliter,
1197 2901 1290 2955 sed
1332 2900 1738 2970 intelligendum

161 2999 288 3065 quod
334 2998 464 3053 haec
511 2997 698 3051 omnia
756 2995 884 3050 hinc
912 2995 1033 3049 inde
1082 2994 1358 3065 mysteriis
1386 2995 1494 3048 sint
1541 2994 1738 3064 plena,

161 3096 209 3142 ut
233 3089 414 3144 divina
441 3089 496 3142 in
530 3087 757 3158 singulis
787 3087 1110 3157 respondeat
1133 3086 1419 3157 sapientia.
1448 3085 1736 3156 Sequitur:

218 3180 444 3236 Iacobus
492 3177 740 3234 Zebeda'i
789 3190 837 3234 et
888 3177 1120 3232 Joannes
1181 3178 1347 3248 frater
1397 3178 1529 3247 ejus.
1574 3178 1742 3233 Filius

1845 1989 1950 2028 non
1984 1975 2196 2044 pluunt,
2237 1986 2457 2048 propter
2485 1979 2928 2035 distributionem
2982 1981 3149 2037 divini
3200 1982 3432 2037 arbitrii.

1843 2065 2015 2121 Porro
2058 2069 2230 2122 sancti
2282 2068 2407 2137 jure
2463 2071 2633 2125 nubes
2682 2071 2981 2136 dicuntur,
3025 2074 3117 2142 qui
3180 2073 3306 2128 dum
3370 2075 3436 2128 ad

1844 2157 2034 2212 altiora
2063 2159 2266 2223 volant,
2293 2159 2543 2215 Christus
2571 2162 2628 2216 in
2656 2161 2736 2217 eis
2784 2163 2909 2218 vitas
2933 2165 3216 2234 suspendit
3243 2179 3436 2236 aquas,

1843 2250 2039 2319 quibus
2061 2252 2278 2306 visitata
2305 2261 2448 2308 terra
2497 2252 2823 2318 inebriatur,
2851 2265 2907 2311 et
2937 2255 3299 2327 locupletatur
3323 2271 3437 2313 cm-

1842 2344 2070 2399 lestibus
2099 2345 2418 2416 disciplinis.
2454 2347 2596 2402 Inter
2627 2362 2766 2417 quos
2795 2362 2926 2403 sane
2965 2349 3068 2404 iste
3117 2347 3287 2404 Filius
3321 2348 3440 2418 ejus

1845 2437 1935 2504 qui
1988 2437 2104 2491 hrec
2137 2438 2247 2508 agit
2283 2439 2337 2491 in
2389 2438 2617 2509 singulis
2663 2453 2764 2510 pro
2797 2440 3047 2496 ubertate
3077 2441 3285 2512 gratiae,
3320 2440 3442 2511 jure

1845 2529 2187 2590 nominatur;
2225 2539 2284 2584 ut
2306 2545 2404 2600 per
2427 2546 2552 2586 eum
2575 2531 2741 2586 etiam
2766 2531 2990 2600 largitas
3013 2534 3193 2589 Patris
3214 2533 3281 2590 ad
3304 2533 3442 2589 alios

1847 2624 2274 2677 transmittatur.
2299 2621 2562 2694 Sequitur
2592 2641 2606 2676 :

1911 2713 2075 2788 477
2100 2714 2342 2770 'Thomas
2383 2724 2434 2770 et
2483 2715 2766 2772 Matthwus
2806 2717 3134 2787 publicanus.
3165 2717 3302 2774 Nam
3331 2733 3437 2774 eat-

1844 2810 1944 2864 teri
1997 2809 2352 2881 Evangelista:
2397 2810 2450 2864 in
2490 2810 2738 2881 catalogo
2775 2810 3164 2881 apostolorum,
3205 2812 3440 2882 primum

1844 2901 2154 2956 Matthaeum
2187 2910 2416 2971 ponunt,
2458 2901 2656 2956 deinde
2693 2900 2990 2968 Thomam;
3021 2910 3078 2957 et
3128 2903 3231 2957 hoc
3259 2903 3436 2972 ipsum

1844 2994 1962 3048 sine
1992 2993 2360 3047 additamento
2406 2993 2700 3064 publicani,
2740 3008 2806 3048 ne
2849 2993 3038 3063 utique
3073 2993 3273 3064 prioris
3319 2995 3444 3049 vita
3518 3061 3537 3078 ο

1845 3088 2196 3140 recordantes
2231 3084 2520 3155 suggillare
2569 3085 2855 3140 videantur
2901 3085 3222 3155 apostolum,
3277 3101 3440 3157 quem

1845 3176 2094 3232 Christus
2117 3186 2265 3231 tanta
2293 3192 2402 3232 suae
2429 3177 2650 3246 pietatis
2683 3177 2856 3249 gratia
2886 3176 3163 3233 illustrare
3189 3179 3442 3250 dignatus

163 3282 320 3329 autem
350 3273 610 3329 Zebedaai
642 3271 708 3325 ad
737 3271 1139 3327 distinctionem
1171 3269 1396 3324 alterius
1437 3268 1623 3325 Jacobi
1657 3271 1737 3325 di-
1768 3281 1812 3343 ο
1844 3277 1953 3334 est;
1989 3269 2102 3339 ipse
2129 3278 2312 3323 autem
2343 3269 2695 3338 semetipsum
2733 3277 2789 3324 et
2817 3277 2941 3340 post
2977 3269 3238 3325 Thomam
3267 3271 3439 3340 ponit,

161 3371 317 3434 citur;
344 3380 406 3424 ut
452 3371 509 3424 in
557 3368 704 3422 nullo
735 3367 1017 3437 catalogus
1046 3381 1233 3421 eorum
1263 3364 1645 3430 confundatur,
1689 3375 1746 3420 et

159 3462 538 3534 interpretatur
557 3463 946 3533 supplantator,
961 3461 1084 3530 quia
1101 3476 1206 3516 non
1237 3461 1397 3516 modo
1422 3461 1601 3514 carnis
1617 3460 1744 3514 vitia

159 3555 523 3623 supplantare,
550 3553 779 3608 Domino
829 3561 1075 3617 vocante,
1125 3567 1310 3606 verum
1355 3551 1518 3607 etiam
1575 3551 1745 3620 ipsam

161 3659 378 3698 carnem
436 3643 639 3700 Herode
692 3643 952 3709 feriente,
997 3659 1094 3714 pro
1135 3643 1353 3699 Christo
1397 3652 1747 3699 contemnere

157 3738 302 3804 prius
355 3737 596 3791 omnium
646 3737 1014 3807 apostolorum
1071 3738 1286 3808 gavisus
1352 3746 1454 3794 est.
1513 3736 1746 3792 Joannes

160 3844 277 3885 vero
323 3830 496 3904 476
551 3830 754 3887 Christi
799 3845 1078 3900 respersus
1121 3832 1294 3904 gratia
1327 3830 1587 3901 praefulsit
1639 3830 1747 3883 vir-

161 3925 384 3993 ginitatis
409 3941 530 3980 sua:
553 3925 746 3996 gloria,
793 3934 850 3981 et
883 3923 1032 3979 solus
1073 3925 1124 3978 in
1167 3937 1320 3979 ctena
1355 3937 1516 3993 supra
1555 3929 1746 3992 pectus

159 4013 440 4072 Salv-storis
497 4015 770 4080 recubuit,
825 4025 883 4069 ut
925 4023 1070 4069 totus
1122 4010 1296 4084 gratia
1341 4013 1433 4067 Dei
1468 4027 1746 4082 possessus

153 4116 386 4176 patenter
439 4116 721 4163 annueret
770 4121 967 4163 nomen
1037 4121 1102 4162 ex
1160 4107 1428 4178 przesagio
1490 4106 1740 4160 traxisse.

157 4197 292 4256 Unde
324 4203 496 4256 etiam
541 4200 722 4271 prisca
760 4200 1078 4255 meritorum
1108 4208 1321 4270 gestant
1351 4215 1472 4255 cum
1496 4199 1746 4253 recorda-

151 4290 280 4347 tione
307 4295 489 4364 patris
520 4292 765 4358 nomina,
811 4302 1078 4361 quatenus
1119 4289 1400 4346 evidenter
1440 4289 1746 4345 insinuetur

151 4383 285 4452 cujus
327 4396 459 4440 ante
515 4382 722 4439 fuerint
764 4383 966 4448 meriti,
997 4382 1081 4438 vel
1129 4381 1286 4451 cujus
1323 4381 1541 4436 demum
1573 4382 1746 4451 gratia

148 4480 241 4532 sint
266 4481 496 4535 salvati.
535 4478 928 4549 Interpretatur
951 4477 1136 4545 itaque
1153 4472 1446 4530 Zebedacus
1473 4473 1741 4543 fugitivus,

149 4569 272 4626 illius
299 4574 526 4628 habens
580 4570 829 4642 ligurum,
871 4570 960 4638 qui
1011 4582 1226 4636 semper
1267 4565 1334 4620 ab
1373 4565 1526 4620 initio
1553 4564 1688 4636 fugit
1715 4581 1746 4618 a

1848 3368 1902 3414 et
1929 3359 2296 3428 publicanum,
2341 3360 2530 3429 utique
2576 3360 2901 3416 humilitatis
2930 3361 3127 3432 gratia,
3169 3375 3229 3416 se
3265 3364 3442 3417 nomi-

1847 3460 2261 3522 nat;quatenus
2315 3453 2520 3523 liqueat
2565 3453 2796 3520 cunctis,
2827 3454 2970 3523 quod
3006 3454 3096 3508 ubi
3145 3454 3441 3509 abundavit

1845 3543 1996 3612 prius
2031 3551 2347 3612 peccatum,
2395 3543 2862 3612 superahttndaret
2906 3544 3102 3612 gratia.
3149 3543 3442 3599 Enimvero

1847 3649 1913 3688 ex
1941 3635 2043 3689 hoc
2069 3635 2232 3687 etiam
2257 3634 2438 3699 docet,
2473 3649 2572 3688 nos
2600 3634 2786 3704 priora
2819 3649 3003 3690 coram
3032 3636 3205 3691 oculis
3220 3646 3439 3706 peccata

1848 3743 2060 3798 semper
2087 3743 2360 3799 opponere
2385 3729 2602 3795 debere,
2638 3737 2962 3800 nostrasque
2989 3727 3282 3798 injustitias
3313 3741 3440 3799 per-

1847 3830 2001 3891 cepta
2035 3821 2362 3892 indulgentia
2407 3835 2515 3875 non
2555 3821 2910 3886 abscondere,
2959 3829 3018 3876 ut
3056 3827 3110 3875 et
3135 3819 3224 3874 alii
3248 3833 3442 3876 conso-

1847 3912 2026 3967 lentur
2051 3925 2145 3980 spe
2184 3912 2355 3966 veniae
2384 3920 2504 3982 post
2558 3921 2786 3978 reatum,
2819 3921 2876 3968 et
2913 3912 3194 3968 humilitas
3221 3926 3440 3969 conser-

1848 4012 2004 4058 vetur
2024 4003 2079 4057 in
2111 4001 2274 4058 corde
2300 4003 2652 4072 pmnitudinis
2683 4004 2930 4059 obtentu.
2959 4003 3195 4059 Thomas
3219 4003 3440 4074 quideilt

1848 4095 2237 4164 interpretatur
2293 4094 2532 4164 abyssus.
2584 4092 2782 4164 Utique
2817 4095 3046 4167 abyssus
3085 4107 3249 4165 super
3273 4105 3438 4164 quam

1846 4185 2122 4243 ferebatur
2146 4185 2275 4240 olim
2320 4185 2558 4256 Spiritus
2591 4195 2815 4242 sanctus
2863 4182 3016 4257 (Gen.
3049 4202 3092 4252 ι,
3119 4186 3216 4257 2);
3268 4193 3329 4239 ιιι
3374 4187 3442 4240 de

1848 4278 2164 4334 infirmitate
2211 4279 2391 4333 cordis
2417 4278 2524 4344 sui,
2565 4279 2889 4350 quandoque
2914 4281 3032 4347 ipso
3060 4278 3292 4350 desuper
3317 4279 3439 4334 illu-

1848 4378 2056 4425 strantc
2079 4371 2148 4424 ad
2168 4367 2400 4424 formam
2442 4369 2760 4440 procederet
2782 4378 2946 4424 rectm
2997 4368 3141 4424 fidei.
3181 4369 3434 4440 Alioquin

1847 4472 1968 4536 post
1999 4471 2079 4518 tot
2109 4463 2399 4534 pmoonia,
2433 4471 2556 4532 post
2598 4461 2885 4524 miracula,
2909 4470 3035 4531 post
3071 4469 3316 4518 mortuos
3339 4476 3440 4517 ex-

1849 4560 2042 4614 citatos
2080 4557 2149 4613 ad
2180 4558 2368 4621 vitam,
2401 4555 2614 4611 caeteris
2657 4553 2946 4610 Dominum
2988 4569 3048 4609 se
3075 4555 3273 4610 vidisse
3301 4569 3444 4608 nun-

149 4662 266 4719 fac-ie
290 4663 643 4732 Salvatoris,
691 4662 818 4716 licet
867 4660 955 4714 ubi
985 4659 1068 4713 vel
1099 4658 1188 4712 ubi
1224 4658 1342 4728 ejus
1379 4657 1749 4712 indesinenter
1777 4645 1827 4709 D
1857 4652 2115 4706 Iiantibus
2142 4649 2414 4720 quomodo
2459 4663 2564 4702 non
2585 4646 2836 4711 credidit,
2866 4646 2968 4702 nisi
2996 4647 3122 4717 quia
3146 4662 3300 4704 mens
3324 4647 3443 4714 ejus

147 4755 649 4826 comprehendatur
679 4753 939 4824 potentia.
972 4753 1046 4805 De
1086 4766 1194 4820 quo
1219 4748 1487 4820 PrOpheta
1535 4757 1744 4818 patrem

146 4863 357 4908 monet:
392 4852 731 4908 Oblivisceris
776 4847 1024 4918 populum
1056 4856 1204 4900 tuum
1243 4855 1289 4898 et
1333 4844 1544 4898 domum
1580 4843 1747 4914 patris

144 4949 210 4998 ιηξ
235 4947 415 5019 (Paul.
449 4961 613 5008 vat,
657 4943 766 5014 ll).
800 4943 916 5010 Quo
947 4941 1154 5004 relicto,
1187 4939 1446 4994 continuo
1467 4954 1496 4991 a
1521 4926 1774 4991 Domino-

141 5035 438 5109 Boauerges
474 5042 769 5097 vocantur,
793 5033 845 5087 id
869 5041 974 5095 est,
1002 5029 1094 5084 filii
1129 5029 1374 5093 tonitrui,
1401 5027 1590 5082 saltem
1620 5026 1743 5094 quia

144 5147 317 5186 vocem
366 5130 563 5202 patris
614 5142 860 5182 seorsum
917 5141 1081 5196 supra
1125 5123 1403 5180 Christum
1437 5119 1750 5174 terribiliter

141 5225 487 5279 intonantem
525 5220 845 5275 audierant:
875 5217 977 5271 Hic
1009 5227 1082 5272 est
1116 5214 1291 5268 Filius
1321 5231 1462 5269 meus
1507 5212 1747 5275 dilectus,

143 5317 304 5387 ipsum
335 5317 543 5370 audite
571 5311 788 5380 (Matth.
813 5326 946 5371 xvn,
976 5309 1053 5379 5),
1083 5307 1165 5361 vel
1210 5306 1338 5376 quia
1383 5305 1518 5359 alter
1560 5315 1749 5358 eorum

139 5410 284 5476 quasi
312 5410 386 5463 de
408 5401 1013 5462 caelestibusintonans
1042 5413 1228 5454 vocem
1263 5396 1405 5449 illam
1430 5395 1746 5456 theoricam,

139 5517 292 5571 quam
316 5514 499 5557 nemo
522 5496 675 5568 prius
699 5494 979 5565 attigerat:
1006 5491 1071 5545 In
1088 5490 1342 5562 principio
1369 5497 1482 5542 erat
1503 5485 1747 5549 Verbum,

137 5603 179 5646 et
212 5592 459 5646 Verbum
504 5596 620 5641 erat
655 5585 795 5654 apud
855 5583 1040 5647 Deum,
1071 5591 1118 5636 et
1164 5580 1302 5634 Deus
1355 5589 1464 5633 erat
1531 5575 1751 5630 Verbum

138 5685 318 5740 (locis.
345 5701 392 5747 ι,
420 5683 514 5752 l),
544 5677 746 5733 effulsit
779 5697 790 5730 :
816 5677 907 5746 qui
937 5676 980 5729 si
1015 5674 1180 5729 altius
1205 5672 1463 5733 evolaret,
1495 5679 1624 5740 puto
1655 5683 1752 5722 nec

138 5791 276 5834 totus
292 5785 498 5850 posset
519 5787 715 5844 capere
729 5772 979 5826 mundus.
1005 5769 1153 5824 Alter
1177 5784 1306 5824 vero
1328 5782 1448 5822 mox
1476 5765 1753 5822 Christum

137 5876 288 5946 quasi
345 5871 495 5926 tuba
527 5866 847 5938 praedicans,
879 5874 1004 5918 ante
1030 5863 1164 5918 alios
1193 5862 1435 5917 imitator
1463 5860 1752 5932 passionis,

1858 4743 2085 4814 abyssus
2111 4750 2231 4797 erat
2277 4741 2544 4803 informis,
2587 4754 2748 4808 super
2768 4753 2928 4808 quam
2959 4738 3234 4794 ferebatur
3265 4737 3440 4808 Spirio

1853 4847 1936 4890 tus
1961 4845 2199 4899 sanctus,
2231 4842 2292 4890 ut
2315 4831 2630 4888 confoveret
2655 4839 2710 4886 et
2728 4831 3000 4886 enutriret
3023 4846 3145 4885 eam
3159 4830 3445 4885 adlidem?

1852 4927 1988 4980 lliuc
2008 4940 2147 4980 sane
2175 4933 2277 4987 est,
2322 4923 2462 4992 quod
2512 4923 2819 4976 attrectatis
2873 4921 3161 4992 diligenter
3197 4922 3438 4976 vulneri-

1851 5022 1969 5083 bus,
1994 5033 2116 5073 mox
2146 5017 2488 5079 exclamavit,
2530 5016 2752 5071 dicens:
2787 5015 2928 5070 Deus
2975 5032 3144 5081 meus,
3181 5016 3436 5070 Dominus

1854 5127 1999 5166 meus
2030 5109 2209 5181 (Joan.
2233 5124 2326 5172 xx,
2357 5107 2470 5180 28).
2505 5107 2649 5162 Alias
2678 5115 2858 5162 autem
2895 5120 3171 5176 nunquam
3209 5106 3309 5160 nisi
3345 5120 3443 5160 eo-

1855 5206 1974 5260 dem
2009 5203 2210 5274 Spiritu
2252 5211 2568 5267 recreante,
2608 5202 2674 5256 de
2706 5209 2856 5256 tanta
2885 5200 3162 5256 dubietate
3189 5198 3446 5256 formara-

1859 5308 1946 5353 tur
1962 5297 2028 5351 ad
2053 5295 2243 5358 lucem,
2275 5303 2333 5348 ut
2354 5308 2538 5348 veram
2568 5293 2993 5363 deprehenderet
3017 5293 3069 5346 in
3099 5307 3205 5346 una
3226 5291 3449 5349 eadem-

1857 5403 1961 5457 que
1991 5401 2222 5457 persona
2249 5384 2605 5440 divinitatem.
2644 5383 2921 5454 Siquidem
2963 5383 3196 5438 hominis
3220 5397 3446 5440 carnem

1860 5482 2062 5553 palpat,
2095 5480 2188 5535 sed
2219 5479 2387 5533 Deum
2417 5486 2471 5532 et
2515 5477 2800 5532 Dominum
2828 5475 3115 5532 exclamat.
3150 5474 3448 5546 Propterea

1860 5577 2022 5646 igitur
2073 5573 2309 5628 Thomas
2356 5572 2477 5640 jure
2517 5570 2738 5640 abyssus
2784 5571 3192 5640 interpretatur,
3239 5569 3332 5639 qui
3375 5569 3444 5625 de

1863 5673 2008 5720 tanta
2049 5662 2391 5720 deformitate
2420 5674 2518 5715 sua
2547 5659 2793 5730 pervenit
2820 5659 2885 5713 ad
2926 5666 3131 5713 tantam
3162 5657 3444 5729 profundi-

1863 5769 2026 5814 tatem
2055 5756 2318 5830 mysterii.
2345 5753 2480 5808 Nam
2504 5752 2645 5807 idem
2677 5751 2730 5806 in
2772 5750 2960 5807 Graeco
2981 5751 3241 5824 Didymus
3265 5752 3448 5822 appel-

1863 5857 2024 5920 latur,
2067 5853 2232 5928 quod.
2268 5850 2653 5924 interpretatur
2697 5847 2885 5903 similis
2932 5860 3025 5901 seu
3079 5846 3334 5919 geminus,
3381 5863 3446 5901 eo
