4004 6362
533 371 638 428 ιοῖ

1355 367 1412 420 S.
1454 363 1812 434 PASCHASII
1847 361 2196 419 BADBERTI
2234 359 2528 416 ABBATIS
2561 358 3012 418 CORBEIENSIS
3720 364 3822 417 408

533 486 699 558 quod,
736 492 797 539 ut
822 489 994 543 aiunt,
1036 484 1185 534 vultu
1214 477 1408 534 similis
1445 477 1608 534 fuerit
1653 476 1946 540 Salvatori.
1989 477 2131 532 sicut
2157 480 2208 538 Α
2233 478 2325 547 qui
2349 486 2624 547 stupentes
2668 477 2735 532 de
2781 474 3056 532 miraculis
3091 476 3354 532 aiebant:
3409 475 3602 532 Nonne
3628 477 3728 532 iste
3749 491 3823 533 est

533 579 770 636 assolent
791 576 901 632 duo
921 573 1118 646 gemini
1159 571 1382 626 alternis
1429 570 1667 626 vultibus
1708 585 1870 624 unam
1907 567 2124 624 habitus

533 670 837 740 exprimere
859 665 1128 733 facieique
1155 661 1401 732 figuram.
1443 661 1614 716 Porro
1655 659 1937 715 Matthteus
1957 660 2124 712 dona-

535 772 620 816 tus
645 760 867 822 dicitur,
899 765 954 811 et
983 771 1147 825 quam
1175 754 1342 818 bene;
1389 753 1515 822 quia
1544 753 1612 807 de
1657 752 1868 807 teloneo
1895 752 2124 806 donatus

535 863 620 910 est
650 852 805 907 nobis
836 849 1072 920 Spiritus
1097 846 1272 902 sancti
1297 845 1472 916 gratia
1493 844 1772 914 apostolus
1794 853 1850 899 et
1887 858 2122 913 evange-

533 945 677 999 lista.
711 942 884 998 Omne
913 941 1077 1012 igitur
1116 940 1316 994 donum
1355 953 1422 993 ex
1463 937 1606 992 dono
1640 936 1892 992 donantis
1925 937 2126 991 donum

532 1049 653 1089 esse
676 1033 937 1087 creditur.
967 1031 1260 1101 Propterea
1287 1038 1343 1083 et
1367 1028 1604 1100 Spiritus
1630 1037 1852 1083 sanctus
1881 1027 1932 1081 in
1955 1026 2128 1082 sacris

532 1126 748 1190 litteris,
779 1125 905 1195 quia
952 1124 1131 1178 Patris
1158 1133 1214 1176 et
1244 1122 1363 1178 Filii
1405 1133 1506 1177 est
1529 1137 1746 1186 munus,
1797 1135 1958 1192 quam
1985 1135 2130 1190 saepe

533 1217 734 1271 donum
774 1223 1018 1269 vocatur.
1047 1213 1093 1268 Α
1137 1230 1244 1284 quo
1272 1223 1327 1269 et
1367 1213 1468 1269 iste
1501 1212 1623 1282 jure
1657 1213 1890 1268 donatus
1909 1211 2126 1276 dicitur,

529 1324 595 1364 eo
619 1310 762 1377 quod
816 1308 912 1362 illo
933 1309 1072 1362 dono
1110 1307 1380 1378 repletur,
1424 1321 1552 1362 mox
1593 1307 1710 1362 sine
1749 1305 1910 1360 ullius
1948 1305 2128 1360 meriti

534 1400 903 1471 praeventione
945 1399 998 1452 in
1024 1398 1220 1452 melius
1242 1399 1307 1454 de
1337 1398 1547 1453 teloneo
1567 1405 1949 1452 commutatus.

517 1475 519 1479 l
604 1475 1304 1566 4781acobusAlplueiet
1331 1490 1649 1546 Thaddwus.
1666 1489 1925 1545 Jacobum
1947 1499 2128 1545 autem

533 1587 741 1656 Alphmi
775 1586 890 1657 pari
929 1586 1088 1640 modo
1134 1586 1202 1640 ad
1243 1585 1648 1640 distinctionem
1685 1585 1911 1640 alterius
1943 1584 2127 1640 Jacobi

535 1681 836 1735 nominavit
860 1696 873 1744 ;
905 1678 1152 1734 fortassis
1169 1695 1236 1735 eo
1256 1681 1396 1749 quod
1420 1691 1576 1750 pater
1597 1680 1786 1749 ipsius,
1813 1679 2021 1734 sicutet
2042 1680 2132 1735 ille

531 1773 678 1826 illius
708 1771 889 1827 fuerit.
916 1771 1016 1838 Qui
1044 1771 1290 1841 profecto
1324 1770 1560 1827 Jacobus
1605 1772 1657 1826 in
1688 1770 1994 1840 Evangeliis
2019 1771 2128 1826 fra-

2228 569 2365 639 {abri
2389 569 2532 639 ﬁlius
2563 579 2610 624 et
2645 569 2856 636 Moriar,
2881 571 3048 640 frater
3074 569 3264 624 Jacobi
3283 582 3330 626 et
3353 568 3551 642 Joseph
3574 589 3638 626 ac
3667 571 3824 626 Judae

2226 669 2273 713 et
2301 657 2567 713 Simonis?
2591 658 2806 730 (Matth.
2835 676 2968 724 xvn,
2987 659 3100 728 55.)
3125 659 3240 716 Non
3265 662 3407 731 quod
3439 677 3506 716 ex
3533 671 3736 727 matre,
3769 674 3827 722 ut

2229 747 2505 804 Helvidius
2536 749 2750 815 delirat,
2797 749 2995 805 fratres
3033 747 3234 805 fuerint
3273 749 3596 816 Salvatoris,
3623 751 3724 806 sed
3762 769 3826 808 ex

2227 842 2700 911 consanguinitate
2728 842 2962 912 generis,
3005 843 3082 898 uti
3123 859 3242 898 mos
3291 852 3376 899 est
3419 843 3828 914 Scripturarum

2230 932 2428 989 fratres
2458 935 2740 1005 appellari.

2301 1027 2485 1082 Simon
2512 1026 2868 1093 Chananwus,
2903 1039 2950 1084 et
2975 1029 3147 1085 ludas
3171 1029 3488 1094 Schariotis,
3529 1031 3621 1101 qui
3644 1039 3696 1084 et
3725 1040 3832 1084 trav~

2231 1119 2364 1173 didit
2393 1119 2701 1174 Dominum.
2735 1119 2844 1176 llos
2883 1121 3048 1192 igitur
3086 1130 3140 1176 et
3179 1137 3300 1177 cum
3333 1121 3717 1176 additamento
3745 1136 3834 1177 c0-

2231 1215 2501 1286 gnominis
2534 1216 2734 1284 posuit,
2773 1217 2838 1270 ad
2865 1216 3271 1272 distinctionem
3298 1215 3536 1271 Simonis
3575 1215 3758 1280 Petri,
3785 1227 3837 1272 et

2230 1306 2381 1363 Judze
2417 1306 2624 1364 Jacobi.
2664 1308 2763 1364 Hic
2798 1309 2924 1378 quia
2964 1308 3069 1363 fuit
3111 1309 3179 1364 de
3216 1309 3338 1364 vico
3364 1307 3552 1364 Cbana
3574 1307 3832 1363 Galilteze.

2230 1401 2285 1455 in
2316 1415 2424 1470 quo
2459 1400 2721 1456 Dominus
2761 1416 2931 1471 aquas
2987 1401 3256 1456 convertit
3305 1401 3360 1455 in
3408 1400 3633 1464 vinum;
3670 1415 3834 1468 quem

2231 1491 2410 1547 Lucas
2461 1507 2712 1548 sermone
2757 1492 2980 1548 Zeloten
3032 1492 3086 1546 in
3137 1507 3236 1546 suo
3286 1492 3532 1548 nominat
3586 1490 3836 1561 Evange-

2231 1584 2336 1648 lio,
2387 1585 2512 1655 quia
2558 1582 2746 1639 Chana
2775 1583 2918 1638 zelus
2967 1583 3380 1653 interpretatur,
3425 1583 3566 1637 unde
3597 1590 3654 1636 et
3692 1581 3832 1636 Cha-

2233 1690 2452 1730 nanacus
2477 1674 2598 1744 jure
2622 1675 3088 1744 interpretationis
3105 1675 3172 1730 ab
3194 1690 3260 1730 eo
3279 1672 3485 1729 Zelotes
3512 1683 3600 1730 est
3631 1673 3836 1736 dictus,

2232 1769 2301 1823 ob
2330 1769 2556 1824 nimium
2603 1765 2868 1823 fervorem
2899 1768 3216 1832 charitatis;
3251 1781 3411 1837 quem
3462 1767 3615 1822 zelus
3644 1767 3839 1821 domus

539 1875 621 1918 ter
669 1864 926 1918 scribitur
970 1863 1208 1926 Domini,
1234 1863 1337 1918 etsi
1381 1865 1538 1918 ambo
1576 1878 1606 1916 a
1649 1871 1804 1932 patre
1849 1863 2128 1933 cognomi-
2159 1855 2207 1917 B
2232 1857 2431 1914 Christi
2461 1859 2908 1922 inflammaverat,
2939 1868 2993 1914 et
3035 1859 3155 1915 ideo
3186 1859 3448 1931 martyrio
3480 1874 3834 1914 consumma-

531 1966 758 2022 nantnr;
792 1958 915 2027 quia
945 1957 1114 2012 Maria
1141 1971 1278 2011 uxor
1315 1957 1472 2012 istius
1500 1955 1708 2027 Alphaai
1760 1972 1916 2012 soror
1949 1956 2131 2011 Marias

528 2049 742 2105 matris,
767 2049 982 2104 Domini
1041 2047 1209 2103 fuisse
1257 2048 1558 2118 probatur,
1596 2063 1760 2118 quam
1798 2047 2034 2103 Joannes
2075 2049 2128 2103 in

529 2156 629 2196 suo
673 2141 965 2212 Evangelio
1004 2140 1228 2196 Mariam
1261 2140 1515 2210 Cleophac
1552 2139 1968 2212 cognominasse
2001 2139 2131 2209 legi-

530 2241 639 2298 tur,
673 2232 811 2286 forte
840 2248 867 2286 a
893 2240 1066 2302 patre,
1102 2232 1216 2286 sive
1241 2232 1308 2286 ab
1332 2231 1515 2300 aliquo
1537 2231 1753 2286 familiae
1777 2247 1888 2285 suae
1910 2231 2131 2285 trahens

533 2337 770 2389 nomen;
818 2332 913 2378 aut
963 2332 1114 2379 certe
1143 2324 1285 2393 quod
1337 2321 1588 2378 defuncto
1629 2323 1852 2393 Alphan
1881 2323 2132 2393 Cleophze

533 2417 688 2471 alteri
717 2417 837 2472 viro
878 2417 970 2472 illa
1008 2418 1286 2486 nupserit;
1343 2432 1437 2472 seu
1476 2416 1578 2471 alia
1606 2416 1846 2486 qualibet
1871 2431 1935 2470 ex
1967 2431 2128 2470 causa

529 2522 829 2578 cognomen
853 2524 1048 2579 gerens
1075 2509 1410 2578 impositum.
1443 2507 1544 2575 Qui
1591 2505 1836 2576 profecto
1874 2505 2130 2574 Alphmus

531 2614 599 2653 ex
627 2598 852 2655 Hehrzeo
875 2615 1126 2655 sermone
1148 2600 1482 2663 millesimus,
1509 2599 1623 2653 sive
1645 2598 1830 2651 doctus
1857 2598 2131 2665 interpre-

533 2697 697 2754 tatur,
728 2700 785 2745 ut
823 2691 894 2745 sit
919 2692 1058 2746 docti
1089 2691 1231 2747 filius
1257 2691 1340 2746 vel
1364 2689 1610 2761 perfecti,
1639 2689 1731 2759 qui
1754 2689 1905 2759 prior
1935 2687 2129 2742 Hiero-

531 2782 754 2854 solymis
783 2783 850 2837 ab
875 2783 1135 2852 apostolis
1186 2784 1473 2853 episcopus
1507 2783 1703 2837 debeat
1755 2781 2018 2834 ordinari.
2065 2779 2132 2833 Et

532 2875 825 2930 notandum
862 2876 1005 2945 quod
1054 2876 1195 2930 sicut
1247 2877 1354 2930 duo
1395 2875 1666 2938 Simoncs,
1699 2874 1770 2927 ita
1818 2879 1873 2926 et
1899 2872 2007 2925 duo
2036 2870 2129 2926 Ja-

535 2968 679 3030 cobi,
705 2976 760 3022 et
786 2967 892 3023 duo
931 2966 1102 3032 Judaz,
1136 2983 1259 3022 cum
1301 2967 1413 3022 suis
1441 2973 1903 3021 connumerantur
1928 2979 2129 3034 cogno-

2234 1957 2322 2004 tus
2345 1961 2448 2004 est.
2484 1949 2650 2006 Judas
2691 1965 2820 2006 vero
2858 1950 3172 2017 Schariotb,
3207 1951 3291 2006 vel
3319 1966 3349 2005 a
3382 1951 3504 2006 vico
3529 1951 3584 2006 in
3609 1965 3726 2021 quo
3753 1966 3838 2005 or-

2235 2051 2320 2096 tus
2354 2050 2463 2104 est,
2512 2042 2596 2096 vel
2645 2058 2676 2097 a
2735 2042 2877 2097 tribu
2930 2043 3182 2098 lssachar
3216 2041 3538 2098 vocabulum
3605 2043 3843 2113 sumpsit

2232 2135 2465 2203 quodam
2497 2134 2664 2190 futuri
2712 2135 2980 2207 praesagio
3038 2136 3090 2190 in
3150 2136 3664 2192 condemnationem
3719 2138 3838 2201 sui;

2232 2225 2476 2281 lssachar
2517 2227 2735 2296 quidem
2766 2244 2961 2282 merces
3005 2228 3425 2298 interpretatur,
3463 2228 3595 2297 quia
3629 2242 3842 2283 merce-

2232 2318 2354 2373 dem
2404 2319 2728 2389 proditionis
2767 2327 2852 2382 est
2908 2327 3162 2383 sectatus,
3219 2320 3285 2374 de
3326 2334 3432 2390 qua
3486 2319 3758 2390 pmpheta
3785 2321 3838 2375 in

2230 2425 2461 2481 persona
2517 2411 2732 2466 Domini
2775 2429 2788 2465 :
2839 2412 3245 2482 Appenderunt,
3289 2411 3496 2482 inquit,
3540 2412 3841 2466 mercedem

2231 2521 2402 2558 meam
2445 2505 2661 2576 triginta
2711 2515 3017 2576 argenteos,
3079 2506 3307 2575 pretium
3352 2521 3454 2575 quo
3501 2505 3844 2574 appreciatus

2232 2613 2349 2650 sum
2377 2597 2441 2650 ab
2487 2597 2561 2651 eis
2587 2594 2774 2668 (Zach.
2807 2612 2882 2663 χι,
2917 2596 3029 2667 12).
3054 2596 3223 2652 Porro
3253 2595 3557 2652 schariotis
3581 2599 3843 2652 memoria

2232 2688 2416 2742 mortis
2448 2697 2648 2753 sonat,
2691 2696 2753 2743 ut
2801 2688 2873 2743 sit
2909 2689 3316 2755 inexcusabilis,
3348 2690 3492 2760 quod
3524 2705 3635 2744 non
3679 2705 3838 2754 casu,

2235 2779 2329 2835 sed
2358 2796 2424 2834 ex
2448 2780 2800 2835 meditatione
2831 2781 3026 2836 mortis
3063 2781 3350 2836 Dominum
3391 2781 3719 2850 prodiderit,
3749 2797 3843 2837 cu-

2229 2871 2320 2942 jus
2351 2874 2670 2928 memoriam
2704 2873 2759 2927 in
2785 2873 2966 2928 animo
2989 2873 3079 2928 diu
3099 2913 3115 2939 ,
3150 2888 3258 2944 quo
3287 2874 3472 2937 modo,
3500 2873 3587 2929 vel
3615 2874 3844 2943 quando

2236 2964 2383 3020 illum
2413 2967 2688 3034 proderet,
2743 2966 2995 3035 gestavit.
3038 2966 3246 3022 Dicitur
3275 2975 3455 3022 autem
3483 2974 3539 3021 et
3569 2968 3842 3022 memoria

449 3046 466 3062 ’
533 3059 753 3113 mentis.
786 3057 923 3125 Quia
953 3057 1094 3112 sicut
1120 3055 1361 3127 perfecta
1385 3056 1695 3112 obedientia
1727 3055 1889 3110 corde
1920 3061 2134 3110 constat
2235 3060 2446 3122 mortis,
2480 3061 2607 3130 quia
2637 3062 2849 3130 quoties
2874 3076 2998 3116 eum
3032 3061 3346 3126 recelimus,
3373 3060 3587 3116 Domini
3619 3061 3840 3130 passio-

532 3161 587 3208 et
604 3166 771 3222 Opere
797 3169 810 3205 :
843 3151 915 3206 ita
956 3150 1320 3221 supplanlalio
1350 3148 1607 3222 vitiorum
1648 3163 1754 3203 non
1796 3147 1974 3202 minus
2013 3160 2134 3201 esse
2173 3220 2206 3228 _
2237 3169 2361 3209 nem
2391 3154 2650 3208 continuo
2680 3159 3078 3221 memoramus,’
3103 3164 3164 3210 ut
3183 3155 3491 3210 obedientia
3519 3169 3646 3224 qua
3671 3157 3846 3228 ρωρίι

542 3244 704 3308 debet
729 3228 782 3297 ἷη
827 3244 1005 3298 anima
1049 3257 1210 3313 quam
1251 3242 1305 3297 in
1351 3256 1538 3307 carne.
1560 3249 1616 3295 ct
1641 3239 1820 3295 cordis
1845 3238 2135 3294 credulitas
2162 3220 2208 3283 (ἶ
2240 3245 2511 3301 aSimone
2549 3247 2604 3300 in
2633 3247 2815 3301 animo
2841 3263 3010 3317 usque
3040 3249 3106 3302 ad
3142 3246 3308 3302 alium
3338 3247 3620 3303 Simonem
3646 3264 3846 3305 consu-

532 3351 639 3390 non
670 3335 848 3390 minus
879 3335 947 3390 ad
971 3335 1265 3404 justitiam,
1317 3349 1478 3405 quam
1504 3334 1617 3388 oris
1641 3331 1915 3388 confessio
1943 3331 2008 3385 ad
2041 3347 2133 3387 sa-

530 3428 720 3483 lutem.
738 3427 874 3484 Hinc
899 3443 1115 3498 quoque
1137 3427 1405 3498 Propheta
1434 3426 1580 3480 canit
1607 3444 1620 3480 :
1648 3424 1996 3494 Conﬁtebitur
2017 3425 2131 3491 tibi,

531 3518 697 3584 Deus,
731 3519 1064 3587 conﬁtebitur
1085 3516 1259 3588 (Psal.
1285 3533 1471 3582 Lxxw,
1505 3517 1583 3588 l),
1616 3531 1679 3572 ac
1701 3515 1744 3571 si
1774 3523 2024 3586 patenter
2049 3515 2134 3570 di-

533 3619 650 3668 cat:
671 3611 845 3668 Corde
872 3619 928 3665 et
951 3625 1048 3666 ore
1069 3610 1164 3665 tibi
1188 3609 1556 3683 confitebitur,
1572 3622 1639 3662 ne
1659 3622 1827 3662 unmn
1859 3605 1995 3660 forte
2017 3605 2134 3660 sine

531 3702 704 3759 altero
731 3720 762 3758 a
791 3712 864 3769 te,
888 3703 982 3773 qui
1026 3710 1298 3758 scrutator
1321 3715 1382 3755 es
1411 3699 1680 3764 cordium,
1719 3697 2130 3753 condemnetur.

533 3795 894 3851 Geminantur
935 3803 1117 3849 autem
1166 3809 1262 3848 sex
1311 3792 1506 3858 isti,ut
1533 3789 1733 3845 senarii
1776 3788 2040 3859 perfectio
2065 3804 2132 3842 ex

534 3885 872 3940 duodenario
901 3885 1183 3948 solidetur,
1230 3893 1287 3938 et
1315 3883 1529 3952 gemina
1556 3880 1796 3936 hominis
1827 3880 2130 3934 substantia

533 3991 606 4033 ex
632 3976 806 4032 tribus
837 3977 954 4032 istis
989 3977 1284 4032 virtutibus
1312 3976 1633 4030 Trinitatem
1677 3973 1862 4048 colens
1911 3975 2136 4031 counia-

535 4081 624 4127 tur
650 4071 912 4140 incipiens
963 4071 1032 4124 ab
1076 4068 1407 4132 obedientia,
1459 4068 1719 4122 vitiorum
1751 4067 1968 4122 demum
2015 4077 2137 4138 sup-‘

532 4163 789 4235 plantans
818 4163 946 4219 hinc
996 4161 1121 4218 inde
1168 4160 1472 4226 molimina,
1501 4169 1556 4215 et
1582 4159 1906 4229 perveniens
1946 4175 1975 4213 a
2000 4175 2130 4215 con-

537 4255 777 4312 fessione
806 4255 989 4311 cordis
1029 4269 1202 4324 usque
1233 4253 1301 4307 ad
1344 4252 1743 4308 confessionem
1792 4250 1933 4314 oris,
1967 4250 2134 4304 etiam

535 4350 607 4422 (si
651 4348 1100 4420 contigerit).per
1137 4346 1383 4419 martyrii
1433 4344 1742 4415 passionem
1789 4343 1844 4398 in
1882 4342 2130 4398 salutem.

537 4439 666 4497 Haec
699 4441 821 4498 ideo
849 4441 1103 4508 dixerim,
1137 4454 1205 4494 ne
1235 4439 1475 4509 prudens
1513 4436 1683 4492 lector
1724 4435 1926 4507 aliquid
1964 4435 2018 4490 in
2051 4434 2135 4490 his

535 4543 690 4606 putet
726 4549 922 4592 vacare
968 4551 1000 4590 a
1038 4533 1320 4606 mysterio.
1367 4531 1634 4588 Caeterum
1673 4529 1974 4585 Thaddaeus
2017 4529 2134 4600 ipse

2236 3347 2475 3394 meretur
2504 3338 2559 3393 in
2587 3349 2765 3394 carne'
2785 3357 2798 3369 ο
2830 3347 3098 3410 quatenus
3142 3339 3270 3394 hinc
3293 3338 3421 3394 inde
3451 3340 3507 3394 in
3538 3338 3846 3396 confessio.

2237 3447 2361 3488 nem
2391 3432 2749 3501 perdurantes
2788 3431 3106 3487 memoriam
3159 3433 3353 3488 mortis
3387 3431 3594 3488 Christi
3623 3447 3847 3503 semper

2237 3523 2532 3578 habeamus
2568 3521 2795 3588 ,donec,
2845 3523 2889 3577 si
2933 3522 3242 3593 contigerit,
3278 3523 3444 3578 etiam
3493 3534 3547 3578 et
3575 3523 3682 3592 ipsi
3710 3539 3842 3593 pro-

2235 3621 2356 3683 pter
2414 3613 2560 3668 illum
2601 3614 2864 3685 martyrio
2903 3611 3259 3684 explicentur.
3314 3613 3430 3668 Non
3485 3614 3656 3685 igitur
3691 3617 3844 3670 aesti-

2238 3705 2514 3770 mandum,
2553 3705 2696 3776 quod
2725 3705 2843 3760 sine
2869 3705 3210 3775 providentia
3241 3707 3337 3762 Dei
3363 3706 3571 3762 electus
3593 3708 3665 3762 sit
3699 3709 3850 3763 inter

2237 3798 2530 3868 apostolos,
2558 3798 2646 3855 cui
2677 3807 2733 3854 et
2771 3798 3148 3869 interpretatio
3176 3800 3414 3855 nominis
3440 3801 3748 3870 respondit,
3785 3813 3848 3856 et

2236 3890 2457 3947 n'timus
2481 3891 2634 3962 quasi
2671 3898 2826 3946 extra
2879 3890 2978 3945 hos
3013 3889 3152 3958 jam‘
3181 3892 3546 3962 repudiandus
3592 3893 3843 3964 eligitur.

2237 3981 2424 4036 llaluit
2449 3983 2592 4036 enim
2615 3980 2867 4037 Christus
2897 3981 3040 4036 inter
3072 3982 3352 4050 imperitos
3386 3981 3652 4052 judicium
3679 3999 3844 4038 suum

2236 4073 2303 4128 de
2334 4071 2426 4127 illo
2454 4072 2770 4143 periclitari,
2807 4089 2972 4143 quam
2995 4071 3269 4130 effectum.
3299 4073 3610 4131 Praesertim
3634 4090 3762 4131 eum
3789 4086 3850 4129 et

2237 4164 2398 4220 Slﬂlili
2425 4163 2586 4220 modo
2622 4165 2677 4220 in
2729 4164 2970 4221 Ecclesia
3008 4181 3150 4221 nunc
3179 4165 3472 4237 eligantur,
3502 4164 3595 4219 alii
3619 4166 3846 4235 quidem

2237 4267 2297 4313 ut
2321 4257 2638 4329 probentur,
2665 4267 2719 4313 et
2745 4259 2960 4326 probati
2985 4259 3308 4328 perveniant
3336 4257 3405 4312 ad
3423 4271 3720 4322 coronam;
3749 4257 3850 4312 alii

2235 4368 2366 4408 vero
2387 4361 2446 4407 ut
2488 4351 2718 4423 probent
2749 4351 2886 4408 alios
2933 4352 2987 4407 in
3030 4351 3228 4422 quibus
3271 4359 3532 4421 operatur
3559 4349 3850 4416 diabolus,

2237 4447 2392 4517 quasi
2443 4446 2500 4501 in
2543 4444 2682 4501 filios
2729 4444 3058 4512 difﬁdentiae,
3107 4444 3200 4516 qui
3249 4453 3304 4500 et
3350 4442 3472 4499 falsi
3516 4443 3722 4498 fratres
3775 4443 3855 4497 ab

2238 4537 2482 4608 apostolo
2504 4537 2876 4593 nominantur.
2907 4535 3187 4608 Siquidem
3214 4534 3382 4608 480
3417 4533 3491 4590 illi
3519 4542 3579 4590 ut
3619 4533 3853 4590 salven-

537 4589 641 4690 ἔθει,
677 4639 838 4695 quem
867 4624 1043 4681 Lucas
1074 4589 1128 4678 iii
1155 4622 1447 4695 Evangelio
1475 4632 1531 4678 et
1558 4622 1614 4677 in
1646 4621 1872 4677 Actibus
1909 4629 2130 4690 aposto—
2158 4589 2212 4650 D
2243 4589 2349 4697 ιιῖι·⁹
2387 4630 2476 4686 isti
2525 4644 2655 4687 vero
2687 4639 2749 4686 ιιι
2782 4645 2880 4702 per
2924 4589 3020 4686 εδδ
3054 4629 3184 4686 boni
3214 4589 3620 4694 ἷέεἷοεεηιυιις
3649 4643 3856 4685 omnes

537 4715 716 4773 lorum
736 4717 981 4772 nominat
1022 4714 1218 4772 ludam
1259 4715 1478 4780 Jacobi;
1511 4723 1568 4770 et
1599 4714 1728 4770 alibi
1751 4712 2015 4769 Lebbaeus
2043 4727 2134 4768 co-

539 4818 894 4883 gnomentum
934 4809 1101 4864 habet
1137 4824 1169 4862 a
1197 4809 1378 4873 corde,
1411 4807 1558 4878 quod
1595 4821 1694 4863 nos
1723 4807 1881 4878 quasi
1904 4805 2135 4862 diminu-

540 4905 649 4960 tive
668 4901 945 4959 cerculum
974 4915 1264 4971 possumus
1287 4899 1578 4970 appellare.
1622 4897 1787 4954 Forte
1821 4897 1892 4954 ob
1917 4896 2134 4966 dispen-

539 4996 806 5052 sationem
841 4994 994 5065 prius
1041 4993 1250 5050 duobus
1299 4992 1420 5048 istis
1466 5007 1598 5047 usus
1645 4999 1728 5047 est
1771 4989 2126 5056 nominibus,

541 5091 700 5163 quasi
735 5089 941 5161 aliquid
992 5088 1311 5146 facetiarum
1343 5099 1541 5157 gerens
1563 5125 1580 5152 ,
1634 5086 1760 5157 quia
1807 5084 2015 5155 gratius
2045 5099 2134 5139 so-

541 5198 674 5239 nare
699 5183 916 5238 videtur
952 5180 1228 5237 corculum
1271 5178 1592 5234 diminutive
1646 5186 1953 5232 maternum
1993 5175 2134 5229 inter

541 5275 865 5347 crepundias
907 5275 1020 5329 nati
1064 5273 1378 5344 exprimens
1427 5269 1716 5336 affectum,
1755 5285 1917 5340 quam
1967 5268 2008 5322 si
2042 5283 2136 5323 cor

541 5367 812 5424 diceretur
835 5365 1252 5422 teneritudinem
1288 5379 1489 5420 sonans
1509 5363 1728 5418 amoris.
1755 5361 1874 5432 Ipse
1902 5375 2135 5430 namque

538 5465 644 5522 eet,
667 5474 829 5530 quem
859 5457 1231 5514 ecclesiastica
1263 5456 1427 5513 tradit
1451 5455 1688 5511 Historia
1711 5454 1939 5510 missum
1967 5468 1997 5506 a
2017 5450 2134 5506 Sal-

540 5542 730 5608 vature
779 5551 846 5606 ad
877 5551 1135 5608 Edessam
1161 5551 1436 5608 civitatem
1485 5552 1552 5605 ad
1588 5549 1897 5618 Abagarum
1928 5561 2134 5617 regem.

540 5646 676 5702 Erat
699 5645 846 5700 enim
873 5644 1041 5702 frater
1070 5645 1256 5703 Jacobi
1300 5645 1468 5718 479
1515 5644 1704 5700 fratris
1738 5642 1972 5708 Domini,
1998 5642 2140 5696 sicut

544 5741 662 5810 ipse
698 5738 752 5792 in
797 5753 894 5792 sua
944 5739 1133 5794 scribit
1162 5738 1422 5807 Epistola.
1475 5737 1614 5792 Hinc
1662 5749 1878 5806 quoque
1928 5743 1986 5790 et
2025 5735 2138 5803 ipse

545 5829 717 5887 frater
741 5830 940 5886 dicitur
974 5830 1296 5894 Salvatoris,
1330 5830 1713 5887 attestantibus
1751 5829 1871 5898 ejus
1907 5828 2135 5894 civibus,

2243 4732 2423 4778 tamen
2447 4737 2511 4778 ex
2539 4723 2878 4794 przescientia
2902 4722 2996 4779 Dei
3035 4730 3091 4778 et
3116 4722 3458 4794 providentia
3495 4723 3750 4779 diversas
3777 4723 3856 4778 ob

2239 4834 2436 4876 causas
2454 4818 2757 4890 eliguntur;
2801 4835 2907 4874 non
2957 4819 3101 4889 quod
3131 4817 3557 4889 praescrihantur
3584 4832 3655 4873 ne
3682 4817 3858 4874 aliter

2236 4909 2449 4981 possint
2475 4925 2594 4965 esse
2621 4925 2784 4979 quam
2816 4908 2966 4973 mali,
2997 4909 3091 4965 sed
3118 4910 3481 4980 prteseiuntur
3506 4908 3703 4978 quales
3732 4908 3858 4978 jam

2237 5013 2360 5054 cum
2387 4999 2619 5055 necdum
2657 4999 2788 5063 sint,
2821 4999 3038 5070 utrique
3075 4999 3244 5055 futuri
3293 5000 3422 5064 sint,
3466 4999 3556 5055 isti
3586 5015 3690 5070 per
3722 5016 3859 5070 gra-

2240 5092 2390 5156 tiam,
2419 5089 2495 5145 illi
2531 5105 2661 5145 vero
2686 5088 2834 5160 justo
2856 5089 2951 5146 Dei
2978 5089 3184 5160 judicio
3212 5089 3268 5144 in
3307 5105 3487 5146 massa
3515 5090 3861 5160 perditionis

2240 5184 2597 5250 derelicti,,eo
2641 5184 2784 5256 quod
2821 5201 2924 5241 nec
2970 5184 3336 5256 praedestinati
3374 5186 3486 5241 sint
3536 5186 3604 5240 ad
3643 5185 3856 5240 vitam.

2239 5276 2440 5334 Omnes
2467 5286 2666 5344 tamen,
2693 5287 2752 5333 ut
2778 5278 2911 5335 dixi.
2935 5287 2989 5335 et
3011 5280 3258 5334 sciuntur
3293 5289 3348 5334 et
3375 5279 3763 5348 prmsciuntur.
3789 5277 3861 5334 In

2241 5367 2388 5424 nullo
2412 5368 2577 5439 igitur
2607 5370 2832 5425 scientia
2875 5370 2970 5428 Dei
3024 5368 3247 5431 fallitur,
3289 5370 3342 5424 in
3380 5368 3528 5424 nullo
3565 5366 3865 5437 judicium

2240 5458 2358 5529 ejus
2385 5476 2414 5514 a
2441 5477 2569 5517 vero
2598 5469 2652 5514 et
2685 5461 2836 5532 justo
2859 5463 3055 5529 deviat,
3087 5471 3141 5519 et
3171 5463 3285 5519 haec
3317 5470 3403 5518 est
3441 5460 3670 5516 altitudo
3701 5460 3865 5517 divi—

2239 5552 2437 5607 tiarum
2468 5554 2602 5624 ejus,
2657 5554 2801 5608 unde
2836 5554 3128 5623 Apostolus
3182 5554 3454 5608 exclamat
3495 5567 3510 5606 :
3556 5551 3738 5619 Quam
3761 5551 3868 5608 iss-

2241 5644 2729 5713 comprehensibiles
2763 5655 2884 5698 sunt
2930 5646 3025 5698 ria:
3064 5645 3210 5713 ejus!
3240 5644 3422 5715 (-Rom.
3454 5660 3531 5708 XI,
3553 5643 3672 5714 33.)
3705 5643 3869 5701 Pro—

2241 5745 2361 5806 pter
2409 5737 2551 5805 quod
2593 5736 2821 5806 quisque
2861 5734 3033 5790 fidelis
3061 5735 3564 5805 quotiesdesereris
3591 5751 3623 5788 a
3662 5736 3862 5800 socio,

2244 5827 2456 5897 quoties
2487 5826 2770 5896 injuriatus
2801 5826 2987 5891 fueris,
3015 5827 3179 5882 etiam
3211 5827 3440 5883 traditus
3463 5826 3736 5896 patienter
3764 5827 3869 5883 fe—
