4004 6362
178 343 258 397 ωε
965 301 1331 392 exposmo
1369 336 1436 393 1N
1477 335 1917 397 nummum.
1957 371 2026 380 —
2063 339 2192 396 un.
2237 339 2324 406 vr,
2364 341 2516 399 CAP.
2549 331 2629 398 ’x.
3322 349 3426 404 uo

181 473 274 524 ras;
303 453 419 527 quia
441 452 588 511 sicut
623 455 742 510 haec
768 453 953 508 omnia
973 452 1040 508 de
1063 453 1170 508 isto
1198 453 1455 525 praedicta
1489 452 1726 519 fuerant,
1755 459 1809 520 Α
1832 454 1954 510 ideo
1969 457 2142 527 magis
2171 455 2530 513 scandalizari
2564 468 2841 529 poterant,
2876 461 2921 516 si
2969 459 3035 514 ad
3065 475 3202 532 quos
3245 477 3429 533 repro-

178 553 233 606 ita
255 558 301 604 et
325 549 388 603 de
414 547 600 618 pravis
635 554 690 602 et
710 545 861 601 falsis
901 544 1166 602 fratribus
1191 587 1204 613 ,
1252 547 1396 616 quod
1425 547 1627 602 mistim
1660 547 1743 602 fu-

179 642 258 696 turi
277 641 392 704 sint,
422 638 764 709 peneomnis
793 637 987 709 pagina
1019 645 1271 694 testatur.
1315 637 1469 693 Unde
1499 637 1744 707 profecto

175 744 216 789 et
236 733 480 788 Dominus
528 730 654 786 ideo
691 729 864 785 voluit
914 729 1055 784 tradi
1101 745 1134 784 a
1178 729 1464 800 discipulo,
1493 728 1662 784 voluit
1689 737 1744 784 et

175 825 332 889 deseri,
357 832 633 896 quatenus
670 831 727 878 tu
769 838 878 878 non
903 821 1176 894 frangaris
1197 839 1322 878 cum
1360 823 1562 879 videris
1591 831 1742 878 tuum

172 919 410 988 deperisse
433 917 725 989 judicium,
758 917 1082 974 beneﬁcium
1112 917 1398 973 defecisse.

223 1011 322 1067 Hos
346 1012 631 1066 duodecim
659 1013 800 1066 misit
830 1011 1009 1067 Iesus.
1032 1009 1188 1067 Unde
1203 1020 1257 1066 et
1286 1010 1568 1081 speciatim
1591 1011 1742 1066 missi

165 1107 514 1171 nominantur,
531 1105 662 1177 quia
687 1106 955 1177 siquidem
977 1104 1209 1176 apostoli
1239 1103 1447 1170 Graece,
1467 1104 1614 1158 missi
1639 1103 1743 1158 La-

163 1198 255 1253 tino
279 1213 534 1253 sermone
565 1197 1010 1268 interpretantur.
1038 1197 1154 1253 Etsi
1184 1196 1275 1252 alii
1302 1197 1456 1252 missi
1488 1197 1628 1262 sint,
1654 1197 1742 1252 isti

161 1300 315 1348 tamen
343 1290 644 1363 specialius
668 1293 771 1347 sub
795 1292 1127 1347 duodenario
1151 1292 1381 1364 mystice
1403 1291 1744 1347 destinantur

159 1399 382 1450 numero,
418 1395 691 1456 quatenus
729 1385 893 1442 rebus
940 1396 996 1442 et
1025 1386 1212 1457 ﬁguris
1239 1387 1482 1441 omnium
1511 1387 1743 1457 scriptu-

161 1490 322 1529 rarum
369 1475 654 1545 sapientia:
683 1474 883 1532 Christi
922 1477 1128 1533 serviat
1171 1477 1326 1533 ordo.
1363 1477 1500 1551 Hinc
1529 1492 1745 1548 quoque

159 1569 421 1638 signanter
447 1567 649 1623 dicitur
677 1586 691 1622 :
718 1565 834 1622 Hos
883 1569 1162 1624 duodecim
1199 1570 1342 1625 misit
1377 1569 1556 1637 Iesus,
1585 1571 1744 1641 quasi

167 1645 399 1728 praeﬁxos
424 1668 477 1714 et
505 1660 860 1730 praesignatos
882 1660 938 1716 in
964 1675 1152 1716 eorum
1181 1661 1416 1727 calculo,
1449 1676 1587 1732 quos
1613 1661 1742 1717 olim

162 1749 356 1819 Moyses
377 1749 444 1804 ad
473 1751 866 1820 explorandam
890 1751 1116 1807 miserat
1138 1759 1342 1807 terram
1365 1751 1543 1824 (Deut.
1574 1768 1609 1813 ι,
1624 1751 1739 1821 25).

1842 545 2030 600 missio
2081 544 2223 600 facta
2287 544 2468 601 fuerat
2535 547 2870 614 desererent,
2940 557 2996 604 et
3058 550 3125 604 ad
3175 559 3429 608 externos

1843 638 2003 694 irent.
2038 637 2143 694 Sed
2176 654 2303 694 mox
2340 648 2401 694 ut
2446 640 2699 710 indignos
2727 657 2785 698 se
2810 642 3190 713 judicaverunt
3214 654 3430 700 aeternae

1843 731 1985 795 vitae,
2009 731 2242 788 solutum
2282 740 2368 788 est
2395 734 2499 789 hoc
2527 742 2859 806 praeceptum
2884 751 2900 802 ;
2933 751 3040 791 non
3071 737 3216 807 quod
3237 738 3430 793 umbra

1842 823 2026 890 fuerit,
2057 825 2151 880 sed
2173 825 2301 895 quia
2327 825 2396 880 ad
2431 833 2645 896 tempus
2676 827 2863 882 datum
2891 837 3026 884 erat.
3070 829 3188 896 Quo
3216 839 3434 886 constat

1842 918 2026 973 omnia
2054 918 2253 972 divinae
2276 918 2412 990 legis
2436 928 2706 990 praecepta
2736 935 2800 975 eo
2833 935 2997 975 sensu
3029 922 3198 993 accipi
3237 922 3433 978 debere

1842 1025 1950 1081 quo
1987 1010 2113 1066 data
2153 1018 2299 1074 sunt,
2335 1027 2441 1066 non
2483 1012 2723 1068 humana
2771 1015 3192 1084 prmsumptione
3221 1017 3434 1086 penitus

1846 1102 2125 1157 temerari.
2174 1103 2564 1158 Verumtamen
2609 1104 2907 1159 secundum
2947 1105 3299 1176 tropologiam
3333 1107 3435 1162 hoc

1837 1192 2041 1264 jugiter
2070 1193 2497 1259 observandum,
2531 1209 2598 1249 ne
2625 1195 2679 1249 in
2711 1196 2814 1250 viis
2848 1196 3110 1265 gentium,
3139 1197 3211 1268 pii
3243 1198 3435 1268 pracdi-

1844 1293 2078 1350 catores,
2147 1300 2269 1356 quae
2316 1293 2444 1340 sunt
2499 1285 2744 1342 actiones
2790 1301 2971 1357 pravae
3019 1287 3164 1352 vitae,
3223 1287 3434 1357 uspiam

1844 1384 2007 1443 eant;
2050 1376 2192 1432 sicut
2248 1392 2350 1432 nec
2401 1376 2454 1432 in
2499 1377 2751 1433 civitates
2794 1377 3283 1444 Samaritanorum,
3319 1393 3438 1448 quae

1845 1477 1974 1525 sunt
2001 1469 2337 1525 munitiones
2371 1471 2774 1538 hmreticorum,
2799 1487 3039 1543 unquam
3065 1472 3272 1528 intrare
3290 1472 3435 1528 licet.

1846 1562 1913 1617 Et
1957 1563 2078 1618 ideo
2118 1563 2299 1619 debite
2333 1573 2626 1620 monentur
2679 1565 2770 1635 qui
2807 1566 2875 1621 ad
2915 1565 3145 1622 salutem
3194 1568 3435 1638 gentium

1847 1654 2207 1710 mittebantur
2257 1669 2420 1725 opere
2484 1671 2548 1712 ac
2587 1657 2698 1712 vita
2749 1657 3067 1728 gentilitatis
3129 1659 3434 1729 ignorantia

1846 1747 2121 1802 abstinere
2148 1765 2162 1812 ;
2195 1761 2295 1802 nec
2323 1763 2430 1803 non
2463 1757 2521 1803 et
2551 1749 2800 1804 civitates
2829 1749 3294 1806 Samaritanorum
3318 1765 3436 1806 mo-

157 1840 224 1896 llli
250 1841 487 1911 quidem,
537 1841 666 1913 quia
713 1841 885 1913 figura
925 1851 1101 1909 erant,
1132 1843 1252 1899 sine
1296 1843 1409 1899 suis
1460 1843 1749 1899 mittuntur
1776 1836 1823 1897 Β
1851 1839 2040 1896 raliter
2087 1840 2333 1906 introire,
2377 1842 2679 1911 praesertim
2731 1858 2855 1897 cum
2903 1852 2960 1898 et
2999 1843 3114 1913 ipse
3161 1844 3438 1899 curaverit

160 1931 486 1996 nominibus;
537 1932 629 1986 isti
658 1947 790 1987 vero
819 1933 874 1988 in
921 1932 1120 2004 quibus
1157 1934 1361 1990 veritas
1389 1933 1577 2004 fulget,
1606 1949 1744 2004 quos

159 2023 293 2078 Raab
313 2023 430 2078 sola
460 2023 705 2094 suscepit
733 2024 1013 2090 meretrix,
1050 2025 1485 2095 praemonstratis
1521 2033 1575 2078 et
1600 2039 1741 2093 pra:-

163 2114 264 2169 ﬁxis
289 2114 643 2186 assignantur
665 2115 994 2180 nominibus,
1025 2123 1086 2169 ut
1107 2113 1285 2169 nullus
1306 2115 1372 2170 de
1399 2114 1484 2169 his
1516 2115 1746 2170 scanda-

160 2205 254 2259 lum
278 2205 542 2275 patiatur.
565 2203 664 2273 Qui
697 2205 809 2261 bini
840 2221 905 2260 ac
926 2205 1040 2262 bini
1072 2221 1232 2275 quam
1262 2206 1398 2259 bene
1419 2206 1742 2276 junguntur,

162 2305 210 2352 ut
227 2297 438 2351 botrutn
469 2313 580 2368 quo
629 2307 815 2368 gentes
838 2297 1177 2352 inebrientur
1199 2298 1304 2353 duo
1343 2312 1407 2351 ac
1449 2298 1557 2352 duo
1593 2297 1743 2368 (quia

162 2391 384 2447 charitas
428 2406 539 2446 non
595 2391 773 2446 minus
820 2406 982 2461 quam
1032 2392 1174 2446 inter
1221 2391 1356 2446 duos
1395 2404 1515 2446 esse
1544 2392 1743 2461 potest)

160 2483 256 2538 suis
279 2482 533 2539 deferant
562 2483 824 2539 humeris.
874 2483 963 2538 lsti
1011 2491 1139 2537 sunt
1170 2481 1455 2538 duodecim
1505 2497 1743 2545 menses,

161 2578 237 2648 qui
258 2576 422 2632 simul
464 2591 668 2631 annum
719 2575 1061 2646 placabilem,
1095 2589 1407 2646 annumque
1439 2573 1746 2645 acceptabi-

160 2669 251 2724 lem
270 2668 384 2723 sole
418 2667 726 2723 illustrante
762 2666 990 2736 justitiae
1011 2666 1303 2736 complent.
1332 2666 1426 2722 lsti
1462 2665 1745 2722 duodecim

161 2763 291 2817 bone
311 2762 445 2826 diei,
471 2762 529 2815 in
555 2760 750 2832 quibus
771 2761 862 2832 qui
895 2760 1138 2816 ambulat
1175 2759 1424 2831 profecto
1450 2776 1558 2818 non
1584 2759 1748 2817 offen-

158 2853 243 2908 dit.
281 2839 348 2909 Et
404 2855 530 2909 ideo
569 2855 673 2909 hos
709 2853 994 2909 duodecim
1041 2853 1192 2908 misit
1240 2851 1423 2919 Jesus,
1489 2862 1548 2908 ut
1589 2869 1747 2909 nemo

158 2949 304 3003 aliam
332 2955 552 3019 quaerat
591 2946 784 3010 lucem,
820 2945 923 3001 nisi
951 2960 1113 3016 quam
1147 2945 1251 3015 ipsi
1272 2945 1671 3010 demonstrant,
1693 2953 1748 3000 et

156 3054 304 3094 nemo
332 3039 483 3093 aliud
529 3038 756 3108 recipiat
784 3037 1064 3101 doctrinae,
1111 3051 1274 3108 quam
1313 3037 1457 3106 quod
1484 3037 1585 3107 ipsi
1615 3035 1746 3090 alle-
1784 3055 1788 3060 '

156 3141 289 3188 runt.
315 3132 455 3200 Quia
476 3131 567 3186 isti
591 3140 718 3185 sunt
737 3130 850 3185 veri
885 3129 1278 3200 exploratores,
1313 3130 1405 3200 qui
1435 3128 1502 3184 de
1531 3127 1747 3184 Christo

1850 1931 2274 1987 Samaritanam.
2313 1931 2464 1988 Unde
2511 1932 2861 1990 manifestum
2900 1943 2984 1990 est
3010 1949 3104 1990 eos
3138 1936 3439 2005 prohibitos

1849 2040 1916 2080 ne
1946 2024 2160 2079 adirent
2197 2024 2474 2079 doctrinas
2502 2025 2911 2096 pravitatesque
2937 2025 3173 2093 illorum,
3205 2041 3438 2096 quorum

1847 2131 2028 2172 senno
2071 2116 2322 2186 serpitut
2359 2125 2597 2182 cancer,‘
2627 2117 2721 2172 sed
2751 2116 3091 2188 disciplinam
3129 2115 3295 2189 482
3325 2117 3438 2173 veri

1848 2209 2092 2281 magistri
2148 2209 2444 2274 sinceram,
2515 2209 2886 2281 illibatamque
2934 2211 3134 2279 passim
3187 2209 3439 2266 omnibus

1848 2301 2020 2356 libere
2040 2300 2422 2371 praedicarent.
2451 2298 2622 2355 Porro
2657 2298 2964 2367 Samaritae,
2989 2301 3140 2371 juxta
3178 2299 3437 2367 litteram,

1848 2394 1903 2450 hi
1927 2400 2053 2448 sunt
2080 2406 2216 2461 quos
2254 2391 2322 2445 ad
2367 2391 2774 2446 custodiendam
2805 2400 3007 2446 terram
3049 2390 3213 2446 Israel
3249 2391 3437 2447 decem

1849 2483 2098 2540 tribubus
2131 2482 2418 2552 captivatis
2448 2481 2657 2553 Sargon
2692 2491 2965 2554 posuerat.
2997 2482 3152 2539 Unde
3177 2493 3234 2539 et
3260 2493 3438 2538 custo-

1849 2577 1939 2631 des
1990 2575 2438 2645 interpretantur,
2499 2573 2589 2642 qui
2639 2573 2810 2641 legem
2854 2571 3062 2627 Veteris
3107 2571 3438 2629 Testamenti

1848 2669 2083 2740 primum
2123 2667 2422 2736 depravare
2466 2674 2771 2737 coeperunt,
2821 2681 2926 2722 non
2975 2667 3298 2736 recipientes
3338 2667 3440 2722 nisi

1849 2761 2095 2831 quinque
2126 2758 2294 2814 libros
2343 2767 2554 2814 tantum
2601 2757 2791 2830 Moysi,
2833 2768 2887 2813 et
2930 2759 3150 2813 eosdem
3175 2758 3442 2828 pravitate

1849 2852 2172 2910 Scribarum
2203 2861 2491 2922 corruptos
2523 2869 2538 2918 ;
2590 2851 2792 2907 idcirco
2840 2853 3216 2908 haereticorum
3251 2867 3442 2923 perso~

1852 2964 1978 3004 nam
2011 2946 2136 3017 jure
2163 2947 2464 3016 probantur
2499 2945 2722 3011 habere,
2755 2945 2846 3015 qui
2876 2953 3076 3000 norunt
3103 2944 3271 3000 solida
3303 2945 3446 2999 scin-

1851 3043 1999 3105 dere,
2029 3041 2240 3111 integra
2276 3039 2501 3094 violare.
2548 3037 2630 3092 Ad
2680 3053 2818 3108 quos
2866 3037 3050 3108 itaque
3099 3037 3332 3108 primum
3365 3038 3445 3091 in-

1855 3137 2024 3192 troire
2049 3143 2199 3190 vetat
2229 3141 2356 3188 ante
2378 3133 2712 3205 passionem,
2738 3131 2865 3201 quia
2891 3139 2948 3186 et
2978 3130 3080 3200 ipsi
3107 3131 3173 3184 de
3199 3128 3449 3201 gentibus

156 3231 201 3277 et
223 3223 508 3293 majestate
546 3222 726 3276 divina
772 3235 988 3276 omnem
1031 3220 1388 3291 explorarunt
1438 3220 1744 3285 veritatem.
1777 3219 1824 3283 C
1853 3238 2012 3284 erant
2045 3246 2057 3280 :
2094 3236 2208 3282 uta
2233 3225 2419 3282 Judaea
2463 3224 2782 3296 praedicatio
2809 3223 3178 3294 apostolorum
3212 3221 3448 3292 repulsa,

153 3324 202 3370 et
224 3317 336 3372 suis
366 3331 544 3386 usque
565 3315 635 3370 ad
677 3330 777 3370 nos
818 3314 1061 3370 humeris
1091 3313 1568 3369 mortiﬁcationem
1593 3313 1749 3369 Chri«

153 3409 217 3463 sti
243 3411 298 3464 in
321 3407 488 3481 48],
519 3423 684 3464 cruce
708 3407 847 3463 laetis
871 3408 1148 3480 gressibus
1179 3408 1510 3464 detulerunt.

227 3499 298 3552 Et
323 3501 564 3570 pracepit
585 3501 694 3554 eis:
730 3498 799 3553 In
837 3501 972 3555 viam
997 3501 1227 3571 gentium
1264 3518 1327 3556 ne
1359 3501 1612 3556 abieritis.
1638 3499 1754 3557 Hoc

157 3588 332 3658 igitur
373 3588 495 3643 loco
540 3590 924 3646 consideranda
979 3599 1066 3646 est
1109 3592 1221 3658 vis,
1270 3602 1324 3646 et
1372 3605 1566 3648 sensus
1615 3608 1752 3663 ρηει

157 3690 467 3751 ceptorum,
497 3681 615 3750 quia
643 3697 753 3737 non
791 3682 975 3737 omnia
1006 3692 1275 3755 praecepta
1295 3683 1490 3755 aequali
1516 3686 1756 3754 pondere

157 3771 240 3826 vel
270 3772 382 3826 fine
416 3773 795 3828 terminantur.
825 3772 942 3827 Alia
971 3774 1115 3828 enim
1145 3781 1271 3830 sunt
1301 3783 1514 3830 tantum
1543 3773 1753 3854 signiﬁf

160 3867 344 3919 caudae
383 3865 528 3931 vitae,
573 3864 679 3920 alia
728 3880 860 3920 vero
898 3865 1122 3937 agendae
1174 3866 1318 3933 vitae,
1351 3867 1456 3922 alia
1488 3882 1618 3923 vero
1647 3867 1757 3922 dis-

163 3959 436 4027 pensative
457 3960 527 4013 ad
554 3968 770 4030 tempus
797 3962 1086 4026 servanda,
1111 3969 1166 4016 et
1199 3961 1530 4033 tropologice
1558 3961 1757 4017 indesi-

164 4059 354 4106 nenter
375 4051 744 4123 adimplenda,
781 4061 843 4108 ut
872 4063 956 4108 est
983 4052 1112 4108 illud
1138 4070 1152 4107 :
1184 4052 1250 4108 In
1277 4055 1414 4108 viam
1439 4055 1668 4124 gentium
1695 4069 1757 4107 ne

169 4147 434 4212 abieritis;
476 4146 720 4217 alioquin
757 4145 1096 4201 contrarium
1125 4144 1373 4215 estquod
1427 4145 1505 4199 ait
1551 4144 1756 4200 eisdem

170 4237 418 4305 apostolis
451 4237 596 4303 :Ite,
642 4238 820 4292 docete
869 4255 1045 4292 omnes
1086 4247 1260 4308 gentes
1301 4236 1519 4309 (Matth.
1565 4254 1755 4302 xxvm,

172 4332 273 4402 l9).
305 4335 592 4403 Quomodo
638 4350 767 4407 ergo
815 4335 1089 4390 docebunt
1123 4348 1314 4390 omnes
1360 4341 1571 4404 gentes,
1616 4333 1660 4387 si
1690 4332 1758 4387 ad

171 4437 348 4479 eorum
377 4442 489 4481 non
521 4427 647 4482 dico
670 4427 921 4482 civitates
947 4435 1002 4481 et
1029 4426 1165 4493 vias,
1197 4440 1386 4481 verum
1423 4425 1493 4479 ad
1527 4439 1765 4495 consor-I

175 4517 235 4570 tia
258 4529 313 4574 et
325 4520 766 4575 communionem
789 4519 1018 4575 docendi
1037 4519 1210 4590 gratia
1232 4533 1337 4574 non
1361 4526 1518 4573 erant
1537 4515 1757 4580 adituri,

175 4623 337 4681 neque
382 4628 415 4666 a
470 4610 657 4666 Iudaea
699 4609 1022 4682 egressuri?
1065 4617 1120 4665 et
1168 4609 1310 4664 unde
1359 4623 1525 4663 sonus
1573 4621 1761 4661 eorum
1791 4586 1842 4646 Ῑ)

175 4702 294 4755 exiit
317 4703 372 4758 in
420 4717 642 4758 omnem
672 4711 898 4766 terram,
928 4709 984 4756 et
1008 4701 1062 4756 in
1107 4699 1243 4756 fines
1281 4715 1453 4770 usque
1490 4699 1756 4770 pervenit,

175 4793 213 4846 si
240 4811 346 4850 non
377 4794 594 4849 delatus
625 4795 693 4849 ab
739 4779 834 4849 eis,
865 4794 931 4848 ad
962 4801 1154 4864 gentes
1184 4790 1489 4846 conﬁnxit?
1517 4790 1762 4860 Quapro~

175 4893 287 4952 pter
309 4901 417 4941 non
447 4885 808 4957 ignorantium
833 4881 1139 4952 huiusmodi
1156 4891 1426 4953 praecepta
1454 4881 1522 4936 ad
1554 4890 1767 4952 tempus

181 4976 537 5048 dispensative
566 4979 714 5044 data,
754 4986 808 5032 et
837 4977 1134 5033 secundum
1167 4975 1520 5047 tropologiam
1564 4974 1767 5046 jugiter

178 5072 534 5143 exsequenda.
582 5070 901 5127 Exhibenda
939 5070 1156 5142 quidem
1201 5071 1270 5125 ad
1319 5077 1555 5139 tempus,
1591 5069 1764 5124 donec

184 5162 371 5232 repulsi
413 5179 444 5219 a
475 5161 660 5218 Iudaea
706 5162 922 5218 exirent
959 5161 1220 5217 divinitus
1255 5161 1323 5215 ad
1364 5174 1574 5216 omnes.
1609 5160 1766 5215 Dedit

181 5257 313 5310 enim
346 5259 448 5312 hoc
475 5263 827 5328 praeceptum,
859 5271 929 5312 ne
952 5253 1144 5320 Judaei,
1169 5252 1366 5324 quibus
1390 5251 1757 5324 repromissus

183 5358 292 5401 erat
319 5347 592 5414 Christus,
616 5355 673 5402 et
693 5347 760 5402 ad
798 5361 934 5416 quas
964 5353 1189 5401 venerat
1215 5343 1459 5416 perditas
1495 5359 1625 5400 oves
1664 5344 1762 5399 do-

184 5455 294 5496 mus
313 5441 500 5507 Israel,
534 5440 857 5498 scandalum
884 5456 951 5496 ex
987 5440 1091 5496 hoc
1119 5451 1418 5506 sumerent,
1457 5440 1505 5495 si
1539 5440 1605 5496 ad
1628 5455 1762 5510 gen-

183 5543 257 5588 tes
301 5539 455 5607 prius
501 5536 667 5602 irent,
700 5535 899 5605 quibus
940 5533 1349 5590 communicare
1389 5533 1544 5605 juxta
1589 5531 1783 5601 legem

180 5637 279 5679 non
340 5625 536 5681 licebat
574 5642 591 5692 ;
648 5639 860 5680 memor
911 5640 1133 5680 suorum
1181 5632 1624 5695 praeceptorum:
1663 5621 1770 5688 Qui

177 5703 613 5775 scandalizaverit
652 5735 817 5773 unum
847 5719 912 5774 de
938 5718 1146 5790 pusillis
1179 5718 1293 5772 istis
1351 5714 1572 5790 (Matth.
1611 5731 1770 5782 xvm,

1856 3321 2242 3392 praedicatores
2271 3319 2446 3374 sancti
2489 3325 2611 3387 post
2656 3316 3114 3373 resurrectionem
3167 3329 3266 3385 per
3305 3314 3450 3369 ordi-

1856 3429 1980 3470 nem
2015 3413 2083 3468 ad
2113 3411 2452 3469 vocationem
2488 3409 2732 3481 gentium
2757 3410 3027 3463 venirent.

1928 3504 2128 3559 Euntes
2150 3512 2344 3567 autem,
2370 3501 2564 3571 inquit,
2606 3499 2909 3568 praedicata,
2941 3499 3170 3554 dicentes
3199 3498 3326 3569 quia
3350 3514 3448 3568 ap-

1857 3595 2223 3668 propinquavit
2275 3609 2490 3663 regnum
2535 3591 2803 3646 caelorum.
2854 3590 2968 3645 Hoc
3023 3591 3190 3662 igitur
3215 3584 3450 3661 primum

1856 3702 2036 3760 prteco
2093 3685 2337 3742 veritatis
2391 3683 2625 3747 edocuit,
2683 3684 2785 3739 hoc
2847 3681 3117 3748 Christus,
3164 3682 3453 3753 appropin-

1859 3797 2056 3854 quasse
2091 3795 2316 3852 regnum
2357 3778 2618 3834 caelorum
2670 3776 3454 3849 principium'praedicationis

1861 3891 1973 3933 suae
2017 3873 2165 3929 fecit.
2195 3871 2310 3928 Hoc
2335 3880 2389 3927 et
2436 3870 2713 3943 apostolos
2741 3868 2979 3942 primum
3008 3870 3219 3924 monuit
3264 3869 3457 3938 praedi-

1864 3984 2033 4034 care;
2068 3966 2195 4037 quia
2221 3965 2407 4036 utique
2435 3973 2545 4021 tota
2582 3965 2639 4019 in
2679 3979 2773 4020 eos
2818 3971 3062 4036 potestas
3089 3962 3313 4017 virtutis
3346 3961 3455 4017 Do-

1865 4061 2080 4118 ntinicze
2111 4056 2455 4121 transfertur,
2497 4065 2559 4112 ut
2589 4056 2681 4128 qui
2723 4056 2777 4111 in
2805 4053 2976 4112 Adam
3020 4062 3169 4109 terra
3193 4061 3370 4118 erant,
3402 4063 3460 4107 et

1864 4154 2158 4226 imaginem
2201 4151 2294 4206 Dei
2342 4167 2408 4207 ac
2477 4149 2885 4206 similitudinem
2939 4147 3257 4210 amiserant,
3313 4159 3457 4200 nunc

1862 4248 2163 4320 perfectam
2198 4243 2406 4300 Christi
2451 4242 2746 4314 imaginem
2781 4249 2837 4296 et
2886 4238 3296 4296 similitudinem
3341 4251 3460 4292 sor-

1866 4343 2094 4408 tiantur,
2144 4338 2282 4396 nihil
2332 4353 2362 4392 a
2414 4336 2630 4392 Domini
2689 4335 2772 4392 sui
2818 4335 3134 4399 virtutibus,
3182 4339 3454 4403 potestate

1865 4441 2121 4507 percepta
2169 4430 2500 4487 differentes.
2555 4429 2622 4484 Et
2671 4427 2794 4484 ideo
2833 4428 2928 4499 qui
2978 4435 3136 4482 antea
3169 4416 3461 4482 terrestres

1867 4535 2025 4583 erant
2055 4525 2181 4596 jure
2220 4525 2457 4595 primum
2489 4521 2742 4578 caelestes
2762 4519 2937 4584 ﬁunt;
2983 4527 3038 4575 et
3072 4518 3332 4589 jubentur
3360 4531 3458 4588 ap-

1867 4620 2262 4692 propinquasse
2312 4629 2536 4686 regnum
2593 4612 2859 4669 caelorum
2909 4610 3242 4682 praedicare;
3271 4609 3463 4679 imagi-

1870 4729 1993 4768 nem
2036 4710 2242 4766 scilicet
2285 4723 2351 4764 ac
2385 4702 2796 4762 similitudinem
2839 4719 2984 4759 nunc
3029 4703 3086 4758 in
3125 4703 3461 4758 consortium

1869 4804 2118 4862 veritatis
2141 4801 2392 4871 assumi,
2421 4808 2483 4855 ut
2509 4799 2686 4855 sancti
2731 4813 2924 4854 omnes
2962 4797 3056 4868 qui
3087 4795 3210 4853 cteli
3243 4785 3463 4852 nomine

1870 4907 1997 4955 sunt
2035 4894 2314 4968 appellati,
2372 4892 2592 4948 Christo
2639 4899 2976 4962 conregnent
3002 4931 3018 4958 ,
3059 4896 3116 4944 et
3169 4889 3224 4944 in
3267 4885 3466 4958 quibus

1872 4990 2132 5048 Christus
2185 4986 2384 5042 amodo
2430 4999 2658 5056 regnum
2709 4976 3098 5055 sempiternum
3164 4975 3458 5052 possideat.

1871 5080 2066 5135 Anima
2095 5077 2242 5133 enim
2255 5076 2396 5149 justi
2439 5075 2596 5132 sedes
2619 5085 2704 5132 est
2735 5075 3033 5145 sapientiae,
3065 5070 3328 5143 sapientia
3361 5084 3460 5124 au-

1873 5180 1981 5227 tem
2027 5169 2280 5226 Christus
2315 5177 2438 5236 est;
2474 5168 2726 5223 Christus
2766 5181 2898 5222 vero
2942 5179 3211 5234 nusquam
3237 5161 3358 5242 (nisi
3407 5162 3460 5216 in

1871 5262 2185 5318 caelestibus
2209 5261 2451 5326 habitat;
2485 5261 2552 5315 de
2573 5259 2771 5332 quibus
2793 5259 3001 5314 dictum
3030 5257 3260 5329 legimus
3285 5273 3298 5310 :
3331 5251 3464 5309 σωιε

1871 5361 2124 5408 enarrant
2161 5351 2388 5424 glbriam
2432 5351 2528 5406 Dei
2553 5349 2728 5419 (Psal.
2764 5364 2926 5415 xvm,
2961 5347 3037 5421 1).
3061 5347 3291 5417 Propter
3318 5347 3464 5416 quod

1875 5444 1959 5500 eis
2015 5459 2142 5499 mox
2195 5442 2450 5498 virtutem
2503 5440 2810 5511 adoptionis
2854 5455 2961 5509 qua
3022 5437 3171 5493 dedit
3224 5444 3460 5507 potesta-

1878 5545 1988 5592 tem
2015 5534 2156 5592 ﬁlios
2193 5535 2289 5591 Dei
2329 5534 2470 5599 ﬁeri,
2513 5532 2708 5589 deinde
2755 5546 2919 5603 opera
2963 5530 3273 5587 Divinitatis
3329 5544 3462 5584 con-

1877 5629 2059 5685 cessit.
2142 5690 2146 5693 I

1953 5722 2226 5792 Inﬁrmos,
2266 5721 2464 5792 inquit,
2496 5728 2695 5785 curate,
2721 5728 2956 5772 mortuos
2990 5717 3259 5785 suscitata,
3295 5715 3466 5787 lepro-

177 5812 268 5880 0);
306 5814 616 5884 praesertim
659 5828 785 5868 cum
833 5813 1060 5868 necdum
1108 5812 1161 5866 in
1206 5825 1328 5865 eum
1385 5808 1690 5875 crederent.
1718 5813 1814 5866 et'
1883 5833 1970 5873 sos
1999 5815 2556 5883 mundate,dtemones
2587 5811 2777 5884 ejicite.
2808 5811 3086 5878 Quatenus
3113 5826 3210 5882 per
3246 5825 3308 5866 ea
3357 5822 3464 5863 non

3661 3319 3721 3393 ξ
3749 3351 3756 3357 .
