  <div class='ocr_page' id='page_1' title='image "/cluster/home/n/w/nwhite01/storage/ocr_20150623/120/hvd.32044015466923/211.png"; bbox 0 0 4004 6362; ppageno 0'>
   <div class='ocr_carea' id='block_1_1' title="bbox 532 319 629 376">
    <p class='ocr_par' dir='ltr' id='par_1_1' title="bbox 532 319 629 376">
     <span class='ocr_line' id='line_1_1' title="bbox 532 319 629 376; baseline -0.041 0"><span class='ocrx_word' id='word_1_1' title='bbox 532 319 629 376; x_wconf 68' lang='grc' dir='ltr'><strong>ιιι</strong></span> 
     </span>
    </p>
   </div>
   <div class='ocr_carea' id='block_1_2' title="bbox 1349 310 3004 376">
    <p class='ocr_par' dir='ltr' id='par_1_2' title="bbox 1349 310 3004 376">
     <span class='ocr_line' id='line_1_2' title="bbox 1349 310 3004 376; baseline 0.002 -6"><span class='ocrx_word' id='word_1_2' title='bbox 1349 316 1405 370; x_wconf 73' lang='lat'><strong>5.</strong></span> <span class='ocrx_word' id='word_1_3' title='bbox 1445 314 1803 373; x_wconf 75' lang='lat' dir='ltr'><strong>PASCIIASII</strong></span> <span class='ocrx_word' id='word_1_4' title='bbox 1844 312 2189 374; x_wconf 66' lang='lat' dir='ltr'><strong>RADBERTI</strong></span> <span class='ocrx_word' id='word_1_5' title='bbox 2224 311 2516 375; x_wconf 74' lang='lat' dir='ltr'><strong>ABBATIS</strong></span> <span class='ocrx_word' id='word_1_6' title='bbox 2551 310 3004 376; x_wconf 70' lang='lat' dir='ltr'><strong>CORREIENSIS</strong></span> 
     </span>
    </p>
   </div>
   <div class='ocr_carea' id='block_1_3' title="bbox 3709 320 3823 379">
    <p class='ocr_par' dir='ltr' id='par_1_3' title="bbox 3709 320 3823 379">
     <span class='ocr_line' id='line_1_3' title="bbox 3709 320 3823 379; baseline 0.018 -2"><span class='ocrx_word' id='word_1_7' title='bbox 3709 320 3823 379; x_wconf 67' lang='grc'><strong>412</strong></span> 
     </span>
    </p>
   </div>
   <div class='ocr_carea' id='block_1_4' title="bbox 533 429 3819 504">
    <p class='ocr_par' dir='ltr' id='par_1_4' title="bbox 533 429 3819 504">
     <span class='ocr_line' id='line_1_4' title="bbox 533 429 3819 504; baseline -0.001 -12"><span class='ocrx_word' id='word_1_8' title='bbox 533 432 696 492; x_wconf 89' lang='lat' dir='ltr'><strong>modo</strong></span> <span class='ocrx_word' id='word_1_9' title='bbox 719 432 772 487; x_wconf 80' lang='lat' dir='ltr'><strong>in</strong></span> <span class='ocrx_word' id='word_1_10' title='bbox 801 429 1018 491; x_wconf 75' lang='lat' dir='ltr'><strong>Christo</strong></span> <span class='ocrx_word' id='word_1_11' title='bbox 1040 430 1307 487; x_wconf 85' lang='lat' dir='ltr'><strong>Deitatent</strong></span> <span class='ocrx_word' id='word_1_12' title='bbox 1331 430 2122 501; x_wconf 79' lang='lat' dir='ltr'><strong>deprehenderentvisibilibus</strong></span> <span class='ocrx_word' id='word_1_13' title='bbox 2150 436 2202 496; x_wconf 74' lang='grc' dir='ltr'><strong>Α</strong></span> <span class='ocrx_word' id='word_1_14' title='bbox 2242 430 2516 485; x_wconf 78' lang='lat' dir='ltr'><strong>Potestate</strong></span> <span class='ocrx_word' id='word_1_15' title='bbox 2542 431 2808 501; x_wconf 73' lang='lat' dir='ltr'><strong>siquidem</strong></span> <span class='ocrx_word' id='word_1_16' title='bbox 2843 430 2965 487; x_wconf 86' lang='lat' dir='ltr'><strong>ﬁdei</strong></span> <span class='ocrx_word' id='word_1_17' title='bbox 3004 430 3141 486; x_wconf 88' lang='lat' dir='ltr'><strong>mala</strong></span> <span class='ocrx_word' id='word_1_18' title='bbox 3170 429 3507 504; x_wconf 86' lang='lat' dir='ltr'><strong>t‘ugarentur,</strong></span> <span class='ocrx_word' id='word_1_19' title='bbox 3544 434 3601 487; x_wconf 89' lang='lat' dir='ltr'><strong>et</strong></span> <span class='ocrx_word' id='word_1_20' title='bbox 3625 434 3819 490; x_wconf 87' lang='lat' dir='ltr'><strong>diabo-</strong></span> 
     </span>
    </p>
   </div>
   <div class='ocr_carea' id='block_1_5' title="bbox 535 523 2123 594">
    <p class='ocr_par' dir='ltr' id='par_1_5' title="bbox 535 523 2123 594">
     <span class='ocr_line' id='line_1_5' title="bbox 535 523 2123 594; baseline -0.004 -10"><span class='ocrx_word' id='word_1_21' title='bbox 535 526 748 589; x_wconf 88' lang='lat' dir='ltr'><strong>intenti,</strong></span> <span class='ocrx_word' id='word_1_22' title='bbox 781 538 970 580; x_wconf 90' lang='lat' dir='ltr'><strong>verum</strong></span> <span class='ocrx_word' id='word_1_23' title='bbox 1002 534 1057 580; x_wconf 90' lang='lat' dir='ltr'><strong>et</strong></span> <span class='ocrx_word' id='word_1_24' title='bbox 1080 524 1286 581; x_wconf 78' lang='lat' dir='ltr'><strong>eisdem</strong></span> <span class='ocrx_word' id='word_1_25' title='bbox 1337 524 1597 594; x_wconf 70' lang='lat' dir='ltr'><strong>apostolis</strong></span> <span class='ocrx_word' id='word_1_26' title='bbox 1642 524 1809 579; x_wconf 90' lang='lat' dir='ltr'><strong>Deum</strong></span> <span class='ocrx_word' id='word_1_27' title='bbox 1861 523 1979 580; x_wconf 79' lang='lat' dir='ltr'><strong>fore</strong></span> <span class='ocrx_word' id='word_1_28' title='bbox 2017 538 2123 579; x_wconf 90' lang='lat' dir='ltr'><strong>non</strong></span> 
     </span>
    </p>
   </div>
   <div class='ocr_carea' id='block_1_6' title="bbox 535 613 2124 687">
    <p class='ocr_par' dir='ltr' id='par_1_6' title="bbox 535 613 2124 687">
     <span class='ocr_line' id='line_1_6' title="bbox 535 613 2124 687; baseline -0.003 -14"><span class='ocrx_word' id='word_1_29' title='bbox 535 618 865 674; x_wconf 89' lang='lat' dir='ltr'><strong>dubitarent.</strong></span> <span class='ocrx_word' id='word_1_30' title='bbox 896 613 1014 671; x_wconf 84' lang='lat' dir='ltr'><strong>Non</strong></span> <span class='ocrx_word' id='word_1_31' title='bbox 1058 614 1323 673; x_wconf 82' lang='lat' dir='ltr'><strong>miremur</strong></span> <span class='ocrx_word' id='word_1_32' title='bbox 1346 615 1474 686; x_wconf 86' lang='lat' dir='ltr'><strong>quis</strong></span> <span class='ocrx_word' id='word_1_33' title='bbox 1495 615 1675 687; x_wconf 86' lang='lat' dir='ltr'><strong>primo</strong></span> <span class='ocrx_word' id='word_1_34' title='bbox 1699 615 1903 672; x_wconf 82' lang='lat' dir='ltr'><strong>homini</strong></span> <span class='ocrx_word' id='word_1_35' title='bbox 1922 615 2124 670; x_wconf 89' lang='lat' dir='ltr'><strong>dictum</strong></span> 
     </span>
    </p>
   </div>
   <div class='ocr_carea' id='block_1_7' title="bbox 534 706 2127 780">
    <p class='ocr_par' dir='ltr' id='par_1_7' title="bbox 534 706 2127 780">
     <span class='ocr_line' id='line_1_7' title="bbox 534 706 2127 780; baseline -0.004 -12"><span class='ocrx_word' id='word_1_36' title='bbox 534 721 647 768; x_wconf 87' lang='lat' dir='ltr'><strong>est:</strong></span> <span class='ocrx_word' id='word_1_37' title='bbox 671 708 835 767; x_wconf 81' lang='lat' dir='ltr'><strong>Terra</strong></span> <span class='ocrx_word' id='word_1_38' title='bbox 856 724 932 774; x_wconf 81' lang='lat' dir='ltr'><strong>ea,</strong></span> <span class='ocrx_word' id='word_1_39' title='bbox 963 718 1010 769; x_wconf 76' lang='lat' dir='ltr'><strong>et</strong></span> <span class='ocrx_word' id='word_1_40' title='bbox 1037 709 1093 767; x_wconf 82' lang='lat' dir='ltr'><strong>in</strong></span> <span class='ocrx_word' id='word_1_41' title='bbox 1121 718 1318 763; x_wconf 75' lang='lat' dir='ltr'><strong>terram</strong></span> <span class='ocrx_word' id='word_1_42' title='bbox 1340 709 1437 765; x_wconf 78' lang='lat' dir='ltr'><strong>ibis</strong></span> <span class='ocrx_word' id='word_1_43' title='bbox 1473 706 1628 780; x_wconf 83' lang='lat' dir='ltr'><strong>(Gen.</strong></span> <span class='ocrx_word' id='word_1_44' title='bbox 1655 725 1740 775; x_wconf 83' lang='grc' dir='ltr'><strong>ιιι,</strong></span> <span class='ocrx_word' id='word_1_45' title='bbox 1759 708 1872 780; x_wconf 86' lang='grc'><strong>19),</strong></span> <span class='ocrx_word' id='word_1_46' title='bbox 1892 708 1988 778; x_wconf 87' lang='lat' dir='ltr'><strong>qui</strong></span> <span class='ocrx_word' id='word_1_47' title='bbox 2021 707 2127 762; x_wconf 87' lang='lat' dir='ltr'><strong>ﬁde</strong></span> 
     </span>
    </p>
   </div>
   <div class='ocr_carea' id='block_1_8' title="bbox 537 800 2125 871">
    <p class='ocr_par' dir='ltr' id='par_1_8' title="bbox 537 800 2125 871">
     <span class='ocr_line' id='line_1_8' title="bbox 537 800 2125 871; baseline -0.004 -11"><span class='ocrx_word' id='word_1_48' title='bbox 537 810 898 860; x_wconf 88' lang='lat' dir='ltr'><strong>renascuntur</strong></span> <span class='ocrx_word' id='word_1_49' title='bbox 929 800 984 857; x_wconf 86' lang='lat' dir='ltr'><strong>in</strong></span> <span class='ocrx_word' id='word_1_50' title='bbox 1015 800 1258 865; x_wconf 86' lang='lat' dir='ltr'><strong>Christo,</strong></span> <span class='ocrx_word' id='word_1_51' title='bbox 1299 802 1347 857; x_wconf 87' lang='lat' dir='ltr'><strong>si</strong></span> <span class='ocrx_word' id='word_1_52' title='bbox 1392 801 1780 871; x_wconf 85' lang='lat' dir='ltr'><strong>audiant,quia</strong></span> <span class='ocrx_word' id='word_1_53' title='bbox 1823 800 2021 856; x_wconf 71' lang='lat' dir='ltr'><strong>coelum</strong></span> <span class='ocrx_word' id='word_1_54' title='bbox 2044 814 2125 865; x_wconf 90' lang='lat' dir='ltr'><strong>es,</strong></span> 
     </span>
    </p>
   </div>
   <div class='ocr_carea' id='block_1_9' title="bbox 536 891 2126 968">
    <p class='ocr_par' dir='ltr' id='par_1_9' title="bbox 536 891 2126 968">
     <span class='ocr_line' id='line_1_9' title="bbox 536 891 2126 968; baseline -0.002 -18"><span class='ocrx_word' id='word_1_55' title='bbox 536 904 593 951; x_wconf 90' lang='lat' dir='ltr'><strong>et</strong></span> <span class='ocrx_word' id='word_1_56' title='bbox 619 895 675 950; x_wconf 89' lang='lat' dir='ltr'><strong>iu</strong></span> <span class='ocrx_word' id='word_1_57' title='bbox 704 891 903 950; x_wconf 60' lang='lat' dir='ltr'><strong>coelum</strong></span> <span class='ocrx_word' id='word_1_58' title='bbox 935 892 1056 949; x_wconf 84' lang='lat' dir='ltr'><strong>ibis.</strong></span> <span class='ocrx_word' id='word_1_59' title='bbox 1076 892 1191 949; x_wconf 85' lang='lat' dir='ltr'><strong>Non</strong></span> <span class='ocrx_word' id='word_1_60' title='bbox 1215 894 1268 948; x_wconf 91' lang='lat' dir='ltr'><strong>in</strong></span> <span class='ocrx_word' id='word_1_61' title='bbox 1297 892 1461 968; x_wconf 62' lang='lat'><strong>583</strong></span> <span class='ocrx_word' id='word_1_62' title='bbox 1492 893 1689 950; x_wconf 74' lang='lat' dir='ltr'><strong>omium</strong></span> <span class='ocrx_word' id='word_1_63' title='bbox 1722 894 1909 964; x_wconf 92' lang='lat' dir='ltr'><strong>utique</strong></span> <span class='ocrx_word' id='word_1_64' title='bbox 1943 892 2126 948; x_wconf 86' lang='lat' dir='ltr'><strong>ﬁrma-</strong></span> 
     </span>
    </p>
   </div>
   <div class='ocr_carea' id='block_1_10' title="bbox 537 984 2129 1059">
    <p class='ocr_par' dir='ltr' id='par_1_10' title="bbox 537 984 2129 1059">
     <span class='ocr_line' id='line_1_10' title="bbox 537 984 2129 1059; baseline -0.001 -16"><span class='ocrx_word' id='word_1_65' title='bbox 537 985 892 1059; x_wconf 88' lang='lat' dir='ltr'><strong>menti,quod</strong></span> <span class='ocrx_word' id='word_1_66' title='bbox 934 984 1107 1041; x_wconf 77' lang='lat' dir='ltr'><strong>locale</strong></span> <span class='ocrx_word' id='word_1_67' title='bbox 1131 993 1234 1053; x_wconf 89' lang='lat' dir='ltr'><strong>est,</strong></span> <span class='ocrx_word' id='word_1_68' title='bbox 1271 986 1366 1042; x_wconf 87' lang='lat' dir='ltr'><strong>sed</strong></span> <span class='ocrx_word' id='word_1_69' title='bbox 1406 986 1602 1045; x_wconf 70' lang='lat' dir='ltr'><strong>ett-lum</strong></span> <span class='ocrx_word' id='word_1_70' title='bbox 1651 986 1952 1056; x_wconf 85' lang='lat' dir='ltr'><strong>spirituaie,</strong></span> <span class='ocrx_word' id='word_1_71' title='bbox 2005 1001 2129 1057; x_wconf 84' lang='lat' dir='ltr'><strong>pro-</strong></span> 
     </span>
    </p>
   </div>
   <div class='ocr_carea' id='block_1_11' title="bbox 540 1068 2129 1150">
    <p class='ocr_par' dir='ltr' id='par_1_11' title="bbox 540 1068 2129 1150">
     <span class='ocr_line' id='line_1_11' title="bbox 540 1068 2129 1150; baseline -0.001 -14"><span class='ocrx_word' id='word_1_72' title='bbox 540 1077 685 1136; x_wconf 81' lang='lat' dir='ltr'><strong>lecte</strong></span> <span class='ocrx_word' id='word_1_73' title='bbox 738 1079 866 1150; x_wconf 88' lang='lat' dir='ltr'><strong>quia</strong></span> <span class='ocrx_word' id='word_1_74' title='bbox 914 1068 1058 1135; x_wconf 82' lang='lat' dir='ltr'><strong>Deus</strong></span> <span class='ocrx_word' id='word_1_75' title='bbox 1106 1077 1345 1150; x_wconf 88' lang='lat' dir='ltr'><strong>Spiritus</strong></span> <span class='ocrx_word' id='word_1_76' title='bbox 1383 1088 1486 1134; x_wconf 86' lang='lat' dir='ltr'><strong>est.</strong></span> <span class='ocrx_word' id='word_1_77' title='bbox 1528 1078 1586 1134; x_wconf 86' lang='lat' dir='ltr'><strong>in</strong></span> <span class='ocrx_word' id='word_1_78' title='bbox 1643 1092 1752 1149; x_wconf 91' lang='lat' dir='ltr'><strong>quo</strong></span> <span class='ocrx_word' id='word_1_79' title='bbox 1809 1093 1939 1134; x_wconf 90' lang='lat' dir='ltr'><strong>sane</strong></span> <span class='ocrx_word' id='word_1_80' title='bbox 1991 1078 2129 1134; x_wconf 79' lang='lat' dir='ltr'><strong>cado</strong></span> 
     </span>
    </p>
   </div>
   <div class='ocr_carea' id='block_1_12' title="bbox 537 1170 2131 1243">
    <p class='ocr_par' dir='ltr' id='par_1_12' title="bbox 537 1170 2131 1243">
     <span class='ocr_line' id='line_1_12' title="bbox 537 1170 2131 1243; baseline 0.001 -15"><span class='ocrx_word' id='word_1_81' title='bbox 537 1171 680 1228; x_wconf 85' lang='lat' dir='ltr'><strong>Deus</strong></span> <span class='ocrx_word' id='word_1_82' title='bbox 739 1170 989 1229; x_wconf 87' lang='lat' dir='ltr'><strong>habitare</strong></span> <span class='ocrx_word' id='word_1_83' title='bbox 1036 1171 1299 1237; x_wconf 86' lang='lat' dir='ltr'><strong>creditur,</strong></span> <span class='ocrx_word' id='word_1_84' title='bbox 1342 1182 1398 1226; x_wconf 92' lang='lat' dir='ltr'><strong>et</strong></span> <span class='ocrx_word' id='word_1_85' title='bbox 1437 1171 1683 1227; x_wconf 76' lang='lat' dir='ltr'><strong>localiter</strong></span> <span class='ocrx_word' id='word_1_86' title='bbox 1732 1173 2131 1243; x_wconf 89' lang='lat' dir='ltr'><strong>quodammodo</strong></span> 
     </span>
    </p>
   </div>
   <div class='ocr_carea' id='block_1_13' title="bbox 536 1262 2131 1335">
    <p class='ocr_par' dir='ltr' id='par_1_13' title="bbox 536 1262 2131 1335">
     <span class='ocr_line' id='line_1_13' title="bbox 536 1262 2131 1335; baseline 0 -15"><span class='ocrx_word' id='word_1_87' title='bbox 536 1262 835 1329; x_wconf 86' lang='lat' dir='ltr'><strong>ambulare,</strong></span> <span class='ocrx_word' id='word_1_88' title='bbox 855 1263 978 1321; x_wconf 86' lang='lat' dir='ltr'><strong>licet</strong></span> <span class='ocrx_word' id='word_1_89' title='bbox 1003 1263 1508 1335; x_wconf 84' lang='lat' dir='ltr'><strong>incircumscriptus</strong></span> <span class='ocrx_word' id='word_1_90' title='bbox 1527 1274 1582 1320; x_wconf 90' lang='lat' dir='ltr'><strong>et</strong></span> <span class='ocrx_word' id='word_1_91' title='bbox 1609 1264 1836 1320; x_wconf 87' lang='lat' dir='ltr'><strong>illocalis</strong></span> <span class='ocrx_word' id='word_1_92' title='bbox 1855 1264 1947 1331; x_wconf 88' lang='lat' dir='ltr'><strong>sit,</strong></span> <span class='ocrx_word' id='word_1_93' title='bbox 1970 1279 2131 1334; x_wconf 87' lang='lat' dir='ltr'><strong>quem</strong></span> 
     </span>
    </p>
   </div>
   <div class='ocr_carea' id='block_1_14' title="bbox 539 1355 2133 1427">
    <p class='ocr_par' dir='ltr' id='par_1_14' title="bbox 539 1355 2133 1427">
     <span class='ocr_line' id='line_1_14' title="bbox 539 1355 2133 1427; baseline 0.001 -15"><span class='ocrx_word' id='word_1_94' title='bbox 539 1355 874 1427; x_wconf 78' lang='lat' dir='ltr'><strong>ubique°non</strong></span> <span class='ocrx_word' id='word_1_95' title='bbox 912 1355 1055 1422; x_wconf 83' lang='lat' dir='ltr'><strong>loco,</strong></span> <span class='ocrx_word' id='word_1_96' title='bbox 1084 1356 1179 1415; x_wconf 86' lang='lat' dir='ltr'><strong>sed</strong></span> <span class='ocrx_word' id='word_1_97' title='bbox 1206 1357 1405 1412; x_wconf 88' lang='lat' dir='ltr'><strong>virtute</strong></span> <span class='ocrx_word' id='word_1_98' title='bbox 1430 1356 1723 1413; x_wconf 81' lang='lat' dir='ltr'><strong>credimus.</strong></span> <span class='ocrx_word' id='word_1_99' title='bbox 1750 1356 1892 1412; x_wconf 82' lang='lat' dir='ltr'><strong>Hine</strong></span> <span class='ocrx_word' id='word_1_100' title='bbox 1917 1372 2133 1427; x_wconf 84' lang='lat' dir='ltr'><strong>quoque</strong></span> 
     </span>
    </p>
   </div>
   <div class='ocr_carea' id='block_1_15' title="bbox 539 1446 2128 1520">
    <p class='ocr_par' dir='ltr' id='par_1_15' title="bbox 539 1446 2128 1520">
     <span class='ocr_line' id='line_1_15' title="bbox 539 1446 2128 1520; baseline 0 -18"><span class='ocrx_word' id='word_1_101' title='bbox 539 1446 657 1517; x_wconf 80' lang='lat' dir='ltr'><strong>ipse</strong></span> <span class='ocrx_word' id='word_1_102' title='bbox 685 1464 697 1500; x_wconf 92' lang='lat'><strong>:</strong></span> <span class='ocrx_word' id='word_1_103' title='bbox 724 1446 1063 1513; x_wconf 78' lang='lat' dir='ltr'><strong>Inhabitabo,</strong></span> <span class='ocrx_word' id='word_1_104' title='bbox 1089 1448 1287 1517; x_wconf 84' lang='lat' dir='ltr'><strong>inquit,</strong></span> <span class='ocrx_word' id='word_1_105' title='bbox 1314 1459 1362 1504; x_wconf 88' lang='lat' dir='ltr'><strong>et</strong></span> <span class='ocrx_word' id='word_1_106' title='bbox 1378 1447 1716 1504; x_wconf 71' lang='lat' dir='ltr'><strong>iuambulabo</strong></span> <span class='ocrx_word' id='word_1_107' title='bbox 1738 1449 1793 1504; x_wconf 88' lang='lat' dir='ltr'><strong>in</strong></span> <span class='ocrx_word' id='word_1_108' title='bbox 1816 1450 1889 1503; x_wconf 81' lang='lat' dir='ltr'><strong>eis</strong></span> <span class='ocrx_word' id='word_1_109' title='bbox 1904 1448 1989 1520; x_wconf 88' lang='lat' dir='ltr'><strong>(ll</strong></span> <span class='ocrx_word' id='word_1_110' title='bbox 2006 1449 2128 1504; x_wconf 85' lang='lat' dir='ltr'><strong>Cor.</strong></span> 
     </span>
    </p>
   </div>
   <div class='ocr_carea' id='block_1_16' title="bbox 539 1536 2129 1613">
    <p class='ocr_par' dir='ltr' id='par_1_16' title="bbox 539 1536 2129 1613">
     <span class='ocr_line' id='line_1_16' title="bbox 539 1536 2129 1613; baseline 0.002 -20"><span class='ocrx_word' id='word_1_111' title='bbox 539 1554 616 1605; x_wconf 86' lang='lat' dir='ltr'><strong>vt,</strong></span> <span class='ocrx_word' id='word_1_112' title='bbox 661 1536 737 1610; x_wconf 86' lang='lat'><strong>6).</strong></span> <span class='ocrx_word' id='word_1_113' title='bbox 773 1541 949 1610; x_wconf 82' lang='lat' dir='ltr'><strong>Atque</strong></span> <span class='ocrx_word' id='word_1_114' title='bbox 976 1538 1146 1596; x_wconf 90' lang='lat' dir='ltr'><strong>alibi:</strong></span> <span class='ocrx_word' id='word_1_115' title='bbox 1176 1538 1417 1612; x_wconf 78' lang='lat' dir='ltr'><strong>Regnum</strong></span> <span class='ocrx_word' id='word_1_116' title='bbox 1454 1540 1550 1595; x_wconf 79' lang='lat' dir='ltr'><strong>Dei</strong></span> <span class='ocrx_word' id='word_1_117' title='bbox 1588 1550 1731 1596; x_wconf 78' lang='lat' dir='ltr'><strong>intra</strong></span> <span class='ocrx_word' id='word_1_118' title='bbox 1774 1550 1953 1596; x_wconf 65' lang='lat' dir='ltr'><strong>sese“</strong></span> <span class='ocrx_word' id='word_1_119' title='bbox 1977 1540 2129 1613; x_wconf 82' lang='lat' dir='ltr'><strong>(an.</strong></span> 
     </span>
    </p>
   </div>
   <div class='ocr_carea' id='block_1_17' title="bbox 537 1628 2130 1703">
    <p class='ocr_par' dir='ltr' id='par_1_17' title="bbox 537 1628 2130 1703">
     <span class='ocr_line' id='line_1_17' title="bbox 537 1628 2130 1703; baseline 0.001 -18"><span class='ocrx_word' id='word_1_120' title='bbox 537 1644 675 1695; x_wconf 85' lang='lat' dir='ltr'><strong>xvn,</strong></span> <span class='ocrx_word' id='word_1_121' title='bbox 705 1628 818 1701; x_wconf 77' lang='grc'><strong>21).</strong></span> <span class='ocrx_word' id='word_1_122' title='bbox 851 1629 1003 1698; x_wconf 84' lang='lat' dir='ltr'><strong>Quod</strong></span> <span class='ocrx_word' id='word_1_123' title='bbox 1035 1630 1291 1686; x_wconf 89' lang='lat' dir='ltr'><strong>nimirum</strong></span> <span class='ocrx_word' id='word_1_124' title='bbox 1317 1646 1544 1703; x_wconf 78' lang='lat' dir='ltr'><strong>regnum</strong></span> <span class='ocrx_word' id='word_1_125' title='bbox 1580 1630 1846 1687; x_wconf 77' lang='lat' dir='ltr'><strong>etelorum</strong></span> <span class='ocrx_word' id='word_1_126' title='bbox 1879 1631 2004 1702; x_wconf 86' lang='lat' dir='ltr'><strong>jure</strong></span> <span class='ocrx_word' id='word_1_127' title='bbox 2034 1644 2130 1701; x_wconf 89' lang='lat' dir='ltr'><strong>a&#39;p-</strong></span> 
     </span>
    </p>
   </div>
   <div class='ocr_carea' id='block_1_18' title="bbox 536 1723 2133 1797">
    <p class='ocr_par' dir='ltr' id='par_1_18' title="bbox 536 1723 2133 1797">
     <span class='ocr_line' id='line_1_18' title="bbox 536 1723 2133 1797; baseline 0.001 -19"><span class='ocrx_word' id='word_1_128' title='bbox 536 1723 928 1797; x_wconf 84' lang='lat' dir='ltr'><strong>propinquasse</strong></span> <span class='ocrx_word' id='word_1_129' title='bbox 964 1723 1183 1789; x_wconf 91' lang='lat' dir='ltr'><strong>dicitur,</strong></span> <span class='ocrx_word' id='word_1_130' title='bbox 1235 1740 1344 1780; x_wconf 92' lang='lat' dir='ltr'><strong>non</strong></span> <span class='ocrx_word' id='word_1_131' title='bbox 1391 1723 1742 1780; x_wconf 84' lang='lat' dir='ltr'><strong>inclinatione</strong></span> <span class='ocrx_word' id='word_1_132' title='bbox 1793 1724 1940 1790; x_wconf 78' lang='lat' dir='ltr'><strong>cteli,</strong></span> <span class='ocrx_word' id='word_1_133' title='bbox 1989 1724 2133 1794; x_wconf 88' lang='lat' dir='ltr'><strong>quod</strong></span> 
     </span>
    </p>
   </div>
   <div class='ocr_carea' id='block_1_19' title="bbox 2229 522 3819 594">
    <p class='ocr_par' dir='ltr' id='par_1_19' title="bbox 2229 522 3819 594">
     <span class='ocr_line' id='line_1_19' title="bbox 2229 522 3819 594; baseline 0.004 -18"><span class='ocrx_word' id='word_1_134' title='bbox 2229 522 2313 577; x_wconf 88' lang='lat' dir='ltr'><strong>lus</strong></span> <span class='ocrx_word' id='word_1_135' title='bbox 2337 522 2685 589; x_wconf 88' lang='lat' dir='ltr'><strong>vinceretur;</strong></span> <span class='ocrx_word' id='word_1_136' title='bbox 2725 539 2832 594; x_wconf 91' lang='lat' dir='ltr'><strong>quo</strong></span> <span class='ocrx_word' id='word_1_137' title='bbox 2861 523 3118 580; x_wconf 90' lang='lat' dir='ltr'><strong>nimirum</strong></span> <span class='ocrx_word' id='word_1_138' title='bbox 3165 525 3333 591; x_wconf 88' lang='lat' dir='ltr'><strong>victo,</strong></span> <span class='ocrx_word' id='word_1_139' title='bbox 3386 524 3610 583; x_wconf 86' lang='lat' dir='ltr'><strong>libertas</strong></span> <span class='ocrx_word' id='word_1_140' title='bbox 3644 526 3819 585; x_wconf 87' lang='lat' dir='ltr'><strong>homi-</strong></span> 
     </span>
    </p>
   </div>
   <div class='ocr_carea' id='block_1_20' title="bbox 2229 612 3155 685">
    <p class='ocr_par' dir='ltr' id='par_1_20' title="bbox 2229 612 3155 685">
     <span class='ocr_line' id='line_1_20' title="bbox 2229 612 3155 685; baseline 0.004 -19"><span class='ocrx_word' id='word_1_141' title='bbox 2229 612 2387 668; x_wconf 91' lang='lat' dir='ltr'><strong>nibus</strong></span> <span class='ocrx_word' id='word_1_142' title='bbox 2417 622 2473 667; x_wconf 88' lang='lat' dir='ltr'><strong>et</strong></span> <span class='ocrx_word' id='word_1_143' title='bbox 2509 614 2817 685; x_wconf 88' lang='lat' dir='ltr'><strong>triumphus</strong></span> <span class='ocrx_word' id='word_1_144' title='bbox 2848 614 3155 673; x_wconf 87' lang='lat' dir='ltr'><strong>deberetur.</strong></span> 
     </span>
    </p>
   </div>
   <div class='ocr_carea' id='block_1_21' title="bbox 2301 702 3823 782">
    <p class='ocr_par' dir='ltr' id='par_1_21' title="bbox 2301 702 3823 782">
     <span class='ocr_line' id='line_1_21' title="bbox 2301 702 3823 782; baseline 0.007 -24"><span class='ocrx_word' id='word_1_145' title='bbox 2301 702 2478 761; x_wconf 81' lang='lat' dir='ltr'><strong>Gratis</strong></span> <span class='ocrx_word' id='word_1_146' title='bbox 2507 709 2799 778; x_wconf 76' lang='lat' dir='ltr'><strong>accepistis.</strong></span> <span class='ocrx_word' id='word_1_147' title='bbox 2838 708 2934 774; x_wconf 90' lang='lat' dir='ltr'><strong>ait,</strong></span> <span class='ocrx_word' id='word_1_148' title='bbox 3000 710 3165 782; x_wconf 74' lang='lat' dir='ltr'><strong>gratis</strong></span> <span class='ocrx_word' id='word_1_149' title='bbox 3205 709 3347 765; x_wconf 87' lang='lat' dir='ltr'><strong>date.</strong></span> <span class='ocrx_word' id='word_1_150' title='bbox 3392 709 3529 779; x_wconf 83' lang='lat' dir='ltr'><strong>Quia</strong></span> <span class='ocrx_word' id='word_1_151' title='bbox 3578 710 3823 781; x_wconf 82' lang='lat' dir='ltr'><strong>profecto</strong></span> 
     </span>
    </p>
   </div>
   <div class='ocr_carea' id='block_1_22' title="bbox 2230 794 3820 874">
    <p class='ocr_par' dir='ltr' id='par_1_22' title="bbox 2230 794 3820 874">
     <span class='ocr_line' id='line_1_22' title="bbox 2230 794 3820 874; baseline 0.008 -25"><span class='ocrx_word' id='word_1_152' title='bbox 2230 794 2347 851; x_wconf 88' lang='lat' dir='ltr'><strong>vult</strong></span> <span class='ocrx_word' id='word_1_153' title='bbox 2368 810 2552 852; x_wconf 90' lang='lat' dir='ltr'><strong>veram</strong></span> <span class='ocrx_word' id='word_1_154' title='bbox 2579 799 2633 854; x_wconf 90' lang='lat' dir='ltr'><strong>in</strong></span> <span class='ocrx_word' id='word_1_155' title='bbox 2665 800 2973 858; x_wconf 88' lang='lat' dir='ltr'><strong>hominibus</strong></span> <span class='ocrx_word' id='word_1_156' title='bbox 3011 802 3302 874; x_wconf 87' lang='lat' dir='ltr'><strong>imaginem</strong></span> <span class='ocrx_word' id='word_1_157' title='bbox 3325 819 3389 859; x_wconf 89' lang='lat' dir='ltr'><strong>ae</strong></span> <span class='ocrx_word' id='word_1_158' title='bbox 3409 804 3820 862; x_wconf 85' lang='lat' dir='ltr'><strong>similitudinem</strong></span> 
     </span>
    </p>
   </div>
   <div class='ocr_carea' id='block_1_23' title="bbox 2232 888 3824 970">
    <p class='ocr_par' dir='ltr' id='par_1_23' title="bbox 2232 888 3824 970">
     <span class='ocr_line' id='line_1_23' title="bbox 2232 888 3824 970; baseline 0.007 -27"><span class='ocrx_word' id='word_1_159' title='bbox 2232 888 2480 956; x_wconf 87' lang='lat' dir='ltr'><strong>Deitatis,</strong></span> <span class='ocrx_word' id='word_1_160' title='bbox 2508 906 2672 961; x_wconf 91' lang='lat' dir='ltr'><strong>quam</strong></span> <span class='ocrx_word' id='word_1_161' title='bbox 2721 894 3039 961; x_wconf 81' lang='lat' dir='ltr'><strong>amiserant,</strong></span> <span class='ocrx_word' id='word_1_162' title='bbox 3076 895 3339 965; x_wconf 82' lang='lat' dir='ltr'><strong>reparari,</strong></span> <span class='ocrx_word' id='word_1_163' title='bbox 3371 896 3563 952; x_wconf 89' lang='lat' dir='ltr'><strong>tribuit</strong></span> <span class='ocrx_word' id='word_1_164' title='bbox 3603 898 3686 954; x_wconf 89' lang='lat' dir='ltr'><strong>eis</strong></span> <span class='ocrx_word' id='word_1_165' title='bbox 3728 914 3824 970; x_wconf 86' lang='lat' dir='ltr'><strong>po-</strong></span> 
     </span>
    </p>
   </div>
   <div class='ocr_carea' id='block_1_24' title="bbox 2232 983 3822 1055">
    <p class='ocr_par' dir='ltr' id='par_1_24' title="bbox 2232 983 3822 1055">
     <span class='ocr_line' id='line_1_24' title="bbox 2232 983 3822 1055; baseline 0.007 -22"><span class='ocrx_word' id='word_1_166' title='bbox 2232 987 2480 1035; x_wconf 78' lang='lat' dir='ltr'><strong>testatem</strong></span> <span class='ocrx_word' id='word_1_167' title='bbox 2504 983 2738 1052; x_wconf 87' lang='lat' dir='ltr'><strong>primum</strong></span> <span class='ocrx_word' id='word_1_168' title='bbox 2761 984 3024 1055; x_wconf 86' lang='lat' dir='ltr'><strong>quidquid</strong></span> <span class='ocrx_word' id='word_1_169' title='bbox 3050 983 3297 1041; x_wconf 86' lang='lat' dir='ltr'><strong>diabolus</strong></span> <span class='ocrx_word' id='word_1_170' title='bbox 3322 987 3700 1042; x_wconf 84' lang='lat' dir='ltr'><strong>suoinstinetu</strong></span> <span class='ocrx_word' id='word_1_171' title='bbox 3727 990 3822 1044; x_wconf 86' lang='lat' dir='ltr'><strong>de-</strong></span> 
     </span>
    </p>
   </div>
   <div class='ocr_carea' id='block_1_25' title="bbox 2230 1074 3828 1145">
    <p class='ocr_par' dir='ltr' id='par_1_25' title="bbox 2230 1074 3828 1145">
     <span class='ocr_line' id='line_1_25' title="bbox 2230 1074 3828 1145; baseline 0.006 -19"><span class='ocrx_word' id='word_1_172' title='bbox 2230 1082 2506 1143; x_wconf 86' lang='lat' dir='ltr'><strong>pravarat,</strong></span> <span class='ocrx_word' id='word_1_173' title='bbox 2557 1074 2864 1145; x_wconf 83' lang='lat' dir='ltr'><strong>corrigere;</strong></span> <span class='ocrx_word' id='word_1_174' title='bbox 2933 1076 3129 1133; x_wconf 90' lang='lat' dir='ltr'><strong>deinde</strong></span> <span class='ocrx_word' id='word_1_175' title='bbox 3160 1076 3427 1135; x_wconf 89' lang='lat' dir='ltr'><strong>beneﬁcia</strong></span> <span class='ocrx_word' id='word_1_176' title='bbox 3489 1079 3634 1135; x_wconf 86' lang='lat' dir='ltr'><strong>sicut</strong></span> <span class='ocrx_word' id='word_1_177' title='bbox 3683 1079 3828 1136; x_wconf 82' lang='lat' dir='ltr'><strong>acci-</strong></span> 
     </span>
    </p>
   </div>
   <div class='ocr_carea' id='block_1_26' title="bbox 2233 1168 3829 1245">
    <p class='ocr_par' dir='ltr' id='par_1_26' title="bbox 2233 1168 3829 1245">
     <span class='ocr_line' id='line_1_26' title="bbox 2233 1168 3829 1245; baseline 0.003 -22"><span class='ocrx_word' id='word_1_178' title='bbox 2233 1168 2391 1239; x_wconf 89' lang='lat' dir='ltr'><strong>piunt</strong></span> <span class='ocrx_word' id='word_1_179' title='bbox 2429 1183 2459 1222; x_wconf 87' lang='lat' dir='ltr'><strong>a</strong></span> <span class='ocrx_word' id='word_1_180' title='bbox 2505 1168 2637 1236; x_wconf 89' lang='lat' dir='ltr'><strong>Deo,</strong></span> <span class='ocrx_word' id='word_1_181' title='bbox 2669 1171 2839 1242; x_wconf 88' lang='lat' dir='ltr'><strong>gratis</strong></span> <span class='ocrx_word' id='word_1_182' title='bbox 2872 1170 3024 1239; x_wconf 89' lang='lat' dir='ltr'><strong>dare,</strong></span> <span class='ocrx_word' id='word_1_183' title='bbox 3056 1181 3117 1227; x_wconf 94' lang='lat' dir='ltr'><strong>ut</strong></span> <span class='ocrx_word' id='word_1_184' title='bbox 3159 1173 3203 1228; x_wconf 91' lang='lat' dir='ltr'><strong>si</strong></span> <span class='ocrx_word' id='word_1_185' title='bbox 3234 1174 3484 1229; x_wconf 88' lang='lat' dir='ltr'><strong>omnibus</strong></span> <span class='ocrx_word' id='word_1_186' title='bbox 3512 1174 3829 1245; x_wconf 74' lang='lat' dir='ltr'><strong>przedieatio</strong></span> 
     </span>
    </p>
   </div>
   <div class='ocr_carea' id='block_1_27' title="bbox 2236 1266 3831 1341">
    <p class='ocr_par' dir='ltr' id='par_1_27' title="bbox 2236 1266 3831 1341">
     <span class='ocr_line' id='line_1_27' title="bbox 2236 1266 3831 1341; baseline -0.001 -19"><span class='ocrx_word' id='word_1_187' title='bbox 2236 1266 2409 1323; x_wconf 88' lang='lat' dir='ltr'><strong>sancti</strong></span> <span class='ocrx_word' id='word_1_188' title='bbox 2438 1266 2713 1339; x_wconf 79' lang='lat' dir='ltr'><strong>Evangelii</strong></span> <span class='ocrx_word' id='word_1_189' title='bbox 2742 1268 3000 1340; x_wconf 89' lang='lat' dir='ltr'><strong>gratuita,</strong></span> <span class='ocrx_word' id='word_1_190' title='bbox 3043 1276 3098 1324; x_wconf 90' lang='lat' dir='ltr'><strong>et</strong></span> <span class='ocrx_word' id='word_1_191' title='bbox 3139 1269 3389 1341; x_wconf 79' lang='lat' dir='ltr'><strong>imaginis</strong></span> <span class='ocrx_word' id='word_1_192' title='bbox 3427 1269 3707 1340; x_wconf 83' lang='lat' dir='ltr'><strong>reparatio</strong></span> <span class='ocrx_word' id='word_1_193' title='bbox 3750 1276 3831 1322; x_wconf 88' lang='lat' dir='ltr'><strong>at-</strong></span> 
     </span>
    </p>
   </div>
   <div class='ocr_carea' id='block_1_28' title="bbox 2234 1360 3831 1433">
    <p class='ocr_par' dir='ltr' id='par_1_28' title="bbox 2234 1360 3831 1433">
     <span class='ocr_line' id='line_1_28' title="bbox 2234 1360 3831 1433; baseline 0 -19"><span class='ocrx_word' id='word_1_194' title='bbox 2234 1375 2343 1433; x_wconf 89' lang='lat' dir='ltr'><strong>que</strong></span> <span class='ocrx_word' id='word_1_195' title='bbox 2384 1360 2758 1416; x_wconf 88' lang='lat' dir='ltr'><strong>similitudinis</strong></span> <span class='ocrx_word' id='word_1_196' title='bbox 2801 1361 2998 1432; x_wconf 87' lang='lat' dir='ltr'><strong>plena,</strong></span> <span class='ocrx_word' id='word_1_197' title='bbox 3052 1376 3121 1416; x_wconf 91' lang='lat' dir='ltr'><strong>ne</strong></span> <span class='ocrx_word' id='word_1_198' title='bbox 3164 1373 3255 1415; x_wconf 87' lang='lat' dir='ltr'><strong>aut</strong></span> <span class='ocrx_word' id='word_1_199' title='bbox 3306 1361 3642 1433; x_wconf 83' lang='lat' dir='ltr'><strong>dispensatio</strong></span> <span class='ocrx_word' id='word_1_200' title='bbox 3694 1361 3831 1415; x_wconf 89' lang='lat' dir='ltr'><strong>tanti</strong></span> 
     </span>
    </p>
   </div>
   <div class='ocr_carea' id='block_1_29' title="bbox 2234 1450 3832 1525">
    <p class='ocr_par' dir='ltr' id='par_1_29' title="bbox 2234 1450 3832 1525">
     <span class='ocr_line' id='line_1_29' title="bbox 2234 1450 3832 1525; baseline -0.001 -17"><span class='ocrx_word' id='word_1_201' title='bbox 2234 1452 2479 1525; x_wconf 82' lang='lat' dir='ltr'><strong>mysterii</strong></span> <span class='ocrx_word' id='word_1_202' title='bbox 2510 1460 2913 1522; x_wconf 87' lang='lat' dir='ltr'><strong>corrumpatur,</strong></span> <span class='ocrx_word' id='word_1_203' title='bbox 2941 1460 3037 1506; x_wconf 89' lang='lat' dir='ltr'><strong>aut</strong></span> <span class='ocrx_word' id='word_1_204' title='bbox 3064 1450 3360 1507; x_wconf 87' lang='lat' dir='ltr'><strong>similitudo</strong></span> <span class='ocrx_word' id='word_1_205' title='bbox 3391 1451 3598 1508; x_wconf 83' lang='lat' dir='ltr'><strong>reddita</strong></span> <span class='ocrx_word' id='word_1_206' title='bbox 3631 1452 3688 1506; x_wconf 88' lang='lat' dir='ltr'><strong>in</strong></span> <span class='ocrx_word' id='word_1_207' title='bbox 3716 1467 3832 1507; x_wconf 89' lang='lat' dir='ltr'><strong>mo-</strong></span> 
     </span>
    </p>
   </div>
   <div class='ocr_carea' id='block_1_30' title="bbox 2235 1543 3166 1613">
    <p class='ocr_par' dir='ltr' id='par_1_30' title="bbox 2235 1543 3166 1613">
     <span class='ocr_line' id='line_1_30' title="bbox 2235 1543 3166 1613; baseline -0.004 -11"><span class='ocrx_word' id='word_1_208' title='bbox 2235 1548 2408 1613; x_wconf 89' lang='lat' dir='ltr'><strong>ribus,</strong></span> <span class='ocrx_word' id='word_1_209' title='bbox 2440 1560 2605 1601; x_wconf 87' lang='lat' dir='ltr'><strong>causa</strong></span> <span class='ocrx_word' id='word_1_210' title='bbox 2636 1546 2883 1600; x_wconf 63' lang='lat' dir='ltr'><strong>avaritia:</strong></span> <span class='ocrx_word' id='word_1_211' title='bbox 2911 1543 3166 1599; x_wconf 81' lang='lat' dir='ltr'><strong>violetur.</strong></span> 
     </span>
    </p>
   </div>
   <div class='ocr_carea' id='block_1_31' title="bbox 2308 1636 3835 1710">
    <p class='ocr_par' dir='ltr' id='par_1_31' title="bbox 2308 1636 3835 1710">
     <span class='ocr_line' id='line_1_31' title="bbox 2308 1636 3835 1710; baseline -0.003 -16"><span class='ocrx_word' id='word_1_212' title='bbox 2308 1638 2488 1694; x_wconf 78' lang='lat' dir='ltr'><strong>Nolite</strong></span> <span class='ocrx_word' id='word_1_213' title='bbox 2526 1636 2792 1708; x_wconf 81' lang='lat' dir='ltr'><strong>possidere</strong></span> <span class='ocrx_word' id='word_1_214' title='bbox 2843 1646 3055 1704; x_wconf 79' lang='lat' dir='ltr'><strong>aurum,</strong></span> <span class='ocrx_word' id='word_1_215' title='bbox 3106 1642 3267 1710; x_wconf 82' lang='lat' dir='ltr'><strong>neque</strong></span> <span class='ocrx_word' id='word_1_216' title='bbox 3323 1644 3620 1707; x_wconf 82' lang='lat' dir='ltr'><strong>argentum,</strong></span> <span class='ocrx_word' id='word_1_217' title='bbox 3672 1651 3835 1706; x_wconf 74' lang='lat' dir='ltr'><strong>neque</strong></span> 
     </span>
    </p>
   </div>
   <div class='ocr_carea' id='block_1_32' title="bbox 2236 1720 3836 1801">
    <p class='ocr_par' dir='ltr' id='par_1_32' title="bbox 2236 1720 3836 1801">
     <span class='ocr_line' id='line_1_32' title="bbox 2236 1720 3836 1801; baseline -0.003 -14"><span class='ocrx_word' id='word_1_218' title='bbox 2236 1734 2512 1801; x_wconf 79' lang='lat' dir='ltr'><strong>pecuniam</strong></span> <span class='ocrx_word' id='word_1_219' title='bbox 2561 1733 2615 1786; x_wconf 87' lang='lat' dir='ltr'><strong>in</strong></span> <span class='ocrx_word' id='word_1_220' title='bbox 2664 1730 2811 1785; x_wconf 75' lang='lat' dir='ltr'><strong>zonis</strong></span> <span class='ocrx_word' id='word_1_221' title='bbox 2848 1731 3049 1786; x_wconf 79' lang='lat' dir='ltr'><strong>uestris.</strong></span> <span class='ocrx_word' id='word_1_222' title='bbox 3101 1720 3225 1783; x_wconf 77' lang='lat' dir='ltr'><strong>Non</strong></span> <span class='ocrx_word' id='word_1_223' title='bbox 3255 1742 3434 1800; x_wconf 83' lang='lat' dir='ltr'><strong>peram</strong></span> <span class='ocrx_word' id='word_1_224' title='bbox 3459 1730 3512 1782; x_wconf 89' lang='lat' dir='ltr'><strong>in</strong></span> <span class='ocrx_word' id='word_1_225' title='bbox 3539 1730 3641 1791; x_wconf 77' lang='lat' dir='ltr'><strong>ria.</strong></span> <span class='ocrx_word' id='word_1_226' title='bbox 3674 1744 3836 1796; x_wconf 73' lang='lat' dir='ltr'><strong>neque</strong></span> 
     </span>
    </p>
   </div>
   <div class='ocr_carea' id='block_1_33' title="bbox 540 1805 3839 1892">
    <p class='ocr_par' dir='ltr' id='par_1_33' title="bbox 540 1805 3839 1892">
     <span class='ocr_line' id='line_1_33' title="bbox 540 1805 3839 1892; baseline 0.001 -23"><span class='ocrx_word' id='word_1_227' title='bbox 540 1814 945 1870; x_wconf 87' lang='lat' dir='ltr'><strong>ﬁrmamentum</strong></span> <span class='ocrx_word' id='word_1_228' title='bbox 970 1815 1408 1887; x_wconf 88' lang='lat' dir='ltr'><strong>cognominatur,</strong></span> <span class='ocrx_word' id='word_1_229' title='bbox 1443 1816 1539 1873; x_wconf 81' lang='lat' dir='ltr'><strong>sed</strong></span> <span class='ocrx_word' id='word_1_230' title='bbox 1587 1816 1950 1871; x_wconf 89' lang='lat' dir='ltr'><strong>illustratione</strong></span> <span class='ocrx_word' id='word_1_231' title='bbox 1984 1815 2130 1883; x_wconf 88' lang='lat' dir='ltr'><strong>ﬁdei,</strong></span> <span class='ocrx_word' id='word_1_232' title='bbox 2160 1805 2211 1867; x_wconf 83' lang='grc' dir='ltr'><strong>Β</strong></span> <span class='ocrx_word' id='word_1_233' title='bbox 2237 1824 2372 1877; x_wconf 78' lang='lat' dir='ltr'><strong>duas</strong></span> <span class='ocrx_word' id='word_1_234' title='bbox 2401 1822 2630 1887; x_wconf 80' lang='lat' dir='ltr'><strong>tunicas,</strong></span> <span class='ocrx_word' id='word_1_235' title='bbox 2668 1838 2835 1892; x_wconf 82' lang='lat' dir='ltr'><strong>neque</strong></span> <span class='ocrx_word' id='word_1_236' title='bbox 2862 1819 3237 1884; x_wconf 80' lang='lat' dir='ltr'><strong>calceamenta,</strong></span> <span class='ocrx_word' id='word_1_237' title='bbox 3252 1834 3418 1889; x_wconf 84' lang='lat' dir='ltr'><strong>neque</strong></span> <span class='ocrx_word' id='word_1_238' title='bbox 3446 1819 3669 1889; x_wconf 82' lang='lat' dir='ltr'><strong>virgam.</strong></span> <span class='ocrx_word' id='word_1_239' title='bbox 3713 1817 3839 1873; x_wconf 66' lang='lat' dir='ltr'><strong>Haec</strong></span> 
     </span>
    </p>
   </div>
   <div class='ocr_carea' id='block_1_34' title="bbox 537 1908 2131 1982">
    <p class='ocr_par' dir='ltr' id='par_1_34' title="bbox 537 1908 2131 1982">
     <span class='ocr_line' id='line_1_34' title="bbox 537 1908 2131 1982; baseline -0.001 -17"><span class='ocrx_word' id='word_1_240' title='bbox 537 1926 645 1981; x_wconf 89' lang='lat' dir='ltr'><strong>qua</strong></span> <span class='ocrx_word' id='word_1_241' title='bbox 672 1910 1036 1980; x_wconf 70' lang='lat' dir='ltr'><strong>Deihomines</strong></span> <span class='ocrx_word' id='word_1_242' title='bbox 1057 1909 1382 1966; x_wconf 85' lang='lat' dir='ltr'><strong>etliciuntur.</strong></span> <span class='ocrx_word' id='word_1_243' title='bbox 1402 1908 1677 1967; x_wconf 74' lang='lat' dir='ltr'><strong>Ctelorum</strong></span> <span class='ocrx_word' id='word_1_244' title='bbox 1695 1911 1878 1981; x_wconf 85' lang='lat' dir='ltr'><strong>itaque</strong></span> <span class='ocrx_word' id='word_1_245' title='bbox 1905 1925 2131 1982; x_wconf 89' lang='lat' dir='ltr'><strong>regnum</strong></span> 
     </span>
    </p>
   </div>
   <div class='ocr_carea' id='block_1_35' title="bbox 538 1990 2135 2074">
    <p class='ocr_par' dir='ltr' id='par_1_35' title="bbox 538 1990 2135 2074">
     <span class='ocr_line' id='line_1_35' title="bbox 538 1990 2135 2074; baseline -0.001 -14"><span class='ocrx_word' id='word_1_246' title='bbox 538 2019 647 2060; x_wconf 89' lang='lat' dir='ltr'><strong>non</strong></span> <span class='ocrx_word' id='word_1_247' title='bbox 692 2003 855 2060; x_wconf 88' lang='lat' dir='ltr'><strong>modo</strong></span> <span class='ocrx_word' id='word_1_248' title='bbox 894 1990 1016 2061; x_wconf 81' lang='lat' dir='ltr'><strong>ideo</strong></span> <span class='ocrx_word' id='word_1_249' title='bbox 1047 2004 1249 2060; x_wconf 85' lang='lat' dir='ltr'><strong>dicitur</strong></span> <span class='ocrx_word' id='word_1_250' title='bbox 1296 2019 1539 2074; x_wconf 78' lang='lat' dir='ltr'><strong>praesens</strong></span> <span class='ocrx_word' id='word_1_251' title='bbox 1572 2002 1836 2069; x_wconf 84' lang='lat' dir='ltr'><strong>Ecclesia,</strong></span> <span class='ocrx_word' id='word_1_252' title='bbox 1870 2003 1996 2073; x_wconf 83' lang='lat' dir='ltr'><strong>quia</strong></span> <span class='ocrx_word' id='word_1_253' title='bbox 2040 2018 2135 2074; x_wconf 87' lang='lat' dir='ltr'><strong>spe</strong></span> 
     </span>
    </p>
   </div>
   <div class='ocr_carea' id='block_1_36' title="bbox 534 2090 2135 2170">
    <p class='ocr_par' dir='ltr' id='par_1_36' title="bbox 534 2090 2135 2170">
     <span class='ocr_line' id='line_1_36' title="bbox 534 2090 2135 2170; baseline -0.004 -15"><span class='ocrx_word' id='word_1_254' title='bbox 534 2096 648 2170; x_wconf 74' lang='lat' dir='ltr'><strong>iam</strong></span> <span class='ocrx_word' id='word_1_255' title='bbox 680 2097 735 2152; x_wconf 92' lang='lat' dir='ltr'><strong>in</strong></span> <span class='ocrx_word' id='word_1_256' title='bbox 788 2095 1104 2153; x_wconf 70' lang='lat' dir='ltr'><strong>emlestibus</strong></span> <span class='ocrx_word' id='word_1_257' title='bbox 1153 2104 1380 2167; x_wconf 85' lang='lat' dir='ltr'><strong>regnat;</strong></span> <span class='ocrx_word' id='word_1_258' title='bbox 1411 2094 1505 2151; x_wconf 89' lang='lat' dir='ltr'><strong>sed</strong></span> <span class='ocrx_word' id='word_1_259' title='bbox 1536 2094 1662 2164; x_wconf 87' lang='lat' dir='ltr'><strong>quia</strong></span> <span class='ocrx_word' id='word_1_260' title='bbox 1694 2094 1894 2149; x_wconf 77' lang='lat' dir='ltr'><strong>emtum</strong></span> <span class='ocrx_word' id='word_1_261' title='bbox 1942 2090 2135 2149; x_wconf 75' lang='lat' dir='ltr'><strong>eﬁ‘ecta</strong></span> 
     </span>
    </p>
   </div>
   <div class='ocr_carea' id='block_1_37' title="bbox 541 2183 2135 2259">
    <p class='ocr_par' dir='ltr' id='par_1_37' title="bbox 541 2183 2135 2259">
     <span class='ocr_line' id='line_1_37' title="bbox 541 2183 2135 2259; baseline -0.003 -15"><span class='ocrx_word' id='word_1_262' title='bbox 541 2186 862 2259; x_wconf 85' lang='lat' dir='ltr'><strong>spiritaliter</strong></span> <span class='ocrx_word' id='word_1_263' title='bbox 884 2187 1133 2243; x_wconf 87' lang='lat' dir='ltr'><strong>Christus</strong></span> <span class='ocrx_word' id='word_1_264' title='bbox 1151 2187 1204 2242; x_wconf 89' lang='lat' dir='ltr'><strong>in</strong></span> <span class='ocrx_word' id='word_1_265' title='bbox 1227 2200 1291 2241; x_wconf 88' lang='lat' dir='ltr'><strong>ea</strong></span> <span class='ocrx_word' id='word_1_266' title='bbox 1322 2192 1534 2257; x_wconf 84' lang='lat' dir='ltr'><strong>regnat,</strong></span> <span class='ocrx_word' id='word_1_267' title='bbox 1567 2185 1708 2240; x_wconf 84' lang='lat' dir='ltr'><strong>sicut</strong></span> <span class='ocrx_word' id='word_1_268' title='bbox 1740 2191 1797 2239; x_wconf 86' lang='lat' dir='ltr'><strong>et</strong></span> <span class='ocrx_word' id='word_1_269' title='bbox 1841 2184 1895 2238; x_wconf 94' lang='lat' dir='ltr'><strong>in</strong></span> <span class='ocrx_word' id='word_1_270' title='bbox 1930 2183 2135 2254; x_wconf 81' lang='lat' dir='ltr'><strong>angelis</strong></span> 
     </span>
    </p>
   </div>
   <div class='ocr_carea' id='block_1_38' title="bbox 543 2274 2135 2359">
    <p class='ocr_par' dir='ltr' id='par_1_38' title="bbox 543 2274 2135 2359">
     <span class='ocr_line' id='line_1_38' title="bbox 543 2274 2135 2359; baseline -0.003 -26"><span class='ocrx_word' id='word_1_271' title='bbox 543 2280 633 2352; x_wconf 87' lang='lat' dir='ltr'><strong>qui</strong></span> <span class='ocrx_word' id='word_1_272' title='bbox 668 2278 790 2337; x_wconf 77' lang='lat' dir='ltr'><strong>cudi</strong></span> <span class='ocrx_word' id='word_1_273' title='bbox 824 2279 1043 2337; x_wconf 90' lang='lat' dir='ltr'><strong>nomine</strong></span> <span class='ocrx_word' id='word_1_274' title='bbox 1091 2276 1411 2359; x_wconf 79' lang='lat' dir='ltr'><strong>spiritaliter</strong></span> <span class='ocrx_word' id='word_1_275' title='bbox 1439 2276 1802 2348; x_wconf 79' lang='lat' dir='ltr'><strong>appellantur.</strong></span> <span class='ocrx_word' id='word_1_276' title='bbox 1843 2274 1979 2331; x_wconf 80' lang='lat' dir='ltr'><strong>Nam</strong></span> <span class='ocrx_word' id='word_1_277' title='bbox 2010 2291 2135 2330; x_wconf 88' lang='lat' dir='ltr'><strong>san-</strong></span> 
     </span>
    </p>
   </div>
   <div class='ocr_carea' id='block_1_39' title="bbox 550 2367 2136 2446">
    <p class='ocr_par' dir='ltr' id='par_1_39' title="bbox 550 2367 2136 2446">
     <span class='ocr_line' id='line_1_39' title="bbox 550 2367 2136 2446; baseline -0.005 -16"><span class='ocrx_word' id='word_1_278' title='bbox 550 2383 764 2431; x_wconf 85' lang='lat' dir='ltr'><strong>ctorum</strong></span> <span class='ocrx_word' id='word_1_279' title='bbox 800 2388 1028 2446; x_wconf 78' lang='lat' dir='ltr'><strong>regnum</strong></span> <span class='ocrx_word' id='word_1_280' title='bbox 1053 2372 1303 2431; x_wconf 83' lang='lat' dir='ltr'><strong>Christus</strong></span> <span class='ocrx_word' id='word_1_281' title='bbox 1331 2378 1455 2437; x_wconf 88' lang='lat' dir='ltr'><strong>est;</strong></span> <span class='ocrx_word' id='word_1_282' title='bbox 1488 2370 1661 2425; x_wconf 87' lang='lat' dir='ltr'><strong>sancti</strong></span> <span class='ocrx_word' id='word_1_283' title='bbox 1688 2376 1892 2435; x_wconf 84' lang='lat' dir='ltr'><strong>autem,</strong></span> <span class='ocrx_word' id='word_1_284' title='bbox 1917 2377 1979 2423; x_wconf 91' lang='lat' dir='ltr'><strong>ut</strong></span> <span class='ocrx_word' id='word_1_285' title='bbox 1998 2367 2136 2423; x_wconf 84' lang='lat' dir='ltr'><strong>dixi-</strong></span> 
     </span>
    </p>
   </div>
   <div class='ocr_carea' id='block_1_40' title="bbox 543 2461 2134 2537">
    <p class='ocr_par' dir='ltr' id='par_1_40' title="bbox 543 2461 2134 2537">
     <span class='ocr_line' id='line_1_40' title="bbox 543 2461 2134 2537; baseline -0.005 -14"><span class='ocrx_word' id='word_1_286' title='bbox 543 2483 683 2537; x_wconf 88' lang='lat' dir='ltr'><strong>mus,</strong></span> <span class='ocrx_word' id='word_1_287' title='bbox 714 2467 838 2524; x_wconf 64' lang='lat' dir='ltr'><strong>cotli</strong></span> <span class='ocrx_word' id='word_1_288' title='bbox 866 2476 995 2525; x_wconf 86' lang='lat' dir='ltr'><strong>sunt</strong></span> <span class='ocrx_word' id='word_1_289' title='bbox 1022 2466 1221 2524; x_wconf 85' lang='lat' dir='ltr'><strong>vocati.</strong></span> <span class='ocrx_word' id='word_1_290' title='bbox 1252 2464 1494 2533; x_wconf 85' lang='lat' dir='ltr'><strong>Quorum</strong></span> <span class='ocrx_word' id='word_1_291' title='bbox 1521 2477 1751 2535; x_wconf 88' lang='lat' dir='ltr'><strong>regnum</strong></span> <span class='ocrx_word' id='word_1_292' title='bbox 1773 2461 1912 2516; x_wconf 88' lang='lat' dir='ltr'><strong>bene</strong></span> <span class='ocrx_word' id='word_1_293' title='bbox 1937 2475 2134 2532; x_wconf 76' lang='lat' dir='ltr'><strong>appro-</strong></span> 
     </span>
    </p>
   </div>
   <div class='ocr_carea' id='block_1_41' title="bbox 540 2553 2130 2633">
    <p class='ocr_par' dir='ltr' id='par_1_41' title="bbox 540 2553 2130 2633">
     <span class='ocr_line' id='line_1_41' title="bbox 540 2553 2130 2633; baseline -0.006 -16"><span class='ocrx_word' id='word_1_294' title='bbox 540 2561 837 2633; x_wconf 85' lang='lat' dir='ltr'><strong>pinquasse</strong></span> <span class='ocrx_word' id='word_1_295' title='bbox 877 2560 1097 2626; x_wconf 91' lang='lat' dir='ltr'><strong>dicitur,</strong></span> <span class='ocrx_word' id='word_1_296' title='bbox 1137 2559 1266 2615; x_wconf 91' lang='lat' dir='ltr'><strong>dum</strong></span> <span class='ocrx_word' id='word_1_297' title='bbox 1325 2556 1563 2614; x_wconf 84' lang='lat' dir='ltr'><strong>Verbum</strong></span> <span class='ocrx_word' id='word_1_298' title='bbox 1603 2570 1735 2612; x_wconf 87' lang='lat' dir='ltr'><strong>caro</strong></span> <span class='ocrx_word' id='word_1_299' title='bbox 1770 2553 1974 2609; x_wconf 80' lang='lat' dir='ltr'><strong>factum</strong></span> <span class='ocrx_word' id='word_1_300' title='bbox 2028 2561 2130 2620; x_wconf 85' lang='lat' dir='ltr'><strong>est,</strong></span> 
     </span>
    </p>
   </div>
   <div class='ocr_carea' id='block_1_42' title="bbox 540 2650 2133 2725">
    <p class='ocr_par' dir='ltr' id='par_1_42' title="bbox 540 2650 2133 2725">
     <span class='ocr_line' id='line_1_42' title="bbox 540 2650 2133 2725; baseline -0.002 -15"><span class='ocrx_word' id='word_1_301' title='bbox 540 2662 597 2710; x_wconf 90' lang='lat' dir='ltr'><strong>et</strong></span> <span class='ocrx_word' id='word_1_302' title='bbox 619 2655 887 2711; x_wconf 88' lang='lat' dir='ltr'><strong>habitavit</strong></span> <span class='ocrx_word' id='word_1_303' title='bbox 920 2655 973 2715; x_wconf 91' lang='lat' dir='ltr'><strong>in</strong></span> <span class='ocrx_word' id='word_1_304' title='bbox 999 2656 1175 2713; x_wconf 86' lang='lat' dir='ltr'><strong>nobis.</strong></span> <span class='ocrx_word' id='word_1_305' title='bbox 1203 2654 1317 2711; x_wconf 84' lang='lat' dir='ltr'><strong>Hoc</strong></span> <span class='ocrx_word' id='word_1_306' title='bbox 1339 2655 1541 2725; x_wconf 87' lang='lat' dir='ltr'><strong>quippe</strong></span> <span class='ocrx_word' id='word_1_307' title='bbox 1567 2653 1710 2708; x_wconf 86' lang='lat' dir='ltr'><strong>dono</strong></span> <span class='ocrx_word' id='word_1_308' title='bbox 1738 2651 1987 2707; x_wconf 85' lang='lat' dir='ltr'><strong>homines</strong></span> <span class='ocrx_word' id='word_1_309' title='bbox 2008 2650 2133 2707; x_wconf 75' lang='grc' dir='ltr'><strong>οωιε</strong></span> 
     </span>
    </p>
   </div>
   <div class='ocr_carea' id='block_1_43' title="bbox 540 2745 2131 2819">
    <p class='ocr_par' dir='ltr' id='par_1_43' title="bbox 540 2745 2131 2819">
     <span class='ocr_line' id='line_1_43' title="bbox 540 2745 2131 2819; baseline -0.002 -18"><span class='ocrx_word' id='word_1_310' title='bbox 540 2745 675 2802; x_wconf 76' lang='lat' dir='ltr'><strong>facti</strong></span> <span class='ocrx_word' id='word_1_311' title='bbox 700 2756 848 2815; x_wconf 83' lang='lat' dir='ltr'><strong>sunt,</strong></span> <span class='ocrx_word' id='word_1_312' title='bbox 871 2756 927 2803; x_wconf 85' lang='lat' dir='ltr'><strong>et</strong></span> <span class='ocrx_word' id='word_1_313' title='bbox 951 2749 1065 2818; x_wconf 88' lang='lat' dir='ltr'><strong>ipse</strong></span> <span class='ocrx_word' id='word_1_314' title='bbox 1090 2748 1341 2805; x_wconf 83' lang='lat' dir='ltr'><strong>Christus</strong></span> <span class='ocrx_word' id='word_1_315' title='bbox 1366 2762 1587 2818; x_wconf 87' lang='lat' dir='ltr'><strong>regnum</strong></span> <span class='ocrx_word' id='word_1_316' title='bbox 1614 2760 1826 2811; x_wconf 89' lang='lat' dir='ltr'><strong>eorum,</strong></span> <span class='ocrx_word' id='word_1_317' title='bbox 1859 2753 1920 2799; x_wconf 88' lang='lat' dir='ltr'><strong>ut</strong></span> <span class='ocrx_word' id='word_1_318' title='bbox 1938 2759 2131 2819; x_wconf 72' lang='lat' dir='ltr'><strong>perve-</strong></span> 
     </span>
    </p>
   </div>
   <div class='ocr_carea' id='block_1_44' title="bbox 544 2839 2135 2914">
    <p class='ocr_par' dir='ltr' id='par_1_44' title="bbox 544 2839 2135 2914">
     <span class='ocr_line' id='line_1_44' title="bbox 544 2839 2135 2914; baseline -0.004 -16"><span class='ocrx_word' id='word_1_319' title='bbox 544 2844 698 2898; x_wconf 85' lang='lat' dir='ltr'><strong>niant</strong></span> <span class='ocrx_word' id='word_1_320' title='bbox 718 2852 775 2897; x_wconf 92' lang='lat' dir='ltr'><strong>et</strong></span> <span class='ocrx_word' id='word_1_321' title='bbox 791 2844 846 2898; x_wconf 88' lang='lat' dir='ltr'><strong>hi</strong></span> <span class='ocrx_word' id='word_1_322' title='bbox 876 2844 945 2898; x_wconf 89' lang='lat' dir='ltr'><strong>ad</strong></span> <span class='ocrx_word' id='word_1_323' title='bbox 975 2857 1141 2914; x_wconf 83' lang='lat' dir='ltr'><strong>regna</strong></span> <span class='ocrx_word' id='word_1_324' title='bbox 1166 2842 1452 2897; x_wconf 74' lang='lat' dir='ltr'><strong>etelorum.</strong></span> <span class='ocrx_word' id='word_1_325' title='bbox 1478 2840 1721 2895; x_wconf 83' lang='lat' dir='ltr'><strong>Primum</strong></span> <span class='ocrx_word' id='word_1_326' title='bbox 1748 2840 1877 2908; x_wconf 89' lang='lat' dir='ltr'><strong>quia</strong></span> <span class='ocrx_word' id='word_1_327' title='bbox 1909 2839 2135 2893; x_wconf 90' lang='lat' dir='ltr'><strong>descen-</strong></span> 
     </span>
    </p>
   </div>
   <div class='ocr_carea' id='block_1_45' title="bbox 546 2933 2134 3006">
    <p class='ocr_par' dir='ltr' id='par_1_45' title="bbox 546 2933 2134 3006">
     <span class='ocr_line' id='line_1_45' title="bbox 546 2933 2134 3006; baseline -0.002 -16"><span class='ocrx_word' id='word_1_328' title='bbox 546 2935 625 2990; x_wconf 90' lang='lat' dir='ltr'><strong>dit</strong></span> <span class='ocrx_word' id='word_1_329' title='bbox 651 2936 1121 3006; x_wconf 83' lang='lat' dir='ltr'><strong>appropinquans,</strong></span> <span class='ocrx_word' id='word_1_330' title='bbox 1142 2944 1198 2989; x_wconf 85' lang='lat' dir='ltr'><strong>et</strong></span> <span class='ocrx_word' id='word_1_331' title='bbox 1235 2935 1362 2990; x_wconf 80' lang='lat' dir='ltr'><strong>facti</strong></span> <span class='ocrx_word' id='word_1_332' title='bbox 1392 2948 1582 2989; x_wconf 85' lang='lat' dir='ltr'><strong>sumus</strong></span> <span class='ocrx_word' id='word_1_333' title='bbox 1615 2933 1718 3003; x_wconf 84' lang='lat' dir='ltr'><strong>ipsi</strong></span> <span class='ocrx_word' id='word_1_334' title='bbox 1767 2946 1993 3004; x_wconf 83' lang='lat' dir='ltr'><strong>regnum</strong></span> <span class='ocrx_word' id='word_1_335' title='bbox 2022 2946 2134 2987; x_wconf 73' lang='lat' dir='ltr'><strong>cm-</strong></span> 
     </span>
    </p>
   </div>
   <div class='ocr_carea' id='block_1_46' title="bbox 544 3025 2127 3098">
    <p class='ocr_par' dir='ltr' id='par_1_46' title="bbox 544 3025 2127 3098">
     <span class='ocr_line' id='line_1_46' title="bbox 544 3025 2127 3098; baseline -0.004 -15"><span class='ocrx_word' id='word_1_336' title='bbox 544 3027 742 3084; x_wconf 91' lang='lat' dir='ltr'><strong>lorum.</strong></span> <span class='ocrx_word' id='word_1_337' title='bbox 776 3027 1048 3097; x_wconf 74' lang='lat' dir='ltr'><strong>Inﬁrmus,</strong></span> <span class='ocrx_word' id='word_1_338' title='bbox 1082 3028 1277 3098; x_wconf 90' lang='lat' dir='ltr'><strong>inquit,</strong></span> <span class='ocrx_word' id='word_1_339' title='bbox 1320 3038 1519 3091; x_wconf 80' lang='lat' dir='ltr'><strong>curate,</strong></span> <span class='ocrx_word' id='word_1_340' title='bbox 1573 3036 1806 3080; x_wconf 80' lang='lat' dir='ltr'><strong>mortuos</strong></span> <span class='ocrx_word' id='word_1_341' title='bbox 1861 3025 2127 3089; x_wconf 73' lang='lat' dir='ltr'><strong>sucitate,</strong></span> 
     </span>
    </p>
   </div>
   <div class='ocr_carea' id='block_1_47' title="bbox 543 3116 2128 3191">
    <p class='ocr_par' dir='ltr' id='par_1_47' title="bbox 543 3116 2128 3191">
     <span class='ocr_line' id='line_1_47' title="bbox 543 3116 2128 3191; baseline -0.002 -17"><span class='ocrx_word' id='word_1_342' title='bbox 543 3118 774 3191; x_wconf 74' lang='lat' dir='ltr'><strong>leprosos</strong></span> <span class='ocrx_word' id='word_1_343' title='bbox 804 3118 1075 3185; x_wconf 75' lang='lat' dir='ltr'><strong>mandate,</strong></span> <span class='ocrx_word' id='word_1_344' title='bbox 1098 3119 1361 3174; x_wconf 75' lang='lat' dir='ltr'><strong>dwmones</strong></span> <span class='ocrx_word' id='word_1_345' title='bbox 1387 3118 1578 3189; x_wconf 83' lang='lat' dir='ltr'><strong>ejieite.</strong></span> <span class='ocrx_word' id='word_1_346' title='bbox 1610 3116 1736 3171; x_wconf 66' lang='lat' dir='ltr'><strong>Haec</strong></span> <span class='ocrx_word' id='word_1_347' title='bbox 1761 3117 1942 3171; x_wconf 87' lang='lat' dir='ltr'><strong>omnia</strong></span> <span class='ocrx_word' id='word_1_348' title='bbox 1970 3132 2128 3171; x_wconf 90' lang='lat' dir='ltr'><strong>nam-</strong></span> 
     </span>
    </p>
   </div>
   <div class='ocr_carea' id='block_1_48' title="bbox 550 3212 2128 3286">
    <p class='ocr_par' dir='ltr' id='par_1_48' title="bbox 550 3212 2128 3286">
     <span class='ocr_line' id='line_1_48' title="bbox 550 3212 2128 3286; baseline -0.005 -14"><span class='ocrx_word' id='word_1_349' title='bbox 550 3230 659 3286; x_wconf 87' lang='lat' dir='ltr'><strong>que</strong></span> <span class='ocrx_word' id='word_1_350' title='bbox 678 3216 1001 3286; x_wconf 86' lang='lat' dir='ltr'><strong>deceptione</strong></span> <span class='ocrx_word' id='word_1_351' title='bbox 1029 3213 1227 3271; x_wconf 88' lang='lat' dir='ltr'><strong>diaboli</strong></span> <span class='ocrx_word' id='word_1_352' title='bbox 1254 3214 1548 3285; x_wconf 78' lang='lat' dir='ltr'><strong>contigisse</strong></span> <span class='ocrx_word' id='word_1_353' title='bbox 1596 3212 1728 3267; x_wconf 88' lang='lat' dir='ltr'><strong>nulli</strong></span> <span class='ocrx_word' id='word_1_354' title='bbox 1769 3212 1993 3268; x_wconf 91' lang='lat' dir='ltr'><strong>dubium</strong></span> <span class='ocrx_word' id='word_1_355' title='bbox 2025 3220 2128 3268; x_wconf 87' lang='lat' dir='ltr'><strong>est.</strong></span> 
     </span>
    </p>
   </div>
   <div class='ocr_carea' id='block_1_49' title="bbox 556 3306 2132 3381">
    <p class='ocr_par' dir='ltr' id='par_1_49' title="bbox 556 3306 2132 3381">
     <span class='ocr_line' id='line_1_49' title="bbox 556 3306 2132 3381; baseline -0.004 -14"><span class='ocrx_word' id='word_1_356' title='bbox 556 3311 625 3367; x_wconf 80' lang='lat' dir='ltr'><strong>Et</strong></span> <span class='ocrx_word' id='word_1_357' title='bbox 646 3311 769 3367; x_wconf 84' lang='lat' dir='ltr'><strong>ideo</strong></span> <span class='ocrx_word' id='word_1_358' title='bbox 793 3308 1012 3381; x_wconf 80' lang='lat' dir='ltr'><strong>dignum</strong></span> <span class='ocrx_word' id='word_1_359' title='bbox 1040 3307 1159 3373; x_wconf 79' lang='lat' dir='ltr'><strong>fuit,</strong></span> <span class='ocrx_word' id='word_1_360' title='bbox 1195 3315 1256 3363; x_wconf 90' lang='lat' dir='ltr'><strong>ut</strong></span> <span class='ocrx_word' id='word_1_361' title='bbox 1278 3316 1470 3363; x_wconf 81' lang='lat' dir='ltr'><strong>sanato</strong></span> <span class='ocrx_word' id='word_1_362' title='bbox 1512 3307 1733 3363; x_wconf 86' lang='lat' dir='ltr'><strong>homine</strong></span> <span class='ocrx_word' id='word_1_363' title='bbox 1759 3321 1950 3362; x_wconf 81' lang='lat' dir='ltr'><strong>rursus</strong></span> <span class='ocrx_word' id='word_1_364' title='bbox 1973 3306 2132 3361; x_wconf 84' lang='lat' dir='ltr'><strong>dare-</strong></span> 
     </span>
    </p>
   </div>
   <div class='ocr_carea' id='block_1_50' title="bbox 547 3399 2137 3473">
    <p class='ocr_par' dir='ltr' id='par_1_50' title="bbox 547 3399 2137 3473">
     <span class='ocr_line' id='line_1_50' title="bbox 547 3399 2137 3473; baseline -0.004 -14"><span class='ocrx_word' id='word_1_365' title='bbox 547 3412 638 3459; x_wconf 87' lang='lat' dir='ltr'><strong>tur</strong></span> <span class='ocrx_word' id='word_1_366' title='bbox 665 3402 714 3458; x_wconf 89' lang='lat' dir='ltr'><strong>ei</strong></span> <span class='ocrx_word' id='word_1_367' title='bbox 746 3401 993 3467; x_wconf 79' lang='lat' dir='ltr'><strong>facultas,</strong></span> <span class='ocrx_word' id='word_1_368' title='bbox 1015 3402 1159 3473; x_wconf 90' lang='lat' dir='ltr'><strong>quod</strong></span> <span class='ocrx_word' id='word_1_369' title='bbox 1186 3400 1275 3456; x_wconf 87' lang='lat' dir='ltr'><strong>ille</strong></span> <span class='ocrx_word' id='word_1_370' title='bbox 1286 3399 1558 3457; x_wconf 68' lang='lat' dir='ltr'><strong>inﬂixerat</strong></span> <span class='ocrx_word' id='word_1_371' title='bbox 1573 3399 1696 3456; x_wconf 92' lang='lat' dir='ltr'><strong>dolo</strong></span> <span class='ocrx_word' id='word_1_372' title='bbox 1716 3408 1773 3456; x_wconf 91' lang='lat' dir='ltr'><strong>et</strong></span> <span class='ocrx_word' id='word_1_373' title='bbox 1784 3400 2137 3471; x_wconf 86' lang='lat' dir='ltr'><strong>persuasione</strong></span> 
     </span>
    </p>
   </div>
   <div class='ocr_carea' id='block_1_51' title="bbox 544 3488 2138 3566">
    <p class='ocr_par' dir='ltr' id='par_1_51' title="bbox 544 3488 2138 3566">
     <span class='ocr_line' id='line_1_51' title="bbox 544 3488 2138 3566; baseline -0.006 -14"><span class='ocrx_word' id='word_1_374' title='bbox 544 3494 801 3566; x_wconf 75' lang='lat' dir='ltr'><strong>maligna,</strong></span> <span class='ocrx_word' id='word_1_375' title='bbox 834 3493 938 3549; x_wconf 88' lang='lat' dir='ltr'><strong>hoc</strong></span> <span class='ocrx_word' id='word_1_376' title='bbox 982 3493 1072 3549; x_wconf 84' lang='lat' dir='ltr'><strong>isti</strong></span> <span class='ocrx_word' id='word_1_377' title='bbox 1102 3500 1371 3565; x_wconf 79' lang='lat' dir='ltr'><strong>potestate</strong></span> <span class='ocrx_word' id='word_1_378' title='bbox 1398 3491 1521 3548; x_wconf 87' lang='lat' dir='ltr'><strong>ﬁdei</strong></span> <span class='ocrx_word' id='word_1_379' title='bbox 1550 3499 1824 3556; x_wconf 87' lang='lat' dir='ltr'><strong>curarent,</strong></span> <span class='ocrx_word' id='word_1_380' title='bbox 1852 3498 1907 3545; x_wconf 88' lang='lat' dir='ltr'><strong>et</strong></span> <span class='ocrx_word' id='word_1_381' title='bbox 1954 3488 2138 3560; x_wconf 86' lang='lat' dir='ltr'><strong>expel-</strong></span> 
     </span>
    </p>
   </div>
   <div class='ocr_carea' id='block_1_52' title="bbox 545 3588 2132 3662">
    <p class='ocr_par' dir='ltr' id='par_1_52' title="bbox 545 3588 2132 3662">
     <span class='ocr_line' id='line_1_52' title="bbox 545 3588 2132 3662; baseline -0.005 -14"><span class='ocrx_word' id='word_1_382' title='bbox 545 3589 721 3649; x_wconf 87' lang='lat' dir='ltr'><strong>lerent</strong></span> <span class='ocrx_word' id='word_1_383' title='bbox 753 3590 901 3662; x_wconf 85' lang='lat' dir='ltr'><strong>ipsos</strong></span> <span class='ocrx_word' id='word_1_384' title='bbox 928 3596 1169 3647; x_wconf 83' lang='lat' dir='ltr'><strong>rectores</strong></span> <span class='ocrx_word' id='word_1_385' title='bbox 1201 3590 1386 3645; x_wconf 89' lang='lat' dir='ltr'><strong>mundi</strong></span> <span class='ocrx_word' id='word_1_386' title='bbox 1418 3590 1485 3644; x_wconf 87' lang='lat' dir='ltr'><strong>de</strong></span> <span class='ocrx_word' id='word_1_387' title='bbox 1528 3588 1848 3660; x_wconf 89' lang='lat' dir='ltr'><strong>corporibus</strong></span> <span class='ocrx_word' id='word_1_388' title='bbox 1876 3588 2132 3643; x_wconf 83' lang='lat' dir='ltr'><strong>obsessis.</strong></span> 
     </span>
    </p>
   </div>
   <div class='ocr_carea' id='block_1_53' title="bbox 547 3681 2136 3759">
    <p class='ocr_par' dir='ltr' id='par_1_53' title="bbox 547 3681 2136 3759">
     <span class='ocr_line' id='line_1_53' title="bbox 547 3681 2136 3759; baseline -0.003 -19"><span class='ocrx_word' id='word_1_389' title='bbox 547 3682 737 3759; x_wconf 76' lang='lat' dir='ltr'><strong>Magna</strong></span> <span class='ocrx_word' id='word_1_390' title='bbox 765 3683 985 3756; x_wconf 86' lang='lat' dir='ltr'><strong>quidem</strong></span> <span class='ocrx_word' id='word_1_391' title='bbox 1029 3683 1201 3738; x_wconf 75' lang='lat' dir='ltr'><strong>virtus</strong></span> <span class='ocrx_word' id='word_1_392' title='bbox 1255 3696 1621 3753; x_wconf 87' lang='lat' dir='ltr'><strong>magnumque</strong></span> <span class='ocrx_word' id='word_1_393' title='bbox 1669 3681 1889 3742; x_wconf 88' lang='lat' dir='ltr'><strong>donum,</strong></span> <span class='ocrx_word' id='word_1_394' title='bbox 1941 3694 2136 3751; x_wconf 87' lang='lat' dir='ltr'><strong>magna</strong></span> 
     </span>
    </p>
   </div>
   <div class='ocr_carea' id='block_1_54' title="bbox 549 3764 2136 3847">
    <p class='ocr_par' dir='ltr' id='par_1_54' title="bbox 549 3764 2136 3847">
     <span class='ocr_line' id='line_1_54' title="bbox 549 3764 2136 3847; baseline -0.004 -15"><span class='ocrx_word' id='word_1_395' title='bbox 549 3775 844 3847; x_wconf 79' lang='lat' dir='ltr'><strong>reparatio,</strong></span> <span class='ocrx_word' id='word_1_396' title='bbox 864 3764 1170 3845; x_wconf 74' lang='lat' dir='ltr'><strong>magnaque</strong></span> <span class='ocrx_word' id='word_1_397' title='bbox 1196 3772 1394 3829; x_wconf 81' lang='lat' dir='ltr'><strong>ﬁducia</strong></span> <span class='ocrx_word' id='word_1_398' title='bbox 1419 3772 1601 3843; x_wconf 84' lang='lat' dir='ltr'><strong>lapsis.</strong></span> <span class='ocrx_word' id='word_1_399' title='bbox 1631 3773 1882 3841; x_wconf 84' lang='lat' dir='ltr'><strong>Alioquin</strong></span> <span class='ocrx_word' id='word_1_400' title='bbox 1912 3770 2136 3827; x_wconf 77' lang='lat' dir='ltr'><strong>ﬂorente</strong></span> 
     </span>
    </p>
   </div>
   <div class='ocr_carea' id='block_1_55' title="bbox 547 3862 2136 3934">
    <p class='ocr_par' dir='ltr' id='par_1_55' title="bbox 547 3862 2136 3934">
     <span class='ocr_line' id='line_1_55' title="bbox 547 3862 2136 3934; baseline -0.004 -13"><span class='ocrx_word' id='word_1_401' title='bbox 547 3867 769 3930; x_wconf 84' lang='lat' dir='ltr'><strong>mundo,</strong></span> <span class='ocrx_word' id='word_1_402' title='bbox 796 3873 858 3923; x_wconf 79' lang='lat' dir='ltr'><strong>et</strong></span> <span class='ocrx_word' id='word_1_403' title='bbox 883 3864 978 3923; x_wconf 83' lang='lat' dir='ltr'><strong>diu</strong></span> <span class='ocrx_word' id='word_1_404' title='bbox 1021 3865 1261 3921; x_wconf 79' lang='lat' dir='ltr'><strong>humano</strong></span> <span class='ocrx_word' id='word_1_405' title='bbox 1300 3877 1505 3934; x_wconf 80' lang='lat' dir='ltr'><strong>genere</strong></span> <span class='ocrx_word' id='word_1_406' title='bbox 1535 3863 1592 3918; x_wconf 94' lang='lat' dir='ltr'><strong>in</strong></span> <span class='ocrx_word' id='word_1_407' title='bbox 1639 3863 1921 3933; x_wconf 86' lang='lat' dir='ltr'><strong>perﬁdiam</strong></span> <span class='ocrx_word' id='word_1_408' title='bbox 1956 3862 2136 3933; x_wconf 79' lang='lat' dir='ltr'><strong>prola-</strong></span> 
     </span>
    </p>
   </div>
   <div class='ocr_carea' id='block_1_56' title="bbox 550 3956 2139 4028">
    <p class='ocr_par' dir='ltr' id='par_1_56' title="bbox 550 3956 2139 4028">
     <span class='ocr_line' id='line_1_56' title="bbox 550 3956 2139 4028; baseline -0.003 -15"><span class='ocrx_word' id='word_1_409' title='bbox 550 3958 733 4025; x_wconf 73' lang='lat' dir='ltr'><strong>bertte,</strong></span> <span class='ocrx_word' id='word_1_410' title='bbox 752 3956 978 4028; x_wconf 73' lang='lat' dir='ltr'><strong>jamque</strong></span> <span class='ocrx_word' id='word_1_411' title='bbox 1003 3957 1205 4013; x_wconf 85' lang='lat' dir='ltr'><strong>mundo</strong></span> <span class='ocrx_word' id='word_1_412' title='bbox 1238 3957 1599 4013; x_wconf 87' lang='lat' dir='ltr'><strong>insolescente</strong></span> <span class='ocrx_word' id='word_1_413' title='bbox 1622 3964 1811 4011; x_wconf 90' lang='lat' dir='ltr'><strong>contra</strong></span> <span class='ocrx_word' id='word_1_414' title='bbox 1836 3956 2003 4021; x_wconf 83' lang='lat' dir='ltr'><strong>Deum</strong></span> <span class='ocrx_word' id='word_1_415' title='bbox 2034 3969 2139 4009; x_wconf 82' lang='lat' dir='ltr'><strong>eae-</strong></span> 
     </span>
    </p>
   </div>
   <div class='ocr_carea' id='block_1_57' title="bbox 548 4046 2140 4119">
    <p class='ocr_par' dir='ltr' id='par_1_57' title="bbox 548 4046 2140 4119">
     <span class='ocr_line' id='line_1_57' title="bbox 548 4046 2140 4119; baseline -0.005 -10"><span class='ocrx_word' id='word_1_416' title='bbox 548 4050 732 4109; x_wconf 82' lang='lat' dir='ltr'><strong>citatis</strong></span> <span class='ocrx_word' id='word_1_417' title='bbox 784 4064 897 4107; x_wconf 76' lang='lat' dir='ltr'><strong>sum</strong></span> <span class='ocrx_word' id='word_1_418' title='bbox 940 4049 1269 4119; x_wconf 75' lang='lat' dir='ltr'><strong>ignorantia,</strong></span> <span class='ocrx_word' id='word_1_419' title='bbox 1308 4047 1595 4118; x_wconf 89' lang='lat' dir='ltr'><strong>provoluto</strong></span> <span class='ocrx_word' id='word_1_420' title='bbox 1625 4047 1808 4102; x_wconf 88' lang='lat' dir='ltr'><strong>carnis</strong></span> <span class='ocrx_word' id='word_1_421' title='bbox 1848 4046 2140 4117; x_wconf 86' lang='lat' dir='ltr'><strong>propagine</strong></span> 
     </span>
    </p>
   </div>
   <div class='ocr_carea' id='block_1_58' title="bbox 552 4136 2140 4206">
    <p class='ocr_par' dir='ltr' id='par_1_58' title="bbox 552 4136 2140 4206">
     <span class='ocr_line' id='line_1_58' title="bbox 552 4136 2140 4206; baseline -0.004 -8"><span class='ocrx_word' id='word_1_422' title='bbox 552 4158 662 4200; x_wconf 90' lang='lat' dir='ltr'><strong>non</strong></span> <span class='ocrx_word' id='word_1_423' title='bbox 720 4140 881 4199; x_wconf 88' lang='lat' dir='ltr'><strong>modo</strong></span> <span class='ocrx_word' id='word_1_424' title='bbox 934 4139 1002 4197; x_wconf 82' lang='lat' dir='ltr'><strong>ad</strong></span> <span class='ocrx_word' id='word_1_425' title='bbox 1056 4140 1474 4204; x_wconf 86' lang='lat' dir='ltr'><strong>incrementum,</strong></span> <span class='ocrx_word' id='word_1_426' title='bbox 1523 4153 1710 4192; x_wconf 84' lang='lat' dir='ltr'><strong>verum</strong></span> <span class='ocrx_word' id='word_1_427' title='bbox 1752 4137 1819 4191; x_wconf 84' lang='lat' dir='ltr'><strong>ad</strong></span> <span class='ocrx_word' id='word_1_428' title='bbox 1850 4136 2140 4206; x_wconf 89' lang='lat' dir='ltr'><strong>voluptatis</strong></span> 
     </span>
    </p>
   </div>
   <div class='ocr_carea' id='block_1_59' title="bbox 553 4227 2139 4300">
    <p class='ocr_par' dir='ltr' id='par_1_59' title="bbox 553 4227 2139 4300">
     <span class='ocr_line' id='line_1_59' title="bbox 553 4227 2139 4300; baseline -0.004 -11"><span class='ocrx_word' id='word_1_429' title='bbox 553 4233 816 4289; x_wconf 85' lang='lat' dir='ltr'><strong>malitiam</strong></span> <span class='ocrx_word' id='word_1_430' title='bbox 856 4231 1212 4295; x_wconf 78' lang='lat' dir='ltr'><strong>exuberante,</strong></span> <span class='ocrx_word' id='word_1_431' title='bbox 1243 4229 1368 4300; x_wconf 89' lang='lat' dir='ltr'><strong>quis</strong></span> <span class='ocrx_word' id='word_1_432' title='bbox 1410 4244 1647 4298; x_wconf 90' lang='lat' dir='ltr'><strong>unquam</strong></span> <span class='ocrx_word' id='word_1_433' title='bbox 1689 4227 1920 4283; x_wconf 81' lang='lat' dir='ltr'><strong>visibilis</strong></span> <span class='ocrx_word' id='word_1_434' title='bbox 1949 4227 2139 4284; x_wconf 82' lang='lat' dir='ltr'><strong>invisi-</strong></span> 
     </span>
    </p>
   </div>
   <div class='ocr_carea' id='block_1_60' title="bbox 552 4319 2142 4397">
    <p class='ocr_par' dir='ltr' id='par_1_60' title="bbox 552 4319 2142 4397">
     <span class='ocr_line' id='line_1_60' title="bbox 552 4319 2142 4397; baseline -0.006 -14"><span class='ocrx_word' id='word_1_435' title='bbox 552 4326 679 4383; x_wconf 86' lang='lat' dir='ltr'><strong>bilia</strong></span> <span class='ocrx_word' id='word_1_436' title='bbox 700 4323 1020 4397; x_wconf 79' lang='lat' dir='ltr'><strong>proferret?</strong></span> <span class='ocrx_word' id='word_1_437' title='bbox 1054 4324 1178 4394; x_wconf 86' lang='lat' dir='ltr'><strong>quis</strong></span> <span class='ocrx_word' id='word_1_438' title='bbox 1217 4322 1376 4377; x_wconf 86' lang='lat' dir='ltr'><strong>aliam</strong></span> <span class='ocrx_word' id='word_1_439' title='bbox 1408 4322 1574 4375; x_wconf 83' lang='lat' dir='ltr'><strong>vitam</strong></span> <span class='ocrx_word' id='word_1_440' title='bbox 1608 4321 1890 4376; x_wconf 81' lang='lat' dir='ltr'><strong>crederet?</strong></span> <span class='ocrx_word' id='word_1_441' title='bbox 1929 4319 2051 4390; x_wconf 88' lang='lat' dir='ltr'><strong>quis</strong></span> <span class='ocrx_word' id='word_1_442' title='bbox 2082 4333 2142 4374; x_wconf 89' lang='lat' dir='ltr'><strong>se</strong></span> 
     </span>
    </p>
   </div>
   <div class='ocr_carea' id='block_1_61' title="bbox 554 4413 2141 4487">
    <p class='ocr_par' dir='ltr' id='par_1_61' title="bbox 554 4413 2141 4487">
     <span class='ocr_line' id='line_1_61' title="bbox 554 4413 2141 4487; baseline -0.003 -14"><span class='ocrx_word' id='word_1_443' title='bbox 554 4433 585 4473; x_wconf 90' lang='lat' dir='ltr'><strong>a</strong></span> <span class='ocrx_word' id='word_1_444' title='bbox 624 4419 736 4473; x_wconf 78' lang='lat' dir='ltr'><strong>tam</strong></span> <span class='ocrx_word' id='word_1_445' title='bbox 776 4416 936 4487; x_wconf 87' lang='lat' dir='ltr'><strong>longa</strong></span> <span class='ocrx_word' id='word_1_446' title='bbox 967 4414 1358 4472; x_wconf 85' lang='lat' dir='ltr'><strong>consuetudine</strong></span> <span class='ocrx_word' id='word_1_447' title='bbox 1395 4414 1721 4470; x_wconf 84' lang='lat' dir='ltr'><strong>revocaret?</strong></span> <span class='ocrx_word' id='word_1_448' title='bbox 1760 4413 1884 4484; x_wconf 90' lang='lat' dir='ltr'><strong>quis</strong></span> <span class='ocrx_word' id='word_1_449' title='bbox 1917 4413 1984 4468; x_wconf 90' lang='lat' dir='ltr'><strong>de</strong></span> <span class='ocrx_word' id='word_1_450' title='bbox 2031 4422 2141 4468; x_wconf 86' lang='lat' dir='ltr'><strong>tam</strong></span> 
     </span>
    </p>
   </div>
   <div class='ocr_carea' id='block_1_62' title="bbox 2239 1910 3839 1986">
    <p class='ocr_par' dir='ltr' id='par_1_62' title="bbox 2239 1910 3839 1986">
     <span class='ocr_line' id='line_1_62' title="bbox 2239 1910 3839 1986; baseline -0.004 -16"><span class='ocrx_word' id='word_1_451' title='bbox 2239 1916 2423 1986; x_wconf 89' lang='lat' dir='ltr'><strong>itaque</strong></span> <span class='ocrx_word' id='word_1_452' title='bbox 2450 1922 2718 1985; x_wconf 67' lang='lat' dir='ltr'><strong>praecepta</strong></span> <span class='ocrx_word' id='word_1_453' title='bbox 2749 1928 2854 1968; x_wconf 90' lang='lat' dir='ltr'><strong>non</strong></span> <span class='ocrx_word' id='word_1_454' title='bbox 2877 1911 3052 1968; x_wconf 87' lang='lat' dir='ltr'><strong>solum</strong></span> <span class='ocrx_word' id='word_1_455' title='bbox 3075 1910 3447 1983; x_wconf 86' lang='lat' dir='ltr'><strong>apostolorum</strong></span> <span class='ocrx_word' id='word_1_456' title='bbox 3465 1916 3615 1976; x_wconf 89' lang='lat' dir='ltr'><strong>sunt,</strong></span> <span class='ocrx_word' id='word_1_457' title='bbox 3645 1925 3839 1965; x_wconf 90' lang='lat' dir='ltr'><strong>verum</strong></span> 
     </span>
    </p>
   </div>
   <div class='ocr_carea' id='block_1_63' title="bbox 2234 1992 3839 2076">
    <p class='ocr_par' dir='ltr' id='par_1_63' title="bbox 2234 1992 3839 2076">
     <span class='ocr_line' id='line_1_63' title="bbox 2234 1992 3839 2076; baseline -0.005 -14"><span class='ocrx_word' id='word_1_458' title='bbox 2234 2010 2475 2062; x_wconf 89' lang='lat' dir='ltr'><strong>omnium</strong></span> <span class='ocrx_word' id='word_1_459' title='bbox 2533 2020 2722 2061; x_wconf 89' lang='lat' dir='ltr'><strong>eorum</strong></span> <span class='ocrx_word' id='word_1_460' title='bbox 2760 2002 2957 2076; x_wconf 85' lang='lat' dir='ltr'><strong>quibus</strong></span> <span class='ocrx_word' id='word_1_461' title='bbox 2993 2001 3308 2074; x_wconf 65' lang='lat' dir='ltr'><strong>prmdicatio</strong></span> <span class='ocrx_word' id='word_1_462' title='bbox 3342 2002 3516 2056; x_wconf 89' lang='lat' dir='ltr'><strong>sancti</strong></span> <span class='ocrx_word' id='word_1_463' title='bbox 3553 1992 3839 2069; x_wconf 80' lang='lat' dir='ltr'><strong>Evangelii</strong></span> 
     </span>
    </p>
   </div>
   <div class='ocr_carea' id='block_1_64' title="bbox 2237 2092 3840 2165">
    <p class='ocr_par' dir='ltr' id='par_1_64' title="bbox 2237 2092 3840 2165">
     <span class='ocr_line' id='line_1_64' title="bbox 2237 2092 3840 2165; baseline -0.004 -12"><span class='ocrx_word' id='word_1_464' title='bbox 2237 2096 2443 2153; x_wconf 87' lang='lat' dir='ltr'><strong>credita</strong></span> <span class='ocrx_word' id='word_1_465' title='bbox 2467 2104 2571 2162; x_wconf 89' lang='lat' dir='ltr'><strong>est,</strong></span> <span class='ocrx_word' id='word_1_466' title='bbox 2605 2095 2733 2151; x_wconf 89' lang='lat' dir='ltr'><strong>licet</strong></span> <span class='ocrx_word' id='word_1_467' title='bbox 2762 2092 2991 2150; x_wconf 87' lang='lat' dir='ltr'><strong>amultis</strong></span> <span class='ocrx_word' id='word_1_468' title='bbox 3022 2098 3459 2165; x_wconf 85' lang='lat' dir='ltr'><strong>corrumpantur.</strong></span> <span class='ocrx_word' id='word_1_469' title='bbox 3486 2093 3619 2161; x_wconf 61' lang='lat' dir='ltr'><strong>Quae</strong></span> <span class='ocrx_word' id='word_1_470' title='bbox 3653 2096 3840 2146; x_wconf 86' lang='lat' dir='ltr'><strong>tamen</strong></span> 
     </span>
    </p>
   </div>
   <div class='ocr_carea' id='block_1_65' title="bbox 2236 2183 3843 2258">
    <p class='ocr_par' dir='ltr' id='par_1_65' title="bbox 2236 2183 3843 2258">
     <span class='ocr_line' id='line_1_65' title="bbox 2236 2183 3843 2258; baseline -0.003 -13"><span class='ocrx_word' id='word_1_471' title='bbox 2236 2189 2340 2246; x_wconf 90' lang='lat' dir='ltr'><strong>nisi</strong></span> <span class='ocrx_word' id='word_1_472' title='bbox 2379 2197 2528 2243; x_wconf 90' lang='lat' dir='ltr'><strong>recte</strong></span> <span class='ocrx_word' id='word_1_473' title='bbox 2569 2186 2963 2258; x_wconf 86' lang='lat' dir='ltr'><strong>intelligantur,</strong></span> <span class='ocrx_word' id='word_1_474' title='bbox 2994 2202 3100 2242; x_wconf 91' lang='lat' dir='ltr'><strong>non</strong></span> <span class='ocrx_word' id='word_1_475' title='bbox 3128 2186 3289 2242; x_wconf 91' lang='lat' dir='ltr'><strong>modo</strong></span> <span class='ocrx_word' id='word_1_476' title='bbox 3319 2201 3511 2242; x_wconf 89' lang='lat' dir='ltr'><strong>errare</strong></span> <span class='ocrx_word' id='word_1_477' title='bbox 3543 2183 3843 2258; x_wconf 86' lang='lat' dir='ltr'><strong>impellunt</strong></span> 
     </span>
    </p>
   </div>
   <div class='ocr_carea' id='block_1_66' title="bbox 2244 2278 3843 2356">
    <p class='ocr_par' dir='ltr' id='par_1_66' title="bbox 2244 2278 3843 2356">
     <span class='ocr_line' id='line_1_66' title="bbox 2244 2278 3843 2356; baseline -0.001 -20"><span class='ocrx_word' id='word_1_478' title='bbox 2244 2283 2513 2356; x_wconf 89' lang='lat' dir='ltr'><strong>quoslibet</strong></span> <span class='ocrx_word' id='word_1_479' title='bbox 2548 2283 2816 2348; x_wconf 88' lang='lat' dir='ltr'><strong>incautos,</strong></span> <span class='ocrx_word' id='word_1_480' title='bbox 2848 2296 3036 2337; x_wconf 89' lang='lat' dir='ltr'><strong>verum</strong></span> <span class='ocrx_word' id='word_1_481' title='bbox 3088 2280 3482 2336; x_wconf 89' lang='lat' dir='ltr'><strong>dissonantiam</strong></span> <span class='ocrx_word' id='word_1_482' title='bbox 3529 2278 3678 2335; x_wconf 89' lang='lat' dir='ltr'><strong>inter</strong></span> <span class='ocrx_word' id='word_1_483' title='bbox 3719 2295 3843 2335; x_wconf 84' lang='lat' dir='ltr'><strong>san-</strong></span> 
     </span>
    </p>
   </div>
   <div class='ocr_carea' id='block_1_67' title="bbox 2238 2372 3841 2450">
    <p class='ocr_par' dir='ltr' id='par_1_67' title="bbox 2238 2372 3841 2450">
     <span class='ocr_line' id='line_1_67' title="bbox 2238 2372 3841 2450; baseline -0.004 -17"><span class='ocrx_word' id='word_1_484' title='bbox 2238 2386 2359 2434; x_wconf 87' lang='lat' dir='ltr'><strong>ctos</strong></span> <span class='ocrx_word' id='word_1_485' title='bbox 2402 2377 2763 2450; x_wconf 78' lang='lat' dir='ltr'><strong>evangelistas</strong></span> <span class='ocrx_word' id='word_1_486' title='bbox 2827 2374 3010 2431; x_wconf 84' lang='lat' dir='ltr'><strong>facere</strong></span> <span class='ocrx_word' id='word_1_487' title='bbox 3060 2372 3331 2429; x_wconf 88' lang='lat' dir='ltr'><strong>videntur.</strong></span> <span class='ocrx_word' id='word_1_488' title='bbox 3390 2372 3542 2429; x_wconf 88' lang='lat' dir='ltr'><strong>Unde</strong></span> <span class='ocrx_word' id='word_1_489' title='bbox 3595 2374 3841 2446; x_wconf 82' lang='lat' dir='ltr'><strong>primum</strong></span> 
     </span>
    </p>
   </div>
   <div class='ocr_carea' id='block_1_68' title="bbox 2247 2465 3839 2544">
    <p class='ocr_par' dir='ltr' id='par_1_68' title="bbox 2247 2465 3839 2544">
     <span class='ocr_line' id='line_1_68' title="bbox 2247 2465 3839 2544; baseline -0.006 -16"><span class='ocrx_word' id='word_1_490' title='bbox 2247 2486 2371 2529; x_wconf 89' lang='lat' dir='ltr'><strong>cum</strong></span> <span class='ocrx_word' id='word_1_491' title='bbox 2404 2472 2574 2544; x_wconf 88' lang='lat' dir='ltr'><strong>gratis</strong></span> <span class='ocrx_word' id='word_1_492' title='bbox 2597 2469 2784 2540; x_wconf 87' lang='lat' dir='ltr'><strong>jubeat</strong></span> <span class='ocrx_word' id='word_1_493' title='bbox 2814 2470 2964 2535; x_wconf 89' lang='lat' dir='ltr'><strong>dare,</strong></span> <span class='ocrx_word' id='word_1_494' title='bbox 3003 2465 3272 2539; x_wconf 84' lang='lat' dir='ltr'><strong>superﬂua</strong></span> <span class='ocrx_word' id='word_1_495' title='bbox 3311 2467 3527 2522; x_wconf 89' lang='lat' dir='ltr'><strong>videtur</strong></span> <span class='ocrx_word' id='word_1_496' title='bbox 3562 2466 3686 2521; x_wconf 91' lang='lat' dir='ltr'><strong>auri</strong></span> <span class='ocrx_word' id='word_1_497' title='bbox 3743 2481 3839 2520; x_wconf 79' lang='lat' dir='ltr'><strong>ar-</strong></span> 
     </span>
    </p>
   </div>
   <div class='ocr_carea' id='block_1_69' title="bbox 2246 2558 3840 2636">
    <p class='ocr_par' dir='ltr' id='par_1_69' title="bbox 2246 2558 3840 2636">
     <span class='ocr_line' id='line_1_69' title="bbox 2246 2558 3840 2636; baseline -0.004 -16"><span class='ocrx_word' id='word_1_498' title='bbox 2246 2565 2499 2636; x_wconf 87' lang='lat' dir='ltr'><strong>gentique</strong></span> <span class='ocrx_word' id='word_1_499' title='bbox 2528 2571 2583 2619; x_wconf 91' lang='lat' dir='ltr'><strong>et</strong></span> <span class='ocrx_word' id='word_1_500' title='bbox 2604 2561 2957 2635; x_wconf 89' lang='lat' dir='ltr'><strong>pecuniarum</strong></span> <span class='ocrx_word' id='word_1_501' title='bbox 2996 2559 3324 2617; x_wconf 91' lang='lat' dir='ltr'><strong>interdictio.</strong></span> <span class='ocrx_word' id='word_1_502' title='bbox 3358 2558 3674 2616; x_wconf 67' lang='lat' dir='ltr'><strong>Praesertim</strong></span> <span class='ocrx_word' id='word_1_503' title='bbox 3707 2574 3840 2614; x_wconf 90' lang='lat' dir='ltr'><strong>eum</strong></span> 
     </span>
    </p>
   </div>
   <div class='ocr_carea' id='block_1_70' title="bbox 2236 2648 3841 2711">
    <p class='ocr_par' dir='ltr' id='par_1_70' title="bbox 2236 2648 3841 2711">
     <span class='ocr_line' id='line_1_70' title="bbox 2236 2648 3841 2711; baseline -0.004 0"><span class='ocrx_word' id='word_1_504' title='bbox 2236 2663 2293 2711; x_wconf 88' lang='lat' dir='ltr'><strong>et</strong></span> <span class='ocrx_word' id='word_1_505' title='bbox 2316 2654 2482 2711; x_wconf 75' lang='lat' dir='ltr'><strong>ludas</strong></span> <span class='ocrx_word' id='word_1_506' title='bbox 2505 2670 2572 2711; x_wconf 87' lang='lat' dir='ltr'><strong>ex</strong></span> <span class='ocrx_word' id='word_1_507' title='bbox 2595 2654 2887 2711; x_wconf 81' lang='lat' dir='ltr'><strong>commissa</strong></span> <span class='ocrx_word' id='word_1_508' title='bbox 2928 2648 3147 2708; x_wconf 89' lang='lat' dir='ltr'><strong>Domini</strong></span> <span class='ocrx_word' id='word_1_509' title='bbox 3191 2650 3395 2708; x_wconf 88' lang='lat' dir='ltr'><strong>loculos</strong></span> <span class='ocrx_word' id='word_1_510' title='bbox 3425 2650 3691 2707; x_wconf 85' lang='lat' dir='ltr'><strong>habuerit</strong></span> <span class='ocrx_word' id='word_1_511' title='bbox 3736 2667 3841 2706; x_wconf 88' lang='lat' dir='ltr'><strong>un-</strong></span> 
     </span>
    </p>
   </div>
   <div class='ocr_carea' id='block_1_71' title="bbox 2240 2740 3841 2821">
    <p class='ocr_par' dir='ltr' id='par_1_71' title="bbox 2240 2740 3841 2821">
     <span class='ocr_line' id='line_1_71' title="bbox 2240 2740 3841 2821; baseline -0.004 -14"><span class='ocrx_word' id='word_1_512' title='bbox 2240 2751 2313 2807; x_wconf 90' lang='lat' dir='ltr'><strong>de</strong></span> <span class='ocrx_word' id='word_1_513' title='bbox 2347 2751 2448 2809; x_wconf 86' lang='lat' dir='ltr'><strong>sibi</strong></span> <span class='ocrx_word' id='word_1_514' title='bbox 2473 2756 2717 2806; x_wconf 88' lang='lat' dir='ltr'><strong>emerent</strong></span> <span class='ocrx_word' id='word_1_515' title='bbox 2739 2765 2860 2821; x_wconf 69' lang='lat' dir='ltr'><strong>qua:</strong></span> <span class='ocrx_word' id='word_1_516' title='bbox 2897 2747 3202 2804; x_wconf 81' lang='lat' dir='ltr'><strong>necessaria</strong></span> <span class='ocrx_word' id='word_1_517' title='bbox 3230 2746 3574 2802; x_wconf 82' lang='lat' dir='ltr'><strong>videbantur.</strong></span> <span class='ocrx_word' id='word_1_518' title='bbox 3601 2740 3675 2801; x_wconf 82' lang='lat' dir='ltr'><strong>Et</strong></span> <span class='ocrx_word' id='word_1_519' title='bbox 3704 2744 3841 2801; x_wconf 83' lang='lat' dir='ltr'><strong>alibi</strong></span> 
     </span>
    </p>
   </div>
   <div class='ocr_carea' id='block_1_72' title="bbox 2243 2840 3844 2917">
    <p class='ocr_par' dir='ltr' id='par_1_72' title="bbox 2243 2840 3844 2917">
     <span class='ocr_line' id='line_1_72' title="bbox 2243 2840 3844 2917; baseline -0.002 -16"><span class='ocrx_word' id='word_1_520' title='bbox 2243 2845 2490 2917; x_wconf 90' lang='lat' dir='ltr'><strong>discipuli</strong></span> <span class='ocrx_word' id='word_1_521' title='bbox 2543 2846 2722 2901; x_wconf 89' lang='lat' dir='ltr'><strong>ierunt</strong></span> <span class='ocrx_word' id='word_1_522' title='bbox 2754 2844 2809 2900; x_wconf 90' lang='lat' dir='ltr'><strong>in</strong></span> <span class='ocrx_word' id='word_1_523' title='bbox 2848 2845 3126 2901; x_wconf 87' lang='lat' dir='ltr'><strong>civitatem</strong></span> <span class='ocrx_word' id='word_1_524' title='bbox 3169 2857 3352 2899; x_wconf 89' lang='lat' dir='ltr'><strong>emere</strong></span> <span class='ocrx_word' id='word_1_525' title='bbox 3390 2842 3494 2898; x_wconf 88' lang='lat' dir='ltr'><strong>sibi</strong></span> <span class='ocrx_word' id='word_1_526' title='bbox 3516 2856 3695 2897; x_wconf 88' lang='lat' dir='ltr'><strong>escas.</strong></span> <span class='ocrx_word' id='word_1_527' title='bbox 3720 2840 3844 2911; x_wconf 90' lang='lat' dir='ltr'><strong>Quo</strong></span> 
     </span>
    </p>
   </div>
   <div class='ocr_carea' id='block_1_73' title="bbox 2237 2931 3842 3009">
    <p class='ocr_par' dir='ltr' id='par_1_73' title="bbox 2237 2931 3842 3009">
     <span class='ocr_line' id='line_1_73' title="bbox 2237 2931 3842 3009; baseline -0.002 -15"><span class='ocrx_word' id='word_1_528' title='bbox 2237 2937 2479 3009; x_wconf 82' lang='lat' dir='ltr'><strong>profecto</strong></span> <span class='ocrx_word' id='word_1_529' title='bbox 2507 2946 2659 3007; x_wconf 91' lang='lat' dir='ltr'><strong>patet</strong></span> <span class='ocrx_word' id='word_1_530' title='bbox 2680 2936 2967 3007; x_wconf 86' lang='lat' dir='ltr'><strong>Dominum</strong></span> <span class='ocrx_word' id='word_1_531' title='bbox 2989 2934 3305 2992; x_wconf 88' lang='lat' dir='ltr'><strong>necessaria</strong></span> <span class='ocrx_word' id='word_1_532' title='bbox 3327 2949 3434 2990; x_wconf 92' lang='lat' dir='ltr'><strong>non</strong></span> <span class='ocrx_word' id='word_1_533' title='bbox 3460 2931 3842 3002; x_wconf 84' lang='lat' dir='ltr'><strong>interdixisse,</strong></span> 
     </span>
    </p>
   </div>
   <div class='ocr_carea' id='block_1_74' title="bbox 2238 3025 3840 3101">
    <p class='ocr_par' dir='ltr' id='par_1_74' title="bbox 2238 3025 3840 3101">
     <span class='ocr_line' id='line_1_74' title="bbox 2238 3025 3840 3101; baseline -0.004 -14"><span class='ocrx_word' id='word_1_534' title='bbox 2238 3030 2331 3087; x_wconf 90' lang='lat' dir='ltr'><strong>sed</strong></span> <span class='ocrx_word' id='word_1_535' title='bbox 2372 3029 2641 3101; x_wconf 83' lang='lat' dir='ltr'><strong>superﬂuo</strong></span> <span class='ocrx_word' id='word_1_536' title='bbox 2671 3042 2967 3087; x_wconf 88' lang='lat' dir='ltr'><strong>reseeasse.</strong></span> <span class='ocrx_word' id='word_1_537' title='bbox 2999 3027 3137 3085; x_wconf 83' lang='lat' dir='ltr'><strong>Hine</strong></span> <span class='ocrx_word' id='word_1_538' title='bbox 3161 3041 3377 3099; x_wconf 89' lang='lat' dir='ltr'><strong>quoque</strong></span> <span class='ocrx_word' id='word_1_539' title='bbox 3405 3025 3691 3099; x_wconf 89' lang='lat' dir='ltr'><strong>signanter</strong></span> <span class='ocrx_word' id='word_1_540' title='bbox 3719 3026 3840 3082; x_wconf 88' lang='lat' dir='ltr'><strong>ait:</strong></span> 
     </span>
    </p>
   </div>
   <div class='ocr_carea' id='block_1_75' title="bbox 2244 3119 3840 3192">
    <p class='ocr_par' dir='ltr' id='par_1_75' title="bbox 2244 3119 3840 3192">
     <span class='ocr_line' id='line_1_75' title="bbox 2244 3119 3840 3192; baseline -0.001 -16"><span class='ocrx_word' id='word_1_541' title='bbox 2244 3119 2420 3176; x_wconf 78' lang='lat' dir='ltr'><strong>Nolite</strong></span> <span class='ocrx_word' id='word_1_542' title='bbox 2446 3120 2711 3191; x_wconf 81' lang='lat' dir='ltr'><strong>possidere</strong></span> <span class='ocrx_word' id='word_1_543' title='bbox 2742 3135 2934 3175; x_wconf 86' lang='lat' dir='ltr'><strong>aurum</strong></span> <span class='ocrx_word' id='word_1_544' title='bbox 2959 3136 3121 3192; x_wconf 80' lang='lat' dir='ltr'><strong>neque</strong></span> <span class='ocrx_word' id='word_1_545' title='bbox 3143 3126 3439 3191; x_wconf 86' lang='lat' dir='ltr'><strong>argentum,</strong></span> <span class='ocrx_word' id='word_1_546' title='bbox 3482 3133 3649 3189; x_wconf 73' lang='lat' dir='ltr'><strong>neque</strong></span> <span class='ocrx_word' id='word_1_547' title='bbox 3672 3135 3840 3190; x_wconf 67' lang='lat' dir='ltr'><strong>pecu-</strong></span> 
     </span>
    </p>
   </div>
   <div class='ocr_carea' id='block_1_76' title="bbox 2242 3210 3844 3278">
    <p class='ocr_par' dir='ltr' id='par_1_76' title="bbox 2242 3210 3844 3278">
     <span class='ocr_line' id='line_1_76' title="bbox 2242 3210 3844 3278; baseline -0.001 -11"><span class='ocrx_word' id='word_1_548' title='bbox 2242 3213 2407 3267; x_wconf 87' lang='lat' dir='ltr'><strong>niam.</strong></span> <span class='ocrx_word' id='word_1_549' title='bbox 2440 3210 2709 3278; x_wconf 84' lang='lat' dir='ltr'><strong>Quoniam</strong></span> <span class='ocrx_word' id='word_1_550' title='bbox 2744 3210 2890 3267; x_wconf 91' lang='lat' dir='ltr'><strong>aliud</strong></span> <span class='ocrx_word' id='word_1_551' title='bbox 2915 3221 2999 3268; x_wconf 92' lang='lat' dir='ltr'><strong>est</strong></span> <span class='ocrx_word' id='word_1_552' title='bbox 3042 3211 3350 3268; x_wconf 89' lang='lat' dir='ltr'><strong>necessaria</strong></span> <span class='ocrx_word' id='word_1_553' title='bbox 3379 3210 3559 3266; x_wconf 88' lang='lat' dir='ltr'><strong>victus</strong></span> <span class='ocrx_word' id='word_1_554' title='bbox 3582 3218 3641 3265; x_wconf 90' lang='lat' dir='ltr'><strong>et</strong></span> <span class='ocrx_word' id='word_1_555' title='bbox 3668 3210 3844 3266; x_wconf 83' lang='lat' dir='ltr'><strong>vesti-</strong></span> 
     </span>
    </p>
   </div>
   <div class='ocr_carea' id='block_1_77' title="bbox 2243 3300 3847 3377">
    <p class='ocr_par' dir='ltr' id='par_1_77' title="bbox 2243 3300 3847 3377">
     <span class='ocr_line' id='line_1_77' title="bbox 2243 3300 3847 3377; baseline -0.002 -14"><span class='ocrx_word' id='word_1_556' title='bbox 2243 3308 2410 3364; x_wconf 91' lang='lat' dir='ltr'><strong>menti</strong></span> <span class='ocrx_word' id='word_1_557' title='bbox 2450 3307 2516 3362; x_wconf 88' lang='lat' dir='ltr'><strong>ad</strong></span> <span class='ocrx_word' id='word_1_558' title='bbox 2547 3309 2737 3364; x_wconf 88' lang='lat' dir='ltr'><strong>horam</strong></span> <span class='ocrx_word' id='word_1_559' title='bbox 2762 3306 2985 3370; x_wconf 89' lang='lat' dir='ltr'><strong>habere,</strong></span> <span class='ocrx_word' id='word_1_560' title='bbox 3014 3304 3154 3362; x_wconf 89' lang='lat' dir='ltr'><strong>aliud</strong></span> <span class='ocrx_word' id='word_1_561' title='bbox 3186 3321 3341 3372; x_wconf 89' lang='lat' dir='ltr'><strong>vero,</strong></span> <span class='ocrx_word' id='word_1_562' title='bbox 3372 3305 3529 3377; x_wconf 90' lang='lat' dir='ltr'><strong>longa</strong></span> <span class='ocrx_word' id='word_1_563' title='bbox 3576 3300 3847 3360; x_wconf 86' lang='lat' dir='ltr'><strong>sollicitu-</strong></span> 
     </span>
    </p>
   </div>
   <div class='ocr_carea' id='block_1_78' title="bbox 2240 3396 3842 3473">
    <p class='ocr_par' dir='ltr' id='par_1_78' title="bbox 2240 3396 3842 3473">
     <span class='ocr_line' id='line_1_78' title="bbox 2240 3396 3842 3473; baseline -0.002 -18"><span class='ocrx_word' id='word_1_564' title='bbox 2240 3401 2365 3456; x_wconf 90' lang='lat' dir='ltr'><strong>dine</strong></span> <span class='ocrx_word' id='word_1_565' title='bbox 2404 3401 2653 3473; x_wconf 69' lang='lat' dir='ltr'><strong>quzesita,</strong></span> <span class='ocrx_word' id='word_1_566' title='bbox 2705 3400 2888 3455; x_wconf 89' lang='lat' dir='ltr'><strong>timide</strong></span> <span class='ocrx_word' id='word_1_567' title='bbox 2940 3407 3034 3454; x_wconf 91' lang='lat' dir='ltr'><strong>aut</strong></span> <span class='ocrx_word' id='word_1_568' title='bbox 3067 3398 3260 3471; x_wconf 84' lang='lat' dir='ltr'><strong>cupide</strong></span> <span class='ocrx_word' id='word_1_569' title='bbox 3282 3398 3581 3469; x_wconf 81' lang='lat' dir='ltr'><strong>possidere.</strong></span> <span class='ocrx_word' id='word_1_570' title='bbox 3600 3396 3842 3454; x_wconf 76' lang='lat' dir='ltr'><strong>Verum-</strong></span> 
     </span>
    </p>
   </div>
   <div class='ocr_carea' id='block_1_79' title="bbox 2241 3494 3849 3565">
    <p class='ocr_par' dir='ltr' id='par_1_79' title="bbox 2241 3494 3849 3565">
     <span class='ocr_line' id='line_1_79' title="bbox 2241 3494 3849 3565; baseline -0.001 -15"><span class='ocrx_word' id='word_1_571' title='bbox 2241 3498 2444 3565; x_wconf 74' lang='lat' dir='ltr'><strong>tamen,</strong></span> <span class='ocrx_word' id='word_1_572' title='bbox 2472 3505 2533 3553; x_wconf 89' lang='lat' dir='ltr'><strong>ut</strong></span> <span class='ocrx_word' id='word_1_573' title='bbox 2557 3496 2813 3560; x_wconf 89' lang='lat' dir='ltr'><strong>arbitror,</strong></span> <span class='ocrx_word' id='word_1_574' title='bbox 2839 3511 2943 3551; x_wconf 91' lang='lat' dir='ltr'><strong>non</strong></span> <span class='ocrx_word' id='word_1_575' title='bbox 2976 3494 3273 3551; x_wconf 86' lang='lat' dir='ltr'><strong>invidiosus</strong></span> <span class='ocrx_word' id='word_1_576' title='bbox 3314 3495 3624 3561; x_wconf 85' lang='lat' dir='ltr'><strong>thesaurus,</strong></span> <span class='ocrx_word' id='word_1_577' title='bbox 3662 3509 3849 3565; x_wconf 82' lang='lat' dir='ltr'><strong>neque</strong></span> 
     </span>
    </p>
   </div>
   <div class='ocr_carea' id='block_1_80' title="bbox 2239 3586 3846 3663">
    <p class='ocr_par' dir='ltr' id='par_1_80' title="bbox 2239 3586 3846 3663">
     <span class='ocr_line' id='line_1_80' title="bbox 2239 3586 3846 3663; baseline -0.002 -16"><span class='ocrx_word' id='word_1_578' title='bbox 2239 3603 2625 3663; x_wconf 88' lang='lat' dir='ltr'><strong>sumptuosus,</strong></span> <span class='ocrx_word' id='word_1_579' title='bbox 2696 3589 2817 3644; x_wconf 88' lang='lat' dir='ltr'><strong>auri</strong></span> <span class='ocrx_word' id='word_1_580' title='bbox 2874 3589 3217 3661; x_wconf 89' lang='lat' dir='ltr'><strong>argentique,</strong></span> <span class='ocrx_word' id='word_1_581' title='bbox 3293 3597 3347 3645; x_wconf 90' lang='lat' dir='ltr'><strong>et</strong></span> <span class='ocrx_word' id='word_1_582' title='bbox 3375 3588 3500 3644; x_wconf 83' lang='lat' dir='ltr'><strong>aeris</strong></span> <span class='ocrx_word' id='word_1_583' title='bbox 3563 3587 3617 3643; x_wconf 89' lang='lat' dir='ltr'><strong>in</strong></span> <span class='ocrx_word' id='word_1_584' title='bbox 3685 3586 3846 3643; x_wconf 83' lang='lat' dir='ltr'><strong>zonis</strong></span> 
     </span>
    </p>
   </div>
   <div class='ocr_carea' id='block_1_81' title="bbox 2242 3672 3851 3751">
    <p class='ocr_par' dir='ltr' id='par_1_81' title="bbox 2242 3672 3851 3751">
     <span class='ocr_line' id='line_1_81' title="bbox 2242 3672 3851 3751; baseline -0.001 -15"><span class='ocrx_word' id='word_1_585' title='bbox 2242 3680 2452 3736; x_wconf 85' lang='lat' dir='ltr'><strong>tantum</strong></span> <span class='ocrx_word' id='word_1_586' title='bbox 2505 3679 2692 3736; x_wconf 85' lang='lat' dir='ltr'><strong>haberi</strong></span> <span class='ocrx_word' id='word_1_587' title='bbox 2723 3720 2738 3746; x_wconf 93' lang='lat'><strong>,</strong></span> <span class='ocrx_word' id='word_1_588' title='bbox 2791 3678 2886 3734; x_wconf 86' lang='lat' dir='ltr'><strong>sed</strong></span> <span class='ocrx_word' id='word_1_589' title='bbox 2934 3678 3093 3733; x_wconf 88' lang='lat' dir='ltr'><strong>docet</strong></span> <span class='ocrx_word' id='word_1_590' title='bbox 3136 3672 3279 3750; x_wconf 90' lang='lat' dir='ltr'><strong>quod</strong></span> <span class='ocrx_word' id='word_1_591' title='bbox 3330 3677 3750 3751; x_wconf 54' lang='lat' dir='ltr'><strong>praedicatorum</strong></span> <span class='ocrx_word' id='word_1_592' title='bbox 3786 3678 3851 3734; x_wconf 88' lang='lat' dir='ltr'><strong>in</strong></span> 
     </span>
    </p>
   </div>
   <div class='ocr_carea' id='block_1_82' title="bbox 2244 3766 3844 3844">
    <p class='ocr_par' dir='ltr' id='par_1_82' title="bbox 2244 3766 3844 3844">
     <span class='ocr_line' id='line_1_82' title="bbox 2244 3766 3844 3844; baseline -0.003 -13"><span class='ocrx_word' id='word_1_593' title='bbox 2244 3766 2473 3831; x_wconf 84' lang='lat' dir='ltr'><strong>Domino</strong></span> <span class='ocrx_word' id='word_1_594' title='bbox 2551 3781 2704 3829; x_wconf 88' lang='lat' dir='ltr'><strong>tanta</strong></span> <span class='ocrx_word' id='word_1_595' title='bbox 2760 3771 2955 3828; x_wconf 82' lang='lat' dir='ltr'><strong>debeat</strong></span> <span class='ocrx_word' id='word_1_596' title='bbox 3024 3770 3139 3826; x_wconf 78' lang='lat' dir='ltr'><strong>fore</strong></span> <span class='ocrx_word' id='word_1_597' title='bbox 3214 3769 3411 3827; x_wconf 88' lang='lat' dir='ltr'><strong>ﬁducia</strong></span> <span class='ocrx_word' id='word_1_598' title='bbox 3455 3813 3469 3837; x_wconf 91' lang='lat'><strong>,</strong></span> <span class='ocrx_word' id='word_1_599' title='bbox 3537 3780 3599 3827; x_wconf 91' lang='lat' dir='ltr'><strong>ut</strong></span> <span class='ocrx_word' id='word_1_600' title='bbox 3666 3786 3844 3844; x_wconf 72' lang='lat' dir='ltr'><strong>prae--</strong></span> 
     </span>
    </p>
   </div>
   <div class='ocr_carea' id='block_1_83' title="bbox 2243 3861 3846 3933">
    <p class='ocr_par' dir='ltr' id='par_1_83' title="bbox 2243 3861 3846 3933">
     <span class='ocr_line' id='line_1_83' title="bbox 2243 3861 3846 3933; baseline -0.001 -12"><span class='ocrx_word' id='word_1_601' title='bbox 2243 3865 2414 3921; x_wconf 90' lang='lat' dir='ltr'><strong>sentis</strong></span> <span class='ocrx_word' id='word_1_602' title='bbox 2441 3863 2565 3919; x_wconf 73' lang='lat' dir='ltr'><strong>vita:</strong></span> <span class='ocrx_word' id='word_1_603' title='bbox 2608 3870 2881 3933; x_wconf 91' lang='lat' dir='ltr'><strong>sumptus,</strong></span> <span class='ocrx_word' id='word_1_604' title='bbox 2912 3863 3163 3932; x_wconf 87' lang='lat' dir='ltr'><strong>quamvis</strong></span> <span class='ocrx_word' id='word_1_605' title='bbox 3203 3877 3306 3917; x_wconf 92' lang='lat' dir='ltr'><strong>non</strong></span> <span class='ocrx_word' id='word_1_606' title='bbox 3354 3861 3691 3931; x_wconf 77' lang='lat' dir='ltr'><strong>praevideant</strong></span> <span class='ocrx_word' id='word_1_607' title='bbox 3738 3863 3846 3920; x_wconf 88' lang='lat' dir='ltr'><strong>hos</strong></span> 
     </span>
    </p>
   </div>
   <div class='ocr_carea' id='block_1_84' title="bbox 2243 3944 3846 4024">
    <p class='ocr_par' dir='ltr' id='par_1_84' title="bbox 2243 3944 3846 4024">
     <span class='ocr_line' id='line_1_84' title="bbox 2243 3944 3846 4024; baseline -0.002 -12"><span class='ocrx_word' id='word_1_608' title='bbox 2243 3956 2345 4012; x_wconf 89' lang='lat' dir='ltr'><strong>sibi</strong></span> <span class='ocrx_word' id='word_1_609' title='bbox 2367 3955 2558 4011; x_wconf 91' lang='lat' dir='ltr'><strong>deesse</strong></span> <span class='ocrx_word' id='word_1_610' title='bbox 2585 3954 2807 4009; x_wconf 90' lang='lat' dir='ltr'><strong>omnino</strong></span> <span class='ocrx_word' id='word_1_611' title='bbox 2828 3969 2935 4009; x_wconf 92' lang='lat' dir='ltr'><strong>non</strong></span> <span class='ocrx_word' id='word_1_612' title='bbox 2966 3949 3187 4009; x_wconf 84' lang='lat' dir='ltr'><strong>diﬁidat.</strong></span> <span class='ocrx_word' id='word_1_613' title='bbox 3219 3952 3425 4008; x_wconf 83' lang='lat' dir='ltr'><strong>Idcirco</strong></span> <span class='ocrx_word' id='word_1_614' title='bbox 3452 3953 3586 4008; x_wconf 87' lang='lat' dir='ltr'><strong>satis</strong></span> <span class='ocrx_word' id='word_1_615' title='bbox 3609 3944 3846 4024; x_wconf 78' lang='lat' dir='ltr'><strong>provide</strong></span> 
     </span>
    </p>
   </div>
   <div class='ocr_carea' id='block_1_85' title="bbox 2242 4043 3837 4120">
    <p class='ocr_par' dir='ltr' id='par_1_85' title="bbox 2242 4043 3837 4120">
     <span class='ocr_line' id='line_1_85' title="bbox 2242 4043 3837 4120; baseline -0.001 -19"><span class='ocrx_word' id='word_1_616' title='bbox 2242 4043 2409 4120; x_wconf 62' lang='grc'><strong>485</strong></span> <span class='ocrx_word' id='word_1_617' title='bbox 2446 4044 2662 4100; x_wconf 87' lang='lat' dir='ltr'><strong>divitias</strong></span> <span class='ocrx_word' id='word_1_618' title='bbox 2699 4044 3007 4111; x_wconf 86' lang='lat' dir='ltr'><strong>detruncat,</strong></span> <span class='ocrx_word' id='word_1_619' title='bbox 3063 4045 3154 4114; x_wconf 90' lang='lat' dir='ltr'><strong>qui</strong></span> <span class='ocrx_word' id='word_1_620' title='bbox 3217 4043 3608 4115; x_wconf 89' lang='lat' dir='ltr'><strong>propemodum</strong></span> <span class='ocrx_word' id='word_1_621' title='bbox 3662 4045 3837 4100; x_wconf 87' lang='lat' dir='ltr'><strong>etiam</strong></span> 
     </span>
    </p>
   </div>
   <div class='ocr_carea' id='block_1_86' title="bbox 2246 4135 3845 4208">
    <p class='ocr_par' dir='ltr' id='par_1_86' title="bbox 2246 4135 3845 4208">
     <span class='ocr_line' id='line_1_86' title="bbox 2246 4135 3845 4208; baseline -0.001 -15"><span class='ocrx_word' id='word_1_622' title='bbox 2246 4136 2557 4193; x_wconf 86' lang='lat' dir='ltr'><strong>necessaria</strong></span> <span class='ocrx_word' id='word_1_623' title='bbox 2585 4138 2869 4207; x_wconf 65' lang='lat' dir='ltr'><strong>praesentis</strong></span> <span class='ocrx_word' id='word_1_624' title='bbox 2906 4137 3028 4192; x_wconf 84' lang='lat' dir='ltr'><strong>vitae</strong></span> <span class='ocrx_word' id='word_1_625' title='bbox 3062 4144 3342 4208; x_wconf 89' lang='lat' dir='ltr'><strong>amputare</strong></span> <span class='ocrx_word' id='word_1_626' title='bbox 3370 4135 3613 4201; x_wconf 83' lang='lat' dir='ltr'><strong>festinat,</strong></span> <span class='ocrx_word' id='word_1_627' title='bbox 3666 4147 3727 4191; x_wconf 89' lang='lat' dir='ltr'><strong>ut</strong></span> <span class='ocrx_word' id='word_1_628' title='bbox 3762 4137 3845 4193; x_wconf 90' lang='lat' dir='ltr'><strong>ibi</strong></span> 
     </span>
    </p>
   </div>
   <div class='ocr_carea' id='block_1_87' title="bbox 2246 4226 3849 4300">
    <p class='ocr_par' dir='ltr' id='par_1_87' title="bbox 2246 4226 3849 4300">
     <span class='ocr_line' id='line_1_87' title="bbox 2246 4226 3849 4300; baseline -0.001 -14"><span class='ocrx_word' id='word_1_629' title='bbox 2246 4231 2316 4286; x_wconf 82' lang='lat' dir='ltr'><strong>sit</strong></span> <span class='ocrx_word' id='word_1_630' title='bbox 2344 4244 2441 4285; x_wconf 91' lang='lat' dir='ltr'><strong>eor</strong></span> <span class='ocrx_word' id='word_1_631' title='bbox 2467 4237 2711 4285; x_wconf 90' lang='lat' dir='ltr'><strong>nostrum</strong></span> <span class='ocrx_word' id='word_1_632' title='bbox 2760 4244 2870 4300; x_wconf 91' lang='lat' dir='ltr'><strong>quo</strong></span> <span class='ocrx_word' id='word_1_633' title='bbox 2901 4228 3188 4283; x_wconf 87' lang='lat' dir='ltr'><strong>thesaurus</strong></span> <span class='ocrx_word' id='word_1_634' title='bbox 3215 4243 3335 4283; x_wconf 87' lang='lat' dir='ltr'><strong>esse</strong></span> <span class='ocrx_word' id='word_1_635' title='bbox 3364 4226 3644 4300; x_wconf 90' lang='lat' dir='ltr'><strong>probatur.</strong></span> <span class='ocrx_word' id='word_1_636' title='bbox 3672 4228 3742 4283; x_wconf 85' lang='lat' dir='ltr'><strong>Et</strong></span> <span class='ocrx_word' id='word_1_637' title='bbox 3770 4244 3849 4284; x_wconf 84' lang='lat' dir='ltr'><strong>ne</strong></span> 
     </span>
    </p>
   </div>
   <div class='ocr_carea' id='block_1_88' title="bbox 2245 4319 3855 4393">
    <p class='ocr_par' dir='ltr' id='par_1_88' title="bbox 2245 4319 3855 4393">
     <span class='ocr_line' id='line_1_88' title="bbox 2245 4319 3855 4393; baseline -0.001 -16"><span class='ocrx_word' id='word_1_638' title='bbox 2245 4321 2385 4379; x_wconf 82' lang='lat' dir='ltr'><strong>forte</strong></span> <span class='ocrx_word' id='word_1_639' title='bbox 2412 4321 2728 4377; x_wconf 82' lang='lat' dir='ltr'><strong>viderentur</strong></span> <span class='ocrx_word' id='word_1_640' title='bbox 2753 4319 2982 4391; x_wconf 88' lang='lat' dir='ltr'><strong>apostoli</strong></span> <span class='ocrx_word' id='word_1_641' title='bbox 3010 4319 3181 4391; x_wconf 90' lang='lat' dir='ltr'><strong>magis</strong></span> <span class='ocrx_word' id='word_1_642' title='bbox 3208 4319 3343 4376; x_wconf 90' lang='lat' dir='ltr'><strong>lucri</strong></span> <span class='ocrx_word' id='word_1_643' title='bbox 3373 4320 3546 4393; x_wconf 87' lang='lat' dir='ltr'><strong>gratia</strong></span> <span class='ocrx_word' id='word_1_644' title='bbox 3578 4319 3855 4391; x_wconf 66' lang='lat' dir='ltr'><strong>praedica-</strong></span> 
     </span>
    </p>
   </div>
   <div class='ocr_carea' id='block_1_89' title="bbox 2246 4410 3854 4487">
    <p class='ocr_par' dir='ltr' id='par_1_89' title="bbox 2246 4410 3854 4487">
     <span class='ocr_line' id='line_1_89' title="bbox 2246 4410 3854 4487; baseline -0.001 -15"><span class='ocrx_word' id='word_1_645' title='bbox 2246 4432 2326 4483; x_wconf 86' lang='lat' dir='ltr'><strong>re,</strong></span> <span class='ocrx_word' id='word_1_646' title='bbox 2377 4431 2539 4487; x_wconf 90' lang='lat' dir='ltr'><strong>quam</strong></span> <span class='ocrx_word' id='word_1_647' title='bbox 2598 4414 2791 4470; x_wconf 89' lang='lat' dir='ltr'><strong>salutis</strong></span> <span class='ocrx_word' id='word_1_648' title='bbox 2836 4414 3109 4481; x_wconf 82' lang='lat' dir='ltr'><strong>humanae,</strong></span> <span class='ocrx_word' id='word_1_649' title='bbox 3169 4414 3349 4469; x_wconf 90' lang='lat' dir='ltr'><strong>omnia</strong></span> <span class='ocrx_word' id='word_1_650' title='bbox 3391 4410 3664 4469; x_wconf 87' lang='lat' dir='ltr'><strong>subtrahit</strong></span> <span class='ocrx_word' id='word_1_651' title='bbox 3721 4429 3854 4484; x_wconf 72' lang='lat' dir='ltr'><strong>quae</strong></span> 
     </span>
    </p>
   </div>
   <div class='ocr_carea' id='block_1_90' title="bbox 549 4504 3854 4602">
    <p class='ocr_par' dir='ltr' id='par_1_90' title="bbox 549 4504 3854 4602">
     <span class='ocr_line' id='line_1_90' title="bbox 549 4504 3854 4602; baseline -0.001 -39"><span class='ocrx_word' id='word_1_652' title='bbox 549 4508 657 4565; x_wconf 83' lang='lat' dir='ltr'><strong>luta</strong></span> <span class='ocrx_word' id='word_1_653' title='bbox 680 4511 788 4574; x_wconf 86' lang='lat' dir='ltr'><strong>via,</strong></span> <span class='ocrx_word' id='word_1_654' title='bbox 821 4522 984 4579; x_wconf 82' lang='lat' dir='ltr'><strong>quam</strong></span> <span class='ocrx_word' id='word_1_655' title='bbox 1028 4521 1219 4563; x_wconf 87' lang='lat' dir='ltr'><strong>omnes</strong></span> <span class='ocrx_word' id='word_1_656' title='bbox 1267 4506 1730 4577; x_wconf 87' lang='lat' dir='ltr'><strong>ingrediebantur,</strong></span> <span class='ocrx_word' id='word_1_657' title='bbox 1778 4507 1846 4561; x_wconf 90' lang='lat' dir='ltr'><strong>ad</strong></span> <span class='ocrx_word' id='word_1_658' title='bbox 1886 4515 1997 4561; x_wconf 86' lang='lat' dir='ltr'><strong>tam</strong></span> <span class='ocrx_word' id='word_1_659' title='bbox 2046 4520 2138 4560; x_wconf 87' lang='lat' dir='ltr'><strong>ar-</strong></span> <span class='ocrx_word' id='word_1_660' title='bbox 2167 4514 2466 4602; x_wconf 55' lang='lat' dir='ltr'><strong>I’possent</strong></span> <span class='ocrx_word' id='word_1_661' title='bbox 2532 4520 2657 4561; x_wconf 88' lang='lat' dir='ltr'><strong>esse</strong></span> <span class='ocrx_word' id='word_1_662' title='bbox 2717 4504 2979 4570; x_wconf 89' lang='lat' dir='ltr'><strong>scandali,</strong></span> <span class='ocrx_word' id='word_1_663' title='bbox 3023 4513 3078 4561; x_wconf 92' lang='lat' dir='ltr'><strong>et</strong></span> <span class='ocrx_word' id='word_1_664' title='bbox 3121 4505 3429 4561; x_wconf 86' lang='lat' dir='ltr'><strong>necessaria</strong></span> <span class='ocrx_word' id='word_1_665' title='bbox 3469 4505 3722 4561; x_wconf 86' lang='lat' dir='ltr'><strong>concedit</strong></span> <span class='ocrx_word' id='word_1_666' title='bbox 3773 4520 3854 4561; x_wconf 83' lang='lat' dir='ltr'><strong>ex</strong></span> 
     </span>
    </p>
   </div>
   <div class='ocr_carea' id='block_1_91' title="bbox 552 4597 2138 4671">
    <p class='ocr_par' dir='ltr' id='par_1_91' title="bbox 552 4597 2138 4671">
     <span class='ocr_line' id='line_1_91' title="bbox 552 4597 2138 4671; baseline -0.003 -15"><span class='ocrx_word' id='word_1_667' title='bbox 552 4608 698 4656; x_wconf 90' lang='lat' dir='ltr'><strong>ctam</strong></span> <span class='ocrx_word' id='word_1_668' title='bbox 724 4609 782 4655; x_wconf 92' lang='lat' dir='ltr'><strong>et</strong></span> <span class='ocrx_word' id='word_1_669' title='bbox 813 4608 921 4657; x_wconf 84' lang='lat' dir='ltr'><strong>tam</strong></span> <span class='ocrx_word' id='word_1_670' title='bbox 951 4606 1234 4670; x_wconf 86' lang='lat' dir='ltr'><strong>angustam</strong></span> <span class='ocrx_word' id='word_1_671' title='bbox 1281 4611 1342 4654; x_wconf 81' lang='lat' dir='ltr'><strong>se</strong></span> <span class='ocrx_word' id='word_1_672' title='bbox 1372 4598 1817 4671; x_wconf 80' lang='lat' dir='ltr'><strong>constringeret?</strong></span> <span class='ocrx_word' id='word_1_673' title='bbox 1857 4597 1962 4655; x_wconf 88' lang='lat' dir='ltr'><strong>nisi</strong></span> <span class='ocrx_word' id='word_1_674' title='bbox 2019 4612 2138 4651; x_wconf 78' lang='lat' dir='ltr'><strong>ma-</strong></span> 
     </span>
    </p>
   </div>
   <div class='ocr_carea' id='block_1_92' title="bbox 552 4689 2138 4765">
    <p class='ocr_par' dir='ltr' id='par_1_92' title="bbox 552 4689 2138 4765">
     <span class='ocr_line' id='line_1_92' title="bbox 552 4689 2138 4765; baseline -0.003 -17"><span class='ocrx_word' id='word_1_675' title='bbox 552 4693 675 4765; x_wconf 86' lang='lat' dir='ltr'><strong>guis</strong></span> <span class='ocrx_word' id='word_1_676' title='bbox 716 4693 783 4747; x_wconf 91' lang='lat' dir='ltr'><strong>ad</strong></span> <span class='ocrx_word' id='word_1_677' title='bbox 818 4690 977 4747; x_wconf 84' lang='lat' dir='ltr'><strong>ﬁdem</strong></span> <span class='ocrx_word' id='word_1_678' title='bbox 1015 4699 1324 4747; x_wconf 83' lang='lat' dir='ltr'><strong>moveretur</strong></span> <span class='ocrx_word' id='word_1_679' title='bbox 1351 4689 1650 4755; x_wconf 87' lang='lat' dir='ltr'><strong>miraculis,</strong></span> <span class='ocrx_word' id='word_1_680' title='bbox 1701 4697 1759 4744; x_wconf 91' lang='lat' dir='ltr'><strong>ut</strong></span> <span class='ocrx_word' id='word_1_681' title='bbox 1793 4691 1863 4745; x_wconf 89' lang='lat' dir='ltr'><strong>de</strong></span> <span class='ocrx_word' id='word_1_682' title='bbox 1905 4689 1990 4744; x_wconf 87' lang='lat' dir='ltr'><strong>his</strong></span> <span class='ocrx_word' id='word_1_683' title='bbox 2019 4704 2138 4758; x_wconf 61' lang='lat' dir='ltr'><strong>qua</strong></span> 
     </span>
    </p>
   </div>
   <div class='ocr_carea' id='block_1_93' title="bbox 553 4783 2139 4853">
    <p class='ocr_par' dir='ltr' id='par_1_93' title="bbox 553 4783 2139 4853">
     <span class='ocr_line' id='line_1_93' title="bbox 553 4783 2139 4853; baseline -0.002 -12"><span class='ocrx_word' id='word_1_684' title='bbox 553 4784 844 4847; x_wconf 78' lang='lat' dir='ltr'><strong>visibiliter</strong></span> <span class='ocrx_word' id='word_1_685' title='bbox 894 4783 1117 4850; x_wconf 72' lang='lat' dir='ltr'><strong>ﬁebant,</strong></span> <span class='ocrx_word' id='word_1_686' title='bbox 1174 4783 1464 4841; x_wconf 82' lang='lat' dir='ltr'><strong>invisibilia</strong></span> <span class='ocrx_word' id='word_1_687' title='bbox 1506 4784 1670 4849; x_wconf 87' lang='lat' dir='ltr'><strong>intus,</strong></span> <span class='ocrx_word' id='word_1_688' title='bbox 1708 4798 1830 4853; x_wconf 66' lang='lat' dir='ltr'><strong>quae</strong></span> <span class='ocrx_word' id='word_1_689' title='bbox 1872 4783 2139 4853; x_wconf 70' lang='lat' dir='ltr'><strong>praedica-</strong></span> 
     </span>
    </p>
   </div>
   <div class='ocr_carea' id='block_1_94' title="bbox 555 4875 2140 4948">
    <p class='ocr_par' dir='ltr' id='par_1_94' title="bbox 555 4875 2140 4948">
     <span class='ocr_line' id='line_1_94' title="bbox 555 4875 2140 4948; baseline -0.003 -11"><span class='ocrx_word' id='word_1_690' title='bbox 555 4880 776 4944; x_wconf 82' lang='lat' dir='ltr'><strong>bantur,</strong></span> <span class='ocrx_word' id='word_1_691' title='bbox 808 4877 912 4937; x_wconf 88' lang='lat' dir='ltr'><strong>ﬁde</strong></span> <span class='ocrx_word' id='word_1_692' title='bbox 937 4876 1387 4948; x_wconf 89' lang='lat' dir='ltr'><strong>apprehenderet.</strong></span> <span class='ocrx_word' id='word_1_693' title='bbox 1420 4875 1499 4930; x_wconf 80' lang='lat' dir='ltr'><strong>Ad</strong></span> <span class='ocrx_word' id='word_1_694' title='bbox 1531 4876 1634 4931; x_wconf 91' lang='lat' dir='ltr'><strong>hoc</strong></span> <span class='ocrx_word' id='word_1_695' title='bbox 1665 4875 1861 4946; x_wconf 87' lang='lat' dir='ltr'><strong>quippe</strong></span> <span class='ocrx_word' id='word_1_696' title='bbox 1886 4890 2140 4932; x_wconf 83' lang='lat' dir='ltr'><strong>consessa</strong></span> 
     </span>
    </p>
   </div>
   <div class='ocr_carea' id='block_1_95' title="bbox 552 4966 2132 5041">
    <p class='ocr_par' dir='ltr' id='par_1_95' title="bbox 552 4966 2132 5041">
     <span class='ocr_line' id='line_1_95' title="bbox 552 4966 2132 5041; baseline -0.003 -14"><span class='ocrx_word' id='word_1_697' title='bbox 552 4980 681 5027; x_wconf 89' lang='lat' dir='ltr'><strong>sunt</strong></span> <span class='ocrx_word' id='word_1_698' title='bbox 704 4971 830 5035; x_wconf 84' lang='lat' dir='ltr'><strong>ista,</strong></span> <span class='ocrx_word' id='word_1_699' title='bbox 865 4985 970 5025; x_wconf 92' lang='lat' dir='ltr'><strong>non</strong></span> <span class='ocrx_word' id='word_1_700' title='bbox 1014 4967 1261 5033; x_wconf 85' lang='lat' dir='ltr'><strong>larvalia,</strong></span> <span class='ocrx_word' id='word_1_701' title='bbox 1300 4967 1441 5023; x_wconf 88' lang='lat' dir='ltr'><strong>sicut</strong></span> <span class='ocrx_word' id='word_1_702' title='bbox 1483 4966 1710 5036; x_wconf 87' lang='lat' dir='ltr'><strong>perﬁdia</strong></span> <span class='ocrx_word' id='word_1_703' title='bbox 1742 4968 1942 5024; x_wconf 83' lang='lat' dir='ltr'><strong>asserit</strong></span> <span class='ocrx_word' id='word_1_704' title='bbox 1970 4984 2132 5041; x_wconf 85' lang='lat' dir='ltr'><strong>paga-</strong></span> 
     </span>
    </p>
   </div>
   <div class='ocr_carea' id='block_1_96' title="bbox 553 5057 2143 5133">
    <p class='ocr_par' dir='ltr' id='par_1_96' title="bbox 553 5057 2143 5133">
     <span class='ocr_line' id='line_1_96' title="bbox 553 5057 2143 5133; baseline -0.001 -16"><span class='ocrx_word' id='word_1_705' title='bbox 553 5075 771 5128; x_wconf 88' lang='lat' dir='ltr'><strong>norum,</strong></span> <span class='ocrx_word' id='word_1_706' title='bbox 835 5057 1005 5133; x_wconf 64' lang='lat' dir='ltr'><strong><em>m</em></strong></span> <span class='ocrx_word' id='word_1_707' title='bbox 1053 5059 1147 5115; x_wconf 86' lang='lat' dir='ltr'><strong>sed</strong></span> <span class='ocrx_word' id='word_1_708' title='bbox 1202 5058 1391 5114; x_wconf 76' lang='lat' dir='ltr'><strong>deities</strong></span> <span class='ocrx_word' id='word_1_709' title='bbox 1431 5066 1487 5114; x_wconf 91' lang='lat' dir='ltr'><strong>et</strong></span> <span class='ocrx_word' id='word_1_710' title='bbox 1518 5058 1687 5116; x_wconf 89' lang='lat' dir='ltr'><strong>solius</strong></span> <span class='ocrx_word' id='word_1_711' title='bbox 1734 5060 1853 5130; x_wconf 87' lang='lat' dir='ltr'><strong>ejus</strong></span> <span class='ocrx_word' id='word_1_712' title='bbox 1888 5062 2143 5131; x_wconf 60' lang='lat' dir='ltr'><strong>potentias</strong></span> 
     </span>
    </p>
   </div>
   <div class='ocr_carea' id='block_1_97' title="bbox 558 5150 2142 5222">
    <p class='ocr_par' dir='ltr' id='par_1_97' title="bbox 558 5150 2142 5222">
     <span class='ocr_line' id='line_1_97' title="bbox 558 5150 2142 5222; baseline -0.003 -12"><span class='ocrx_word' id='word_1_713' title='bbox 558 5152 913 5222; x_wconf 86' lang='lat' dir='ltr'><strong>congruentia</strong></span> <span class='ocrx_word' id='word_1_714' title='bbox 943 5150 1510 5208; x_wconf 85' lang='lat' dir='ltr'><strong>virtutummiracula</strong></span> <span class='ocrx_word' id='word_1_715' title='bbox 1546 5170 1558 5207; x_wconf 91' lang='lat'><strong>:</strong></span> <span class='ocrx_word' id='word_1_716' title='bbox 1603 5163 1663 5206; x_wconf 93' lang='lat' dir='ltr'><strong>ut</strong></span> <span class='ocrx_word' id='word_1_717' title='bbox 1707 5152 1953 5208; x_wconf 87' lang='lat' dir='ltr'><strong>beneﬁcii</strong></span> <span class='ocrx_word' id='word_1_718' title='bbox 2007 5152 2142 5205; x_wconf 83' lang='lat' dir='ltr'><strong>invi-</strong></span> 
     </span>
    </p>
   </div>
   <div class='ocr_carea' id='block_1_98' title="bbox 557 5242 2144 5314">
    <p class='ocr_par' dir='ltr' id='par_1_98' title="bbox 557 5242 2144 5314">
     <span class='ocr_line' id='line_1_98' title="bbox 557 5242 2144 5314; baseline -0.001 -13"><span class='ocrx_word' id='word_1_719' title='bbox 557 5244 656 5302; x_wconf 86' lang='lat' dir='ltr'><strong>tati</strong></span> <span class='ocrx_word' id='word_1_720' title='bbox 698 5242 901 5314; x_wconf 82' lang='lat' dir='ltr'><strong>majora</strong></span> <span class='ocrx_word' id='word_1_721' title='bbox 952 5242 1304 5300; x_wconf 87' lang='lat' dir='ltr'><strong>invisibilium</strong></span> <span class='ocrx_word' id='word_1_722' title='bbox 1355 5244 1639 5300; x_wconf 86' lang='lat' dir='ltr'><strong>crederent</strong></span> <span class='ocrx_word' id='word_1_723' title='bbox 1673 5245 1881 5307; x_wconf 89' lang='lat' dir='ltr'><strong>auditu,</strong></span> <span class='ocrx_word' id='word_1_724' title='bbox 1917 5243 2144 5300; x_wconf 82' lang='lat' dir='ltr'><strong>visibili-</strong></span> 
     </span>
    </p>
   </div>
   <div class='ocr_carea' id='block_1_99' title="bbox 558 5336 2145 5409">
    <p class='ocr_par' dir='ltr' id='par_1_99' title="bbox 558 5336 2145 5409">
     <span class='ocr_line' id='line_1_99' title="bbox 558 5336 2145 5409; baseline -0.003 -13"><span class='ocrx_word' id='word_1_725' title='bbox 558 5337 662 5396; x_wconf 81' lang='lat' dir='ltr'><strong>hus</strong></span> <span class='ocrx_word' id='word_1_726' title='bbox 686 5337 916 5409; x_wconf 87' lang='lat' dir='ltr'><strong>permoti</strong></span> <span class='ocrx_word' id='word_1_727' title='bbox 944 5336 1242 5407; x_wconf 78' lang='lat' dir='ltr'><strong>potentiam</strong></span> <span class='ocrx_word' id='word_1_728' title='bbox 1268 5336 1636 5408; x_wconf 85' lang='lat' dir='ltr'><strong>intelligerent</strong></span> <span class='ocrx_word' id='word_1_729' title='bbox 1653 5337 1882 5393; x_wconf 85' lang='lat' dir='ltr'><strong>Deitatis</strong></span> <span class='ocrx_word' id='word_1_730' title='bbox 1904 5350 1970 5392; x_wconf 78' lang='lat' dir='ltr'><strong>ex</strong></span> <span class='ocrx_word' id='word_1_731' title='bbox 2002 5338 2145 5392; x_wconf 87' lang='lat' dir='ltr'><strong>rela-</strong></span> 
     </span>
    </p>
   </div>
   <div class='ocr_carea' id='block_1_100' title="bbox 557 5429 2144 5501">
    <p class='ocr_par' dir='ltr' id='par_1_100' title="bbox 557 5429 2144 5501">
     <span class='ocr_line' id='line_1_100' title="bbox 557 5429 2144 5501; baseline 0 -16"><span class='ocrx_word' id='word_1_732' title='bbox 557 5438 653 5496; x_wconf 92' lang='lat' dir='ltr'><strong>tu,</strong></span> <span class='ocrx_word' id='word_1_733' title='bbox 688 5430 934 5489; x_wconf 76' lang='lat' dir='ltr'><strong>fraudem</strong></span> <span class='ocrx_word' id='word_1_734' title='bbox 978 5444 1195 5501; x_wconf 88' lang='lat' dir='ltr'><strong>quoque</strong></span> <span class='ocrx_word' id='word_1_735' title='bbox 1238 5429 1438 5486; x_wconf 89' lang='lat' dir='ltr'><strong>diaboli</strong></span> <span class='ocrx_word' id='word_1_736' title='bbox 1468 5432 1764 5501; x_wconf 86' lang='lat' dir='ltr'><strong>gauderent</strong></span> <span class='ocrx_word' id='word_1_737' title='bbox 1803 5431 2032 5485; x_wconf 88' lang='lat' dir='ltr'><strong>evadere</strong></span> <span class='ocrx_word' id='word_1_738' title='bbox 2058 5445 2144 5486; x_wconf 87' lang='lat' dir='ltr'><strong>sa-</strong></span> 
     </span>
    </p>
   </div>
   <div class='ocr_carea' id='block_1_101' title="bbox 559 5520 2145 5592">
    <p class='ocr_par' dir='ltr' id='par_1_101' title="bbox 559 5520 2145 5592">
     <span class='ocr_line' id='line_1_101' title="bbox 559 5520 2145 5592; baseline 0.001 -17"><span class='ocrx_word' id='word_1_739' title='bbox 559 5520 746 5576; x_wconf 86' lang='lat' dir='ltr'><strong>nitatis</strong></span> <span class='ocrx_word' id='word_1_740' title='bbox 791 5537 858 5578; x_wconf 84' lang='lat' dir='ltr'><strong>ex</strong></span> <span class='ocrx_word' id='word_1_741' title='bbox 904 5530 1194 5592; x_wconf 80' lang='lat' dir='ltr'><strong>proventu.</strong></span> <span class='ocrx_word' id='word_1_742' title='bbox 1226 5522 1363 5578; x_wconf 87' lang='lat' dir='ltr'><strong>Hine</strong></span> <span class='ocrx_word' id='word_1_743' title='bbox 1399 5521 1557 5592; x_wconf 86' lang='lat' dir='ltr'><strong>plane</strong></span> <span class='ocrx_word' id='word_1_744' title='bbox 1596 5520 1925 5590; x_wconf 83' lang='lat' dir='ltr'><strong>Apostolus:</strong></span> <span class='ocrx_word' id='word_1_745' title='bbox 1961 5520 2145 5591; x_wconf 78' lang='lat' dir='ltr'><strong>Signa,</strong></span> 
     </span>
    </p>
   </div>
   <div class='ocr_carea' id='block_1_102' title="bbox 562 5612 2142 5687">
    <p class='ocr_par' dir='ltr' id='par_1_102' title="bbox 562 5612 2142 5687">
     <span class='ocr_line' id='line_1_102' title="bbox 562 5612 2142 5687; baseline 0.001 -20"><span class='ocrx_word' id='word_1_746' title='bbox 562 5612 759 5683; x_wconf 89' lang='lat' dir='ltr'><strong>inquit,</strong></span> <span class='ocrx_word' id='word_1_747' title='bbox 791 5629 894 5669; x_wconf 84' lang='lat' dir='ltr'><strong>non</strong></span> <span class='ocrx_word' id='word_1_748' title='bbox 915 5614 1177 5684; x_wconf 79' lang='lat' dir='ltr'><strong>ﬁdelibus,</strong></span> <span class='ocrx_word' id='word_1_749' title='bbox 1202 5615 1291 5670; x_wconf 80' lang='lat' dir='ltr'><strong>sed</strong></span> <span class='ocrx_word' id='word_1_750' title='bbox 1314 5613 1633 5683; x_wconf 80' lang='lat' dir='ltr'><strong>inﬁdelibus,</strong></span> <span class='ocrx_word' id='word_1_751' title='bbox 1658 5614 1784 5667; x_wconf 84' lang='lat' dir='ltr'><strong>data</strong></span> <span class='ocrx_word' id='word_1_752' title='bbox 1803 5624 1922 5669; x_wconf 82' lang='lat' dir='ltr'><strong>sunt</strong></span> <span class='ocrx_word' id='word_1_753' title='bbox 1947 5614 1997 5687; x_wconf 89' lang='grc' dir='ltr'><strong>(Ι</strong></span> <span class='ocrx_word' id='word_1_754' title='bbox 2021 5614 2142 5669; x_wconf 85' lang='lat' dir='ltr'><strong>(.‘or.</strong></span> 
     </span>
    </p>
   </div>
   <div class='ocr_carea' id='block_1_103' title="bbox 564 5702 2142 5776">
    <p class='ocr_par' dir='ltr' id='par_1_103' title="bbox 564 5702 2142 5776">
     <span class='ocr_line' id='line_1_103' title="bbox 564 5702 2142 5776; baseline 0.001 -18"><span class='ocrx_word' id='word_1_755' title='bbox 564 5718 678 5769; x_wconf 81' lang='lat' dir='ltr'><strong>xiv,</strong></span> <span class='ocrx_word' id='word_1_756' title='bbox 702 5702 814 5776; x_wconf 74' lang='grc'><strong>22),</strong></span> <span class='ocrx_word' id='word_1_757' title='bbox 850 5714 1118 5776; x_wconf 85' lang='lat' dir='ltr'><strong>quatenus</strong></span> <span class='ocrx_word' id='word_1_758' title='bbox 1163 5720 1259 5774; x_wconf 84' lang='lat' dir='ltr'><strong>per</strong></span> <span class='ocrx_word' id='word_1_759' title='bbox 1297 5720 1362 5760; x_wconf 89' lang='lat' dir='ltr'><strong>ea</strong></span> <span class='ocrx_word' id='word_1_760' title='bbox 1410 5708 1463 5759; x_wconf 89' lang='lat' dir='ltr'><strong>in</strong></span> <span class='ocrx_word' id='word_1_761' title='bbox 1505 5704 1586 5759; x_wconf 87' lang='lat' dir='ltr'><strong>eis</strong></span> <span class='ocrx_word' id='word_1_762' title='bbox 1618 5702 1754 5758; x_wconf 88' lang='lat' dir='ltr'><strong>ﬁdes</strong></span> <span class='ocrx_word' id='word_1_763' title='bbox 1799 5715 2142 5771; x_wconf 88' lang='lat' dir='ltr'><strong>nasceretur;</strong></span> 
     </span>
    </p>
   </div>
   <div class='ocr_carea' id='block_1_104' title="bbox 567 5793 2140 5869">
    <p class='ocr_par' dir='ltr' id='par_1_104' title="bbox 567 5793 2140 5869">
     <span class='ocr_line' id='line_1_104' title="bbox 567 5793 2140 5869; baseline 0.006 -20"><span class='ocrx_word' id='word_1_764' title='bbox 567 5793 672 5861; x_wconf 78' lang='lat' dir='ltr'><strong>ﬁde</strong></span> <span class='ocrx_word' id='word_1_765' title='bbox 727 5811 855 5852; x_wconf 86' lang='lat' dir='ltr'><strong>vero</strong></span> <span class='ocrx_word' id='word_1_766' title='bbox 901 5805 1156 5867; x_wconf 84' lang='lat' dir='ltr'><strong>percepta</strong></span> <span class='ocrx_word' id='word_1_767' title='bbox 1182 5836 1197 5863; x_wconf 90' lang='lat'><strong>,</strong></span> <span class='ocrx_word' id='word_1_768' title='bbox 1250 5803 1492 5867; x_wconf 88' lang='lat' dir='ltr'><strong>potestas</strong></span> <span class='ocrx_word' id='word_1_769' title='bbox 1546 5795 1852 5869; x_wconf 83' lang='lat' dir='ltr'><strong>adoptionis</strong></span> <span class='ocrx_word' id='word_1_770' title='bbox 1900 5798 2140 5858; x_wconf 85' lang='lat' dir='ltr'><strong>daretur.</strong></span> 
     </span>
    </p>
   </div>
   <div class='ocr_carea' id='block_1_105' title="bbox 2245 4594 3856 4669">
    <p class='ocr_par' dir='ltr' id='par_1_105' title="bbox 2245 4594 3856 4669">
     <span class='ocr_line' id='line_1_105' title="bbox 2245 4594 3856 4669; baseline 0.001 -17"><span class='ocrx_word' id='word_1_771' title='bbox 2245 4595 2556 4668; x_wconf 86' lang='lat' dir='ltr'><strong>Evangelio,</strong></span> <span class='ocrx_word' id='word_1_772' title='bbox 2583 4604 2851 4666; x_wconf 90' lang='lat' dir='ltr'><strong>quatenus</strong></span> <span class='ocrx_word' id='word_1_773' title='bbox 2879 4611 3067 4651; x_wconf 89' lang='lat' dir='ltr'><strong>eorum</strong></span> <span class='ocrx_word' id='word_1_774' title='bbox 3096 4610 3256 4652; x_wconf 89' lang='lat' dir='ltr'><strong>nemo</strong></span> <span class='ocrx_word' id='word_1_775' title='bbox 3275 4595 3341 4651; x_wconf 90' lang='lat' dir='ltr'><strong>de</strong></span> <span class='ocrx_word' id='word_1_776' title='bbox 3371 4594 3614 4652; x_wconf 90' lang='lat' dir='ltr'><strong>crastino</strong></span> <span class='ocrx_word' id='word_1_777' title='bbox 3633 4598 3856 4669; x_wconf 83' lang='lat' dir='ltr'><strong>cogita-</strong></span> 
     </span>
    </p>
   </div>
   <div class='ocr_carea' id='block_1_106' title="bbox 2246 4684 3855 4760">
    <p class='ocr_par' dir='ltr' id='par_1_106' title="bbox 2246 4684 3855 4760">
     <span class='ocr_line' id='line_1_106' title="bbox 2246 4684 3855 4760; baseline 0.002 -19"><span class='ocrx_word' id='word_1_778' title='bbox 2246 4703 2305 4743; x_wconf 91' lang='lat' dir='ltr'><strong>re</strong></span> <span class='ocrx_word' id='word_1_779' title='bbox 2351 4686 2650 4742; x_wconf 88' lang='lat' dir='ltr'><strong>videretur.</strong></span> <span class='ocrx_word' id='word_1_780' title='bbox 2684 4685 2792 4742; x_wconf 85' lang='lat' dir='ltr'><strong>Sed</strong></span> <span class='ocrx_word' id='word_1_781' title='bbox 2844 4684 3193 4757; x_wconf 78' lang='lat' dir='ltr'><strong>quaerendum</strong></span> <span class='ocrx_word' id='word_1_782' title='bbox 3251 4687 3379 4759; x_wconf 91' lang='lat' dir='ltr'><strong>quid</strong></span> <span class='ocrx_word' id='word_1_783' title='bbox 3419 4689 3489 4743; x_wconf 87' lang='lat' dir='ltr'><strong>sit</strong></span> <span class='ocrx_word' id='word_1_784' title='bbox 3528 4690 3673 4760; x_wconf 85' lang='lat' dir='ltr'><strong>quod</strong></span> <span class='ocrx_word' id='word_1_785' title='bbox 3707 4688 3855 4745; x_wconf 72' lang='lat' dir='ltr'><strong>llat-</strong></span> 
     </span>
    </p>
   </div>
   <div class='ocr_carea' id='block_1_107' title="bbox 2246 4778 3857 4851">
    <p class='ocr_par' dir='ltr' id='par_1_107' title="bbox 2246 4778 3857 4851">
     <span class='ocr_line' id='line_1_107' title="bbox 2246 4778 3857 4851; baseline 0 -14"><span class='ocrx_word' id='word_1_786' title='bbox 2246 4782 2420 4837; x_wconf 70' lang='lat' dir='ltr'><strong>thaeus</strong></span> <span class='ocrx_word' id='word_1_787' title='bbox 2438 4789 2493 4835; x_wconf 92' lang='lat' dir='ltr'><strong>et</strong></span> <span class='ocrx_word' id='word_1_788' title='bbox 2518 4778 2694 4836; x_wconf 90' lang='lat' dir='ltr'><strong>Lucas</strong></span> <span class='ocrx_word' id='word_1_789' title='bbox 2716 4780 2924 4851; x_wconf 86' lang='lat' dir='ltr'><strong>virgam</strong></span> <span class='ocrx_word' id='word_1_790' title='bbox 2955 4781 3008 4834; x_wconf 90' lang='lat' dir='ltr'><strong>iu</strong></span> <span class='ocrx_word' id='word_1_791' title='bbox 3033 4780 3117 4834; x_wconf 89' lang='lat' dir='ltr'><strong>via</strong></span> <span class='ocrx_word' id='word_1_792' title='bbox 3147 4779 3292 4836; x_wconf 80' lang='lat' dir='ltr'><strong>ferre</strong></span> <span class='ocrx_word' id='word_1_793' title='bbox 3316 4781 3604 4836; x_wconf 87' lang='lat' dir='ltr'><strong>Dominum</strong></span> <span class='ocrx_word' id='word_1_794' title='bbox 3651 4782 3857 4850; x_wconf 83' lang='lat' dir='ltr'><strong>prohi-</strong></span> 
     </span>
    </p>
   </div>
   <div class='ocr_carea' id='block_1_108' title="bbox 2245 4875 3855 4943">
    <p class='ocr_par' dir='ltr' id='par_1_108' title="bbox 2245 4875 3855 4943">
     <span class='ocr_line' id='line_1_108' title="bbox 2245 4875 3855 4943; baseline -0.004 -7"><span class='ocrx_word' id='word_1_795' title='bbox 2245 4878 2427 4936; x_wconf 86' lang='lat' dir='ltr'><strong>buisse</strong></span> <span class='ocrx_word' id='word_1_796' title='bbox 2454 4886 2700 4943; x_wconf 88' lang='lat' dir='ltr'><strong>narrant,</strong></span> <span class='ocrx_word' id='word_1_797' title='bbox 2726 4877 2939 4933; x_wconf 84' lang='lat' dir='ltr'><strong>Marcus</strong></span> <span class='ocrx_word' id='word_1_798' title='bbox 2964 4893 3094 4933; x_wconf 88' lang='lat' dir='ltr'><strong>vero</strong></span> <span class='ocrx_word' id='word_1_799' title='bbox 3118 4876 3252 4932; x_wconf 89' lang='lat' dir='ltr'><strong>nihil</strong></span> <span class='ocrx_word' id='word_1_800' title='bbox 3277 4877 3357 4933; x_wconf 91' lang='lat' dir='ltr'><strong>eis</strong></span> <span class='ocrx_word' id='word_1_801' title='bbox 3385 4890 3708 4932; x_wconf 88' lang='lat' dir='ltr'><strong>concessum</strong></span> <span class='ocrx_word' id='word_1_802' title='bbox 3737 4875 3855 4930; x_wconf 86' lang='lat' dir='ltr'><strong>nisi</strong></span> 
     </span>
    </p>
   </div>
   <div class='ocr_carea' id='block_1_109' title="bbox 2246 4967 3859 5044">
    <p class='ocr_par' dir='ltr' id='par_1_109' title="bbox 2246 4967 3859 5044">
     <span class='ocr_line' id='line_1_109' title="bbox 2246 4967 3859 5044; baseline -0.004 -15"><span class='ocrx_word' id='word_1_803' title='bbox 2246 4974 2451 5044; x_wconf 86' lang='lat' dir='ltr'><strong>virgam</strong></span> <span class='ocrx_word' id='word_1_804' title='bbox 2481 4979 2690 5026; x_wconf 86' lang='lat' dir='ltr'><strong>tantum</strong></span> <span class='ocrx_word' id='word_1_805' title='bbox 2715 4969 2879 5037; x_wconf 78' lang='lat' dir='ltr'><strong>ferre,</strong></span> <span class='ocrx_word' id='word_1_806' title='bbox 2906 4978 2958 5025; x_wconf 90' lang='lat' dir='ltr'><strong>et</strong></span> <span class='ocrx_word' id='word_1_807' title='bbox 2997 4969 3270 5026; x_wconf 81' lang='lat' dir='ltr'><strong>calceatus</strong></span> <span class='ocrx_word' id='word_1_808' title='bbox 3297 4967 3558 5025; x_wconf 88' lang='lat' dir='ltr'><strong>sandaliis</strong></span> <span class='ocrx_word' id='word_1_809' title='bbox 3586 4967 3859 5023; x_wconf 83' lang='lat' dir='ltr'><strong>incedere</strong></span> 
     </span>
    </p>
   </div>
   <div class='ocr_carea' id='block_1_110' title="bbox 2247 5060 3860 5135">
    <p class='ocr_par' dir='ltr' id='par_1_110' title="bbox 2247 5060 3860 5135">
     <span class='ocr_line' id='line_1_110' title="bbox 2247 5060 3860 5135; baseline -0.003 -15"><span class='ocrx_word' id='word_1_810' title='bbox 2247 5064 2477 5129; x_wconf 88' lang='lat' dir='ltr'><strong>debere;</strong></span> <span class='ocrx_word' id='word_1_811' title='bbox 2516 5065 2767 5135; x_wconf 84' lang='lat' dir='ltr'><strong>quamvis</strong></span> <span class='ocrx_word' id='word_1_812' title='bbox 2792 5062 3078 5118; x_wconf 64' lang='lat' dir='ltr'><strong>Mattlimus</strong></span> <span class='ocrx_word' id='word_1_813' title='bbox 3108 5063 3388 5134; x_wconf 87' lang='lat' dir='ltr'><strong>signanter</strong></span> <span class='ocrx_word' id='word_1_814' title='bbox 3416 5063 3580 5118; x_wconf 91' lang='lat' dir='ltr'><strong>etiam</strong></span> <span class='ocrx_word' id='word_1_815' title='bbox 3629 5060 3860 5116; x_wconf 84' lang='lat' dir='ltr'><strong>calcea-</strong></span> 
     </span>
    </p>
   </div>
   <div class='ocr_carea' id='block_1_111' title="bbox 2247 5152 3857 5228">
    <p class='ocr_par' dir='ltr' id='par_1_111' title="bbox 2247 5152 3857 5228">
     <span class='ocr_line' id='line_1_111' title="bbox 2247 5152 3857 5228; baseline -0.002 -16"><span class='ocrx_word' id='word_1_816' title='bbox 2247 5166 2428 5212; x_wconf 88' lang='lat' dir='ltr'><strong>menta</strong></span> <span class='ocrx_word' id='word_1_817' title='bbox 2482 5157 2765 5228; x_wconf 88' lang='lat' dir='ltr'><strong>possidere</strong></span> <span class='ocrx_word' id='word_1_818' title='bbox 2826 5158 3041 5227; x_wconf 87' lang='lat' dir='ltr'><strong>penitus</strong></span> <span class='ocrx_word' id='word_1_819' title='bbox 3098 5156 3351 5211; x_wconf 89' lang='lat' dir='ltr'><strong>vetuerit.</strong></span> <span class='ocrx_word' id='word_1_820' title='bbox 3406 5153 3559 5211; x_wconf 87' lang='lat' dir='ltr'><strong>Unde</strong></span> <span class='ocrx_word' id='word_1_821' title='bbox 3617 5152 3857 5224; x_wconf 88' lang='lat' dir='ltr'><strong>quidam</strong></span> 
     </span>
    </p>
   </div>
   <div class='ocr_carea' id='block_1_112' title="bbox 2245 5246 3862 5317">
    <p class='ocr_par' dir='ltr' id='par_1_112' title="bbox 2245 5246 3862 5317">
     <span class='ocr_line' id='line_1_112' title="bbox 2245 5246 3862 5317; baseline -0.003 -10"><span class='ocrx_word' id='word_1_822' title='bbox 2245 5247 2599 5307; x_wconf 88' lang='lat' dir='ltr'><strong>Orientalium</strong></span> <span class='ocrx_word' id='word_1_823' title='bbox 2625 5248 3016 5304; x_wconf 86' lang='lat' dir='ltr'><strong>monachorum</strong></span> <span class='ocrx_word' id='word_1_824' title='bbox 3046 5249 3098 5304; x_wconf 90' lang='lat' dir='ltr'><strong>in</strong></span> <span class='ocrx_word' id='word_1_825' title='bbox 3123 5248 3388 5305; x_wconf 64' lang='lat' dir='ltr'><strong>coenobiis</strong></span> <span class='ocrx_word' id='word_1_826' title='bbox 3412 5248 3671 5317; x_wconf 83' lang='lat' dir='ltr'><strong>degentes</strong></span> <span class='ocrx_word' id='word_1_827' title='bbox 3718 5246 3862 5302; x_wconf 57' lang='lat' dir='ltr'><strong>hac-</strong></span> 
     </span>
    </p>
   </div>
   <div class='ocr_carea' id='block_1_113' title="bbox 2246 5337 3859 5405">
    <p class='ocr_par' dir='ltr' id='par_1_113' title="bbox 2246 5337 3859 5405">
     <span class='ocr_line' id='line_1_113' title="bbox 2246 5337 3859 5405; baseline -0.002 -9"><span class='ocrx_word' id='word_1_828' title='bbox 2246 5348 2403 5396; x_wconf 86' lang='lat' dir='ltr'><strong>tenus</strong></span> <span class='ocrx_word' id='word_1_829' title='bbox 2429 5340 2494 5394; x_wconf 91' lang='lat' dir='ltr'><strong>ad</strong></span> <span class='ocrx_word' id='word_1_830' title='bbox 2520 5340 2758 5394; x_wconf 88' lang='lat' dir='ltr'><strong>litteram</strong></span> <span class='ocrx_word' id='word_1_831' title='bbox 2790 5340 3103 5405; x_wconf 85' lang='lat' dir='ltr'><strong>observant,</strong></span> <span class='ocrx_word' id='word_1_832' title='bbox 3134 5349 3191 5395; x_wconf 90' lang='lat' dir='ltr'><strong>et</strong></span> <span class='ocrx_word' id='word_1_833' title='bbox 3214 5340 3418 5396; x_wconf 87' lang='lat' dir='ltr'><strong>servari</strong></span> <span class='ocrx_word' id='word_1_834' title='bbox 3457 5337 3660 5394; x_wconf 88' lang='lat' dir='ltr'><strong>debere</strong></span> <span class='ocrx_word' id='word_1_835' title='bbox 3686 5339 3859 5393; x_wconf 85' lang='lat' dir='ltr'><strong>nudi-</strong></span> 
     </span>
    </p>
   </div>
   <div class='ocr_carea' id='block_1_114' title="bbox 2252 5430 3861 5501">
    <p class='ocr_par' dir='ltr' id='par_1_114' title="bbox 2252 5430 3861 5501">
     <span class='ocr_line' id='line_1_114' title="bbox 2252 5430 3861 5501; baseline -0.002 -15"><span class='ocrx_word' id='word_1_836' title='bbox 2252 5430 2460 5501; x_wconf 87' lang='lat' dir='ltr'><strong>pedalia</strong></span> <span class='ocrx_word' id='word_1_837' title='bbox 2497 5438 2771 5486; x_wconf 85' lang='lat' dir='ltr'><strong>sectantes</strong></span> <span class='ocrx_word' id='word_1_838' title='bbox 2787 5430 3140 5485; x_wconf 89' lang='lat' dir='ltr'><strong>coutendunt.</strong></span> <span class='ocrx_word' id='word_1_839' title='bbox 3171 5430 3513 5501; x_wconf 81' lang='lat' dir='ltr'><strong>Quapropter</strong></span> <span class='ocrx_word' id='word_1_840' title='bbox 3536 5444 3607 5484; x_wconf 90' lang='lat' dir='ltr'><strong>ne</strong></span> <span class='ocrx_word' id='word_1_841' title='bbox 3624 5437 3861 5484; x_wconf 79' lang='lat' dir='ltr'><strong>contra-</strong></span> 
     </span>
    </p>
   </div>
   <div class='ocr_carea' id='block_1_115' title="bbox 2251 5518 3862 5593">
    <p class='ocr_par' dir='ltr' id='par_1_115' title="bbox 2251 5518 3862 5593">
     <span class='ocr_line' id='line_1_115' title="bbox 2251 5518 3862 5593; baseline -0.003 -15"><span class='ocrx_word' id='word_1_842' title='bbox 2251 5524 2331 5578; x_wconf 88' lang='lat' dir='ltr'><strong>ria</strong></span> <span class='ocrx_word' id='word_1_843' title='bbox 2371 5523 2654 5577; x_wconf 89' lang='lat' dir='ltr'><strong>videantur</strong></span> <span class='ocrx_word' id='word_1_844' title='bbox 2708 5521 3055 5593; x_wconf 67' lang='lat' dir='ltr'><strong>evangelista:</strong></span> <span class='ocrx_word' id='word_1_845' title='bbox 3104 5523 3327 5587; x_wconf 89' lang='lat' dir='ltr'><strong>sentire,</strong></span> <span class='ocrx_word' id='word_1_846' title='bbox 3381 5518 3711 5592; x_wconf 79' lang='lat' dir='ltr'><strong>quaerendus</strong></span> <span class='ocrx_word' id='word_1_847' title='bbox 3763 5526 3862 5573; x_wconf 85' lang='lat' dir='ltr'><strong>est</strong></span> 
     </span>
    </p>
   </div>
   <div class='ocr_carea' id='block_1_116' title="bbox 2253 5601 3857 5685">
    <p class='ocr_par' dir='ltr' id='par_1_116' title="bbox 2253 5601 3857 5685">
     <span class='ocr_line' id='line_1_116' title="bbox 2253 5601 3857 5685; baseline -0.001 -18"><span class='ocrx_word' id='word_1_848' title='bbox 2253 5612 2464 5678; x_wconf 90' lang='lat' dir='ltr'><strong>modus,</strong></span> <span class='ocrx_word' id='word_1_849' title='bbox 2489 5621 2599 5669; x_wconf 89' lang='lat' dir='ltr'><strong>tam</strong></span> <span class='ocrx_word' id='word_1_850' title='bbox 2627 5613 2713 5669; x_wconf 88' lang='lat' dir='ltr'><strong>hic</strong></span> <span class='ocrx_word' id='word_1_851' title='bbox 2737 5601 2898 5683; x_wconf 79' lang='lat' dir='ltr'><strong>quam</strong></span> <span class='ocrx_word' id='word_1_852' title='bbox 2926 5613 3075 5679; x_wconf 89' lang='lat' dir='ltr'><strong>alibi,</strong></span> <span class='ocrx_word' id='word_1_853' title='bbox 3091 5629 3201 5685; x_wconf 91' lang='lat' dir='ltr'><strong>quo</strong></span> <span class='ocrx_word' id='word_1_854' title='bbox 3218 5612 3511 5684; x_wconf 72' lang='lat' dir='ltr'><strong>Scriptura</strong></span> <span class='ocrx_word' id='word_1_855' title='bbox 3525 5618 3857 5681; x_wconf 61' lang='lat' dir='ltr'><strong>sanetacao</strong></span> 
     </span>
    </p>
   </div>
   <div class='ocr_carea' id='block_1_117' title="bbox 2253 5705 3861 5779">
    <p class='ocr_par' dir='ltr' id='par_1_117' title="bbox 2253 5705 3861 5779">
     <span class='ocr_line' id='line_1_117' title="bbox 2253 5705 3861 5779; baseline -0.001 -17"><span class='ocrx_word' id='word_1_856' title='bbox 2253 5707 2450 5764; x_wconf 84' lang='lat' dir='ltr'><strong>tholiee</strong></span> <span class='ocrx_word' id='word_1_857' title='bbox 2474 5708 2824 5779; x_wconf 88' lang='lat' dir='ltr'><strong>intelligatur,</strong></span> <span class='ocrx_word' id='word_1_858' title='bbox 2854 5716 2908 5763; x_wconf 88' lang='lat' dir='ltr'><strong>et</strong></span> <span class='ocrx_word' id='word_1_859' title='bbox 2933 5708 3229 5763; x_wconf 89' lang='lat' dir='ltr'><strong>auctoritas</strong></span> <span class='ocrx_word' id='word_1_860' title='bbox 3258 5706 3395 5763; x_wconf 89' lang='lat' dir='ltr'><strong>tanti</strong></span> <span class='ocrx_word' id='word_1_861' title='bbox 3436 5705 3681 5779; x_wconf 86' lang='lat' dir='ltr'><strong>mysterii</strong></span> <span class='ocrx_word' id='word_1_862' title='bbox 3740 5721 3861 5760; x_wconf 90' lang='lat' dir='ltr'><strong>non</strong></span> 
     </span>
    </p>
   </div>
   <div class='ocr_carea' id='block_1_118' title="bbox 2250 5797 3864 5873">
    <p class='ocr_par' dir='ltr' id='par_1_118' title="bbox 2250 5797 3864 5873">
     <span class='ocr_line' id='line_1_118' title="bbox 2250 5797 3864 5873; baseline -0.004 -13"><span class='ocrx_word' id='word_1_863' title='bbox 2250 5803 2496 5861; x_wconf 72' lang='lat' dir='ltr'><strong>violetur.</strong></span> <span class='ocrx_word' id='word_1_864' title='bbox 2527 5803 2725 5861; x_wconf 78' lang='lat' dir='ltr'><strong>Fertur</strong></span> <span class='ocrx_word' id='word_1_865' title='bbox 2743 5801 2890 5857; x_wconf 90' lang='lat' dir='ltr'><strong>enim</strong></span> <span class='ocrx_word' id='word_1_866' title='bbox 2910 5802 3061 5873; x_wconf 78' lang='lat' dir='ltr'><strong>iuxta</strong></span> <span class='ocrx_word' id='word_1_867' title='bbox 3089 5801 3400 5859; x_wconf 64' lang='lat' dir='ltr'><strong>Mattheum</strong></span> <span class='ocrx_word' id='word_1_868' title='bbox 3419 5798 3627 5857; x_wconf 86' lang='lat' dir='ltr'><strong>dixisse</strong></span> <span class='ocrx_word' id='word_1_869' title='bbox 3663 5797 3864 5855; x_wconf 77' lang='lat' dir='ltr'><strong>Domi-</strong></span> 
     </span>
    </p>
   </div>
  </div>
