4004 6362
146 408 239 464 MS

952 386 1317 450 EXPOSI’HO
1353 388 1420 445 iN
1460 382 1902 445 MATTHIEUM.
1943 415 2011 427 -—
2050 382 2175 441 LIB.
2213 372 2303 449 Vi,
2346 370 2495 438 CAP.
2539 376 2607 435 Χ.

3305 374 3410 433 ιιι

149 539 279 586 num,
307 528 365 573 ut
388 531 488 572 uec
515 512 725 585 virgam
772 510 977 565 ferrent
1025 506 1244 580 (Matth.
1298 520 1353 571 ι,
1394 502 1503 575 i0).
1550 501 1710 559 insta
1739 503 1789 564 Α
1816 499 2010 571 (Num.
2031 498 2251 567 udi).
2284 497 2363 551 De
2387 495 2541 565 cuius
2567 500 2689 586 cum
2719 494 2788 548 ad
2813 500 2982 564 aquas
3014 490 3405 548 contradictio-

150 618 367 675 ilarcum
388 620 541 674 vero,
566 623 633 664 ne
655 605 786 678 quid
810 604 1065 660 tollerem
1116 603 1171 657 in
1213 602 1321 667 via,
1363 596 1468 656 nisi
1507 598 1715 669 virgam

151 717 335 765 tantum
357 702 557 776 (Marc.
583 714 661 765 vt,
686 698 765 770 8).
801 694 1090 751 Contraria
1124 694 1339 763 quidem
1370 692 1578 757 dicunt,
1621 689 1717 746 sed

150 800 351 874 mystica
374 810 431 852 et
460 808 614 859 vera,
644 799 706 848 ut
724 789 1087 860 intelligamus
1110 786 1212 842 sub
1235 784 1339 840 alia
1368 781 1719 852 signiﬁcatio—

151 872 273 948 tioue
295 890 502 945 dictam
523 885 755 956 virgam,
786 894 912 952 qua
933 878 1234 935 secundum
1263 875 1505 931 Marcum
1531 880 1617 930 est
1648 872 1720 929 fe-

150 982 315 1045 renda,
341 989 396 1034 et
422 977 528 1033 sub
557 975 663 1030 alia
698 972 863 1036 illam,
885 984 1008 1041 quae
1061 968 1359 1045 secundum
1406 962 1716 1020 Mattheum

148 1040 403 1132 clinicum
448 1083 560 1127 non
589 1074 675 1122 est
720 1040 959 1121 ferenda.
1007 1060 1162 1117 Sicut
1206 1040 1587 1116 iiiudtTettlal
1629 1074 1718 1113 vos

152 1167 382 1222 Dominus
412 1161 562 1219 Deus
582 1167 749 1215 vester
795 1155 976 1229 (Deut.
1021 1169 1144 1220 siit,
1178 1153 1259 1225 5),
1288 1160 1423 1218 eic.,
1461 1158 1516 1207 et
1542 1168 1555 1205 ε
1578 1149 1718 1205 Deus

148 1259 384 1316 neminem
410 1261 582 1310 tentet
606 1252 749 1323 (Jac.
776 1266 816 1317 t,
846 1248 961 1319 i3).
1015 1245 1140 1302 Haec
1169 1245 1387 1316 quidem
1439 1243 1715 1300 seductio-

146 1351 220 1406 nis
239 1358 341 1414 est,
359 1344 664 1403 secundum
689 1356 854 1414 quam
877 1340 1021 1396 Deus
1049 1337 1321 1393 neminem
1348 1343 1540 1401 leniat,
1567 1336 1719 1391 vide-

144 1444 256 1500 licet
296 1452 358 1498 ιιι
401 1439 669 1511 incipiat;
712 1436 803 1491 illa
846 1448 976 1491 vero
1014 1431 1372 1505 probationis,
1418 1430 1717 1486 secundum

144 1552 295 1610 quam
318 1543 555 1591 tentatus
582 1539 668 1588 est
701 1529 973 1586 Abraham
1013 1534 1070 1583 et
1105 1524 1224 1586 Job.
1259 1523 1551 1593 ceterique
1586 1536 1716 1578 san—

147 1630 238 1693 cii,
267 1636 529 1699 quatenus
572 1622 790 1696 probati
820 1619 1095 1676 manifesti
1143 1627 1348 1683 essent,
1372 1615 1530 1686 juxta
1573 1615 1717 1685 quod

146 1722 366 1776 Abrahae
387 1717 577 1773 dicitur
603 1733 618 1769 :
651 1715 811 1771 Nunc
838 1714 946 1768 scio
974 1712 1113 1784 quod
1152 1709 1345 1780 diligas
1369 1709 1537 1764 Deum
1561 1705 1711 1779 (Gen.

142 1812 285 1882 un),
315 1810 368 1866 td
385 1819 473 1866 est
500 1810 643 1866 scire
671 1804 1159 1875 feci.Veluti,quod
1185 1816 1346 1873 supra
1378 1801 1582 1857 dictum
1609 1807 1713 1866 est,

1821 592 1907 648 nis
1931 597 2202 663 potestate
2222 588 2544 651 dubitasset,
2569 582 2809 642 odendlt.
2834 585 2912 640 ita
2939 592 2995 639 et
3013 583 3116 639 vl‘ri
3144 582 3408 654 praedica-

1820 690 1982 749 tores,
2008 683 2114 739 nisi
2143 682 2380 754 legitime
2408 686 2632 736 utantur
2654 692 2719 733 ac
2739 683 3006 749 potestate
3025 676 3252 742 Otii-isti,
3279 675 3409 732 lide-

1819 779 2053 849 iilél'qtie
2081 775 2215 832 nihil
2264 775 2574 832 dubitantes
2600 773 2666 829 de
2707 771 2798 830 illo
2837 772 3054 843 petilius
3101 771 3410 827 alienantur

1822 877 2144 925 retrdrsnm.
2176 862 2383 923 Idcirco
2406 880 2511 921 non
2535 872 2752 929 aurum,
2786 870 2893 918 non
2943 864 3248 934 argentum,
3298 864 3407 916 non

1819 963 2068 1034 pecunia,
2094 961 2181 1016 vel
2206 960 2353 1016 aliud
2392 958 2594 1029 aliquid
2629 972 2697 1014 ex
2724 954 3024 1027 superﬂuo,
3058 953 3304 1011 fidelibus
3323 952 3410 1008 est

1818 1052 2266 1125 prtedicatoribus
2316 1050 2727 1121 requirendum,
2767 1048 2920 1119 quasi
2975 1058 3041 1103 es
3082 1046 3233 1115 virga
3288 1050 3408 1115 quas

1818 1154 2164 1217 peccatorum
2191 1151 2308 1208 est;
2336 1143 2430 1198 sed
2445 1156 2511 1198 ex
2540 1148 2813 1214 potestate
2842 1139 3054 1196 Domini
3076 1150 3408 1208 praesumen-

1818 1241 1967 1296 dum.
2002 1237 2107 1295 Sed
2137 1237 2400 1309 qtueritur
2447 1236 2719 1307 quomodo
2769 1234 2941 1306 gratis
2988 1233 3119 1288 dare
3152 1230 3405 1294 debeant,

1819 1333 1965 1403 quod
1990 1331 2160 1404 gratis
2187 1336 2536 1401 acceperunt,
2563 1329 2609 1383 si
2642 1328 2836 1396 dignus
2854 1333 2936 1381 est
2961 1322 3247 1395 operarius
3268 1333 3411 1376 mer-
3466 1322 3493 1386 ἶ

1817 1424 1948 1482 cede
1981 1436 2098 1489 sua,
2126 1430 2181 1478 et
2220 1432 2287 1477 es
2314 1424 2414 1478 hac
2441 1419 2692 1476 mercede
2728 1426 2978 1489 sumptus
3004 1417 3127 1471 vitae
3154 1428 3406 1471 necessa-

1818 1518 1932 1573 rios
1952 1517 2082 1572 licet
2110 1516 2356 1586 accipere
2384 1528 2415 1568 a
2450 1514 2564 1569 suis
2606 1510 2965 1567 auditoribus.
3010 1506 3166 1576 Quod
3191 1506 3266 1562 ita
3300 1504 3411 1561 sol-

1817 1611 1982 1666 vim.
2036 1608 2194 1664 Aliud
2245 1615 2330 1664 est
2374 1607 2520 1663 enim
2566 1618 2670 1676 pro
2723 1601 2974 1659 mercede
3038 1599 3199 1666 lucri,
3258 1597 3409 1655 verbi

1819 1702 2077 1775 mysteria
2107 1701 2444 1773 impendere,
2474 1698 2759 1754 commoda
2794 1694 3078 1768 praesentis
3124 1692 3247 1748 vitae
3280 1692 3409 1747 hinc

1820 1796 2100 1867 requirere
2129 1813 2141 1849 :
2172 1786 2336 1869 “'1
2371 1793 2516 1849 aliud
2545 1793 2748 1847 victum
2790 1790 2877 1845 vix
2910 1787 3298 1850 necessarium,
3353 1793 3412 1840 et

139 1912 186 1955 ut
210 1870 335 1955 sciat
356 1902 404 1954 si
427 1898 668 1969 diligatis
687 1912 805 1953 eunt
827 1894 1006 1968 (Deut.
1033 1870 1156 1960 iuit,
1178 1870 1267 1962 ως
1281 1892 1427 1963 quod
1451 1898 1535 1947 est
1564 1891 1717 1946 dice-
1748 1872 1793 1944 Β
1820 1890 1948 1945 illud
1975 1903 2083 1945 non
2121 1898 2183 1943 ut
2204 1888 2452 1943 vivamus
2483 1893 2718 1947 tantum,
2748 1883 2844 1939 sed
2882 1889 2945 1937 ut
2988 1870 3158 1936 libere
3209 1877 3407 1969 pradi-

139 2012 189 2050 τε
213 2004 267 2050 ut
293 1994 441 2050 scire
473 1992 663 2057 faciat,
691 2000 874 2046 utrum
901 2003 1026 2044 eum
1057 2002 1158 2057 pro
1181 1994 1333 2042 certo
1367 1984 1590 2056 diligere
1620 1998 1716 2040 ve—

139 2089 229 2143 litis
256 2107 271 2144 :
297 2090 375 2144 ita
399 2096 458 2143 et
488 2087 595 2143 hoc
621 2087 740 2142 loco
768 2085 922 2157 virgo
970 2092 1091 2153 qua:
1133 2080 1357 2137 ferenda
1387 2087 1469 2134 est
1518 2080 1570 2133 in
1607 2077 1717 2143 via,

136 2193 355 2255 potestas
379 2191 471 2239 est
500 2181 822 2248 Salvatoris,
852 2178 1015 2251 quam
1065 2178 1132 2233 ab
1190 2176 1307 2248 ipso
1341 2184 1716 2247 perceperant,

135 2288 180 2335 et
215 2280 459 2350 regimen
496 2277 825 2331 animarum.
868 2270 945 2328 De
970 2286 1076 2343 qua
1103 2285 1235 2328 sane
1285 2275 1549 2341 potestate
1594 2281 1719 2321 mox

134 2369 312 2440 adjecit
352 2369 554 2425 dicens
583 2387 596 2423 :
623 2368 812 2439 dignus
856 2376 928 2421 est
996 2364 1268 2436 operarius
1317 2361 1551 2416 mercede
1598 2374 1715 2413 sua.

134 2464 285 2531 Quam
308 2465 507 2533 itaque
561 2461 868 2516 mercedem
911 2455 1200 2528 Apostolus
1243 2468 1519 2526 exponens
1547 2451 1715 2508 dicit:

136 2557 191 2613 Ut
236 2561 323 2631 qui
372 2557 669 2628 Evangelia
726 2557 1023 2611 deserviunt
1081 2570 1147 2611 ea:
1206 2551 1490 2624 Evangelia
1533 2552 1709 2607 vivant

134 2648 175 2719 (l
194 2649 311 2705 Cor.
337 2662 423 2715 tit,
454 2647 570 2719 14).
602 2647 699 2703 Et:
727 2645 984 2719 Nunquid
1008 2662 1112 2701 non
1125 2645 1375 2700 habemus
1398 2644 1534 2699 Itane
1563 2652 1712 2709 pote-

134 2744 343 2797 sistent?
362 2732 567 2813 (ιδίαι,
598 2739 676 2813 4.)
698 2739 926 2812 Propter
945 2740 1088 2811 quod
1118 2737 1376 2794 Dominus
1398 2752 1522 2793 cum
1549 2736 1717 2792 dixis-

136 2842 205 2888 set
231 2851 246 2887 :
287 2833 480 2889 Nolite
498 2832 766 2901 possidere
794 2847 1004 2895 aurum,
1034 2846 1197 2903 neque
1223 2838 1519 2901 argentum,
1550 2844 1716 2899 neque

134 2927 421 2995 pecuniam,
451 2932 508 2980 et
540 2937 759 2988 caetera,
789 2923 1047 2979 continuo
1073 2923 1312 2980 subdidit
1345 2940 1358 2976 :

195 3016 358 3091 ωε
372 3016 587 3088 Dignus
602 3025 679 3071 est
694 3016 966 3085 operarius
995 3015 1228 3070 mercede
1246 3028 1363 3069 sua.
1396 3014 1473 3069 Ex
1500 3029 1609 3085 quo
1631 3029 1719 3069 sa-

137 3110 196 3163 tis
230 3108 478 3166 ostendit
504 3124 606 3163 cur
635 3122 728 3163 eos
758 3107 862 3162 ista
886 3104 1163 3178 possidere
1190 3100 1438 3162 noluerit.
1464 3105 1718 3161 Profecto

134 3201 246 3268 quia
272 3202 352 3256 sic
378 3214 481 3256 eos
512 3198 785 3263 mittebat,
808 3205 870 3251 ut
898 3197 1014 3253 hzec
1041 3198 1110 3253 ab
1131 3196 1218 3263 iis,
1250 3195 1447 3266 quibus
1463 3194 1577 3264 jam
1597 3210 1716 3251 cre-

136 3292 375 3349 dentibus
431 3290 785 3361 Evangelium
830 3287 1218 3359 praedicabant,
1276 3286 1446 3358 accipi
1520 3287 1719 3344 debere

137 3392 475 3439 monstraret.
506 3382 576 3437 Et
614 3381 738 3437 ideo
769 3380 877 3435 illis
917 3379 1257 3451 loquebatur,
1295 3380 1353 3434 ut
1396 3378 1573 3435 securi
1609 3394 1719 3436 non

130 3475 491 3543 possiderent,
523 3486 694 3543 neque
716 3478 999 3542 portarent
1034 3471 1195 3541 hujus
1225 3470 1346 3525 vitzc
1386 3471 1716 3540 necessaria,

131 3564 322 3617 saltim
348 3579 452 3619 nec
468 3578 653 3636 magna
680 3578 782 3621 nec
809 3562 1055 3618 minima.
1084 3562 1314 3633 Propter
1345 3562 1489 3633 qttod
1514 3563 1715 3635 posuit,

121 3655 284 3723 juxta
316 3657 618 3712 Mattbeum
646 3667 701 3715 et
722 3658 948 3723 Lucam,
988 3673 1151 3729 neque
1181 3658 1401 3728 virgam,
1423 3657 1517 3713 sed
1537 3657 1719 3712 omnia

128 3749 250 3804 vitae
279 3750 591 3805 necessaria
619 3765 651 3806 a
685 3734 956 3815 ﬁdelibus,
982 3764 1050 3805 ex
1092 3757 1362 3821 potestate
1407 3758 1461 3805 et
1500 3749 1719 3804 ordina-

132 3843 273 3897 tione
303 3841 523 3897 Domini
544 3842 740 3899 debere
777 3842 1048 3912 accipere,
1078 3851 1134 3901 et
1180 3841 1325 3897 nulla
1378 3840 1650 3913 superﬂua
1683 3856 1715 3896 a

131 3933 246 3987 suis
272 3933 615 3989 auditoribus
643 3933 943 4004 requirere.
970 3932 1106 4000 Quia
1136 3932 1275 3989 sicut
1302 3934 1447 4005 jnsta
1479 3942 1719 4003 potestas

126 4039 157 4077 a
178 4024 429 4090 Domino,
454 4025 534 4080 ita
559 4032 615 4079 et
642 4024 843 4095 iniusta
864 4024 1217 4095 prtesumptio
1242 4040 1272 4078 a
1296 4023 1532 4079 diabolo.
1570 4024 1719 4081 Unde

126 4115 411 4172 Dominum
446 4125 741 4187 utrumque
767 4115 971 4171 dixisse
1008 4114 1356 4171 manifestum
1378 4125 1481 4181 est,
1510 4125 1570 4171 ut
1614 4117 1723 4172 l‘er-

130 4219 237 4265 rent
267 4213 490 4284 virgam
523 4212 579 4266 in
607 4210 717 4275 via,
743 4219 800 4266 et
823 4224 933 4266 non
974 4209 1203 4266 ferrent.
1254 4209 1389 4277 Quia
1443 4211 1586 4266 sicut
1635 4218 1721 4267 est

126 4302 260 4374 virga
283 4302 601 4373 justorum,
619 4301 686 4356 de
713 4310 821 4371 qua
852 4300 1080 4356 dicitur:
1121 4298 1280 4371 Virga
1309 4310 1402 4355 tua
1430 4309 1477 4356 et
1504 4298 1720 4358 baculus

124 4402 253 4459 tuus,
270 4396 399 4466 ipsa
424 4410 512 4448 sne
533 4393 806 4447 consolata
825 4402 947 4447 sunt
977 4389 1151 4464 (Psal.
1184 4406 1318 4456 XXII,
1373 4392 1429 4461 4)
1460 4408 1471 4446 :
1511 4393 1584 4448 ita
1621 4401 1716 4461 et;

1821 1994 1947 2036 care
1971 1980 2261 2051 possimus,
2292 1977 2562 2048 accipere.
2594 1974 2727 2043 Qua:
2754 1974 2882 2030 licet
2914 1972 3024 2042 iam
3061 1972 3129 2027 de
3156 1967 3411 2026 mercede

1820 2075 1931 2130 sint
1951 2073 2155 2146 operis,
2180 2081 2361 2127 tamen
2391 2068 2665 2141 Evangelii
2687 2075 2812 2123 sunt
2838 2067 3014 2122 lucra.
3047 2062 3117 2120 Et
3163 2062 3284 2118 ideo
3322 2059 3410 2130 ju-

1821 2176 1965 2224 stum
2013 2174 2098 2223 est
2124 2166 2193 2220 ab
2220 2166 2301 2221 eis
2332 2164 2580 2234 accipere
2617 2157 2886 2231 stipendia
2914 2162 3183 2227 sumptus,
3215 2152 3412 2223 quibus

1820 2257 2103 2314 offerimus
2141 2257 2380 2313 ctelestis
2407 2256 2533 2311 vitae
2577 2252 2800 2326 praemia
2830 2266 2842 2304 ε
2878 2249 3134 2322 quoniam
3180 2236 3297 2302 haec
3325 2244 3408 2299 in-

1821 2354 2032 2408 terdum
2061 2350 2473 2420 evangelizandi
2502 2349 2679 2421 gratia
2711 2345 2870 2403 nobis
2901 2350 3028 2401 sunt
3075 2334 3406 2398 necessaria.

1824 2446 1978 2504 Unde
2001 2446 2109 2501 sint
2137 2446 2241 2500 ista
2272 2442 2594 2499 necessitate
2634 2436 3083 2511 praedicatoribus
3122 2446 3407 2498 concessa,

1821 2546 1928 2593 non
1960 2537 2093 2592 lucri
2117 2550 2281 2592 causa
2307 2533 2566 2605 quaesita;
2599 2538 2656 2587 et
2681 2531 2809 2585 vitae
2850 2532 3195 2585 sacramenta
3226 2524 3391 2580 fideli.

1821 2632 1942 2695 itus,
1970 2630 2139 2701 gratis
2166 2628 2402 2699 quidem,
2438 2627 2532 2682 sed
2561 2638 2667 2679 non
2697 2638 2796 2693 pro
2822 2621 3092 2685 mercede,
3136 2620 3403 2690 impensa.

1821 2722 1952 2791 Quae
1975 2722 2231 2776 nimirum
2259 2732 2466 2775 merces
2487 2718 2563 2772 ita
2594 2718 2662 2771 de
2710 2714 2988 2770 laboribus
3016 2712 3104 2767 hic
3124 2711 3410 2766 inchoatur

1824 2813 2082 2880 lidelium,
2109 2821 2170 2867 ut
2197 2811 2308 2867 illic
2332 2811 2398 2866 de
2427 2808 2673 2865 veritatis
2699 2806 2908 2863 visione
2936 2801 3410 2874 compleaturjurc

1821 2905 2193 2961 credentibus.
2225 2902 2379 2972 Quod
2418 2910 2598 2958 autem
2627 2913 2728 2957 nec
2762 2899 3134 2955 calceamenta
3183 2893 3407 2951 ferenda

1822 3003 1931 3061 sint
1956 3002 2010 3057 in
2035 3000 2282 3071 pedibus,
2308 2998 2479 3068 magis
2500 2996 2567 3051 ad
2590 3010 2809 3052 sensum
2826 2990 3232 3063 accipiendum;
3258 2989 3407 3059 quia,

1823 3099 1882 3147 ut
1911 3091 2046 3155 dixi,
2078 3089 2376 3147 secundum
2406 3088 2647 3143 Marcum
2694 3084 2966 3141 calceatus
3002 3086 3100 3138 eos
3140 3078 3295 3152 jubet
3320 3079 3410 3133 in-

1823 3185 2015 3240 cedere
2036 3181 2294 3239 sandaliis
2321 3180 2515 3252 (Marc.
2540 3193 2617 3246 vt,
2648 3178 2724 3249 9).
2760 3174 2916 3233 Unde
2942 3184 2998 3231 et
3029 3173 3207 3230 adhuc
3246 3169 3407 3227 hodie

1744 3252 1791 3317 (ἶ
1822 3275 2067 3332 sandalia
2094 3272 2307 3330 Domini
2339 3271 2526 3327 Romae
2547 3271 2835 3332 habentur,
2866 3267 3064 3337 quibus
3089 3265 3257 3336 pedes
3276 3260 3405 3317 tecti

1817 3375 1874 3423 et
1894 3366 2084 3422 intecti
2112 3371 2520 3428 monstrantur;
2549 3361 2603 3417 id
2634 3367 2805 3416 estut
2852 3366 2955 3414 nec
2999 3357 3123 3412 nudi
3156 3355 3409 3412 deorsum

1820 3457 1887 3513 ad
1918 3466 2118 3513 terram
2139 3456 2269 3521 sint,
2301 3466 2403 3511 nec
2432 3452 2672 3523 cooperti
2707 3450 2964 3520 desuper.
2993 3445 3192 3502 Volens
3220 3455 3409 3499 osten-

1819 3550 1974 3615 dere,
2023 3548 2293 3605 calceatus
2336 3559 2432 3602 eos
2483 3557 2607 3600 esse
2644 3541 2843 3597 debere
2914 3541 2967 3595 in
3017 3537 3411 3610 prmparatione

1822 3640 2097 3713 Evangelii
2134 3639 2316 3711 pacis;
2346 3645 2615 3709 quatenus
2645 3633 2998 3706 Evangelium
3028 3644 3127 3687 nec
3142 3628 3406 3687 occultari

1819 3733 2016 3789 debere
2042 3733 2303 3797 insinuet,
2352 3743 2453 3785 nec
2501 3728 2734 3785 terrenis
2784 3724 3084 3783 commodis
3120 3719 3406 3793 implicari.

1820 3824 1973 3892 Quod
1996 3831 2177 3879 autem
2228 3822 2318 3878 hic
2363 3835 2468 3878 nec
2524 3820 2894 3876 calceameuia
2945 3815 3195 3887 permisit
3242 3814 3404 3876 Terre,

1820 3916 2108 3972 stultorum
2133 3930 2359 3987 operum
2380 3913 2628 3984 exempla
2650 3913 2910 3976 insinuat,
2939 3923 3038 3965 nec
3064 3907 3403 3977 conspicere,

1822 4027 1889 4066 ne
1907 4012 1991 4067 sui
2020 4011 2267 4082 corporis
2284 4024 2449 4081 opera
2485 4009 2674 4066 credat
2701 4007 2857 4079 quasi
2884 4018 2950 4063 ex
2979 4006 3205 4062 mortuis
3247 4003 3404 4074 pelli-

1820 4105 1920 4159 bus
1963 4104 2184 4159 muniri.
2234 4102 2370 4171 Quia
2426 4111 2555 4157 sunt
2611 4100 2875 4167 nonnulli,
2932 4100 3024 4171 qui
3085 4099 3407 4170 pravitatem

1820 4211 1972 4251 suam
2009 4212 2074 4251 ex
2129 4196 2322 4250 alienis
2374 4194 2738 4266 pravitatibus
2787 4190 3240 4255 couantnrtueri,
3280 4190 3408 4244 dimi

1822 4289 1956 4343 alios
1982 4288 2109 4342 talia
2144 4287 2341 4345 fecisse
2365 4287 2730 4359 conspiciunt,
2763 4294 2817 4341 et
2840 4298 2904 4339 ea
2935 4282 3196 4354 perlicere
3242 4282 3411 4337 licent

1824 4383 1931 4441 tius
1958 4382 2203 4438 credunt.
2233 4382 2313 4437 Ac
2349 4378 2447 4453 per
2467 4383 2571 4438 hoc
2603 4381 2743 4436 sicut
2792 4396 2858 4436 ex
2890 4386 3226 4433 mortuorum
3255 4373 3410 4447 pelli-

130 4482 277 4555 Virga
296 4494 852 4556 peccatorumquam
878 4498 984 4538 non
1009 4482 1262 4554 relinquet
1286 4481 1543 4538 Dominus
1566 4498 1723 4554 super
1825 4476 1924 4531 bus
1950 4472 2119 4546 pedes
2145 4483 2420 4547 teguntur,
2450 4474 2523 4529 ita
2550 4479 2607 4527 et
2633 4480 2821 4527 eorum
2848 4470 3000 4542 quasi
3030 4468 3262 4539 quadam
3310 4466 3407 4521 tie-

123 4584 298 4629 ssrtem
318 4576 611 4646 justorunt
649 4570 824 4644 (Psal.
846 4587 1033 4638 cxxxv,
1059 4572 1138 4644 ὅ).
1168 4572 1343 4641 Quam
1376 4574 1558 4643 itaque
1612 4573 1721 4628 vir-

1824 4570 2179 4625 corticatione
2198 4585 2258 4625 se
2283 4568 2550 4625 muniunt.
2578 4567 2710 4622 Nam
2760 4567 2901 4621 sicut
2947 4564 3002 4619 in
3052 4563 3261 4617 duobus
3291 4558 3409 4616 istis

124 4622 609 4646 ,νηηηηηηφ
653 4622 697 4644 κ-
852 4622 1033 4638 ηπ,
1063 4622 1136 4644 _,_
1175 4622 1343 4641 ηπ---
1376 4622 1556 4643 ___,_-
2202 4622 2251 4625 ἡ,

120 4685 227 4739 gara
258 4668 794 4733 monuitDominus,
821 4683 889 4723 ne
909 4668 992 4723 sui
1030 4667 1236 4725 ferrent
1265 4668 1318 4724 in
1341 4669 1427 4723 vis
1449 4668 1714 4740 discipuli,
1750 4622 1798 4686 ι)
1824 4661 2171 4732 evangelistis
2219 4661 2508 4717 contraria.
2526 4659 2809 4731 iubentur,
2843 4657 2897 4712 in
2934 4654 3186 4711 Matthteo
3219 4652 3409 4710 videli-

119 4774 226 4828 qtue
252 4760 534 4816 Christus
562 4769 667 4825 est,
693 4774 761 4815 ne
795 4759 893 4814 sub
918 4758 1140 4815 obtentu
1186 4758 1382 4815 debitae
1413 4762 1717 4830 potestatis,

115 4869 208 4922 qua
232 4853 395 4925 digni
443 4854 607 4905 erant
648 4851 920 4916 mercede,
945 4864 1039 4906 sua
1063 4850 1359 4921 cupiditate
1375 4858 1716 4921 sumptuosa,

115 4948 256 5015 quasi
306 4962 381 5002 ea
428 4944 681 5007 licentia,
733 4957 861 4999 suos
907 4941 1203 5015 adiigerent
1252 4943 1547 4999 auditores.
1600 4943 1718 4999 Non

110 5042 243 5109 quod
270 5042 360 5097 eis
388 5036 659 5095 manibus
688 5052 795 5092 non
820 5036 1011 5093 liceret
1034 5037 1235 5093 victum
1266 5050 1512 5107 quaerere
1536 5052 1719 5095 neces-

111 5135 329 5199 sarium,
362 5135 525 5190 sicut
551 5129 775 5194 Paulus,
805 5137 862 5185 et
904 5129 992 5185 alii
1031 5128 1403 5200 operabantur
1446 5133 1716 5200 manibus,

108 5241 167 5279 ne
194 5228 299 5283 hac
341 5231 650 5280 uterentur
674 5229 975 5294 potestate;
1007 5221 1101 5278 sed
1144 5221 1418 5278 licentiam
1445 5224 1716 5290 concedit,

109 5319 224 5373 dum
245 5320 395 5376 dicit
420 5334 440 5371 :

172 5410 389 5481 Dignus
416 5414 504 5462 est
531 5405 805 5474 operarius
844 5403 1079 5459 mercede
1107 5418 1227 5458 sua.
1256 5403 1432 5475 Atque
1462 5404 1595 5459 nihil
1639 5404 1718 5458 fe-

106 5503 329 5557 rendum
348 5503 414 5557 in
448 5500 535 5554 via
554 5499 659 5554 nisi
679 5501 886 5570 virgam
904 5505 1113 5553 tantum
1138 5499 1447 5566 mandatur,
1471 5515 1541 5555 ex
1562 5499 1715 5569 cuius

104 5594 353 5663 pmicetn
364 5599 655 5665 potestate
679 5602 800 5660 qua
816 5590 1124 5646 necessaria
1147 5591 1559 5655 suntadi’utura,
1583 5590 1715 5646 nulli

104 5689 400 5742 doctorum
420 5684 666 5741 fidelium
678 5682 1033 5738 dubitandum
1049 5682 1248 5756 (Ea-od.
1270 5699 1345 5749 tv,
1360 5684 1473 5755 20).
1496 5683 1613 5753 ipsa
1628 5690 1714 5740 est
1729 5714 1734 5720 -

103 5782 240 5834 rnim
262 5782 441 5850 virga
458 5777 525 5831 de
552 5777 735 5832 radice
754 5775 933 5842 lesse,
954 5786 1116 5845 quam
1145 5774 1356 5847 Moyses
1379 5776 1508 5834 olim
1529 5792 1712 5834 secum

103 5875 241 5939 tulit,
280 5883 343 5927 et
382 5872 447 5925 in
480 5867 637 5940 cuius
662 5874 932 5941 potestate
974 5867 1209 5941 plurima
1238 5868 1516 5951 sigtiorum
1546 5870 1721 5945 gessit

1824 4763 1909 4810 cet
1934 4763 1991 4810 et
2029 4753 2214 4809 Marco
2240 4768 2257 4808 τ
2290 4755 2363 4809 ita
2392 4761 2449 4808 et
2478 4752 2642 4807 aliubi
2671 4752 2742 4807 ab
2762 4750 2953 4806 eodem
2984 4749 3210 4804 Domino
3247 4747 3409 4819 jube-

1824 4854 1911 4900 tdr
1933 4855 2122 4901 sancto
2148 4845 2319 4918 Moysi
2349 4863 2363 4899 :
2397 4844 2573 4910 Solve,
2606 4843 2795 4915 induit,
2822 4842 3175 4898 calceamenta
3204 4838 3269 4892 de
3315 4852 3408 4907 pe-

1822 4937 1975 4991 dibus
2003 4939 2105 4992 luis
2130 4938 2328 5008 (Exod.
2357 4952 2442 5003 ut,
2471 4936 2561 5009 5);
2590 4945 2644 4992 et
2683 4936 2846 4993 Josue
2880 4934 3132 4991 similiter
3184 4931 3321 5003 (los.
3350 4943 3406 4995 v,

1826 5027 1934 5097 l5),
1961 5028 2012 5082 in
2040 5031 2375 5085 comestione
2397 5042 2527 5084 vero
2549 5030 2671 5101 agni
2705 5029 2862 5101 longe
2884 5025 3043 5082 aliter
3064 5023 3405 5096 prtudicatur.

1824 5125 1914 5179 Ait
1936 5125 2081 5180 enim
2105 5126 2176 5181 ita
2211 5144 2224 5180 :
2258 5125 2351 5182 Sic
2369 5135 2543 5180 autem
2585 5124 2860 5181 comedetis
2885 5122 3035 5177 illum
3072 5137 3090 5175 :
3134 5118 3297 5173 lumbi
3331 5128 3410 5172 be-

1822 5203 1919 5272 stri
1951 5220 2054 5273 sint
2073 5219 2359 5291 praecincti,
2387 5228 2435 5274 et
2458 5218 2807 5274 calceamenta
2837 5212 3088 5272 habebitis
3113 5215 3169 5269 in
3192 5211 3409 5286 pedibus

1823 5312 2005 5366 vestris
2029 5310 2227 5384 (Exod.
2252 5326 2351 5378 xn,
2384 5310 2494 5381 ii).
2520 5309 2689 5367 Porro
2713 5311 2901 5382 Agnus
2930 5309 3026 5366 Dei
3062 5322 3221 5363 verus
3247 5304 3405 5361 Citri-

1820 5413 1936 5461 sius
1963 5410 2067 5468 est,
2114 5408 2275 5473 quem
2323 5402 2559 5460 Joannes
2599 5402 2931 5459 demonstrat
2961 5415 2976 5455 :
3004 5400 3152 5463 Ecce,
3209 5396 3405 5470 inquit,

1823 5498 1999 5568 Agnus
2026 5497 2118 5552 Dei
2140 5539 2154 5563 ,
2175 5512 2291 5552 ecce
2306 5498 2394 5567 qui
2425 5496 2557 5551 tollit
2582 5505 2793 5567 peccata
2817 5495 3002 5550 mundi
3016 5492 3071 5565 (J
3077 5511 3197 5549 orm.
3219 5510 3257 5560 l,
3287 5490 3401 5567 ‘29).

1823 5589 1991 5660 Hujus
2017 5604 2148 5661 ergo
2171 5598 2279 5644 iatn
2303 5587 2488 5643 fideles
2510 5588 2562 5642 in
2603 5585 2905 5642 ministerio
2935 5587 3178 5657 corporis
3198 5597 3251 5642 et
3282 5599 3406 5644 san-

1821 5681 2001 5752 guinis
2032 5681 2271 5745 Domini,
2322 5695 2481 5749 quam
2533 5676 2693 5734 simul
2739 5678 2977 5736 universi
3034 5684 3317 5738 credentes
3347 5687 3404 5738 in

1820 5775 1947 5843 ﬁde,
1977 5776 2051 5830 ita
2087 5777 2349 5832 debemus
2372 5776 2554 5843 edere,
2596 5777 2877 5848 nostrique
2914 5779 3095 5836 cordis
3126 5778 3404 5837 interiori-

1818 5868 1919 5926 bus
1950 5869 2354 5937 commendare,
2393 5877 2455 5927 ut
2483 5884 2589 5926 non
2634 5868 2806 5928 solum
2839 5868 3051 5931 lumbos
3085 5876 3407 5949 praecinctos
