4004 6362
563 342 692 401 ,415

1386 335 1445 391 S.
1485 334 1846 393 PASCHASII
1885 334 2233 393 RADBER'H
2269 336 2564 395 ABBATIS
2602 338 3052 396 CORBEIENSIS

3771 341 3886 402 416

591 455 888 512 habeamus
914 452 1194 518 castitate,
1227 465 1418 507 verum
1443 451 1609 508 etiam
1639 451 1866 508 calceati
1911 452 2082 508 simus
2127 451 2182 507 in
2209 456 2262 516 Α
2286 453 2425 512 facie
2454 455 2522 510 ad
2552 455 2778 522 faciem;
2809 456 2899 511 ubi
2927 471 3033 510 non
3067 457 3173 511 erit
3206 455 3407 527 aliquid
3457 465 3705 529 opertum
3737 460 3889 527 quod

584 547 982 618 praeparatione
1012 542 1289 615 Evangelii
1317 541 1486 615 488
1536 543 1706 614 pacis,
1753 544 2009 615 quoniam
2039 544 2184 598 sicut

587 638 954 696 calceamenta
983 635 1231 693 carnales
1260 637 1511 691 muniunt
1535 636 1722 707 pedes,
1745 645 1801 692 et
1827 637 2180 708 asperitatem

585 731 806 804 frigoris
850 729 1168 796 defendunt,
1223 730 1554 798 serpentium
1605 745 1821 801 quoque
1887 731 2180 796 morsibus,

585 825 674 881 vel
721 827 1004 896 spinarum
1059 824 1320 880 resistunt
1368 823 1612 879 aculeis:
1650 825 1722 880 ita
1770 825 2179 896 Scripturarum

584 923 880 986 praecepta,
908 915 1107 984 quibus
1135 929 1354 984 gressus
1399 923 1711 970 nostrarum
1758 919 2024 971 mentium
2062 933 2184 971 mu-

587 1010 710 1066 nire
759 1010 1130 1081 praecipimur,
1170 1007 1437 1079 repellunt
1464 1010 1731 1079 serpentis
1773 1009 1972 1067 diaboli
2009 1010 2180 1076 dolos,

588 1113 644 1158 et
669 1104 1032 1173 asperrimum
1059 1103 1329 1173 aquilonis
1357 1102 1552 1174 frigus,
1605 1119 1670 1158 ac
1710 1103 1909 1160 deinde
1937 1105 2182 1176 gentium

587 1209 651 1249 ac
681 1194 1060 1252 haereticorum
1104 1194 1343 1264 undique
1368 1195 1844 1265 compugnantium
1890 1196 2075 1266 spinas
2118 1212 2184 1252 ac

589 1287 832 1343 tribulos.
864 1288 1180 1358 Hujusmodi
1209 1300 1340 1358 ergo
1368 1285 1756 1342 calceamentis
1779 1288 1858 1342 uti
1900 1287 2180 1353 debemus,

588 1389 857 1451 quotquot
886 1381 1096 1436 Pascha
1126 1379 1470 1436 Dominicum
1495 1379 1857 1436 celebramus.
1893 1379 2035 1447 Quid
2054 1395 2186 1453 ergo

589 1473 830 1542 prodest,
876 1475 924 1528 si
953 1473 1167 1528 lumbos
1207 1472 1465 1527 castitate
1523 1472 1692 1528 habes
1741 1474 2085 1544 praecinctos,
2129 1482 2187 1530 et

591 1566 758 1620 lucris
783 1564 1052 1630 incautus,
1073 1581 1138 1620 ac
1156 1565 1202 1620 si
1229 1565 1530 1620 munimine
1551 1564 1954 1636 Scripturarum
1979 1578 2189 1624 sancta-

590 1671 729 1721 rum,
770 1658 923 1727 quasi
971 1657 1469 1713 calceamentorum
1513 1656 1778 1728 pellibus,
1824 1660 2188 1730 exspoliatus?

576 1747 852 1817 Novium:
878 1764 1112 1820 namque
1145 1750 1286 1820 quod
1317 1751 1522 1806 dictum
1553 1759 1639 1806 est
1665 1751 1913 1808 diabolo:
1940 1753 2010 1808 Et
2036 1764 2094 1809 tu
2114 1757 2190 1809 in-

2285 563 2392 603 non
2423 547 2772 614 revelabitur,
2812 558 2866 603 et
2914 548 3186 604 occultum
3227 549 3370 619 quod
3419 565 3526 605 non
3555 551 3786 607 scietur.
3820 551 3888 606 Et

2284 649 2568 710 propterea
2596 641 2649 695 in
2675 641 2778 696 hoc
2805 633 3093 711 Evangelia
3119 641 3488 698 calceamenta
3518 643 3890 714 prohibentur

2283 737 2500 800 portare
2546 730 2808 799 apostoli,
2851 746 2972 785 cum
3000 731 3198 786 dicitur
3227 732 3307 787 eis
3345 751 3360 786 :
3397 731 3574 788 Nolite
3613 735 3890 804 possidere

2285 839 2500 889 aurum,
2535 834 2590 880 et
2618 831 2742 892 post
2772 841 2962 896 pauca,
2991 842 3155 898 neque
3179 825 3558 894 calceamenta,
3587 846 3759 899 neque
3791 830 3891 883 vir-

2284 935 2428 988 gam.
2495 917 2708 976 Marcus
2748 935 2879 975 vero
2925 921 3002 976 ait
3053 920 3195 991 quod
3231 920 3460 990 jusserit
3505 923 3779 978 Dominus
3821 941 3891 980 ne

2263 1008 2414 1076 ,qnid
2452 1024 2636 1064 secum
2679 1008 2932 1066 tollerent
2968 1011 3022 1066 in
3051 1012 3160 1077 via,
3190 1013 3294 1068 nisi
3323 1014 3530 1086 virgam
3563 1023 3805 1080 tantum,
3837 1026 3893 1071 et

2288 1100 2576 1168 calceatos,
2612 1110 2673 1157 ut
2693 1102 2824 1169 dixi,
2858 1104 3118 1159 sandaliis
3149 1105 3414 1161 haberent
3441 1107 3627 1176 pedes.
3668 1107 3737 1163 Ut
3770 1124 3893 1162 ver-

2286 1193 2416 1248 bum
2448 1193 2564 1259 Dci,
2603 1210 2667 1250 ac
2707 1196 2753 1251 si
2783 1196 3081 1252 calceatum
3112 1206 3168 1252 et
3193 1207 3504 1253 contectum
3534 1199 3588 1253 in
3622 1201 3894 1270 mysterio

2285 1293 2508 1359 propter
2533 1286 2718 1356 spinas
2749 1295 2805 1342 et
2837 1287 3060 1343 tribulos
3100 1288 3616 1359 blasphemantium,
3651 1307 3756 1346 nec
3785 1309 3891 1346 non

2289 1379 2766 1450 et'hazreticorum
2809 1396 3014 1437 venena
3053 1383 3370 1453 przedicent,
3403 1401 3470 1440 ne
3500 1394 3694 1440 sancta
3743 1389 3895 1441 cani-

2267 1469 2390 1525 .bus
2417 1471 2726 1540 pandantur
2768 1474 3048 1540 continuo,
3087 1483 3140 1528 et
3167 1477 3348 1547 porcis
3377 1477 3615 1546 pretiosa
3658 1494 3895 1548 quaeque

2289 1561 2660 1632 projiciantur.
2701 1563 2979 1626 Porroad
3026 1581 3118 1622 eos
3155 1567 3246 1637 qui
3287 1566 3427 1622 ﬁdeli
3468 1577 3655 1624 mente
3696 1586 3764 1624 ac
3801 1572 3893 1624 de-

2289 1667 2414 1710 vota
2462 1657 2703 1720 audiunt,
2752 1673 2990 1729 sanaque
3037 1658 3340 1715 intentione
3383 1676 3502 1731 qua:
3536 1662 3725 1717 divina
3766 1675 3894 1718 sunt

2294 1747 2437 1802 scire
2469 1749 2799 1814 desiderant,
2827 1750 2982 1820 quasi
3018 1749 3131 1818 jam
3163 1751 3218 1805 in
3250 1761 3394 1806 terra
3423 1763 3610 1808 sancta
3636 1756 3896 1824 gradien-

587 1842 865 1898 sidiabm'.
910 1843 1157 1898 calcaneo
1216 1845 1332 1914 ejus
1387 1842 1540 1915 (Gen,
1588 1861 1672 1912 ιιι,
1700 1845 1811 1918 15),
1844 1846 2023 1903 Multae
2057 1858 2185 1904 sum
2212 1829 2259 1890 B
2290 1848 2390 1904 tes,
2421 1854 2486 1894 ac
2513 1839 2558 1895 si
2590 1839 2816 1910 perfecti
2863 1841 2918 1896 in
2954 1841 3058 1897 ﬁde
3099 1841 3358 1912 iubentur
3389 1846 3587 1899 merito
3612 1861 3725 1901 non
3775 1863 3896 1916 por-

588 1933 805 2002 quidem
831 1934 1042 1990 insidiae
1065 1936 1205 2005 ejus,
1231 1935 1430 2005 quibus
1448 1935 1692 2005 quotidie
1719 1937 2089 1994 vulneramur.
2116 1940 2185 1995 Et

592 2024 712 2080 ideo
728 2042 834 2081 non
858 2027 976 2082 sine
1006 2027 1213 2098 ingenti
1237 2027 1449 2084 ratione
1487 2029 1557 2084 ab
1581 2044 1690 2084 uno
1728 2030 2183 2111 evangelistarum

581 2116 797 2178 dictum
824 2126 928 2181 est.
959 2125 1019 2172 ut
1067 2117 1341 2174 calceatos
1372 2119 1540 2190 pedes
1582 2121 1840 2177 sandaliis
1867 2122 2182 2191 habeamus,

593 2208 726 2262 etin
753 2207 882 2273 alio,
915 2223 1016 2264 nec
1057 2209 1430 2265 calceamenta
1485 2211 1538 2266 in
1579 2213 1667 2268 via
1711 2210 1972 2271 feramus.
2006 2215 2100 2272 Sic
2132 2225 2188 2273 et

594 2300 646 2354 in
676 2299 855 2356 Veteri
886 2301 1237 2360 Testamento
1266 2304 1392 2359 dum
1421 2304 1631 2362 Pascha
1674 2309 2034 2376 comedimus,
2067 2309 2183 2365 cal-

593 2393 729 2450 ceati
757 2409 876 2451 esse
897 2393 1275 2467 jubemur.gEt
1302 2398 1494 2470 Moysi,
1530 2416 1593 2456 ac
1639 2399 1768 2458 Jesu
1817 2403 1986 2470 Nave,
2027 2403 2186 2476 longe

595 2485 757 2540 aliter
778 2497 1106 2558 praeceptum
1131 2489 1382 2561 legimus.
1423 2490 1529 2547 Sed
1553 2493 1600 2547 si
1638 2495 1773 2549 ordo
1801 2504 1856 2568 et
1883 2495 2023 2552 ratio
2052 2511 2185 2552 con-

593 2579 881 2647 sideretur,
919 2597 1040 2637 mox
1066 2592 1218 2638 tanta
1249 2583 1537 2641 diversitas
1557 2585 1761 2656 absque
1787 2588 2044 2659 ambiguo
2072 2588 2184 2645 sol-

591 2669 756 2738 vitur,
782 2671 910 2728 dum
931 2674 1116 2729 statim
1133 2675 1249 2746 ipsa
1269 2690 1436 2732 causa
1465 2677 1716 2732 subditur
1743 2695 1755 2730 :
1784 2676 1960 2744 Solve,
1990 2679 2186 2749 inquit,

592 2762 947 2819 calceamenta
975 2765 1042 2820 de
1071 2767 1290 2835 pedibus
1321 2769 1446 2832 tuis,
1494 2767 1639 2822 locus
1665 2770 1802 2824 enim
1847 2771 1901 2823 in
1931 2787 2032 2842 quo
2057 2781 2184 2837 stas,

594 2866 735 2911 terra
765 2867 950 2912 sancta
974 2870 1049 2912 est
1080 2856 1278 2930 (Exod.
1304 2876 1392 2925 ιιι,
1423 2861 1500 2932 5).
1525 2861 1840 2917 Ostenditur
1888 2877 2019 2932 ergo
2047 2873 2191 2920 terra

597 2946 840 3018 Egypti,
882 2949 972 3003 ubi
1001 2950 1166 3003 datur
1203 2953 1495 3020 prtcceptio
1535 2954 1780 3008 mandati
1837 2955 2087 3023 superior
2123 2956 2191 3011 de

595 3038 827 3106 Pascha,
858 3040 1004 3110 quod
1029 3050 1172 3096 terra
1204 3053 1392 3097 sancta
1419 3054 1524 3109 est,
1580 3054 1635 3099 et
1681 3046 1802 3101 ideo
1857 3030 2054 3118 populo
2095 3049 2190 3104 Dei

597 3132 846 3186 habenda
877 3132 951 3188 ibi
976 3134 1304 3190 mandantur
1355 3137 1730 3194 calceamenta
1780 3149 1834 3194 et
1869 3151 2088 3212 portare
2131 3143 2187 3197 in

599 3223 844 3291 pedibus,
869 3224 923 3278 in
952 3232 1140 3280 sancta
1171 3235 1353 3282 autem
1378 3236 1521 3284 terra
1565 3229 1860 3286 decernunt
1912 3233 2187 3289 solvenda.

599 3313 748 3381 Quas
777 3324 958 3371 tamen
987 3331 1180 3372 causas
1219 3318 1507 3391 diligenter
1556 3322 1908 3379 considerare
1956 3333 2190 3394 oportet,

598 3405 724 3474 quia
749 3422 943 3479 magna
962 3409 1014 3463 in
1037 3424 1095 3464 se
1110 3421 1536 3480 praemonstrant
1557 3424 1925 3471 sacramenta.
1945 3415 2192 3483 Quandiu

594 3514 724 3570 ergo
762 3501 816 3556 in
848 3501 952 3558 hac
983 3503 1218 3576 Egypto
1257 3521 1559 3574 versamur,
1591 3518 1809 3579 oportet
1850 3525 1950 3565 nos
1983 3509 2193 3565 Pascha

598 3590 810 3647 Domini
838 3594 1204 3664 celebrantes,
1231 3597 1490 3656 calceatis
1535 3599 1764 3672 pedibus
1815 3600 2093 3676 incedere,
2138 3611 2194 3656 et

597 3701 876 3744 sacrarum
910 3688 1315 3762 Scripturarum
1347 3696 1675 3763 tegumentis
1700 3696 1914 3752 munire
1964 3712 2188 3767 gressus

597 3788 834 3847 nostros,
883 3783 1012 3853 quia
1062 3793 1212 3840 tutus
1254 3801 1361 3841 non
1388 3795 1473 3842 est
1527 3787 1773 3845 incessus
1816 3799 2023 3856 noster,
2081 3791 2186 3846 nisi

598 3877 870 3932 mandatis
928 3877 1227 3934 Dominicis
1263 3891 1663 3949 praestruantur
1711 3899 1774 3938 ac
1830 3893 2190 3955 contegantur

596 3968 781 4041 pedes,
818 3985 927 4040 quo
949 3985 1121 4042 usque
1151 3972 1414 4029 intremus
1450 3975 1504 4029 iu
1529 3974 1675 4030 illam
1703 3985 1907 4032 sanctae
1951 3978 2188 4047 promis-

599 4061 772 4129 sionis
800 4071 1020 4126 terram,
1047 4079 1169 4134 quae
1187 4065 1348 4135 justis
1369 4065 1619 4132 debetur,
1651 4077 1706 4123 et
1751 4067 1941 4123 electis
1976 4069 2069 4124 Dei
2109 4077 2193 4124 est

597 4164 935 4228 prmparata;
975 4157 1042 4213 de
1069 4172 1173 4226 qua
1203 4159 1406 4213 dictum
1464 4169 1546 4215 est
1580 4159 1774 4215 :Beati
1833 4160 2003 4225 mites,
2063 4162 2190 4232 quia

598 4247 701 4319 ipsi
729 4249 1066 4318 possidebunt
1091 4259 1285 4304 terram
1334 4249 1550 4320 (Matth.
1582 4267 1636 4317 v,
1677 4251 1780 4321 4);
1836 4252 1892 4307 in
1945 4267 2050 4323 qua
2081 4268 2190 4309 non

603 4349 727 4396 sunt
761 4342 929 4411 spinae
948 4351 1004 4397 et
1037 4342 1243 4408 tribuli,
1274 4342 1326 4397 in
1355 4357 1462 4413 qua
1495 4358 1603 4399 non
1634 4351 1760 4399 sunt
1806 4353 2093 4415 serpentes
2137 4353 2194 4400 et

604 4433 828 4502 scorpii,
861 4433 951 4488 ubi
981 4433 1228 4490 diabolus
1252 4449 1375 4491 cum
1403 4435 1516 4491 suis
1537 4450 1642 4491 non
1667 4436 1878 4492 accedit
1903 4435 2188 4493 ministris.

604 4525 876 4582 Habemus
917 4535 974 4582 et
1013 4527 1302 4583 Dominum
1348 4529 1556 4595 Jesum,
1596 4540 1655 4584 ut
1693 4529 1854 4601 paulo
1903 4540 2028 4586 ante
2075 4529 2189 4599 jam
2216 4560 2270 4622 Β

599 4617 732 4681 dixi,
747 4615 956 4673 Joanne
970 4625 1127 4685 teste,
1146 4618 1313 4675 fuisse
1325 4619 1624 4676 calceatum
1643 4638 1656 4674 :
1676 4620 1843 4692 Cujus
1857 4639 1972 4692 ego,
1994 4621 2186 4691 inquit,

597 4708 766 4780 489
790 4726 893 4764 non
918 4727 1033 4766 sum
1067 4710 1258 4782 dignus
1283 4713 1562 4783 corrigiam
1587 4711 2076 4767 calceamentorum
2087 4712 2193 4767 sol-

599 4815 714 4855 vere
751 4797 931 4868 (Joan.
960 4816 1001 4866 ι,
1024 4800 1139 4872 27).
1170 4800 1276 4857 Sed
1307 4801 1462 4874 longe
1493 4800 1597 4857 alia
1635 4801 1691 4856 in
1721 4800 1942 4857 Christo
1969 4811 2056 4858 est
2102 4818 2190 4858 ra-

603 4887 697 4944 tio.
743 4887 835 4943 llle
878 4903 984 4944 non
1015 4901 1238 4960 propter
1277 4906 1336 4946 se
1365 4893 1641 4948 calceatus
1678 4900 1785 4959 est,
1815 4893 1869 4950 id
1898 4902 1982 4949 est
2023 4909 2188 4950 carne

600 4980 851 5055 vestitus,
881 4980 1136 5050 quoniam
1183 4990 1329 5036 terra
1371 4984 1643 5040 sustinere
1679 4999 1786 5040 non
1825 4993 2042 5056 poterat
2069 5002 2187 5042 ma-

592 5071 808 5142 iestatis
837 5073 956 5146 ejus
983 5074 1127 5130 nuda
1154 5075 1402 5146 vestigia.
1429 5075 1537 5132 Sed
1580 5086 1638 5132 ct
1679 5077 2046 5133 calceamenta
2075 5077 2191 5147 ejus

601 5181 724 5222 cum
771 5165 933 5230 dicit,
978 5181 1197 5238 gressus
1237 5167 1478 5222 ostendit
1520 5176 1833 5223 sanctarum
1877 5167 2192 5238 Scriptura-

601 5274 745 5325 rum,
784 5259 980 5331 quibus
1004 5261 1250 5332 graditur
1287 5270 1345 5317 et
1377 5271 1632 5333 peragrat
1665 5260 1886 5319 habitus
1909 5271 1966 5318 et
2002 5263 2190 5318 notitia

601 5351 719 5420 ejus
760 5351 814 5407 in
837 5366 1028 5408 omnes
1054 5367 1224 5424 usque
1252 5352 1345 5423 qui
1376 5353 1625 5409 habitant
1650 5368 1813 5424 supra
1855 5362 2082 5411 terram.
2120 5354 2200 5422 Et,

604 5445 727 5501 ideo
770 5444 1008 5504 Joannes
1053 5446 1330 5518 indignum
1377 5461 1436 5502 se
1477 5445 1703 5515 judicat,
1733 5447 1826 5518 qui
1866 5446 2044 5502 solvat
2069 5461 2191 5502 cor—

605 5536 742 5609 rigia
789 5536 1280 5595 calceamentorum
1333 5535 1451 5607 ejus
1497 5555 1510 5593 :
1567 5537 1694 5608 quia
1745 5538 1902 5608 quasi
1955 5536 2194 5593 calceata

604 5629 783 5685 adhuc
811 5629 866 5684 in
893 5630 997 5686 isto
1023 5632 1220 5688 saeculo
1249 5632 1402 5688 verbi
1445 5630 1542 5688 Dei
1568 5631 1873 5688 veneranda
1901 5631 2197 5702 probantur

603 5721 850 5793 vestigia,
885 5737 1005 5792 qua:
1046 5725 1327 5780 exsolvere
1371 5724 1439 5781 ad
1485 5723 1746 5795 liquidum
1792 5739 1951 5779 nemo
1995 5729 2194 5796 potest.

605 5813 740 5884 Quia
769 5817 926 5873 modo
954 5833 1049 5887 per
1074 5819 1354 5887 speculum
1381 5819 1627 5876 videmus
1653 5819 1708 5874 in
1732 5819 2038 5889 aenigmate,
2071 5827 2199 5874 tunc

2217 3190 2267 3255 C

2291 1941 2409 1987 tare
2445 1932 2840 1998 calceamenta,
2874 1935 3071 2004 quibus
3102 1936 3279 1991 securi
3311 1947 3541 2007 possunt
3569 1939 3717 1993 nuda
3752 1937 3898 1994 Scri.

2288 2032 2578 2095 pturarum
2615 2023 2861 2094 proferre
2891 2026 3222 2093 testimonia,
3266 2037 3322 2083 et
3352 2029 3559 2099 apertis
3590 2029 3708 2085 illic
3747 2031 3898 2086 ince-

2289 2117 2416 2172 dere
2462 2118 2722 2188 vestigiis,
2763 2127 2817 2172 et
2856 2120 3036 2174 divina
3083 2135 3328 2177 reserare
3391 2137 3612 2178 arcana.
3657 2123 3725 2179 Et
3769 2126 3900 2180 ideo

2288 2208 2503 2276 Petrus,
2539 2210 2762 2281 jubente
2786 2212 2976 2283 angelo
3003 2212 3141 2284 (Act.
3169 2230 3246 2269 xu
3269 2255 3284 2279 ,
3313 2213 3392 2286 8,)
3426 2215 3692 2272 calceavit
3733 2233 3801 2272 se
3851 2220 3901 2274 in

2278 2318 2508 2370 carcere
2543 2303 2924 2359 calceamentis
2964 2305 3098 2370 suis,
3131 2314 3188 2361 et
3213 2306 3292 2360 sic
3319 2307 3452 2361 exiit
3480 2307 3550 2362 ad
3577 2309 3772 2364 hostes
3805 2308 3902 2365 Ju-

2289 2394 2458 2460 daeos,
2491 2403 2548 2450 et
2573 2395 2911 2452 adversarias
2940 2405 3256 2468 potestates,
3292 2406 3352 2452 ut
3380 2397 3639 2454 calceatis
3665 2401 3903 2469 pedibus

2290 2486 2343 2540 in
2371 2488 2764 2557 przeparatione
2791 2486 3091 2558 Evangelii,
3117 2487 3358 2543 calcaret
3393 2504 3558 2559 super
3583 2502 3899 2561 serpenta,

2290 2589 2345 2633 et
2396 2579 2734 2649 scorpiones,
2784 2589 2840 2635 et
2887 2595 3051 2650 super
3095 2596 3310 2636 omnem
3355 2582 3615 2638 virtutem
3665 2586 3899 2640 mimici.

2292 2669 2400 2726 Sed
2427 2680 2483 2724 et
2524 2686 2723 2741 sponsa
2772 2671 2826 2725 in
2859 2672 3100 2727 Canticis
3144 2672 3398 2727 laudatur
3437 2673 3669 2745 pulchra
3704 2676 3760 2729 in
3795 2677 3900 2731 cal-

2291 2761 2609 2826 ceamentis,
2640 2761 2896 2831 quoniam
2923 2771 2977 2817 et
3016 2763 3131 2834 ipsa
3171 2763 3309 2818 sicut
3339 2763 3506 2819 lilium
3536 2765 3687 2820 inter
3713 2767 3901 2837 spinas

2291 2850 2488 2908 ﬂorere
2509 2861 2964 2931 commemoratur
2985 2853 3163 2926 (Cant.
3188 2871 3283 2922 vu,
3304 2857 3363 2923 l;
3393 2873 3453 2921 ιι,
3469 2857 3548 2927 2).
3564 2857 3785 2914 Idcirco
3807 2876 3903 2931 per

2293 2945 2567 3000 desertum
2597 2930 2856 3000 incedens
2899 2945 3059 3017 hujus
3093 2947 3277 3002 steculi
3309 2949 3550 3004 calceata
3573 2951 3645 3005 sit
3670 2930 3903 3009 necesse

2293 3045 2406 3099 est,
2438 3052 2506 3091 ne
2548 3037 2774 3091 laedatur
2824 3023 3158 3107 serpentium
3207 3039 3501 3100 morsibus.
3545 3041 3630 3096 vel
3684 3045 3901 3111 peccati

2298 3126 2516 3182 aculeis.
2545 3125 2679 3182 Nam
2707 3137 2760 3182 et
2790 3127 3000 3198 Moyses
3029 3129 3161 3184 dicit
3192 3130 3246 3184 in
3291 3131 3766 3189 benedictionibus
3789 3139 3903 3190 suis

2297 3236 2433 3291 quas
2461 3220 2644 3276 lsraeli
2673 3224 2974 3292 proposuit,
3003 3223 3054 3278 in
3085 3239 3319 3294 persona
3353 3223 3554 3281 Christi
3581 3244 3594 3278 :
3633 3225 3900 3292 Ferrum,

2295 3315 2504 3386 inquit,
2535 3325 2584 3369 et
2605 3332 2676 3370 trs
2715 3317 3122 3372 calceamentum
3153 3328 3299 3372 tuum
3345 3318 3532 3388 (Deut.
3554 3335 3754 3387 sum,
3783 3322 3902 3392 25),

2295 3425 2414 3480 quae
2444 3408 2550 3464 duo
2574 3409 2794 3464 metalla
2823 3410 2979 3465 valde
3008 3409 3169 3466 fortia
3193 3411 3465 3466 videntur.
3497 3411 3677 3468 Unum
3706 3429 3902 3470 eorum

2291 3502 2650 3582 [interminuat
2681 3509 2734 3556 et
2768 3502 3091 3575 confringat,
3123 3519 3460 3575 quaecunque
3495 3505 3630 3562 dura
3662 3523 3794 3563 esse
3826 3513 3904 3563 γί-

2297 3601 2495 3654 dentur
2520 3619 2532 3654 :
2563 3599 2709 3654 aliud
2738 3615 2892 3664 vero,
2921 3609 2979 3653 ut
3011 3599 3158 3655 nullo
3184 3615 3421 3670 unquam
3457 3609 3701 3671 tempore
3729 3600 3908 3673 5,90

2296 3696 2554 3766 aeruginis
2587 3695 2720 3750 vitio
2755 3688 3227 3750 consumatur.’Et
3253 3696 3374 3751 ideo
3403 3710 3467 3751 ac
3497 3696 3541 3750 si
3571 3696 3656 3750 his
3684 3696 3908 3752 calcea-

2297 3797 2402 3854 tus,
2445 3787 2693 3844 Christus
2719 3787 2869 3842 venit
2915 3796 2974 3840 ut
3003 3787 3238 3843 calcaret
3262 3796 3317 3843 et
3349 3797 3657 3842 contereret
3705 3792 3906 3844 omnia

2295 3881 2476 3949 capita
2508 3879 2782 3944 draconis,
2812 3886 2868 3931 et
2900 3877 3266 3948 confringeret
3300 3893 3516 3932 omnem
3564 3888 3907 3948 potestatem

2297 3973 2538 4036 inimici;
2573 3985 2747 4041 neque
2776 3969 2897 4024 ullis
2943 3970 2997 4024 in
3049 3969 3245 4026 saeculo
3282 3968 3588 4024 alliceretur
3630 3970 3903 4027 vitiorum

2297 4065 2586 4136 contagiis,
2617 4064 2711 4119 sed
2759 4063 2811 4118 in
2859 4063 3110 4118 omnibus
3153 4063 3672 4137 victorincederet,
3723 4066 3908 4121 donec

2295 4169 2483 4211 omnes
2506 4156 2755 4210 inimicos
2781 4171 2906 4209 suos
2933 4154 3224 4225 redigeret,
3259 4163 3316 4208 et
3339 4164 3641 4225 prostraret
3665 4158 3912 4227 pedibus

2296 4247 2430 4304 suis.
2485 4247 2686 4302 Verum
2735 4246 2899 4301 altius
2949 4245 3457 4320 repetendumest,
3505 4263 3602 4302 cur
3647 4249 3703 4303 in
3741 4253 3913 4305 zonis

2297 4343 2450 4408 auri,
2485 4344 2824 4413 argentique,
2857 4351 2910 4396 et
2938 4341 3293 4414 pecuniarum
3343 4341 3581 4414 pondera
3627 4340 3785 4397 ferre
3830 4345 3912 4398 si-

2296 4443 2525 4508 gnanter
2555 4433 2925 4505 prohibuerit,
2957 4432 3059 4488 nisi
3088 4440 3145 4487 ut
3170 4440 3226 4486 et
3267 4431 3553 4486 avaritiam
3593 4443 3910 4494 resecat-ct,

2295 4536 2352 4582 et
2378 4526 2522 4582 aliud
2548 4540 2616 4580 ex
2648 4525 2733 4580 his
2758 4539 2855 4595 per
2891 4523 3249 4594 tropologiam
3291 4522 3620 4578 ostenderet.
3657 4521 3807 4578 Nam
3850 4526 3908 4579 in

2297 4635 2431 4675 zona
2481 4617 2764 4673 ministerii
2795 4625 3113 4688 apparatum
3143 4625 3201 4671 et
3225 4614 3522 4670 ellicaciam
3565 4615 3751 4683 operis
3805 4617 3914 4672 de-

2295 4710 2492 4780 signat,
2523 4723 2589 4762 ex
2617 4721 2746 4777 quo,
2778 4722 2847 4761 ne
2891 4705 3096 4775 aliquid
3137 4705 3208 4760 sit
3250 4705 3437 4760 venale
3483 4705 3536 4760 in
3582 4705 3915 4760 ministerio

2295 4797 2604 4869 Evangelii,
2631 4811 2935 4862 monemur,
2975 4805 3032 4850 et
3053 4810 3190 4866 opus
3225 4795 3562 4867 apostolatus
3603 4795 3765 4860 auri,
3824 4813 3921 4852 ar-

2293 4891 2551 4963 gentique
2579 4899 2636 4945 et
2660 4889 3012 4960 pecuniarum
3039 4888 3113 4943 sit
3139 4887 3388 4956 lucrum;
3420 4888 3564 4943 unde
3585 4886 3874 4946 Dominus
3903 4910 3917 4945 :

2295 4982 2414 5040 Sint
2444 4983 2607 5038 lumbi
2650 4983 2804 5038 vestri
2846 4982 3113 5053 praecincti
3161 4979 3313 5052 (Luc.
3354 4995 3466 5046 xu,
3502 4977 3615 5048 55).
3661 4979 3747 5033 Ad
3806 4982 3928 5038 hoc

2299 5077 2499 5148 quippe
2525 5074 2782 5146 praecingi
2802 5072 3085 5142 jnbentur,
3127 5087 3234 5142 quo
3260 5070 3622 5142 expeditiores
3656 5070 3727 5126 ad
3757 5086 3927 5143 Opus

2301 5165 2589 5221 ministerii
2622 5166 2777 5219 iiant.
2811 5161 2918 5220 Sed
2949 5171 3004 5219 et
3036 5162 3233 5218 Paulus
3271 5161 3542 5216 calceatos
3571 5161 3740 5231 pedes
3786 5179 3928 5220 mo-

2299 5268 2393 5316 net
2418 5260 2621 5316 habere
2658 5260 2714 5314 in
2747 5258 3150 5329 praeparatione
3177 5255 3453 5327 Evangelii
3483 5255 3636 5325 pacis
3665 5253 3922 5325 (Ephes.

2297 5367 2373 5416 vt,
2403 5350 2524 5423 15),
2568 5350 2815 5421 quamvis
2844 5347 3013 5421 Moysi
3049 5349 3282 5413 dicatur,
3313 5355 3374 5402 ut
3403 5347 3514 5403 dixi
3540 5364 3552 5401 :
3584 5344 3744 5402 Solve
3784 5347 3927 5402 cal-

2296 5454 2563 5500 ceamenta
2586 5444 2649 5498 de
2668 5442 2882 5514 pedibus
2905 5442 3043 5507 tuis;
3069 5439 3213 5495 locus
3237 5440 3374 5495 enim
3397 5441 3453 5494 in
3474 5455 3576 5508 quo
3597 5447 3730 5504 stas,
3751 5447 3930 5495 terra

2297 5545 2480 5592 sancta
2505 5544 2580 5590 est
2617 5533 2817 5606 (Exod.
2853 5549 2946 5594 ιιι,
2976 5531 3054 5605 5).
3097 5531 3179 5586 Ex
3208 5546 3318 5602 quo
3346 5539 3496 5601 patet
3522 5545 3720 5585 sensus
3748 5534 3933 5600 quod

2299 5629 2416 5685 haec
2440 5628 2666 5699 mystica
2697 5634 2840 5690 sunt,
2867 5625 2994 5680 licet
3023 5623 3269 5695 quaedam
3296 5622 3362 5678 ad
3393 5623 3628 5678 litteram
3659 5621 3936 5680 debeant

2299 5721 2606 5785 observari,
2635 5727 2692 5774 et
2720 5718 2842 5774 ideo
2876 5717 3109 5773 calceari
3137 5717 3359 5784 debere,
3383 5732 3452 5772 ne
3477 5715 3653 5787 pulvis
3681 5719 3934 5787 peccati

2301 5813 2579 5869 adhaereat
2623 5810 2918 5881 gressibus.
2947 5808 3102 5876 Quod
3143 5811 3190 5866 si
3227 5808 3574 5867 discalceatis
3611 5808 3666 5864 in
3713 5808 3944 5882 aliquo
