3994 6364
79 335 208 390 417

951 334 1314 393 EXPOSITIO
1350 335 1418 392 IN
1459 335 1900 395 MATTHEUM.
1936 367 2006 378 -—
2042 337 2170 394 LIB.
2208 335 2298 405 Vl,
2337 337 2490 398 CAP.
2533 339 2602 396 Χ.

3290 342 3398 402 H8

77 462 308 502 rursus
363 447 542 518 pulvis
588 445 881 502 adhaeserit
927 448 1290 518 pertldorum,
1343 449 1702 506 excutiendus
1731 449 2055 517 Avitatem,
2097 451 2240 507 unde
2283 451 2426 509 scire
2450 460 2723 523 poterant,
2755 452 2861 509 nisi
2904 468 2973 510 ex
3016 453 3277 512 relatione
3319 460 3396 515 ci-

82 541 304 610 utique
355 538 424 595 de
479 537 742 609 pedibus,
787 554 856 595 ne
905 539 1030 597 ullis
1081 531 1513 614 coinquinemur‘
1551 542 1701 598 frau-
1729 553 1736 570 ‘~

77 633 294 688 dibus.

168 725 373 796 Neque
406 740 608 795 peram,
637 723 840 796 inquit,
869 733 925 781 tn
959 730 1062 794 via,
1092 743 1256 798 neque
1297 728 1432 782 duas
1476 728 1703 783 tunicas.

79 817 462 874 Detruncatis
504 816 671 887 igitur
716 817 964 874 avaritiae
1013 819 1305 885 thesauris,
1354 834 1480 874 mox
1523 819 1703 891 gulam

83 912 365 976 cohibet,
395 919 451 966 et
491 909 669 981 arguit
713 910 1086 982 philosophos,
1115 913 1209 984 qui
1263 913 1518 969 dicuntur
1568 913 1702 969 Bac-

83 1002 372 1058 chionita:
415 1001 503 1056 vel
545 1000 960 1072 Baccroperitm,
987 1004 1100 1075 qui,
1136 1004 1318 1060 omnia
1369 1005 1556 1060 mundi
1607 1020 1706 1075 pro

84 1093 276 1148 nihilo
330 1093 614 1161 ducentes,
659 1095 882 1150 cellaria
925 1111 1109 1152 secum
1149 1098 1416 1154 ferebant.
1463 1097 1704 1166 Quorum

83 1199 246 1238 unus
273 1183 633 1254 supellectilis
661 1200 785 1240 cum
813 1185 948 1241 nihil
985 1202 1170 1243 secum
1213 1187 1400 1253 ferret,
1434 1188 1534 1244 nisi
1581 1203 1707 1243 cau-

85 1290 224 1330 cum
267 1291 382 1345 quo
420 1291 620 1346 aquam
647 1276 879 1343 biberet,
910 1278 1100 1334 videns
1129 1280 1422 1349 quemdam
1449 1280 1704 1336 concavis

81 1366 295 1422 bibere
329 1367 604 1434 manibus,
643 1383 769 1424 mox
801 1370 1036 1441 projecit
1059 1370 1232 1426 illud:
1268 1371 1329 1427 Si
1357 1373 1590 1438 scissent,
1629 1374 1707 1429 in-

83 1459 252 1528 quit,
297 1459 441 1530 quod
479 1470 672 1514 natura
701 1461 838 1516 hanc
881 1463 1125 1518 haberem
1177 1474 1377 1531 artem,
1415 1483 1507 1521 nec
1545 1469 1728 1521 istum-

81 1550 372 1606 tulissem.
413 1550 626 1618 Quanto
660 1552 833 1624 magis
874 1553 1154 1626 indignum
1206 1564 1326 1610 erat
1366 1567 1426 1612 ut
1473 1557 1702 1628 apostoli

82 1643 354 1698 ciborum
393 1659 602 1712 saccos,
642 1646 839 1715 quibus
877 1661 947 1701 ex
993 1647 1287 1720 Evangelio
1320 1650 1567 1722 accipere
1616 1649 1700 1707 t‘as

80 1747 212 1791 crat
245 1740 609 1807 necessaria,
641 1741 821 1796 onusti
872 1741 1097 1798 ferrent.
1132 1745 1518 1802 Verumtamen
1566 1747 1698 1819 legi-

1808 541 1981 608 vium,
2008 541 2131 612 quis
2174 542 2230 597 in
2259 558 2323 600 ea
2353 543 2547 616 dignus
2580 544 2759 602 esset?
2785 543 2853 600 Et
2876 545 2998 602 ideo
3025 546 3287 618 jubentur
3313 547 3402 602 in-

1808 639 2110 704 terrogare.
2148 631 2268 690 Non
2315 635 2460 705 quod
2501 634 2556 691 in
2602 634 2808 692 eisdem
2854 635 3050 707 aliquis
3079 637 3398 710 dignitatem

1806 721 1934 779 fidei
1963 731 2240 795 quaeratur
2261 725 2501 782 habere:
2531 725 2626 783 sed
2651 725 2698 782 si
2728 725 2923 798 dignus
2953 726 3027 784 sit
3063 727 3311 785 moribus
3341 734 3407 784 et

1807 811 1954 869 fama
1977 814 2135 872 bonae
2157 815 2307 882 vitae,
2337 823 2399 871 ut
2423 815 2580 872 multi
2607 814 2760 872 fuere
2785 814 3081 873 Gentilium
3107 825 3164 874 et
3185 817 3424 875 Iudaeo--

1806 919 1950 973 rum,
1993 907 2333 964 honestatem
2372 916 2648 966 sectantes
2689 918 2746 965 et
2793 910 3130 968 nobilitatem
3161 911 3395 984 generis.

1807 997 1942 1054 Mira
1972 999 2234 1057 celsitudo
2281 1001 2672 1072 apostolorum,
2715 1017 2947 1073 quorum
2996 1003 3252 1076 hospitio,
3289 1018 3397 1060 non

1805 1090 2138 1162 quicunque,
2172 1099 2233 1147 ut
2263 1091 2464 1148 assolet
2486 1092 2655 1148 etiam
2681 1093 3047 1164 magnatibus,
3076 1095 3173 1151 sed
3203 1095 3398 1167 dignus

1805 1183 2105 1254 requiritur
2138 1185 2357 1258 hospes,
2388 1201 2501 1244 non
2527 1186 2708 1243 minus
2736 1195 2797 1243 ut
2838 1187 3187 1260 impartiatur
3228 1189 3395 1256 aliud,

1805 1289 1970 1346 quam
2007 1284 2068 1330 ut
2101 1277 2353 1348 accipiat.
2396 1277 2654 1350 Alioquin
2681 1279 2917 1352 dignitas
2954 1289 3115 1338 tanta
3139 1282 3399 1354 praedica-

1806 1364 1970 1420 tionis
1993 1366 2352 1438 suscipientes
2378 1375 2696 1441 turparetur
2711 1369 2878 1444 492
2905 1371 3152 1439 infamia,
3177 1373 3225 1430 si
3253 1383 3401 1428 esset

1804 1455 2056 1527 indignus
2107 1473 2294 1515 coram
2355 1459 2472 1516 suis
2519 1459 2734 1518 civibus
2778 1471 2834 1518 et
2883 1463 3156 1520 notabilis.
3209 1463 3416 1536 Magna.

1803 1548 1969 1620 igitur
2008 1550 2244 1620 dignitas
2287 1551 2399 1609 Deo
2431 1552 2706 1610 tribuente
2743 1553 3037 1622 beneficia;
3097 1556 3194 1612 sed
3228 1555 3402 1627 major

1803 1639 1872 1694 ab
1913 1655 1979 1696 eo
2023 1641 2068 1696 si
2115 1649 2390 1699 mereatur
2445 1644 2675 1714 gratiam
2743 1645 3044 1717 percipere.
3083 1646 3292 1710 Tamen
3343 1647 3398 1703 in

1802 1743 2038 1806 utroque
2075 1735 2392 1804 laudabilis,
2433 1738 2681 1811 quisquis
2715 1739 2786 1796 ad
2818 1741 2936 1797 haec
2972 1740 3200 1798 idoneus
3238 1742 3391 1798 inve-

81 1843 213 1884 mus
261 1828 446 1900 (Joan.
513 1847 648 1900 xm,
694 1833 787 1906 29)
833 1833 1027 1892 Iudam
1071 1837 1277 1894 loculos
1323 1840 1579 1898 habuisse
1642 1844 1697 1896 in
1727 1827 1776 1888 Β
1803 1826 1972 1882 Βίων·

81 1923 294 1993 quibus
333 1940 445 1980 non
476 1940 642 1982 onera
688 1927 964 1996 ciborum,
1012 1930 1107 1985 sed
1141 1933 1452 1987 necessaria
1498 1933 1696 2000 victus,

79 2021 139 2067 et
170 2014 249 2068 ad
277 2030 413 2072 usus
450 2031 773 2088 pauperum,
803 2018 982 2090 aliqua
1005 2019 1282 2078 detulisse.
1330 2023 1472 2079 Duas
1516 2033 1697 2080 autem

83 2110 324 2165 tunicas
356 2111 500 2168 ferre
528 2114 767 2170 vetuisse
799 2125 972 2186 patet.
997 2115 1116 2173 Non
1147 2119 1289 2188 quod
1320 2120 1374 2174 in
1405 2121 1537 2177 locis
1566 2121 1699 2194 Scy-

86 2200 231 2256 thiae
264 2201 482 2270 glaciali
518 2205 633 2261 nive
677 2206 996 2278 rigentibus,
1045 2217 1140 2264 aut
1184 2209 1241 2264 in
1284 2211 1697 2284 quamplurimis

79 2292 321 2362 Alpium
379 2297 746 2353 cacuminibus
795 2314 902 2354 una
950 2299 1172 2357 cuilibet
1221 2302 1400 2357 tunica
1448 2301 1696 2360 suilicere

83 2388 266 2456 possit
307 2408 321 2442 :
356 2390 452 2445 sed
493 2393 636 2462 quod
681 2394 864 2450 tunica
911 2410 1010 2464 pro
1055 2397 1381 2454 vestimento
1429 2399 1532 2456 hoc
1576 2399 1695 2456 loco

83 2477 249 2550 49],
276 2479 406 2548 jure
430 2483 694 2554 accipitur
736 2487 1068 2542 necessaria.
1109 2487 1363 2558 Alioquin
1411 2491 1503 2560 qui
1559 2491 1695 2547 duas

87 2571 284 2634 vetuit,
317 2585 430 2626 non
470 2573 576 2628 alia
623 2573 874 2631 fortassis
904 2577 1351 2633 vestimentorum
1383 2594 1582 2650 genera
1613 2580 1694 2634 in-

90 2661 337 2716 terdixit.
373 2661 529 2718 Unde
556 2663 756 2720 Paulus
788 2666 1041 2736 penulam
1070 2682 1101 2721 a
1148 2665 1361 2724 Troade
1392 2668 1495 2724 sibi
1534 2667 1693 2737 jubet

89 2751 270 2808 afferri
305 2752 395 2824 (II
430 2753 567 2810 Tim.
597 2773 670 2822 tv,
701 2757 816 2830 51),
844 2759 939 2814 sed
973 2759 1197 2826 rectius,
1227 2767 1289 2814 ut
1317 2775 1415 2832 per
1450 2762 1691 2817 tunicam

92 2844 484 2901 vestimentum
533 2847 658 2903 vitae
701 2849 972 2921 integrum
1019 2850 1320 2921 accipiatur
1347 2861 1403 2908 et
1441 2869 1693 2910 necessa-

95 2935 264 3001 rium;
297 2936 430 2992 licet
457 2946 682 2995 sanctus
707 2939 938 2996 Basilius
963 2957 1132 2998 unam
1162 2951 1217 2999 et
1245 2944 1548 3016 simplicem
1577 2947 1690 3002 suis

95 3029 337 3084 tunicam
363 3044 526 3100 posse
573 3031 821 3089 subicere
867 3034 1201 3104 probaverit.
1233 3036 1348 3092 Hoc
1395 3038 1562 3110 igitur
1607 3050 1691 3096 est

96 3122 236 3192 quod
266 3122 351 3177 ait
374 3141 392 3178 :
425 3121 614 3196 Neque
649 3126 783 3180 duas
813 3126 1042 3194 tunicas,
1073 3143 1142 3184 ne
1170 3129 1457 3200 quisquam
1498 3147 1685 3187 eorum

1872 1921 1978 1988 Ibi,
2012 1922 2222 1992 inquit,
2266 1933 2490 1980 manete.
2541 1924 2622 1980 Ne
2664 1927 2788 1997 vagi
2837 1927 2960 1984 sitis
3009 1928 3117 1984 huc
3163 1927 3400 2001 illucque

1800 2012 2177 2079 discurrendo,
2223 2021 2286 2069 ut
2329 2015 2460 2086 quia
2509 2015 2705 2088 dignus
2747 2017 3001 2076 inventus
3046 2029 3131 2077 est
3174 2021 3410 2092 hospesr

1799 2101 2002 2158 ibidem
2029 2102 2303 2160 confluere
2332 2105 2542 2173 possint
2563 2107 2863 2164 auditores.
2889 2109 3084 2166 Docuit
3112 2126 3244 2185 ergo
3266 2113 3397 2184 quid

1799 2194 2065 2252 intrantes
2115 2197 2305 2253 urbem
2342 2207 2585 2270 agerent,
2621 2201 2815 2258 deinde
2862 2204 2993 2274 quid
3036 2205 3220 2261 domui
3272 2207 3398 2262 hos-

1795 2289 1924 2360 pitis
1955 2290 2349 2362 implorarent:
2383 2293 2570 2362 Dicite,
2622 2297 2817 2368 inquit,
2860 2298 2982 2355 Paa:
3023 2301 3144 2356 huic
3193 2301 3394 2358 domui.

1797 2381 1966 2438 Docet
1995 2383 2050 2438 in
2087 2387 2269 2456 specie
2300 2389 2443 2456 quod
2472 2388 2718 2446 exhibuit
2756 2392 2812 2447 in
2861 2407 3084 2464 genere.
3114 2393 3250 2450 Nam
3281 2411 3396 2452 coe-

1797 2475 1949 2532 lestis
1980 2476 2174 2532 militia
2215 2477 2531 2550 angelorum
2559 2482 2614 2536 in
2659 2482 2907 2554 ingressu
2935 2483 3140 2541 Christi
3179 2487 3245 2542 ad
3293 2501 3395 2543 nos

1797 2571 1938 2626 hanc
1971 2572 2216 2627 exhibuit
2263 2588 2456 2642 pacem
2505 2575 2708 2631 mundo
2742 2595 2752 2630 τ
2781 2574 2997 2644 Gloria,
3031 2579 3312 2649 inquiunt,
3343 2581 3397 2634 in

1795 2661 2012 2718 excelsis
2041 2662 2175 2730 Deo,
2199 2673 2249 2718 et
2286 2665 2342 2718 in
2363 2674 2506 2720 terra
2545 2683 2652 2736 pax
2679 2667 2977 2723 hominibus
3013 2670 3163 2724 bona:
3212 2669 3397 2725 volun-

1796 2753 1919 2807 tatis
1967 2751 2119 2824 (Luc.
2145 2769 2208 2819 ll,
2242 2754 2352 2825 14).
2401 2755 2469 2810 Et
2507 2756 2611 2811 hoc
2641 2766 2728 2812 est
2768 2759 2914 2828 quod
2954 2759 3046 2816 hic
3077 2761 3272 2833 dignus
3310 2778 3396 2818 re-

1794 2845 2059 2922 quiritur;
2127 2845 2335 2902 scilicet
2381 2855 2440 2901 ut
2492 2847 2566 2903 sit
2631 2849 2832 2920 hospes
2873 2851 3030 2907 bonae
3075 2853 3392 2922 voluntatis,

1794 2934 1921 3005 quia
1948 2919 2086 2989 nihil
2127 2935 2293 2991 ditius
2333 2952 2509 3007 neque
2549 2919 2870 3010 locupletius
2901 2941 3195 2999 invenitur.
3226 2919 3388 3001 Enim

1793 3043 1924 3092 vero
1951 3045 2141 3100 pacem
2177 3045 2283 3085 non
2312 3031 2612 3100 parietibus
2641 3031 2935 3103 implorare
2957 3034 3136 3106 jubet,
3167 3038 3264 3094 sed
3298 3039 3394 3095 ho-

1795 3123 2064 3191 minibus,
2116 3137 2181 3178 ex
2237 3124 2435 3195 quibus
2479 3127 2645 3182 etiam
2707 3127 2902 3184 domus
2955 3131 3294 3187 construitur
3338 3132 3393 3187 in

97 3223 213 3284 post
232 3230 360 3270 eam
389 3231 499 3287 qua
525 3193 676 3274 esset
709 3219 930 3276 indutus
955 3193 1117 3276 aliam
1149 3193 1428 3278 ferendam
1452 3232 1690 3294 putaret,
1721 3193 1769 3258 ο
1799 3215 1972 3272 “Elis-
2017 3214 2150 3283 Ωυω
2196 3193 2453 3272 Silium"
2495 3218 2680 3289 ἀίεηειν
2711 3219 2966 3276 Videlicet
3011 3223 3167 3279 bona!
3200 3223 3394 3280 νοιυη·

98 3305 363 3363 sollicitus
399 3323 468 3363 ne
517 3309 789 3382 indigeret
831 3329 844 3365 :
877 3313 1177 3382 praesertim
1216 3329 1338 3369 cum
1367 3329 1438 3370 ex
1466 3314 1556 3370 illa
1601 3332 1694 3387 po.

97 3405 290 3454 testate
315 3400 598 3471 praemissa
627 3411 812 3473 posset
856 3419 887 3458 a
917 3403 1159 3473 quolibet
1187 3403 1302 3474 jam
1336 3405 1544 3462 imbuto
1595 3422 1691 3462 ac-

98 3489 297 3559 cipere.
346 3489 582 3548 Proinde
631 3491 848 3550 Marcus
906 3511 1016 3551 non
1070 3495 1310 3566 pertari,
1354 3505 1447 3551 aut
1503 3495 1694 3552 haberi

98 3581 232 3638 duas
258 3584 489 3653 tunicas,
518 3585 615 3641 sed
655 3587 969 3657 expressius
1009 3587 1159 3644 indui
1187 3588 1360 3643 vetuit
1390 3587 1588 3661 (Marc.
1612 3605 1689 3657 vt,

97 3673 180 3747 9);
218 3677 505 3734 insinuans
532 3693 627 3734 eos
655 3695 762 3734 non
803 3679 1090 3750 dupliciter
1119 3681 1372 3735 incedere
1411 3679 1608 3735 debere
1634 3679 1688 3734 in

95 3766 414 3841 Evangelio,
439 3772 534 3826 sed
561 3771 879 3842 simpliciter
904 3772 997 3841 qui
1021 3780 1172 3828 veste
1197 3771 1428 3842 nuptiali
1455 3771 1691 3828 circum-

97 3869 382 3932 teguntur.
411 3862 643 3931 Quorum
685 3872 770 3922 est
813 3864 996 3920 tunica
1045 3865 1137 3920 illa
1169 3865 1488 3933 indescissa,
1522 3875 1576 3922 et
1605 3867 1690 3922 in-

97 3954 386 4011 consutilis
431 3955 657 4028 desuper
703 3966 956 4013 contexta
1005 3973 1104 4028 per
1149 3966 1354 4024 totum;
1401 3974 1564 4029 quam
1599 3960 1692 4030 qui

99 4044 348 4103 habuerit
392 4063 498 4103 non
532 4048 739 4105 timebit
765 4065 795 4104 a
829 4049 1028 4120 frigore
1057 4050 1262 4106 nivium
1285 4091 1300 4118 ,
1344 4049 1438 4106 sed
1474 4051 1543 4106 ad
1576 4065 1693 4106 om-

101 4135 183 4190 nia
215 4146 499 4208 protectus
537 4140 764 4196 fidenter
787 4141 1007 4198 incedit.
1041 4142 1427 4198 Verumtamen
1457 4144 1586 4215 quia
1634 4145 1690 4200 in

103 4229 184 4286 his
215 4234 470 4289 omnibus
509 4234 645 4290 dura
689 4236 932 4294 conditio
973 4237 1258 4294 videbatur
1299 4237 1688 4309 apostolorum,

106 4321 172 4376 ita
199 4325 496 4392 concludit,
528 4327 715 4384 dicens
738 4344 753 4382 :

170 4413 375 4488 Dignus
404 4428 482 4472 est
513 4422 786 4490 operarius
815 4422 1048 4478 mercede
1073 4439 1192 4478 sua.
1226 4424 1306 4480 Ac
1341 4424 1388 4480 si
1435 4432 1692 4495 patenter

109 4506 273 4564 dicat:
311 4510 551 4566 Tantum
587 4513 815 4585 accipite
840 4517 1102 4586 Quantum
1139 4515 1192 4570 in
1222 4516 1419 4573 vestitu
1457 4527 1513 4572 et
1539 4517 1688 4572 victu

107 4599 245 4656 vobis
273 4604 648 4659 necessarium
679 4605 860 4662 fuerit.
887 4607 1026 4663 Hinc
1049 4623 1178 4664 sane
1204 4608 1404 4664 Paulus
1431 4627 1444 4662 :
1478 4607 1692 4664 Haben-
1717 4578 1770 4640 Β

109 4700 194 4757 tes,
228 4695 428 4766 inquit,
457 4699 645 4752 victum
671 4709 722 4752 et
755 4700 1136 4767 vestimentum,
1163 4701 1245 4756 Itis
1271 4701 1497 4756 contenti
1521 4703 1689 4757 simus

110 4780 155 4850 (1
179 4783 314 4839 Tim.
351 4803 428 4853 vr,
465 4787 542 4860 8).
574 4789 633 4844 In
673 4791 778 4846 hac
806 4792 969 4862 igitur
1011 4793 1249 4848 secunda
1280 4791 1687 4863 praedicatione,

109 4887 388 4947 postquam
440 4896 538 4951 pro
583 4883 870 4941 dilectione
917 4887 1148 4957 proximi
1199 4885 1443 4942 infirmos
1498 4902 1690 4943 sanare

111 4973 396 5039 concessit,
422 4975 491 5030 ad
517 4979 764 5048 proprios
789 4995 915 5036 suos
940 4982 1104 5036 vertit
1131 4981 1336 5036 amicos
1359 4997 1686 5049 sermonem,

113 5059 388 5122 insinuans
435 5068 678 5126 habitum
728 5088 836 5142 quo
884 5082 1253 5130 monstrarent
1286 5074 1466 5144 potius
1503 5074 1696 5130 salutis

113 5156 274 5222 gratia
326 5175 408 5226 se,
454 5176 616 5232 quam
649 5162 819 5231 lucri,
870 5165 1223 5236 Evangelium
1271 5166 1589 5236 praedicare,
1639 5175 1695 5222 et

115 5247 246 5304 sicut
287 5267 476 5310 sermo
504 5255 557 5310 in
593 5265 774 5313 monte
813 5258 1031 5314 habitus
1079 5275 1204 5315 mox
1231 5259 1525 5315 virtutibus
1559 5274 1692 5316 con-

119 5342 355 5405 ﬁrmatur
380 5369 394 5405 :
427 5351 500 5406 ita
526 5360 582 5408 et
617 5352 757 5421 istis,
788 5353 914 5424 quia
944 5354 1080 5410 dura
1109 5361 1236 5411 sunt
1266 5370 1386 5426 quae
1407 5353 1691 5425 jubentur,

119 5431 256 5507 larga
288 5442 550 5497 virtutum
577 5445 821 5514 operatio
852 5446 1184 5502 conceditur.

183 5527 247 5584 In
297 5550 662 5606 quamcunque
698 5537 957 5591 civitatem
993 5537 1332 5602 intraveritis,
1377 5540 1694 5611 interrogate

119 5619 225 5684 quis
252 5621 306 5676 in
331 5639 394 5678 ea
418 5624 608 5696 dignus
637 5626 722 5682 sit.
755 5625 882 5684 Pius
911 5629 1169 5699 magister
1202 5629 1383 5684 omnia
1413 5628 1694 5701 discipulis

123 5711 264 5766 milia
287 5722 345 5769 et
369 5716 592 5774 honesta
621 5720 899 5792 proponit,
927 5735 993 5776 ne
1021 5720 1144 5777 ullis
1166 5722 1488 5794 deturpetur
1516 5721 1692 5778 Evan-

125 5803 308 5868 Selinm
347 5808 601 5868 infamiis.
644 5810 754 5871 Sed
789 5813 1030 5886 ignotam
1061 5814 1326 5872 intrantes
1355 5813 1580 5888 apostoli
1617 5815 1692 5872 ci-

1800 3307 1964 3363 tatis:
2008 3305 2213 3374 Veniet,
2256 3308 2452 3378 inquit,
2493 3325 2600 3378 paa:
2628 3319 2799 3364 vestra
2818 3327 2978 3381 super
3001 3329 3137 3367 eam.
3169 3313 3305 3370 Nam
3343 3324 3398 3372 et

1796 3399 1994 3455 Paulus
2028 3415 2354 3472 quamszepe,
2403 3401 2601 3472 quibus
2648 3403 2870 3468 scribit,
2919 3399 3392 3476 primum‘pacem

1797 3490 2068 3562 implorat,
2094 3501 2174 3558 ut,
2190 3508 2322 3564 pace
2347 3508 2469 3548 cum
2497 3493 2606 3549 Deo
2631 3502 2873 3565 recepta,
2895 3497 2988 3565 qui
3011 3490 3138 3552 sunt
3159 3498 3256 3554 irae
3273 3500 3392 3564 filii,’

1798 3584 1930 3639 fiant
1959 3585 2284 3655 adoptionis.
2337 3585 2404 3640 Et
2454 3585 2768 3652 notandum,
2801 3588 2946 3657 quod
2970 3585 3086 3656 jam
3117 3603 3224 3660 pax
3251 3579 3391 3656 'Dei,
3489 3651 3500 3660 ,

1795 3692 1900 3746 pax
1943 3675 2311 3746 apostolorum
2361 3675 2590 3741 dicitur;
2640 3677 2767 3748 quia
2799 3679 3136 3735 reconciliati
3179 3689 3236 3736 et
3279 3681 3387 3752 ipsi

1796 3765 1928 3832 Deo,
1971 3780 2038 3820 ex
2085 3765 2225 3822 dono
2255 3766 2533 3839 largitoris
2569 3768 2692 3824 aliis
2730 3784 2928 3826 munus
2975 3771 3128 3841 pacis
3179 3773 3391 3844 impen-

1793 3856 1945 3912 dunt.
1978 3856 2134 3925 Quod
2163 3859 2208 3913 si
2247 3874 2356 3914 non
2391 3859 2557 3914 fuerit
2585 3861 2772 3932 digna,
2804 3862 2859 3918 id
2891 3873 2977 3919 est
3017 3863 3392 3922 bonte'volun-

1796 3952 1941 4019 tatis,
1969 3952 2098 4022 quia
2127 3952 2248 4009 aliis
2268 3953 2557 4024 provenire
2591 3969 2698 4011 non
2727 3964 2907 4026 potest
2934 3974 2948 4011 :
2978 3955 3100 4012 Pax
3127 3969 3297 4015 vestra
3321 3960 3391 4014 ad

1795 4061 1883 4099 vos
1909 4054 2209 4100 revertetur.
2245 4046 2574 4102 Revertetur
2606 4047 2849 4118 quidem,
2889 4063 2955 4105 eo
2989 4050 3136 4120 quod
3169 4066 3391 4124 egressa

1792 4135 1972 4193 fuerat
2021 4151 2121 4207 per
2163 4151 2506 4204 sermonem,
2541 4154 2649 4193 non
2686 4147 2745 4194 ut
2790 4139 3068 4197 desereret
3108 4156 3140 4196 a
3194 4143 3393 4212 quibus

1793 4229 1958 4286 missa
1985 4227 2184 4297 fuerat,
2209 4229 2302 4286 sed
2328 4229 2458 4302 quia
2487 4231 2683 4302 hospes
2710 4226 2842 4288 eam
2861 4233 2965 4289 sibi
2993 4234 3232 4292 oblatam
3258 4252 3384 4292 sus-

1687 4357 1690 4362 -
1792 4324 1972 4395 cipere
2010 4324 2182 4380 noluit
2227 4325 2298 4381 ob
2333 4325 2595 4381 malitiam
2637 4327 2834 4391 cordis,
2888 4336 3062 4384 totum
3092 4330 3148 4385 in
3191 4331 3391 4402 praedi-

1791 4416 2066 4472 catoribus
2107 4415 2398 4483 redundat,
2426 4425 2481 4472 et
2507 4433 2718 4473 merces
2752 4419 2903 4488 pacis
2945 4419 3161 4487 oblata),
3201 4429 3258 4478 et
3283 4436 3390 4493 pax

1792 4505 1909 4577 ipsa
1941 4521 2033 4563 eos
2073 4518 2335 4578 quantum
2372 4523 2437 4564 ex
2481 4508 2615 4579 ipsis
2658 4520 2772 4575 est,
2818 4525 2916 4566 suo
2955 4511 3198 4569 refundit
3243 4530 3390 4582 rore,

1796 4597 1921 4667 quia
1966 4614 2076 4654 non
2118 4607 2248 4654 sunt
2294 4599 2532 4670 suscepti
2583 4595 2810 4658 ne‘ullo
2863 4603 3146 4673 patiantur
3187 4607 3388 4662 mentis

1799 4691 2072 4761 scrupulo.
2104 4690 2260 4758 Quod
2287 4690 2334 4746 si
2377 4690 2542 4746 fuerit
2585 4707 2683 4762 per
2721 4693 2918 4749 bonam
2955 4696 3289 4754 voluntatem
3334 4698 3388 4754 in

1798 4773 2123 4840 domo'ﬁlius
2144 4783 2320 4853 pacis,
2347 4784 2653 4854 requiescet
2678 4801 2841 4858 super
2869 4803 2990 4844 eam
3017 4805 3123 4862 pax
3149 4789 3386 4856 Domini,

1798 4879 1928 4934 dum
1967 4879 2038 4934 ab
2061 4879 2210 4934 omni
2243 4879 2653 4950 perturbatione
2678 4883 2862 4939 saeculi
2897 4894 3132 4944 mentem
3164 4885 3279 4942 Deo
3308 4901 3369 4942 re

1797 4969 2142 5025 conciliatam
2195 4971 2540 5041 requiescere
2597 4969 2748 5030 facit.
2795 4975 3050 5047 Alioquin
3098 4977 3189 5032 illa
3240 4976 3388 5032 nullo

1797 5059 2016 5117 fastidio
2042 5061 2268 5132 patitur,
2297 5077 2419 5133 qua:
2447 5079 2640 5122 omnes
2688 5066 2986 5125 seditiones
3035 5067 3266 5124 interius
3296 5083 3384 5124 re-

1795 5151 1968 5223 pellit.
1997 5149 2096 5208 Sin
2124 5161 2321 5222 autem,
2349 5171 2456 5226 pax
2499 5167 2672 5213 vestra
2711 5158 2783 5212 ad
2809 5175 2896 5214 vos
2922 5167 3229 5226 revertetur,
3257 5160 3384 5231 quia

1797 5261 1958 5304 nemo
1986 5248 2405 5318 praedicatorum
2429 5250 2550 5307 sine
2577 5249 2758 5308 fructu
2787 5251 2910 5308 erit.

1797 5359 1802 5366 ·
1868 5340 1942 5396 Et
1969 5343 2267 5416 quicunque
2290 5359 2396 5398 non
2421 5346 2670 5418 receperit
2692 5363 2806 5412 vos,
2832 5361 2996 5416 neque
3024 5345 3255 5402 audierit
3277 5363 3387 5404 ser-

1796 5453 1974 5492 mones
2007 5447 2222 5505 vestros,
2261 5449 2505 5496 emntes
2545 5439 2692 5510 foras
2721 5439 2788 5493 de
2819 5440 3000 5506 domo,
3037 5439 3117 5496 vel
3157 5441 3223 5497 de
3263 5442 3389 5499 civi-

1799 5539 1924 5598 tate,
1965 5531 2193 5586 excutite
2234 5530 2497 5603 pulverem
2523 5529 2590 5584 de
2612 5527 2830 5600 pedibus
2855 5531 3055 5586 vestris.
3087 5530 3389 5603 Utrumque

1797 5623 2226 5690 observandum,
2271 5622 2397 5694 quia
2434 5636 2537 5677 nec
2578 5617 2818 5692 receptio
2859 5622 3223 5693 apostolorum
3268 5623 3389 5682 sine

1799 5718 2144 5789 susceptione
2190 5713 2617 5789 praedicationis,
2657 5730 2759 5772 nec
2801 5717 3077 5789 susceptio
3123 5717 3386 5789 pradica-

1801 5812 1962 5869 tionis
2018 5811 2138 5869 sine
2183 5808 2360 5868 ofﬁcio
2395 5808 2813 5886 charitatis..Et
2857 5811 2980 5871 ideo
3011 5811 3182 5885 ω
3227 5809 3387 5867 simul
