4004 6362
576 354 694 420 410·

1385 355 1443 416 s.
1485 351 1844 417 pascnssn
1882 342 2231 410 tunsam!
2269 345 2560 414 ABBATIS
2595 329 3046 408 consulemus

3753 344 3848 401 420

574 472 777 544 iungit:
804 469 936 526 Cutis
969 486 1073 526 nos
1101 481 1444 540 susceperint,
1477 486 1569 526 nec
1594 468 1856 524 audierint
1874 486 1892 534 ;
1920 476 2164 524 exeuntes
2195 471 2246 532 Α
2273 465 2458 520 raonis
2491 478 2615 534 spes
2645 462 2815 522 veniat
2845 469 3016 516 restat
3044 460 3188 532 quod
3213 459 3476 516 absonum
3505 466 3610 515 est.
3651 457 3851 516 Idcirco

577 565 641 618 de
668 563 844 627 domo,
876 560 950 618 rel
977 560 1040 616 de
1066 561 1298 617 ciuitate.
1329 561 1406 618 De
1434 559 1594 616 domo
1632 560 1901 631 primum,
1947 560 1990 614 si
2026 557 2162 620 forte

578 657 632 713 in
661 656 850 716 eadem
897 655 1118 710 civitate
1168 655 1261 723 qui
1311 655 1505 724 dignus
1549 655 1621 710 sit
1669 655 1998 720 inveniatur,
2037 653 2164 724 quia

575 770 718 810 unus
762 771 868 810 non
895 753 1212 826 praeiudicat
1247 768 1475 810 omnes:
1508 755 1651 808 sicut
1687 759 1742 807 et
1782 753 1827 807 si
1873 751 2068 821 aliquis
2110 751 2166 804 in

577 860 642 901 ea
691 859 784 902 eos
834 845 1146 915 receperit,
1201 859 1308 898 non
1357 851 1580 898 excusat
1628 844 1881 908 domum,
1929 841 2017 896 cui
2061 855 2166 912 pax

577 936 754 993 oblata
797 937 1167 1006 displicuerat.
1209 936 1498 1000 Ezeuntes,
1543 936 1752 1006 inquit,
1793 935 2017 990 excutit:
2048 933 2167 1004 pul—

578 1043 747 1084 uerem
777 1028 843 1083 de
867 1029 1084 1099 pedibus
1121 1029 1321 1090 vestris.
1351 1027 1488 1095 Quid
1520 1029 1566 1084 si
1609 1028 1867 1084 lutulenta
1899 1027 2063 1083 fuerit
2092 1027 2167 1082 ci-

577 1122 738 1189 vitas,
765 1137 872 1192 quo
902 1137 1006 1176 non
1035 1121 1230 1192 pulvis,
1263 1121 1357 1176 sed
1381 1121 1555 1175 lutum
1584 1120 1811 1192 pedibus
1843 1119 2166 1176 admiserit?

580 1214 748 1286 Magis
785 1217 852 1270 ad
893 1230 1108 1272 sensum
1153 1215 1257 1269 hoc
1299 1213 1675 1283 accipiendum
1725 1223 1855 1283 puto
1897 1228 2059 1283 quam
2098 1213 2167 1268 ad

578 1305 838 1362 litteram.
877 1307 981 1376 Ipsi
1005 1307 1152 1362 enim
1182 1321 1290 1362 non
1329 1304 1690 1374 suscipientes
1727 1319 1915 1374 pacem
1953 1318 2168 1358 reman-

580 1406 767 1452 serant
796 1398 850 1452 in
895 1413 993 1452 sua
1025 1397 1323 1468 impietate,
1358 1395 1426 1450 de
1453 1395 1651 1466 quibus
1677 1393 1876 1450 dicitur
1913 1407 2010 1463 per
2038 1392 2169 1449 Pro-

579 1489 831 1560 phetam:
858 1487 984 1543 Non
1007 1489 1084 1544 sic
1109 1489 1276 1559 impii,
1313 1504 1416 1542 non
1453 1488 1551 1552 sic,
1580 1486 1671 1542 sed
1707 1496 1958 1557 tanquam
1999 1485 2170 1555 pulvis

577 1597 732 1651 quem
779 1581 988 1650 projicit
1033 1590 1211 1635 uentus
1254 1599 1285 1634 (ι
1325 1580 1460 1650 {acie
1500 1577 1852 1649 terra(Psal.
1891 1594 1932 1644 ι,
1977 1577 2052 1651 4).
2105 1578 2172 1632 Et

581 1672 709 1727 alibi
747 1672 812 1726 de
865 1672 1079 1727 diabolo
1107 1689 1121 1724 :
1149 1670 1330 1727 Pulvis
1368 1671 1520 1742 panis
1564 1672 1679 1742 ejus
1714 1671 1849 1744 (Isa.
1895 1687 2020 1735 va,
2053 1671 2166 1743 25).

579 1764 725 1836 Ergo
753 1763 930 1835 pulvis
959 1764 1450 1820 anathematismus
1475 1772 1562 1830 est
1594 1763 1808 1819 misera:
1829 1763 2066 1817 civitatis
2089 1762 2172 1816 vel

2267 557 2596 614 credendum
2644 556 2790 626 quod
2844 555 2958 612 sola
3010 552 3295 609 conversio
3341 553 3407 607 ad
3465 552 3635 607 Deum
3697 551 3849 607 linem

2266 650 2424 705 malis
2452 649 2714 719 imponat,
2747 656 2801 702 et
2831 661 2936 700 non
2964 654 3172 701 tortura
3200 652 3378 700 reatus
3401 643 3518 698 sine
3539 643 3715 714 gratia
3743 659 3854 713 qute

2267 741 2356 795 hic
2390 739 2599 808 incipit,
2627 747 2685 792 ut
2722 737 2774 791 in
2805 746 3070 793 mternum
3109 735 3384 790 deszeviat.
3425 734 3627 790 Tamen
3661 749 3730 788 ex
3761 734 3854 788 hoc

2267 833 2386 890 loco
2410 832 2698 903 colligitur,
2730 830 2873 902 quod
2898 830 3041 884 sicut
3061 828 3305 886 defertur
3328 826 3606 897 praemium
3640 835 3853 881 sancto.

2269 941 2390 981 rum
2421 925 2475 980 in
2508 923 2695 995 requie
2725 939 2737 952 ·
2769 923 2847 977 ita
2877 930 2933 977 et
2966 935 3127 992 ptena
3153 927 3548 975 tormentorum
3580 918 3634 973 in
3660 919 3858 989 suppli-

2269 1019 2388 1076 ciis.
2441 1017 2549 1074 Sed
2594 1017 2686 1088 qui
2733 1024 3108 1088 perscrutator
3151 1021 3236 1069 est
3279 1011 3558 1078 cordium,
3605 1018 3665 1066 et
3716 1010 3860 1066 novit

2269 1110 2471 1176 omnia,
2519 1111 2634 1180 ipse
2673 1109 2979 1181 iustissime
3031 1105 3291 1162 discernit
3327 1105 3457 1174 quid
3500 1101 3732 1174 singulis
3765 1116 3858 1173 pro

2270 1201 2384 1256 suis
2415 1200 2668 1256 restituat
2697 1197 2877 1254 iactis.
2921 1195 3172 1267 Alioquin
3204 1195 3328 1266 quis
3367 1193 3727 1264 contemplari
3775 1208 3860 1248 va-

2270 1291 2366 1357 let,
2397 1306 2496 1346 cur
2521 1291 2768 1347 Sodomae
2798 1288 3156 1355 tolerabilius,
3198 1303 3249 1344 et
3283 1287 3357 1343 illi
3385 1286 3592 1342 civitati
3623 1286 3862 1342 atrocius

2270 1399 2391 1450 esse
2417 1385 2643 1441 debeat?
2669 1385 2962 1440 Possumus
2993 1392 3174 1438 tamen
3231 1382 3414 1437 dicere
3449 1381 3594 1452 quod
3626 1379 3738 1436 illis
3763 1396 3861 1452 pax

2271 1477 2728 1534 reconciliationis
2756 1491 2862 1534 non
2891 1477 3187 1546 praedicata
3218 1473 3342 1540 iuit,
3369 1489 3475 1532 nec
3502 1473 3572 1532 ad
3600 1488 3702 1534 eos
3733 1473 3861 1528 mis-

2271 1587 2363 1627 sus
2391 1579 2476 1627 est
2499 1570 2694 1640 aliquis
2721 1570 2814 1640 qui
2837 1570 2917 1626 eis
2943 1569 3107 1630 vitam
3136 1567 3327 1625 salutis
3355 1567 3744 1632 adnuntiaret;
3772 1564 3862 1624 sed

2272 1662 2450 1734 angeli
2479 1677 2604 1718 mox
2630 1662 2698 1716 ad
2724 1661 3057 1732 perdendum
3088 1675 3209 1720 eam
3231 1659 3483 1731 quidem;
3514 1659 3608 1729 qui
3636 1658 3707 1716 ad
3729 1657 3862 1713 Loth

2275 1757 2527 1829 ingressi,
2553 1757 2637 1812 vel
2666 1772 2832 1812 unum
2859 1765 3182 1828 repererunt
3219 1771 3342 1816 cum
3371 1770 3480 1826 quo
3508 1756 3863 1814 diverterent.

582 1855 792 1920 domus,
837 1870 906 1910 ne
943 1855 1258 1910 adhaereant
1300 1855 1576 1926 gressibus
1619 1853 1986 1924 apostolorum
2017 1893 2030 1916 ,
2079 1853 2173 1924 qui
2202 1859 2249 1919 Β
2278 1848 2373 1904 Vel
2403 1850 2529 1921 quia
2555 1851 2645 1906 hic
2675 1849 2910 1906 Sodoma
2943 1864 3159 1920 ptanam
3194 1850 3475 1915 sustinuit,
3505 1849 3554 1904 si
3580 1847 3725 1910 forte
3754 1848 3870 1904 ideo

584 1944 874 2002 noluerunt
897 1947 1176 2016 suscipere
1218 1961 1408 2016 pacem
1446 1961 1556 2001 suae
1590 1944 2081 2010 reconciliationis;
2113 1953 2174 1999 ut

582 2047 936 2108 permaneant
970 2038 1200 2109 proiecti
1221 2053 1254 2092 a
1280 2037 1418 2093 facie
1447 2046 1609 2092 terra:
1644 2037 1942 2092 viventium
1969 2036 2172 2092 nullam

585 2127 913 2186 soliditatem
946 2129 1072 2185 lidei
1116 2129 1411 2195 habentes;
1457 2127 1552 2184 sed
1585 2129 1694 2183 sint
1736 2127 1912 2197 pulvis
1957 2128 2013 2181 in
2053 2128 2175 2182 cibo

587 2220 805 2286 diaboli,
842 2220 1086 2278 nolentes
1107 2221 1346 2295 pluviam
1373 2221 1631 2277 doctrinm
1661 2221 1763 2276 sibi
1787 2223 1853 2276 de
1877 2220 2019 2276 caelo
2045 2219 2176 2274 alla-

587 2321 700 2368 tam
728 2328 836 2382 qua
877 2314 1344 2385 compluerentur,
1389 2314 1658 2385 accipere.
1713 2313 1866 2369 Unde
1897 2313 2178 2386 signanter

588 2404 666 2460 ait
708 2404 848 2466 alius
873 2405 1241 2477 evangelista:
1279 2406 1344 2462 In
1391 2407 1745 2463 testimonium
1777 2405 1883 2461 illis
1912 2404 2065 2478 (Luc.
2096 2423 2175 2473 Ix,

587 2497 664 2569 5).
698 2497 833 2565 Quia
867 2499 915 2555 si
967 2514 1062 2557 eos
1094 2509 1190 2556 aut
1229 2499 1532 2564 doctrinam
1575 2514 1765 2555 eorum
1810 2499 2173 2570 perciperent,

585 2588 764 2660 pulvis
787 2606 898 2646 non
929 2600 1296 2658 remanerent.
1328 2592 1394 2647 Et
1425 2593 1546 2648 ideo
1578 2594 1646 2647 ad
1669 2591 2035 2647 testimonium
2056 2590 2176 2661 pul-

585 2683 671 2738 vis
708 2685 1006 2751 excutitur,
1035 2693 1098 2742 ut
1140 2685 1446 2742 insinuetur
1489 2699 1556 2740 ex
1606 2683 1729 2748 hoc,
1773 2682 1903 2754 quid
1943 2682 2045 2753 ipsi
2082 2697 2181 2754 per

587 2772 804 2843 culpam
852 2775 1239 2842 remanserint,
1287 2785 1346 2832 et
1388 2776 1532 2844 quod
1569 2773 1798 2845 proiecti
1829 2789 1860 2829 a
1903 2774 2182 2846 gressibus

589 2876 780 2928 eorum
808 2863 916 2920 huc
959 2863 1194 2935 illucque
1237 2875 1522 2926 ventorum
1565 2865 1894 2936 impulsione
1939 2866 2008 2926 ad
2041 2875 2184 2921 tene-

592 2953 720 3010 bras
744 2956 1142 3026 propelluntur.
1187 2958 1281 3014 Vel
1314 2957 1384 3013 ad
1416 2958 1786 3013 testimonium
1814 2957 2184 3027 apostolorum

593 3048 770 3120 pulvis
793 3051 1092 3116 excutitur,
1122 3059 1183 3106 ut
1209 3050 1282 3116 sit
1321 3052 1536 3122 signum
1562 3051 1765 3107 laboris
1797 3066 2010 3117 eorum,
2039 3051 2185 3120 quod

595 3139 662 3195 ad
705 3154 799 3196 eos
821 3149 1105 3208 venerunt,
1133 3149 1194 3200 et
1221 3141 1324 3212 ipsi
1360 3157 1549 3212 pacem
1592 3141 1882 3199 noluerunt
1913 3142 2179 3212 accipere.

2275 1943 2477 2012 aliquid
2507 1942 2678 1998 levius
2704 1942 2757 1998 in
2782 1943 2966 2000 futuro
3006 1943 3246 1999 habebit.
3278 1943 3384 1998 Sed
3421 1943 3621 2000 misera
3651 1943 3868 2009 civitas,

2274 2049 2394 2104 qua:
2421 2033 2523 2089 sibi
2545 2033 2779 2090 oblatam
2804 2049 2993 2105 pacem
3023 2033 3232 2104 reiecit,
3261 2042 3315 2089 et
3339 2033 3732 2104 hospitalitatis
3753 2048 3870 2102 gra-

2276 2127 2406 2182 tiam
2442 2127 2744 2194 interdixit,
2775 2135 3063 2198 utramque
3083 2127 3256 2199 legem
3283 2127 3642 2197 contempsit;
3693 2126 3870 2196 legent

2277 2217 2482 2274 scilicet
2505 2226 2733 2284 naturae,
2761 2229 2817 2273 et
2841 2218 3040 2290 Moysi;
3072 2233 3138 2273 ac
3167 2216 3368 2276 Christi
3393 2222 3582 2290 gratiae
3607 2218 3874 2276 reluctant

2276 2318 2397 2364 est:
2432 2325 2555 2365 cum
2583 2309 2877 2366 Sodomita;
2907 2320 3115 2368 tantum
3143 2310 3315 2382 legem
3343 2320 3553 2372 naturae
3591 2326 3736 2382 pene
3790 2309 3877 2366 ab-

2278 2404 2462 2460 olitam
2495 2403 2583 2460 diu
2610 2404 2773 2460 illecti
2808 2404 3264 2462 conculcaverint.

2349 2496 2487 2552 Ecce
2513 2513 2606 2568 ego
2644 2498 2792 2552 mitto
2831 2514 2920 2552 nos
2973 2499 3110 2562 sicut
3154 2515 3273 2554 oues
3300 2500 3354 2554 in
3401 2499 3574 2560 medio
3604 2498 3874 2568 luporum.

2280 2590 2411 2657 Quae
2441 2590 2696 2646 nimirum
2723 2604 2826 2647 vox
2852 2589 3010 2660 plena
3043 2592 3193 2647 omni
3225 2591 3573 2655 auctoritate,
3609 2606 3679 2646 ac
3707 2591 3758 2648 si
3788 2606 3878 2662 pa-

2283 2690 2461 2738 tenter
2484 2690 2635 2740 tonat
2659 2699 2673 2736 :
2699 2680 2850 2738 Licet
2879 2698 2975 2744 vos
3013 2683 3170 2752 pauci
3197 2692 3255 2741 et
3291 2683 3500 2755 exigui,
3530 2682 3694 2750 viles,
3718 2692 3786 2738 et
3810 2683 3880 2738 in-

2283 2774 2428 2830 docti
2445 2774 2589 2840 sitis,
2617 2789 2745 2830 ecce
2772 2789 2873 2846 ego
2899 2790 3018 2832 sum
3047 2776 3140 2847 qui
3180 2776 3338 2838 mitto
3365 2791 3464 2834 vos
3495 2777 3638 2832 sicut
3663 2791 3809 2833 oves
3829 2775 3880 2834 in

2286 2865 2466 2920 medio
2494 2865 2763 2936 luporum.
2795 2865 2948 2933 Quod
2986 2869 3031 2922 si
3064 2876 3230 2924 terret
3255 2868 3506 2938 luporum
3532 2869 3804 2928 immanis
3834 2878 3883 2925 et

2287 2959 2696 3016 innumerabilis
2719 2961 2947 3026 smvitia,
2981 2960 3392 3028 confortamini,
3427 2962 3551 3032 quia
3585 2977 3693 3034 ego
3719 2963 3879 3018 mitto

2285 3065 2403 3106 vos.
2451 3051 2521 3106 Et
2568 3051 2707 3116 mira
2735 3053 3083 3123 exaggeratio
3125 3054 3430 3124 potestatis.
3461 3053 3619 3111 Esset
3665 3055 3885 3124 quidem

2290 3142 2555 3209 terribile,
2594 3143 2638 3198 si
2688 3142 2798 3213 lupi
2829 3145 3177 3203 mitterentur
3227 3145 3296 3200 ad
3347 3160 3478 3202 oves
3519 3144 3649 3204 licet
3685 3146 3882 3214 pauci:

600 3231 753 3288 Unde
789 3232 931 3289 adeo
971 3231 1108 3293 nihil
1137 3242 1483 3290 terrenarum
1530 3235 1598 3290 ab
1626 3235 2184 3304 eiscommunicasse,
2214 3225 2261 3292 C
2292 3249 2437 3291 nunc
2474 3236 2815 3306 paucissimae
2841 3252 2972 3296 oves
2995 3239 3290 3300 mittuntur
3318 3238 3383 3294 ad
3425 3240 3746 3317 superanda
3774 3238 3883 3294 mil-

597 3331 658 3379 ut
692 3339 794 3381 nec
818 3323 1096 3396 pulverem
1126 3335 1444 3397 paterentur
1467 3325 1694 3397 pedibus
1736 3326 2044 3393 adbaarere;
2090 3325 2189 3381 sed

597 3416 780 3478 omnia
809 3432 999 3478 eorum
1047 3417 1149 3474 sub
1178 3418 1526 3474 anathemate
1564 3417 1867 3488 reliquisse.
1913 3415 2189 3474 Exeuntes

597 3521 726 3566 vero
772 3507 938 3579 pedes
992 3509 1311 3580 excutiunt;
1358 3509 1487 3581 quia
1533 3510 1708 3566 sancti
1763 3511 2016 3566 doctores
2061 3509 2186 3565 dum

491 3672 508 3688 .
597 3600 894 3670 pravitates
923 3598 1200 3670 refugiunt
1229 3601 1559 3667 auditorum,
1592 3599 1730 3655 nihil
1769 3600 1968 3657 debent
2013 3599 2191 3654 adnat-

595 3707 720 3750 rere
746 3693 980 3764 peccati,
1009 3701 1065 3750 et
1111 3695 1158 3749 si
1193 3694 1473 3766 quippiam
1521 3693 1818 3758 inhaeserit,
1862 3692 2191 3749 festinanter

596 3793 875 3852 excutere,
902 3793 965 3847 ut
987 3783 1114 3841 aliis
1139 3785 1487 3842 inveniantur
1517 3785 1718 3844 idonei.

666 3877 834 3940 Amen
857 3875 977 3936 dico
999 3876 1163 3942 vobis,
1193 3877 1518 3933 tolerabilius
1537 3879 1638 3932 erit
1661 3889 1814 3932 term
1835 3875 2190 3933 Sodomorum

595 3984 756 4039 quam
782 3967 860 4028 illi
889 3968 1106 4026 ciuitati.
1131 3968 1265 4026 Mira
1294 3969 1458 4039 igitur
1483 3969 1742 4039 dignitas,
1764 3977 1820 4024 et
1843 3984 2036 4040 magna
2061 3985 2192 4026 con-

599 4060 791 4128 solatio
831 4060 1197 4132 apostolorum
1222 4100 1238 4128 ,
1285 4077 1514 4133 quorum
1569 4077 1637 4119 ex
1687 4065 1999 4131 receptione
2043 4071 2193 4117 tanta

598 4161 888 4226 praestatur
913 4153 1108 4225 gratia,
1140 4162 1198 4208 et
1243 4169 1313 4210 ex
1365 4153 1673 4224 repulsione
1718 4154 1935 4210 illorum
1982 4163 2192 4210 tantum

598 4245 890 4307 ollcnditut‘
916 4244 1078 4304 Deus.
1125 4244 1238 4303 Sed
1284 4245 1572 4302 videndum
1621 4247 1752 4318 quid
1784 4246 1855 4302 sit
1907 4247 2048 4316 quod
2075 4247 2190 4302 ait:

602 4335 949 4396 Tolerabilius
961 4339 1060 4392 erit
1086 4347 1239 4392 teme
1261 4335 1630 4394 Sodomorum.
1650 4337 1905 4408 Nunquid
1928 4353 2056 4409 ergo
2079 4339 2193 4409 ipsa

602 4440 773 4497 terra,
817 4447 938 4504 quae
973 4429 1305 4502 conﬂagrata
1344 4440 1428 4488 est
1471 4431 1640 4488 semel
1687 4433 1960 4499 incendio,
2007 4448 2194 4490 rursus

602 4524 816 4578 eveniet
844 4525 898 4580 in
921 4522 1166 4594 judicio?
1195 4524 1312 4581 Non
1348 4524 1554 4595 utique,
1592 4525 1686 4581 sed
1725 4533 1928 4584 terram
1957 4539 2054 4594 pro
2090 4525 2190 4580 ba-

2291 3325 2360 3380 lia
2411 3325 2683 3396 luporum,
2717 3343 2948 3398 quorum
2996 3329 3268 3399 rapacitas
3310 3338 3482 3390 totum
3521 3339 3889 3418 pecupaverat

2295 3421 2575 3476 mundum.
2607 3421 2714 3478 Sed
2750 3422 2851 3478 has
2887 3437 3020 3478 oves
3047 3422 3131 3481 leo
3159 3423 3225 3478 de
3270 3424 3412 3479 tribu
3450 3422 3590 3481 Iuda
3617 3425 3888 3492 parturie-

2295 3522 2377 3568 rat
2402 3529 2416 3568 :
2443 3513 2644 3570 idcirco
2673 3514 3064 3583 insuperabiles
3093 3531 3188 3572 eas
3215 3514 3330 3584 ipse
3357 3514 3626 3573 mittebat.
3667 3513 3740 3569 Hi
3774 3523 3891 3570 sunt

2293 3613 2474 3662 autem
2505 3605 2572 3665 de
2593 3605 2792 3675 quibus
2831 3604 2988 3675 paulo
3027 3614 3154 3666 ante
3182 3607 3382 3662 dicitur
3419 3624 3430 3659 :
3467 3604 3578 3664 llos
3610 3605 3891 3667 duodecim

2293 3694 2457 3768 595
2485 3697 2624 3750 misit
2671 3694 2849 3761 Jesus,
2895 3711 3032 3766 quos
3075 3697 3256 3752 ovium
3311 3697 3528 3754 nomine
3573 3684 3897 3755 innocentes

2293 3774 2417 3842 esse
2437 3785 2702 3858 designat.
2731 3785 2897 3856 Lupis
2936 3801 3064 3841 vero
3115 3787 3336 3842 Scribas
3364 3798 3419 3842 et
3450 3786 3766 3842 Pharismos
3810 3795 3894 3844 at-

2295 3895 2400 3950 que
2443 3881 2730 3938 ltatreticos
2754 3889 2810 3935 et
2842 3878 3195 3951 philosophos
3222 3878 3359 3935 bene
3402 3879 3779 3950 comparavit,
3806 3878 3894 3952 qui

2297 3985 2511 4040 semper
2533 3972 2860 4028 insidiantur
2885 3971 3220 4043 simplicitati
3251 3971 3515 4028 Dominici
3539 3973 3759 4043 gregis.

2371 4062 2570 4129 Estole,
2603 4063 2800 4133 inquit,
2830 4065 3112 4134 prudentes
3152 4065 3286 4119 sicut
3311 4075 3594 4135 serpentes,
3618 4075 3666 4116 et
3707 4063 3899 4133 simpli-

2297 4169 2379 4208 ces
2421 4155 2556 4209 sicut
2594 4153 2870 4209 columbis.
2911 4155 3076 4223 Quasi
3118 4157 3362 4226 quaedam
3394 4155 3676 4212 contraria
3716 4156 3901 4227 jubet;

2299 4247 2394 4302 sed
2421 4246 2775 4304 similitudine
2794 4249 2930 4304 satis
2955 4251 3302 4306 conveniunt.
3332 4249 3466 4305 Nam
3487 4260 3543 4306 et
3564 4249 3794 4322 Moyses
3817 4265 3905 4322 po-

2297 4339 2482 4409 pulum
2522 4355 2552 4393 a
2584 4341 2851 4396 morsibus
2891 4343 3218 4412 serpentinis
3266 4343 3382 4400 visu
3413 4344 3546 4398 aenei
3595 4344 3903 4414 serpentis,

2298 4447 2458 4502 quem
2490 4442 2758 4500 erexerat,
2794 4435 3007 4489 curavit
3049 4433 3240 4506 (Num.
3282 4451 3396 4499 xu,
3425 4435 3517 4506 9);
3546 4435 3713 4506 cujus
3755 4435 3910 4494 Chri-

2300 4535 2436 4593 stus,
2485 4541 2785 4597 suspcnsus
2827 4527 2881 4582 in
2912 4541 3094 4592 cruce,
3133 4527 3418 4583 veritatem
3462 4529 3769 4598 expressit.
3798 4527 3913 4585 Non

603 4617 931 4674 bitatoribus
949 4618 1163 4688 posuit;
1190 4618 1284 4689 qui
1306 4617 1434 4674 licet
1454 4633 1553 4688 pro
1572 4618 1686 4675 suis
1704 4617 2003 4674 sceleribus
2025 4615 2196 4673 semel
2222 4597 2273 4658 Ῑ)
2299 4617 2443 4674 enim
2479 4616 2830 4673 calliditatem
2861 4619 3130 4688 serpentis
3151 4619 3361 4689 antiqui
3385 4597 3647 4687 iubentur
3677 4620 3912 4685 habere,

604 4710 846 4765 damnati
893 4711 1024 4777 sint,
1070 4718 1250 4766 tamen
1301 4711 1354 4765 in
1405 4709 1588 4766 futuro
1624 4708 1962 4766 tolerabilius
2003 4723 2197 4780 paruas

605 4801 774 4858 luent.
810 4799 979 4858 Terra
1004 4800 1173 4874 m
1196 4802 1340 4858 enim
1362 4800 1487 4871 jure
1511 4803 1761 4860 homines
1787 4803 2064 4869 dicuntur,
2080 4803 2199 4874 qui-

605 4896 707 4952 bus
733 4896 937 4952 dictum
965 4905 1050 4954 est
1074 4897 1128 4950 in
1156 4896 1327 4953 Adam
1355 4912 1370 4951 :
1404 4896 1566 4953 Terra
1588 4914 1666 4964 es,
1692 4907 1739 4953 et
1785 4897 1839 4954 in
1868 4906 2064 4954 terram
2097 4898 2197 4956 ibis

607 4988 763 5058 (Gen.
795 5005 878 5054 ιιι,
914 4990 1024 5060 l9).
1055 4990 1166 5047 Sed
1204 4991 1388 5048 miseri
1415 4990 1730 5059 Sodomitat,
1776 4993 1868 5063 qui
1897 5001 1952 5048 et
1975 4993 2030 5048 in
2064 5007 2200 5062 prat-

607 5083 908 5139 sentiarum
933 5081 1361 5155 conﬂagrantur,
1383 5093 1440 5140 et
1480 5085 1533 5139 in
1561 5083 1762 5150 futuro,
1795 5084 1922 5141 licet
1947 5085 2203 5140 tolerabi-

608 5175 738 5242 lius,
765 5175 1103 5233 cruciantur.
1131 5175 1224 5232 Fit
1259 5176 1405 5232 enim
1437 5177 1776 5247 comparatio
1801 5178 1870 5233 de
1911 5177 2203 5234 levioribus

612 5265 678 5320 ad
726 5267 976 5338 graviora
1004 5285 1016 5320 :
1041 5275 1096 5326 et
1125 5267 1248 5324 ideo
1285 5266 1485 5338 quibus
1512 5266 1843 5325 tolerabilius
1883 5267 1992 5324 erit
2030 5278 2086 5323 et
2124 5267 2202 5323 le-

611 5356 754 5424 vius,
788 5367 974 5418 tamen
1019 5358 1305 5431 poenaliter
1345 5360 1470 5418 erit.
1515 5360 1752 5418 Audiam
1797 5375 1948 5432 ergo,
1999 5360 2092 5430 qui
2133 5361 2198 5416 de

613 5450 944 5519 qumuslibet
988 5453 1204 5508 incaute
1249 5454 1628 5526 pronuntiant,
1663 5452 1809 5524 quod
1845 5467 1954 5508 non
1990 5451 2199 5520 judicat

617 5539 760 5596 Deus
797 5541 881 5599 bis
924 5543 979 5600 in
1031 5543 1631 5614 idipsutnmescientes
1677 5545 1825 5615 quod
1870 5543 2036 5613 aliqui
2073 5543 2204 5608 ltinc

615 5633 878 5704 incipiant
920 5636 1183 5706 torqueri,
1223 5652 1330 5694 non
1356 5646 1420 5694 ut
1444 5637 1666 5694 ﬁniatur
1693 5651 1882 5694 eorum
1927 5635 2203 5693 cruciatus

617 5727 673 5784 in
705 5729 812 5786 line
855 5729 999 5794 vita,
1045 5731 1143 5787 sed
1190 5739 1249 5785 ut
1292 5731 1386 5802 qui
1416 5732 1598 5788 vident
1640 5739 1967 5808 terreantur,
2008 5740 2064 5788 et
2099 5732 2200 5802 ipsi

617 5837 736 5893 quae
768 5823 1102 5880 admiserunt
1127 5826 1243 5884 sine
1285 5825 1388 5882 [ine
1409 5826 1648 5896 lugeant.
1684 5824 1940 5896 Alioquin
1969 5834 2022 5880 et
2058 5824 2201 5881 Pha-

2302 4711 2396 4766 sed
2444 4710 2738 4764 secundum
2767 4709 3044 4780 physicos,
3078 4709 3377 4765 naturalem
3419 4725 3607 4765 eorum
3667 4712 3916 4781 pruden-

2304 4803 2435 4859 tiam
2461 4803 2686 4860 imitari.
2720 4803 2916 4858 Dicunt
2943 4803 3090 4857 cnim
3127 4801 3298 4873 aliqui
3349 4817 3536 4858 eorum
3559 4801 3921 4872 {pretiosissi-

2304 4915 2422 4956 mas
2468 4899 2522 4954 in
2568 4898 2744 4969 capite
2773 4911 3019 4969 gemmas
3056 4903 3302 4967 gestare;
3353 4911 3492 4967 quos
3531 4910 3655 4950 cum
3714 4907 3782 4950 ut
3831 4910 3920 4951 eas

2306 4991 2516 5062 possint
2549 4989 2787 5055 auferre,
2820 4989 2988 5044 velint
3031 4990 3337 5056 incantare,
3371 4988 3701 5059 imprimunt
3735 4987 3926 5044 fortis-

2307 5084 2447 5152 simi)
2475 5083 2639 5154 lapidi
2688 5098 2893 5147 aurem,
2941 5090 2999 5138 et
3030 5081 3202 5138 cauda
3233 5081 3467 5152 desuper
3495 5081 3656 5136 aliam
3717 5097 3925 5152 coope—

2306 5175 2472 5245 riunt,
2501 5189 2570 5242 ne
2600 5187 2785 5229 vocem
2812 5173 3036 5230 audiant
3058 5173 3409 5242 incantantis.
3435 5172 3553 5241 Quo
3577 5187 3715 5246 sane
3747 5173 3924 5237 facto,

2305 5275 2361 5321 et
2407 5267 2550 5336 quod
2597 5266 2894 5338 pretiosum
2937 5275 3037 5332 est,
3087 5265 3422 5330 custodiunt,
3475 5274 3530 5320 et
3581 5264 3763 5321 vitam
3815 5282 3930 5322 non

2309 5359 2565 5427 amittunt
2593 5376 2604 5413 :
2631 5359 2704 5413 ita
2730 5369 2786 5414 et
2825 5359 3000 5414 sancti
3035 5359 3265 5430 apostoli
3309 5367 3602 5428 monentur
3640 5360 3934 5432 margari-

2315 5464 2450 5518 tam,
2478 5468 2636 5523 quam
2661 5452 2896 5507 venditis
2925 5453 3179 5508 omnibus
3201 5461 3465 5517 emerent,
3494 5467 3591 5507 sua
3621 5453 3933 5523 prudentia

2313 5544 2619 5618 custodire;
2654 5553 2998 5616 mentemque
3023 5544 3189 5617 (quod
3211 5556 3294 5602 est
3321 5545 3622 5616 principale
3649 5544 3936 5622 hominis;

2313 5649 2502 5711 petrae,
2529 5653 2650 5709 quae
2675 5637 2928 5694 Christus
2951 5647 3056 5704 est,
3084 5638 3300 5707 fortiter
3324 5638 3660 5709 imprimere,
3693 5651 3940 5692 aurem-

2315 5747 2420 5802 que
2444 5731 2626 5788 carnis
2660 5731 2853 5798 cauda,
2906 5731 2958 5787 id
2997 5740 3101 5798 est,
3133 5732 3238 5800 line
3277 5732 3420 5798 vitae,
3465 5746 3565 5802 per
3595 5731 3942 5801 passionem

2315 5825 2527 5881 etiamsi
2576 5827 2891 5897 contigerit,
2945 5827 3178 5897 operire,
3230 5843 3295 5881 ne
3334 5841 3524 5882 vocem
3558 5823 3800 5880 audiant
3859 5827 3944 5878 in-
