  <div class='ocr_page' id='page_1' title='image "/cluster/home/n/w/nwhite01/storage/ocr_20150623/120/hvd.32044015466923/216.png"; bbox 0 0 4004 6362; ppageno 0'>
   <div class='ocr_carea' id='block_1_1' title="bbox 145 348 218 410">
    <p class='ocr_par' dir='ltr' id='par_1_1' title="bbox 145 348 218 410">
     <span class='ocr_line' id='line_1_1' title="bbox 145 348 218 410; baseline 0.027 -4"><span class='ocrx_word' id='word_1_1' title='bbox 145 348 218 410; x_wconf 64' lang='lat' dir='ltr'><strong>lii</strong></span> 
     </span>
    </p>
   </div>
   <div class='ocr_carea' id='block_1_2' title="bbox 908 326 2569 421">
    <p class='ocr_par' dir='ltr' id='par_1_2' title="bbox 908 326 2569 421">
     <span class='ocr_line' id='line_1_2' title="bbox 908 326 2569 421; baseline -0.002 -22"><span class='ocrx_word' id='word_1_2' title='bbox 908 333 1276 400; x_wconf 80' lang='lat' dir='ltr'><strong>EXPOSITIO</strong></span> <span class='ocrx_word' id='word_1_3' title='bbox 1313 326 1380 398; x_wconf 78' lang='lat' dir='ltr'><strong>IN</strong></span> <span class='ocrx_word' id='word_1_4' title='bbox 1424 337 1862 421; x_wconf 57' lang='lat' dir='ltr'><strong>nummum.</strong></span> <span class='ocrx_word' id='word_1_5' title='bbox 1903 371 1973 380; x_wconf 92' lang='lat'>—</span> <span class='ocrx_word' id='word_1_6' title='bbox 2014 339 2140 395; x_wconf 81' lang='lat' dir='ltr'><strong>un.</strong></span> <span class='ocrx_word' id='word_1_7' title='bbox 2181 339 2268 408; x_wconf 78' lang='lat' dir='ltr'><strong>vr,</strong></span> <span class='ocrx_word' id='word_1_8' title='bbox 2309 339 2460 396; x_wconf 60' lang='lat' dir='ltr'><strong>car.</strong></span> <span class='ocrx_word' id='word_1_9' title='bbox 2503 339 2569 395; x_wconf 69' lang='grc' dir='ltr'><strong>χ.</strong></span> 
     </span>
    </p>
   </div>
   <div class='ocr_carea' id='block_1_3' title="bbox 3264 337 3368 402">
    <p class='ocr_par' dir='ltr' id='par_1_3' title="bbox 3264 337 3368 402">
     <span class='ocr_line' id='line_1_3' title="bbox 3264 337 3368 402; baseline 0.029 -3"><span class='ocrx_word' id='word_1_10' title='bbox 3264 337 3368 402; x_wconf 63' lang='grc' dir='ltr'><strong>ηε</strong></span> 
     </span>
    </p>
   </div>
   <div class='ocr_carea' id='block_1_4' title="bbox 144 451 3374 530">
    <p class='ocr_par' dir='ltr' id='par_1_4' title="bbox 144 451 3374 530">
     <span class='ocr_line' id='line_1_4' title="bbox 144 451 3374 530; baseline -0.002 -12"><span class='ocrx_word' id='word_1_11' title='bbox 144 459 377 518; x_wconf 78' lang='lat' dir='ltr'><strong>cantantis.</strong></span> <span class='ocrx_word' id='word_1_12' title='bbox 419 457 610 528; x_wconf 77' lang='lat' dir='ltr'><strong>Magna</strong></span> <span class='ocrx_word' id='word_1_13' title='bbox 651 457 815 527; x_wconf 84' lang='lat' dir='ltr'><strong>igitur</strong></span> <span class='ocrx_word' id='word_1_14' title='bbox 859 457 1144 530; x_wconf 81' lang='lat' dir='ltr'><strong>prudentia</strong></span> <span class='ocrx_word' id='word_1_15' title='bbox 1178 465 1261 514; x_wconf 91' lang='lat' dir='ltr'><strong>est</strong></span> <span class='ocrx_word' id='word_1_16' title='bbox 1308 456 1584 513; x_wconf 75' lang='lat' dir='ltr'><strong>Christum</strong></span> <span class='ocrx_word' id='word_1_17' title='bbox 1622 457 1675 511; x_wconf 88' lang='lat' dir='ltr'><strong>in</strong></span> <span class='ocrx_word' id='word_1_18' title='bbox 1704 460 1756 521; x_wconf 76' lang='grc' dir='ltr'><strong>Α</strong></span> <span class='ocrx_word' id='word_1_19' title='bbox 1783 463 1880 516; x_wconf 89' lang='lat' dir='ltr'><strong>tat.</strong></span> <span class='ocrx_word' id='word_1_20' title='bbox 1929 451 2064 521; x_wconf 83' lang='lat' dir='ltr'><strong>Quia</strong></span> <span class='ocrx_word' id='word_1_21' title='bbox 2117 463 2377 522; x_wconf 89' lang='lat' dir='ltr'><strong>quantum</strong></span> <span class='ocrx_word' id='word_1_22' title='bbox 2409 461 2492 508; x_wconf 89' lang='lat' dir='ltr'><strong>est</strong></span> <span class='ocrx_word' id='word_1_23' title='bbox 2522 451 2814 508; x_wconf 88' lang='lat' dir='ltr'><strong>amandum</strong></span> <span class='ocrx_word' id='word_1_24' title='bbox 2856 451 2910 506; x_wconf 92' lang='lat' dir='ltr'><strong>in</strong></span> <span class='ocrx_word' id='word_1_25' title='bbox 2959 451 3206 510; x_wconf 88' lang='lat' dir='ltr'><strong>columba</strong></span> <span class='ocrx_word' id='word_1_26' title='bbox 3229 454 3374 525; x_wconf 91' lang='lat' dir='ltr'><strong>quod</strong></span> 
     </span>
    </p>
   </div>
   <div class='ocr_carea' id='block_1_5' title="bbox 145 551 1680 626">
    <p class='ocr_par' dir='ltr' id='par_1_5' title="bbox 145 551 1680 626">
     <span class='ocr_line' id='line_1_5' title="bbox 145 551 1680 626; baseline -0.001 -14"><span class='ocrx_word' id='word_1_27' title='bbox 145 555 262 612; x_wconf 84' lang='lat' dir='ltr'><strong>nobis</strong></span> <span class='ocrx_word' id='word_1_28' title='bbox 285 561 508 626; x_wconf 89' lang='lat' dir='ltr'><strong>portare,</strong></span> <span class='ocrx_word' id='word_1_29' title='bbox 536 553 813 624; x_wconf 76' lang='lat' dir='ltr'><strong>vitamque</strong></span> <span class='ocrx_word' id='word_1_30' title='bbox 836 552 1132 618; x_wconf 90' lang='lat' dir='ltr'><strong>custodire,</strong></span> <span class='ocrx_word' id='word_1_31' title='bbox 1158 567 1226 607; x_wconf 90' lang='lat' dir='ltr'><strong>ne</strong></span> <span class='ocrx_word' id='word_1_32' title='bbox 1253 551 1533 607; x_wconf 82' lang='lat' dir='ltr'><strong>auferatur</strong></span> <span class='ocrx_word' id='word_1_33' title='bbox 1556 551 1680 609; x_wconf 87' lang='lat' dir='ltr'><strong>ullis</strong></span> 
     </span>
    </p>
   </div>
   <div class='ocr_carea' id='block_1_6' title="bbox 143 643 1679 721">
    <p class='ocr_par' dir='ltr' id='par_1_6' title="bbox 143 643 1679 721">
     <span class='ocr_line' id='line_1_6' title="bbox 143 643 1679 721; baseline 0.001 -20"><span class='ocrx_word' id='word_1_34' title='bbox 143 661 377 721; x_wconf 87' lang='lat' dir='ltr'><strong>pravorum</strong></span> <span class='ocrx_word' id='word_1_35' title='bbox 402 644 702 699; x_wconf 82' lang='lat' dir='ltr'><strong>fraudibus.</strong></span> <span class='ocrx_word' id='word_1_36' title='bbox 746 645 827 699; x_wconf 87' lang='lat' dir='ltr'><strong>Ad</strong></span> <span class='ocrx_word' id='word_1_37' title='bbox 862 645 965 701; x_wconf 91' lang='lat' dir='ltr'><strong>hoc</strong></span> <span class='ocrx_word' id='word_1_38' title='bbox 989 646 1187 716; x_wconf 88' lang='lat' dir='ltr'><strong>quippe</strong></span> <span class='ocrx_word' id='word_1_39' title='bbox 1215 643 1420 701; x_wconf 67' lang='lat' dir='ltr'><strong>Scribre</strong></span> <span class='ocrx_word' id='word_1_40' title='bbox 1451 654 1506 700; x_wconf 91' lang='lat' dir='ltr'><strong>et</strong></span> <span class='ocrx_word' id='word_1_41' title='bbox 1539 645 1679 702; x_wconf 86' lang='lat' dir='ltr'><strong>Pha-</strong></span> 
     </span>
    </p>
   </div>
   <div class='ocr_carea' id='block_1_7' title="bbox 145 739 1679 814">
    <p class='ocr_par' dir='ltr' id='par_1_7' title="bbox 145 739 1679 814">
     <span class='ocr_line' id='line_1_7' title="bbox 145 739 1679 814; baseline -0.001 -18"><span class='ocrx_word' id='word_1_42' title='bbox 145 741 426 809; x_wconf 73' lang='lat' dir='ltr'><strong>ris&#39;ei,atque</strong></span> <span class='ocrx_word' id='word_1_43' title='bbox 456 739 724 804; x_wconf 59' lang='lat' dir='ltr'><strong>haeretici,</strong></span> <span class='ocrx_word' id='word_1_44' title='bbox 749 753 972 796; x_wconf 86' lang='lat' dir='ltr'><strong>necnon</strong></span> <span class='ocrx_word' id='word_1_45' title='bbox 1000 749 1054 795; x_wconf 88' lang='lat' dir='ltr'><strong>et</strong></span> <span class='ocrx_word' id='word_1_46' title='bbox 1073 739 1402 814; x_wconf 83' lang='lat' dir='ltr'><strong>philosophi,</strong></span> <span class='ocrx_word' id='word_1_47' title='bbox 1430 740 1679 796; x_wconf 81' lang='lat' dir='ltr'><strong>laborant</strong></span> 
     </span>
    </p>
   </div>
   <div class='ocr_carea' id='block_1_8' title="bbox 144 828 1679 902">
    <p class='ocr_par' dir='ltr' id='par_1_8' title="bbox 144 828 1679 902">
     <span class='ocr_line' id='line_1_8' title="bbox 144 828 1679 902; baseline -0.001 -14"><span class='ocrx_word' id='word_1_48' title='bbox 144 828 410 888; x_wconf 81' lang='lat' dir='ltr'><strong>incantando</strong></span> <span class='ocrx_word' id='word_1_49' title='bbox 433 831 618 902; x_wconf 78' lang='lat' dir='ltr'><strong>pravis</strong></span> <span class='ocrx_word' id='word_1_50' title='bbox 645 830 1111 900; x_wconf 90' lang='lat' dir='ltr'><strong>persuasionibus,</strong></span> <span class='ocrx_word' id='word_1_51' title='bbox 1137 839 1198 886; x_wconf 93' lang='lat' dir='ltr'><strong>ut</strong></span> <span class='ocrx_word' id='word_1_52' title='bbox 1217 830 1498 888; x_wconf 82' lang='lat' dir='ltr'><strong>Christum</strong></span> <span class='ocrx_word' id='word_1_53' title='bbox 1522 831 1679 887; x_wconf 89' lang='lat' dir='ltr'><strong>nobis</strong></span> 
     </span>
    </p>
   </div>
   <div class='ocr_carea' id='block_1_9' title="bbox 144 921 1675 995">
    <p class='ocr_par' dir='ltr' id='par_1_9' title="bbox 144 921 1675 995">
     <span class='ocr_line' id='line_1_9' title="bbox 144 921 1675 995; baseline -0.001 -16"><span class='ocrx_word' id='word_1_54' title='bbox 144 923 357 979; x_wconf 77' lang='lat' dir='ltr'><strong>auferant.</strong></span> <span class='ocrx_word' id='word_1_55' title='bbox 407 921 617 976; x_wconf 88' lang='lat' dir='ltr'><strong>Dicitur</strong></span> <span class='ocrx_word' id='word_1_56' title='bbox 645 937 776 993; x_wconf 80' lang='lat' dir='ltr'><strong>ergo</strong></span> <span class='ocrx_word' id='word_1_57' title='bbox 819 931 874 976; x_wconf 91' lang='lat' dir='ltr'><strong>et</strong></span> <span class='ocrx_word' id='word_1_58' title='bbox 913 923 1020 977; x_wconf 88' lang='lat' dir='ltr'><strong>alia</strong></span> <span class='ocrx_word' id='word_1_59' title='bbox 1064 923 1351 994; x_wconf 82' lang='lat' dir='ltr'><strong>prudentia</strong></span> <span class='ocrx_word' id='word_1_60' title='bbox 1387 924 1675 995; x_wconf 88' lang='lat' dir='ltr'><strong>serpentis,</strong></span> 
     </span>
    </p>
   </div>
   <div class='ocr_carea' id='block_1_10' title="bbox 141 1015 1682 1088">
    <p class='ocr_par' dir='ltr' id='par_1_10' title="bbox 141 1015 1682 1088">
     <span class='ocr_line' id='line_1_10' title="bbox 141 1015 1682 1088; baseline 0.003 -20"><span class='ocrx_word' id='word_1_61' title='bbox 141 1015 247 1085; x_wconf 86' lang='lat' dir='ltr'><strong>quod</strong></span> <span class='ocrx_word' id='word_1_62' title='bbox 291 1020 450 1068; x_wconf 87' lang='lat' dir='ltr'><strong>totum</strong></span> <span class='ocrx_word' id='word_1_63' title='bbox 503 1028 702 1082; x_wconf 90' lang='lat' dir='ltr'><strong>corpus</strong></span> <span class='ocrx_word' id='word_1_64' title='bbox 741 1015 980 1085; x_wconf 72' lang='lat' dir='ltr'><strong>praebeat</strong></span> <span class='ocrx_word' id='word_1_65' title='bbox 1019 1021 1078 1070; x_wconf 93' lang='lat' dir='ltr'><strong>ut</strong></span> <span class='ocrx_word' id='word_1_66' title='bbox 1126 1024 1307 1087; x_wconf 85' lang='lat' dir='ltr'><strong>caput,</strong></span> <span class='ocrx_word' id='word_1_67' title='bbox 1356 1017 1410 1072; x_wconf 91' lang='lat' dir='ltr'><strong>in</strong></span> <span class='ocrx_word' id='word_1_68' title='bbox 1459 1031 1568 1088; x_wconf 92' lang='lat' dir='ltr'><strong>quo</strong></span> <span class='ocrx_word' id='word_1_69' title='bbox 1594 1026 1682 1074; x_wconf 89' lang='lat' dir='ltr'><strong>est</strong></span> 
     </span>
    </p>
   </div>
   <div class='ocr_carea' id='block_1_11' title="bbox 141 1104 1690 1180">
    <p class='ocr_par' dir='ltr' id='par_1_11' title="bbox 141 1104 1690 1180">
     <span class='ocr_line' id='line_1_11' title="bbox 141 1104 1690 1180; baseline 0.004 -20"><span class='ocrx_word' id='word_1_70' title='bbox 141 1111 236 1173; x_wconf 84' lang='lat' dir='ltr'><strong>vita,</strong></span> <span class='ocrx_word' id='word_1_71' title='bbox 261 1105 530 1162; x_wconf 85' lang='lat' dir='ltr'><strong>custodiat.</strong></span> <span class='ocrx_word' id='word_1_72' title='bbox 569 1104 671 1174; x_wconf 90' lang='lat' dir='ltr'><strong>Qui</strong></span> <span class='ocrx_word' id='word_1_73' title='bbox 702 1122 824 1161; x_wconf 91' lang='lat' dir='ltr'><strong>cum</strong></span> <span class='ocrx_word' id='word_1_74' title='bbox 856 1109 1122 1174; x_wconf 89' lang='lat' dir='ltr'><strong>senuerit,</strong></span> <span class='ocrx_word' id='word_1_75' title='bbox 1155 1108 1458 1180; x_wconf 80' lang='lat' dir='ltr'><strong>ingreditur</strong></span> <span class='ocrx_word' id='word_1_76' title='bbox 1482 1111 1537 1166; x_wconf 92' lang='lat' dir='ltr'><strong>in</strong></span> <span class='ocrx_word' id='word_1_77' title='bbox 1575 1126 1690 1166; x_wconf 85' lang='lat' dir='ltr'><strong>an--</strong></span> 
     </span>
    </p>
   </div>
   <div class='ocr_carea' id='block_1_12' title="bbox 139 1197 1675 1280">
    <p class='ocr_par' dir='ltr' id='par_1_12' title="bbox 139 1197 1675 1280">
     <span class='ocr_line' id='line_1_12' title="bbox 139 1197 1675 1280; baseline 0.003 -26"><span class='ocrx_word' id='word_1_78' title='bbox 139 1207 257 1270; x_wconf 80' lang='lat' dir='ltr'><strong>gusto</strong></span> <span class='ocrx_word' id='word_1_79' title='bbox 281 1210 549 1270; x_wconf 83' lang='lat' dir='ltr'><strong>petrarum</strong></span> <span class='ocrx_word' id='word_1_80' title='bbox 574 1197 864 1266; x_wconf 80' lang='lat' dir='ltr'><strong>foramine,</strong></span> <span class='ocrx_word' id='word_1_81' title='bbox 897 1210 956 1254; x_wconf 91' lang='lat' dir='ltr'><strong>ut</strong></span> <span class='ocrx_word' id='word_1_82' title='bbox 986 1217 1045 1280; x_wconf 78' lang='lat' dir='ltr'><strong>se</strong></span> <span class='ocrx_word' id='word_1_83' title='bbox 1069 1210 1302 1258; x_wconf 91' lang='lat' dir='ltr'><strong>veterem</strong></span> <span class='ocrx_word' id='word_1_84' title='bbox 1328 1212 1494 1258; x_wconf 82' lang='lat' dir='ltr'><strong>exuat</strong></span> <span class='ocrx_word' id='word_1_85' title='bbox 1529 1204 1675 1258; x_wconf 81' lang='lat' dir='ltr'><strong>tuui-</strong></span> 
     </span>
    </p>
   </div>
   <div class='ocr_carea' id='block_1_13' title="bbox 139 1290 1672 1365">
    <p class='ocr_par' dir='ltr' id='par_1_13' title="bbox 139 1290 1672 1365">
     <span class='ocr_line' id='line_1_13' title="bbox 139 1290 1672 1365; baseline 0.005 -19"><span class='ocrx_word' id='word_1_86' title='bbox 139 1305 258 1346; x_wconf 85' lang='lat' dir='ltr'><strong>cam:</strong></span> <span class='ocrx_word' id='word_1_87' title='bbox 280 1290 342 1344; x_wconf 91' lang='lat' dir='ltr'><strong>ita</strong></span> <span class='ocrx_word' id='word_1_88' title='bbox 369 1299 424 1344; x_wconf 91' lang='lat' dir='ltr'><strong>et</strong></span> <span class='ocrx_word' id='word_1_89' title='bbox 463 1305 564 1346; x_wconf 92' lang='lat' dir='ltr'><strong>nos</strong></span> <span class='ocrx_word' id='word_1_90' title='bbox 589 1302 755 1361; x_wconf 89' lang='lat' dir='ltr'><strong>caput</strong></span> <span class='ocrx_word' id='word_1_91' title='bbox 798 1301 1066 1361; x_wconf 90' lang='lat' dir='ltr'><strong>nostrum,</strong></span> <span class='ocrx_word' id='word_1_92' title='bbox 1097 1295 1242 1365; x_wconf 92' lang='lat' dir='ltr'><strong>quod</strong></span> <span class='ocrx_word' id='word_1_93' title='bbox 1280 1305 1364 1352; x_wconf 90' lang='lat' dir='ltr'><strong>est</strong></span> <span class='ocrx_word' id='word_1_94' title='bbox 1388 1296 1672 1361; x_wconf 86' lang='lat' dir='ltr'><strong>Christus,</strong></span> 
     </span>
    </p>
   </div>
   <div class='ocr_carea' id='block_1_14' title="bbox 138 1383 1676 1460">
    <p class='ocr_par' dir='ltr' id='par_1_14' title="bbox 138 1383 1676 1460">
     <span class='ocr_line' id='line_1_14' title="bbox 138 1383 1676 1460; baseline 0.005 -24"><span class='ocrx_word' id='word_1_95' title='bbox 138 1385 176 1438; x_wconf 92' lang='lat' dir='ltr'><strong>in</strong></span> <span class='ocrx_word' id='word_1_96' title='bbox 199 1384 328 1440; x_wconf 88' lang='lat' dir='ltr'><strong>nobis</strong></span> <span class='ocrx_word' id='word_1_97' title='bbox 358 1383 745 1451; x_wconf 86' lang='lat' dir='ltr'><strong>custodientes,</strong></span> <span class='ocrx_word' id='word_1_98' title='bbox 795 1400 992 1457; x_wconf 88' lang='lat' dir='ltr'><strong>corpus</strong></span> <span class='ocrx_word' id='word_1_99' title='bbox 1031 1402 1317 1457; x_wconf 89' lang='lat' dir='ltr'><strong>ponamus,</strong></span> <span class='ocrx_word' id='word_1_100' title='bbox 1359 1404 1458 1459; x_wconf 89' lang='lat' dir='ltr'><strong>per</strong></span> <span class='ocrx_word' id='word_1_101' title='bbox 1509 1405 1676 1460; x_wconf 88' lang='lat' dir='ltr'><strong>angu-</strong></span> 
     </span>
    </p>
   </div>
   <div class='ocr_carea' id='block_1_15' title="bbox 138 1477 1681 1551">
    <p class='ocr_par' dir='ltr' id='par_1_15' title="bbox 138 1477 1681 1551">
     <span class='ocr_line' id='line_1_15' title="bbox 138 1477 1681 1551; baseline 0.005 -19"><span class='ocrx_word' id='word_1_102' title='bbox 138 1487 249 1532; x_wconf 84' lang='lat' dir='ltr'><strong>stam</strong></span> <span class='ocrx_word' id='word_1_103' title='bbox 279 1477 532 1534; x_wconf 81' lang='lat' dir='ltr'><strong>intrantes</strong></span> <span class='ocrx_word' id='word_1_104' title='bbox 572 1477 716 1546; x_wconf 86' lang='lat' dir='ltr'><strong>viam</strong></span> <span class='ocrx_word' id='word_1_105' title='bbox 744 1494 1008 1536; x_wconf 78' lang='lat' dir='ltr'><strong>esuamus</strong></span> <span class='ocrx_word' id='word_1_106' title='bbox 1049 1482 1285 1538; x_wconf 83' lang='lat' dir='ltr'><strong>tunicam</strong></span> <span class='ocrx_word' id='word_1_107' title='bbox 1328 1494 1585 1551; x_wconf 86' lang='lat' dir='ltr'><strong>veterem,</strong></span> <span class='ocrx_word' id='word_1_108' title='bbox 1621 1496 1681 1540; x_wconf 89' lang='lat' dir='ltr'><strong>ut</strong></span> 
     </span>
    </p>
   </div>
   <div class='ocr_carea' id='block_1_16' title="bbox 136 1571 1679 1646">
    <p class='ocr_par' dir='ltr' id='par_1_16' title="bbox 136 1571 1679 1646">
     <span class='ocr_line' id='line_1_16' title="bbox 136 1571 1679 1646; baseline 0.005 -22"><span class='ocrx_word' id='word_1_109' title='bbox 136 1571 179 1624; x_wconf 94' lang='lat' dir='ltr'><strong>in</strong></span> <span class='ocrx_word' id='word_1_110' title='bbox 202 1571 422 1627; x_wconf 85' lang='lat' dir='ltr'><strong>omnibus</strong></span> <span class='ocrx_word' id='word_1_111' title='bbox 457 1585 802 1628; x_wconf 87' lang='lat' dir='ltr'><strong>reuovemur.</strong></span> <span class='ocrx_word' id='word_1_112' title='bbox 837 1573 982 1630; x_wconf 89' lang='lat' dir='ltr'><strong>Bona</strong></span> <span class='ocrx_word' id='word_1_113' title='bbox 1028 1575 1192 1646; x_wconf 91' lang='lat' dir='ltr'><strong>igitur</strong></span> <span class='ocrx_word' id='word_1_114' title='bbox 1231 1579 1518 1646; x_wconf 86' lang='lat' dir='ltr'><strong>prudentia</strong></span> <span class='ocrx_word' id='word_1_115' title='bbox 1560 1594 1679 1634; x_wconf 87' lang='lat' dir='ltr'><strong>ser-</strong></span> 
     </span>
    </p>
   </div>
   <div class='ocr_carea' id='block_1_17' title="bbox 138 1664 1681 1739">
    <p class='ocr_par' dir='ltr' id='par_1_17' title="bbox 138 1664 1681 1739">
     <span class='ocr_line' id='line_1_17' title="bbox 138 1664 1681 1739; baseline 0.005 -21"><span class='ocrx_word' id='word_1_116' title='bbox 138 1665 288 1732; x_wconf 85' lang='lat' dir='ltr'><strong>pentis</strong></span> <span class='ocrx_word' id='word_1_117' title='bbox 310 1679 453 1734; x_wconf 84' lang='lat' dir='ltr'><strong>quam</strong></span> <span class='ocrx_word' id='word_1_118' title='bbox 477 1664 674 1724; x_wconf 85' lang='lat' dir='ltr'><strong>Paulus</strong></span> <span class='ocrx_word' id='word_1_119' title='bbox 717 1667 938 1735; x_wconf 79' lang='lat' dir='ltr'><strong>exponit</strong></span> <span class='ocrx_word' id='word_1_120' title='bbox 967 1667 1170 1733; x_wconf 87' lang='lat' dir='ltr'><strong>dicens,</strong></span> <span class='ocrx_word' id='word_1_121' title='bbox 1193 1666 1375 1724; x_wconf 74' lang='lat' dir='ltr'><strong>Estote</strong></span> <span class='ocrx_word' id='word_1_122' title='bbox 1400 1670 1681 1739; x_wconf 82' lang='lat' dir='ltr'><strong>prudentes</strong></span> 
     </span>
    </p>
   </div>
   <div class='ocr_carea' id='block_1_18' title="bbox 134 1756 1684 1832">
    <p class='ocr_par' dir='ltr' id='par_1_18' title="bbox 134 1756 1684 1832">
     <span class='ocr_line' id='line_1_18' title="bbox 134 1756 1684 1832; baseline 0.005 -24"><span class='ocrx_word' id='word_1_123' title='bbox 134 1758 180 1808; x_wconf 79' lang='lat' dir='ltr'><strong>in</strong></span> <span class='ocrx_word' id='word_1_124' title='bbox 199 1756 326 1821; x_wconf 67' lang='lat' dir='ltr'><strong>bona,</strong></span> <span class='ocrx_word' id='word_1_125' title='bbox 349 1767 391 1810; x_wconf 81' lang='lat' dir='ltr'><strong>et</strong></span> <span class='ocrx_word' id='word_1_126' title='bbox 409 1757 671 1827; x_wconf 75' lang='lat' dir='ltr'><strong>simplices</strong></span> <span class='ocrx_word' id='word_1_127' title='bbox 702 1758 757 1812; x_wconf 86' lang='lat' dir='ltr'><strong>iu</strong></span> <span class='ocrx_word' id='word_1_128' title='bbox 781 1757 918 1813; x_wconf 88' lang='lat' dir='ltr'><strong>malo</strong></span> <span class='ocrx_word' id='word_1_129' title='bbox 941 1758 1116 1830; x_wconf 84' lang='lat' dir='ltr'><strong>(Rom.</strong></span> <span class='ocrx_word' id='word_1_130' title='bbox 1135 1777 1246 1825; x_wconf 82' lang='lat' dir='ltr'><strong>xvr,</strong></span> <span class='ocrx_word' id='word_1_131' title='bbox 1276 1762 1384 1832; x_wconf 72' lang='grc'><strong>19).</strong></span> <span class='ocrx_word' id='word_1_132' title='bbox 1413 1761 1684 1817; x_wconf 70' lang='grc' dir='ltr'><strong>Ριωηιίεἱι</strong></span> 
     </span>
    </p>
   </div>
   <div class='ocr_carea' id='block_1_19' title="bbox 1782 543 3376 614">
    <p class='ocr_par' dir='ltr' id='par_1_19' title="bbox 1782 543 3376 614">
     <span class='ocr_line' id='line_1_19' title="bbox 1782 543 3376 614; baseline -0.001 -14"><span class='ocrx_word' id='word_1_133' title='bbox 1782 546 1852 602; x_wconf 87' lang='lat' dir='ltr'><strong>fel</strong></span> <span class='ocrx_word' id='word_1_134' title='bbox 1879 561 1984 602; x_wconf 91' lang='lat' dir='ltr'><strong>non</strong></span> <span class='ocrx_word' id='word_1_135' title='bbox 2014 546 2196 612; x_wconf 83' lang='lat' dir='ltr'><strong>habet,</strong></span> <span class='ocrx_word' id='word_1_136' title='bbox 2230 554 2438 604; x_wconf 88' lang='lat' dir='ltr'><strong>tantum</strong></span> <span class='ocrx_word' id='word_1_137' title='bbox 2469 544 2765 600; x_wconf 90' lang='lat' dir='ltr'><strong>timendum</strong></span> <span class='ocrx_word' id='word_1_138' title='bbox 2805 543 2858 600; x_wconf 90' lang='lat' dir='ltr'><strong>in</strong></span> <span class='ocrx_word' id='word_1_139' title='bbox 2888 554 3158 614; x_wconf 86' lang='lat' dir='ltr'><strong>serpente,</strong></span> <span class='ocrx_word' id='word_1_140' title='bbox 3187 560 3256 606; x_wconf 86' lang='lat' dir='ltr'><strong>ne</strong></span> <span class='ocrx_word' id='word_1_141' title='bbox 3283 559 3376 599; x_wconf 83' lang='lat' dir='ltr'><strong>ve-</strong></span> 
     </span>
    </p>
   </div>
   <div class='ocr_carea' id='block_1_20' title="bbox 1783 634 3375 710">
    <p class='ocr_par' dir='ltr' id='par_1_20' title="bbox 1783 634 3375 710">
     <span class='ocr_line' id='line_1_20' title="bbox 1783 634 3375 710; baseline 0 -18"><span class='ocrx_word' id='word_1_142' title='bbox 1783 652 1922 696; x_wconf 88' lang='lat' dir='ltr'><strong>nena</strong></span> <span class='ocrx_word' id='word_1_143' title='bbox 1969 651 2152 710; x_wconf 79' lang='lat' dir='ltr'><strong>pravae</strong></span> <span class='ocrx_word' id='word_1_144' title='bbox 2197 635 2568 709; x_wconf 81' lang='lat' dir='ltr'><strong>intelligentiae</strong></span> <span class='ocrx_word' id='word_1_145' title='bbox 2616 636 2670 690; x_wconf 92' lang='lat' dir='ltr'><strong>in</strong></span> <span class='ocrx_word' id='word_1_146' title='bbox 2713 635 2869 703; x_wconf 87' lang='lat' dir='ltr'><strong>nobis</strong></span> <span class='ocrx_word' id='word_1_147' title='bbox 2915 634 3198 694; x_wconf 78' lang='lat' dir='ltr'><strong>diffundat.</strong></span> <span class='ocrx_word' id='word_1_148' title='bbox 3235 635 3375 692; x_wconf 88' lang='lat' dir='ltr'><strong>Sunt</strong></span> 
     </span>
    </p>
   </div>
   <div class='ocr_carea' id='block_1_21' title="bbox 1782 729 3376 803">
    <p class='ocr_par' dir='ltr' id='par_1_21' title="bbox 1782 729 3376 803">
     <span class='ocr_line' id='line_1_21' title="bbox 1782 729 3376 803; baseline 0 -17"><span class='ocrx_word' id='word_1_149' title='bbox 1782 729 1962 792; x_wconf 84' lang='lat' dir='ltr'><strong>autem</strong></span> <span class='ocrx_word' id='word_1_150' title='bbox 2019 731 2099 799; x_wconf 42' lang='lat' dir='ltr'><strong>in,</strong></span> <span class='ocrx_word' id='word_1_151' title='bbox 2128 730 2393 787; x_wconf 76' lang='lat' dir='ltr'><strong>columbae</strong></span> <span class='ocrx_word' id='word_1_152' title='bbox 2435 739 2627 786; x_wconf 89' lang='lat' dir='ltr'><strong>natura</strong></span> <span class='ocrx_word' id='word_1_153' title='bbox 2685 739 2958 802; x_wconf 89' lang='lat' dir='ltr'><strong>quatuor,</strong></span> <span class='ocrx_word' id='word_1_154' title='bbox 3009 731 3205 802; x_wconf 87' lang='lat' dir='ltr'><strong>quibus</strong></span> <span class='ocrx_word' id='word_1_155' title='bbox 3253 745 3376 803; x_wconf 88' lang='lat' dir='ltr'><strong>per-</strong></span> 
     </span>
    </p>
   </div>
   <div class='ocr_carea' id='block_1_22' title="bbox 1782 824 3375 902">
    <p class='ocr_par' dir='ltr' id='par_1_22' title="bbox 1782 824 3375 902">
     <span class='ocr_line' id='line_1_22' title="bbox 1782 824 3375 902; baseline -0.002 -20"><span class='ocrx_word' id='word_1_156' title='bbox 1782 827 2017 884; x_wconf 80' lang='lat' dir='ltr'><strong>maxime</strong></span> <span class='ocrx_word' id='word_1_157' title='bbox 2040 825 2359 896; x_wconf 86' lang='lat' dir='ltr'><strong>simplicitas</strong></span> <span class='ocrx_word' id='word_1_158' title='bbox 2383 824 2814 896; x_wconf 79' lang='lat' dir='ltr'><strong>commendatur,</strong></span> <span class='ocrx_word' id='word_1_159' title='bbox 2841 825 3084 902; x_wconf 59' lang='lat' dir='ltr'><strong>Egimum</strong></span> <span class='ocrx_word' id='word_1_160' title='bbox 3105 833 3209 890; x_wconf 89' lang='lat' dir='ltr'><strong>est,</strong></span> <span class='ocrx_word' id='word_1_161' title='bbox 3231 825 3375 898; x_wconf 89' lang='lat' dir='ltr'><strong>quod</strong></span> 
     </span>
    </p>
   </div>
   <div class='ocr_carea' id='block_1_23' title="bbox 1783 917 3378 991">
    <p class='ocr_par' dir='ltr' id='par_1_23' title="bbox 1783 917 3378 991">
     <span class='ocr_line' id='line_1_23' title="bbox 1783 917 3378 991; baseline 0 -17"><span class='ocrx_word' id='word_1_162' title='bbox 1783 935 1888 974; x_wconf 92' lang='lat' dir='ltr'><strong>non</strong></span> <span class='ocrx_word' id='word_1_163' title='bbox 1919 929 2097 976; x_wconf 89' lang='lat' dir='ltr'><strong>rostro</strong></span> <span class='ocrx_word' id='word_1_164' title='bbox 2127 928 2306 985; x_wconf 89' lang='lat' dir='ltr'><strong>nocet,</strong></span> <span class='ocrx_word' id='word_1_165' title='bbox 2350 933 2450 974; x_wconf 89' lang='lat' dir='ltr'><strong>nec</strong></span> <span class='ocrx_word' id='word_1_166' title='bbox 2488 917 2704 991; x_wconf 85' lang='lat' dir='ltr'><strong>ungulis</strong></span> <span class='ocrx_word' id='word_1_167' title='bbox 2733 917 3014 990; x_wconf 88' lang='lat' dir='ltr'><strong>discerpit,</strong></span> <span class='ocrx_word' id='word_1_168' title='bbox 3056 934 3156 974; x_wconf 90' lang='lat' dir='ltr'><strong>nec</strong></span> <span class='ocrx_word' id='word_1_169' title='bbox 3187 917 3288 974; x_wconf 90' lang='lat' dir='ltr'><strong>alis</strong></span> <span class='ocrx_word' id='word_1_170' title='bbox 3316 926 3378 974; x_wconf 87' lang='lat' dir='ltr'><strong>ut</strong></span> 
     </span>
    </p>
   </div>
   <div class='ocr_carea' id='block_1_24' title="bbox 1782 1010 3366 1082">
    <p class='ocr_par' dir='ltr' id='par_1_24' title="bbox 1782 1010 3366 1082">
     <span class='ocr_line' id='line_1_24' title="bbox 1782 1010 3366 1082; baseline 0 -16"><span class='ocrx_word' id='word_1_171' title='bbox 1782 1013 1961 1078; x_wconf 72' lang='lat' dir='ltr'><strong>laedat,</strong></span> <span class='ocrx_word' id='word_1_172' title='bbox 2001 1012 2143 1067; x_wconf 88' lang='lat' dir='ltr'><strong>sicut</strong></span> <span class='ocrx_word' id='word_1_173' title='bbox 2189 1011 2410 1082; x_wconf 80' lang='lat' dir='ltr'><strong>reliqua:</strong></span> <span class='ocrx_word' id='word_1_174' title='bbox 2439 1026 2590 1077; x_wconf 89' lang='lat' dir='ltr'><strong>aves,</strong></span> <span class='ocrx_word' id='word_1_175' title='bbox 2635 1010 2800 1065; x_wconf 86' lang='lat' dir='ltr'><strong>ferit:</strong></span> <span class='ocrx_word' id='word_1_176' title='bbox 2829 1012 2923 1066; x_wconf 90' lang='lat' dir='ltr'><strong>sed</strong></span> <span class='ocrx_word' id='word_1_177' title='bbox 2962 1011 3366 1082; x_wconf 83' lang='lat' dir='ltr'><strong>simplicitatem</strong></span> 
     </span>
    </p>
   </div>
   <div class='ocr_carea' id='block_1_25' title="bbox 1783 1102 3364 1174">
    <p class='ocr_par' dir='ltr' id='par_1_25' title="bbox 1783 1102 3364 1174">
     <span class='ocr_line' id='line_1_25' title="bbox 1783 1102 3364 1174; baseline -0.001 -15"><span class='ocrx_word' id='word_1_178' title='bbox 1783 1105 2007 1169; x_wconf 88' lang='lat' dir='ltr'><strong>amoris,</strong></span> <span class='ocrx_word' id='word_1_179' title='bbox 2039 1105 2166 1174; x_wconf 86' lang='lat' dir='ltr'><strong>quia</strong></span> <span class='ocrx_word' id='word_1_180' title='bbox 2192 1103 2263 1159; x_wconf 93' lang='lat' dir='ltr'><strong>fel</strong></span> <span class='ocrx_word' id='word_1_181' title='bbox 2294 1120 2401 1158; x_wconf 88' lang='lat' dir='ltr'><strong>non</strong></span> <span class='ocrx_word' id='word_1_182' title='bbox 2450 1103 2782 1170; x_wconf 54' lang='lat' dir='ltr'><strong>habet/sine</strong></span> <span class='ocrx_word' id='word_1_183' title='bbox 2819 1102 3182 1160; x_wconf 87' lang='lat' dir='ltr'><strong>amaritudine</strong></span> <span class='ocrx_word' id='word_1_184' title='bbox 3215 1102 3364 1158; x_wconf 89' lang='lat' dir='ltr'><strong>intus</strong></span> 
     </span>
    </p>
   </div>
   <div class='ocr_carea' id='block_1_26' title="bbox 1783 1195 3374 1267">
    <p class='ocr_par' dir='ltr' id='par_1_26' title="bbox 1783 1195 3374 1267">
     <span class='ocr_line' id='line_1_26' title="bbox 1783 1195 3374 1267; baseline -0.003 -14"><span class='ocrx_word' id='word_1_185' title='bbox 1783 1197 2039 1254; x_wconf 88' lang='lat' dir='ltr'><strong>custodit.</strong></span> <span class='ocrx_word' id='word_1_186' title='bbox 2071 1198 2230 1252; x_wconf 84' lang='lat' dir='ltr'><strong>Aliud</strong></span> <span class='ocrx_word' id='word_1_187' title='bbox 2282 1213 2407 1252; x_wconf 91' lang='lat' dir='ltr'><strong>vero</strong></span> <span class='ocrx_word' id='word_1_188' title='bbox 2438 1205 2539 1262; x_wconf 88' lang='lat' dir='ltr'><strong>est,</strong></span> <span class='ocrx_word' id='word_1_189' title='bbox 2572 1197 2716 1267; x_wconf 92' lang='lat' dir='ltr'><strong>quod</strong></span> <span class='ocrx_word' id='word_1_190' title='bbox 2744 1195 2976 1267; x_wconf 88' lang='lat' dir='ltr'><strong>desuper</strong></span> <span class='ocrx_word' id='word_1_191' title='bbox 3027 1195 3172 1251; x_wconf 88' lang='lat' dir='ltr'><strong>rivos</strong></span> <span class='ocrx_word' id='word_1_192' title='bbox 3206 1209 3374 1264; x_wconf 88' lang='lat' dir='ltr'><strong>aqua-</strong></span> 
     </span>
    </p>
   </div>
   <div class='ocr_carea' id='block_1_27' title="bbox 1783 1288 3378 1358">
    <p class='ocr_par' dir='ltr' id='par_1_27' title="bbox 1783 1288 3378 1358">
     <span class='ocr_line' id='line_1_27' title="bbox 1783 1288 3378 1358; baseline -0.003 -11"><span class='ocrx_word' id='word_1_193' title='bbox 1783 1310 1902 1350; x_wconf 89' lang='lat' dir='ltr'><strong>rum</strong></span> <span class='ocrx_word' id='word_1_194' title='bbox 1943 1293 2206 1358; x_wconf 87' lang='lat' dir='ltr'><strong>residens,</strong></span> <span class='ocrx_word' id='word_1_195' title='bbox 2245 1291 2618 1346; x_wconf 89' lang='lat' dir='ltr'><strong>insidiantium</strong></span> <span class='ocrx_word' id='word_1_196' title='bbox 2654 1290 2756 1346; x_wconf 90' lang='lat' dir='ltr'><strong>sibi</strong></span> <span class='ocrx_word' id='word_1_197' title='bbox 2785 1290 3008 1348; x_wconf 87' lang='lat' dir='ltr'><strong>umbras</strong></span> <span class='ocrx_word' id='word_1_198' title='bbox 3036 1288 3205 1356; x_wconf 81' lang='lat' dir='ltr'><strong>videt,</strong></span> <span class='ocrx_word' id='word_1_199' title='bbox 3232 1289 3378 1350; x_wconf 86' lang='lat' dir='ltr'><strong>sicut</strong></span> 
     </span>
    </p>
   </div>
   <div class='ocr_carea' id='block_1_28' title="bbox 1783 1383 3377 1458">
    <p class='ocr_par' dir='ltr' id='par_1_28' title="bbox 1783 1383 3377 1458">
     <span class='ocr_line' id='line_1_28' title="bbox 1783 1383 3377 1458; baseline -0.001 -18"><span class='ocrx_word' id='word_1_200' title='bbox 1783 1387 1981 1458; x_wconf 75' lang='lat' dir='ltr'><strong>legitur</strong></span> <span class='ocrx_word' id='word_1_201' title='bbox 2037 1387 2104 1442; x_wconf 90' lang='lat' dir='ltr'><strong>de</strong></span> <span class='ocrx_word' id='word_1_202' title='bbox 2165 1386 2406 1443; x_wconf 88' lang='lat' dir='ltr'><strong>Ecclesia</strong></span> <span class='ocrx_word' id='word_1_203' title='bbox 2459 1387 2513 1442; x_wconf 92' lang='lat' dir='ltr'><strong>in</strong></span> <span class='ocrx_word' id='word_1_204' title='bbox 2571 1385 2810 1444; x_wconf 86' lang='lat' dir='ltr'><strong>Cauticis</strong></span> <span class='ocrx_word' id='word_1_205' title='bbox 2861 1383 3058 1457; x_wconf 73' lang='lat' dir='ltr'><strong>(Cant.</strong></span> <span class='ocrx_word' id='word_1_206' title='bbox 3107 1401 3174 1452; x_wconf 88' lang='lat' dir='ltr'><strong>v,</strong></span> <span class='ocrx_word' id='word_1_207' title='bbox 3229 1383 3377 1453; x_wconf 70' lang='lat'><strong>12);</strong></span> 
     </span>
    </p>
   </div>
   <div class='ocr_carea' id='block_1_29' title="bbox 1781 1479 3380 1554">
    <p class='ocr_par' dir='ltr' id='par_1_29' title="bbox 1781 1479 3380 1554">
     <span class='ocr_line' id='line_1_29' title="bbox 1781 1479 3380 1554; baseline 0 -18"><span class='ocrx_word' id='word_1_208' title='bbox 1781 1480 1943 1554; x_wconf 65' lang='grc'><strong>497</strong></span> <span class='ocrx_word' id='word_1_209' title='bbox 1975 1482 2170 1536; x_wconf 86' lang='lat' dir='ltr'><strong>deinde</strong></span> <span class='ocrx_word' id='word_1_210' title='bbox 2204 1482 2422 1537; x_wconf 90' lang='lat' dir='ltr'><strong>tertium</strong></span> <span class='ocrx_word' id='word_1_211' title='bbox 2451 1490 2569 1547; x_wconf 90' lang='lat' dir='ltr'><strong>est,</strong></span> <span class='ocrx_word' id='word_1_212' title='bbox 2602 1482 2746 1551; x_wconf 89' lang='lat' dir='ltr'><strong>quod</strong></span> <span class='ocrx_word' id='word_1_213' title='bbox 2790 1495 2919 1538; x_wconf 89' lang='lat' dir='ltr'><strong>suos</strong></span> <span class='ocrx_word' id='word_1_214' title='bbox 2965 1479 3380 1552; x_wconf 74' lang='lat' dir='ltr'><strong>diligentissime</strong></span> 
     </span>
    </p>
   </div>
   <div class='ocr_carea' id='block_1_30' title="bbox 1785 1573 3382 1644">
    <p class='ocr_par' dir='ltr' id='par_1_30' title="bbox 1785 1573 3382 1644">
     <span class='ocr_line' id='line_1_30' title="bbox 1785 1573 3382 1644; baseline 0 -16"><span class='ocrx_word' id='word_1_215' title='bbox 1785 1575 1954 1628; x_wconf 92' lang='lat' dir='ltr'><strong>nutrit</strong></span> <span class='ocrx_word' id='word_1_216' title='bbox 1981 1573 2178 1644; x_wconf 89' lang='lat' dir='ltr'><strong>pullos,</strong></span> <span class='ocrx_word' id='word_1_217' title='bbox 2206 1574 2372 1630; x_wconf 90' lang='lat' dir='ltr'><strong>etiam</strong></span> <span class='ocrx_word' id='word_1_218' title='bbox 2411 1583 2465 1630; x_wconf 93' lang='lat' dir='ltr'><strong>et</strong></span> <span class='ocrx_word' id='word_1_219' title='bbox 2503 1575 2712 1630; x_wconf 87' lang='lat' dir='ltr'><strong>alienos</strong></span> <span class='ocrx_word' id='word_1_220' title='bbox 2754 1574 2947 1644; x_wconf 87' lang='lat' dir='ltr'><strong>pascit.</strong></span> <span class='ocrx_word' id='word_1_221' title='bbox 2985 1573 3192 1641; x_wconf 83' lang='lat' dir='ltr'><strong>Quibus</strong></span> <span class='ocrx_word' id='word_1_222' title='bbox 3222 1573 3382 1630; x_wconf 88' lang='lat' dir='ltr'><strong>nimi-</strong></span> 
     </span>
    </p>
   </div>
   <div class='ocr_carea' id='block_1_31' title="bbox 1785 1667 3384 1737">
    <p class='ocr_par' dir='ltr' id='par_1_31' title="bbox 1785 1667 3384 1737">
     <span class='ocr_line' id='line_1_31' title="bbox 1785 1667 3384 1737; baseline 0.003 -15"><span class='ocrx_word' id='word_1_223' title='bbox 1785 1684 1905 1722; x_wconf 91' lang='lat' dir='ltr'><strong>rum</strong></span> <span class='ocrx_word' id='word_1_224' title='bbox 1935 1668 2220 1737; x_wconf 76' lang='lat' dir='ltr'><strong>exemplis,</strong></span> <span class='ocrx_word' id='word_1_225' title='bbox 2253 1684 2352 1724; x_wconf 90' lang='lat' dir='ltr'><strong>nos</strong></span> <span class='ocrx_word' id='word_1_226' title='bbox 2380 1669 2634 1725; x_wconf 89' lang='lat' dir='ltr'><strong>omnibus</strong></span> <span class='ocrx_word' id='word_1_227' title='bbox 2663 1668 2939 1725; x_wconf 77' lang='lat' dir='ltr'><strong>beneficos</strong></span> <span class='ocrx_word' id='word_1_228' title='bbox 2963 1683 3083 1727; x_wconf 83' lang='lat' dir='ltr'><strong>esse</strong></span> <span class='ocrx_word' id='word_1_229' title='bbox 3114 1667 3294 1735; x_wconf 87' lang='lat' dir='ltr'><strong>docet,</strong></span> <span class='ocrx_word' id='word_1_230' title='bbox 3325 1677 3384 1726; x_wconf 87' lang='lat' dir='ltr'><strong>et</strong></span> 
     </span>
    </p>
   </div>
   <div class='ocr_carea' id='block_1_32' title="bbox 1786 1758 3380 1834">
    <p class='ocr_par' dir='ltr' id='par_1_32' title="bbox 1786 1758 3380 1834">
     <span class='ocr_line' id='line_1_32' title="bbox 1786 1758 3380 1834; baseline 0 -21"><span class='ocrx_word' id='word_1_231' title='bbox 1786 1759 1915 1814; x_wconf 92' lang='lat' dir='ltr'><strong>nulli</strong></span> <span class='ocrx_word' id='word_1_232' title='bbox 1941 1773 2141 1814; x_wconf 90' lang='lat' dir='ltr'><strong>nocere</strong></span> <span class='ocrx_word' id='word_1_233' title='bbox 2161 1758 2361 1815; x_wconf 89' lang='lat' dir='ltr'><strong>debere</strong></span> <span class='ocrx_word' id='word_1_234' title='bbox 2385 1759 2653 1816; x_wconf 84' lang='lat' dir='ltr'><strong>insinuat:</strong></span> <span class='ocrx_word' id='word_1_235' title='bbox 2672 1775 2858 1816; x_wconf 81' lang='lat' dir='ltr'><strong>verum</strong></span> <span class='ocrx_word' id='word_1_236' title='bbox 2879 1759 3022 1830; x_wconf 86' lang='lat' dir='ltr'><strong>quod</strong></span> <span class='ocrx_word' id='word_1_237' title='bbox 3043 1766 3380 1834; x_wconf 85' lang='lat' dir='ltr'><strong>postremum</strong></span> 
     </span>
    </p>
   </div>
   <div class='ocr_carea' id='block_1_33' title="bbox 133 1838 3384 1938">
    <p class='ocr_par' dir='ltr' id='par_1_33' title="bbox 133 1838 3384 1938">
     <span class='ocr_line' id='line_1_33' title="bbox 133 1838 3384 1938; baseline 0.002 -36"><span class='ocrx_word' id='word_1_238' title='bbox 133 1851 260 1919; x_wconf 78' lang='lat' dir='ltr'><strong>igitur</strong></span> <span class='ocrx_word' id='word_1_239' title='bbox 277 1850 607 1918; x_wconf 85' lang='lat' dir='ltr'><strong>prudentiam</strong></span> <span class='ocrx_word' id='word_1_240' title='bbox 623 1850 896 1918; x_wconf 88' lang='lat' dir='ltr'><strong>Christus,</strong></span> <span class='ocrx_word' id='word_1_241' title='bbox 924 1861 983 1907; x_wconf 90' lang='lat' dir='ltr'><strong>ut</strong></span> <span class='ocrx_word' id='word_1_242' title='bbox 1001 1861 1112 1907; x_wconf 91' lang='lat' dir='ltr'><strong>tuta</strong></span> <span class='ocrx_word' id='word_1_243' title='bbox 1142 1853 1313 1923; x_wconf 82' lang='lat' dir='ltr'><strong>possit</strong></span> <span class='ocrx_word' id='word_1_244' title='bbox 1334 1869 1456 1909; x_wconf 87' lang='lat' dir='ltr'><strong>esse</strong></span> <span class='ocrx_word' id='word_1_245' title='bbox 1479 1854 1682 1925; x_wconf 86' lang='lat' dir='ltr'><strong>simpli-</strong></span> <span class='ocrx_word' id='word_1_246' title='bbox 1785 1862 1887 1918; x_wconf 91' lang='lat' dir='ltr'><strong>est,</strong></span> <span class='ocrx_word' id='word_1_247' title='bbox 1937 1863 1998 1907; x_wconf 90' lang='lat' dir='ltr'><strong>ut</strong></span> <span class='ocrx_word' id='word_1_248' title='bbox 2031 1853 2183 1922; x_wconf 91' lang='lat' dir='ltr'><strong>prius</strong></span> <span class='ocrx_word' id='word_1_249' title='bbox 2233 1853 2512 1919; x_wconf 78' lang='lat' dir='ltr'><strong>dixeram,</strong></span> <span class='ocrx_word' id='word_1_250' title='bbox 2549 1854 2665 1910; x_wconf 85' lang='lat' dir='ltr'><strong>sine</strong></span> <span class='ocrx_word' id='word_1_251' title='bbox 2695 1852 2836 1908; x_wconf 88' lang='lat' dir='ltr'><strong>fellis</strong></span> <span class='ocrx_word' id='word_1_252' title='bbox 2870 1852 3231 1908; x_wconf 86' lang='lat' dir='ltr'><strong>amaritudine</strong></span> <span class='ocrx_word' id='word_1_253' title='bbox 3281 1865 3384 1907; x_wconf 86' lang='lat' dir='ltr'><strong>nos</strong></span> 
     </span>
    </p>
   </div>
   <div class='ocr_carea' id='block_1_34' title="bbox 135 1942 1684 2018">
    <p class='ocr_par' dir='ltr' id='par_1_34' title="bbox 135 1942 1684 2018">
     <span class='ocr_line' id='line_1_34' title="bbox 135 1942 1684 2018; baseline 0.005 -22"><span class='ocrx_word' id='word_1_254' title='bbox 135 1942 274 1998; x_wconf 86' lang='lat' dir='ltr'><strong>citas:</strong></span> <span class='ocrx_word' id='word_1_255' title='bbox 313 1950 362 1997; x_wconf 90' lang='lat' dir='ltr'><strong>et</strong></span> <span class='ocrx_word' id='word_1_256' title='bbox 395 1945 650 2013; x_wconf 87' lang='lat' dir='ltr'><strong>sequitur</strong></span> <span class='ocrx_word' id='word_1_257' title='bbox 695 1945 960 2002; x_wconf 65' lang='lat' dir='ltr'><strong>columbae</strong></span> <span class='ocrx_word' id='word_1_258' title='bbox 1005 1947 1326 2018; x_wconf 88' lang='lat' dir='ltr'><strong>simplicitas</strong></span> <span class='ocrx_word' id='word_1_259' title='bbox 1359 1967 1369 2003; x_wconf 94' lang='lat'>:</span> <span class='ocrx_word' id='word_1_260' title='bbox 1407 1966 1474 2006; x_wconf 92' lang='lat' dir='ltr'><strong>ne</strong></span> <span class='ocrx_word' id='word_1_261' title='bbox 1522 1951 1684 2006; x_wconf 89' lang='lat' dir='ltr'><strong>stulta</strong></span> 
     </span>
    </p>
   </div>
   <div class='ocr_carea' id='block_1_35' title="bbox 133 2034 1684 2115">
    <p class='ocr_par' dir='ltr' id='par_1_35' title="bbox 133 2034 1684 2115">
     <span class='ocr_line' id='line_1_35' title="bbox 133 2034 1684 2115; baseline 0.007 -27"><span class='ocrx_word' id='word_1_262' title='bbox 133 2034 381 2090; x_wconf 76' lang='lat' dir='ltr'><strong>inveniatur</strong></span> <span class='ocrx_word' id='word_1_263' title='bbox 415 2036 478 2092; x_wconf 87' lang='lat' dir='ltr'><strong>in</strong></span> <span class='ocrx_word' id='word_1_264' title='bbox 502 2037 659 2093; x_wconf 85' lang='lat' dir='ltr'><strong>nobis</strong></span> <span class='ocrx_word' id='word_1_265' title='bbox 686 2038 970 2108; x_wconf 84' lang='lat' dir='ltr'><strong>prudentia</strong></span> <span class='ocrx_word' id='word_1_266' title='bbox 1005 2041 1145 2110; x_wconf 85' lang='lat' dir='ltr'><strong>apud</strong></span> <span class='ocrx_word' id='word_1_267' title='bbox 1169 2041 1358 2110; x_wconf 85' lang='lat' dir='ltr'><strong>Deum,</strong></span> <span class='ocrx_word' id='word_1_268' title='bbox 1377 2044 1442 2098; x_wconf 93' lang='lat' dir='ltr'><strong>de</strong></span> <span class='ocrx_word' id='word_1_269' title='bbox 1466 2060 1570 2115; x_wconf 84' lang='lat' dir='ltr'><strong>qua</strong></span> <span class='ocrx_word' id='word_1_270' title='bbox 1599 2045 1684 2099; x_wconf 78' lang='lat' dir='ltr'><strong>di-</strong></span> 
     </span>
    </p>
   </div>
   <div class='ocr_carea' id='block_1_36' title="bbox 130 2123 1685 2205">
    <p class='ocr_par' dir='ltr' id='par_1_36' title="bbox 130 2123 1685 2205">
     <span class='ocr_line' id='line_1_36' title="bbox 130 2123 1685 2205; baseline 0.008 -26"><span class='ocrx_word' id='word_1_271' title='bbox 130 2125 254 2191; x_wconf 85' lang='lat' dir='ltr'><strong>citur,</strong></span> <span class='ocrx_word' id='word_1_272' title='bbox 273 2123 503 2182; x_wconf 81' lang='lat' dir='ltr'><strong>Perdant</strong></span> <span class='ocrx_word' id='word_1_273' title='bbox 537 2129 856 2200; x_wconf 77' lang='lat' dir='ltr'><strong>sapientiam</strong></span> <span class='ocrx_word' id='word_1_274' title='bbox 898 2131 1193 2200; x_wconf 73' lang='lat' dir='ltr'><strong>sapientum</strong></span> <span class='ocrx_word' id='word_1_275' title='bbox 1215 2173 1230 2196; x_wconf 93' lang='lat'><strong>,</strong></span> <span class='ocrx_word' id='word_1_276' title='bbox 1261 2145 1306 2188; x_wconf 85' lang='lat' dir='ltr'><strong>et</strong></span> <span class='ocrx_word' id='word_1_277' title='bbox 1352 2136 1685 2205; x_wconf 82' lang='lat' dir='ltr'><strong>prudentiam</strong></span> 
     </span>
    </p>
   </div>
   <div class='ocr_carea' id='block_1_37' title="bbox 130 2217 1687 2297">
    <p class='ocr_par' dir='ltr' id='par_1_37' title="bbox 130 2217 1687 2297">
     <span class='ocr_line' id='line_1_37' title="bbox 130 2217 1687 2297; baseline 0.008 -28"><span class='ocrx_word' id='word_1_278' title='bbox 130 2231 268 2270; x_wconf 77' lang='lat' dir='ltr'><strong>eorum</strong></span> <span class='ocrx_word' id='word_1_279' title='bbox 313 2217 602 2287; x_wconf 80' lang='lat' dir='ltr'><strong>reprobabo</strong></span> <span class='ocrx_word' id='word_1_280' title='bbox 666 2217 737 2290; x_wconf 85' lang='grc' dir='ltr'><strong>(Ι</strong></span> <span class='ocrx_word' id='word_1_281' title='bbox 764 2217 885 2276; x_wconf 86' lang='lat' dir='ltr'><strong>Cor.</strong></span> <span class='ocrx_word' id='word_1_282' title='bbox 919 2238 958 2287; x_wconf 89' lang='grc' dir='ltr'>ι,</span> <span class='ocrx_word' id='word_1_283' title='bbox 994 2223 1090 2288; x_wconf 84' lang='grc'><strong>19;</strong></span> <span class='ocrx_word' id='word_1_284' title='bbox 1125 2223 1236 2278; x_wconf 85' lang='lat' dir='ltr'><strong>lsa.</strong></span> <span class='ocrx_word' id='word_1_285' title='bbox 1266 2239 1419 2291; x_wconf 71' lang='lat' dir='ltr'><strong>XXII,</strong></span> <span class='ocrx_word' id='word_1_286' title='bbox 1449 2226 1513 2279; x_wconf 72' lang='grc'><strong>14</strong></span> <span class='ocrx_word' id='word_1_287' title='bbox 1536 2226 1573 2297; x_wconf 94' lang='grc'><strong>).</strong></span> <span class='ocrx_word' id='word_1_288' title='bbox 1603 2226 1687 2282; x_wconf 86' lang='lat' dir='ltr'><strong>ld-</strong></span> 
     </span>
    </p>
   </div>
   <div class='ocr_carea' id='block_1_38' title="bbox 128 2306 1685 2385">
    <p class='ocr_par' dir='ltr' id='par_1_38' title="bbox 128 2306 1685 2385">
     <span class='ocr_line' id='line_1_38' title="bbox 128 2306 1685 2385; baseline 0.009 -25"><span class='ocrx_word' id='word_1_289' title='bbox 128 2306 501 2366; x_wconf 81' lang='lat' dir='ltr'><strong>ciroo°altemis</strong></span> <span class='ocrx_word' id='word_1_290' title='bbox 544 2325 605 2366; x_wconf 88' lang='lat' dir='ltr'><strong>se</strong></span> <span class='ocrx_word' id='word_1_291' title='bbox 643 2309 864 2368; x_wconf 89' lang='lat' dir='ltr'><strong>foveant</strong></span> <span class='ocrx_word' id='word_1_292' title='bbox 915 2317 1324 2385; x_wconf 83' lang='lat' dir='ltr'><strong>prospectibus;</strong></span> <span class='ocrx_word' id='word_1_293' title='bbox 1364 2333 1433 2372; x_wconf 92' lang='lat' dir='ltr'><strong>ne</strong></span> <span class='ocrx_word' id='word_1_294' title='bbox 1479 2320 1550 2373; x_wconf 87' lang='lat' dir='ltr'><strong>sit</strong></span> <span class='ocrx_word' id='word_1_295' title='bbox 1596 2318 1685 2374; x_wconf 91' lang='lat' dir='ltr'><strong>illa</strong></span> 
     </span>
    </p>
   </div>
   <div class='ocr_carea' id='block_1_39' title="bbox 127 2398 1682 2479">
    <p class='ocr_par' dir='ltr' id='par_1_39' title="bbox 127 2398 1682 2479">
     <span class='ocr_line' id='line_1_39' title="bbox 127 2398 1682 2479; baseline 0.01 -27"><span class='ocrx_word' id='word_1_296' title='bbox 127 2398 398 2470; x_wconf 84' lang='lat' dir='ltr'><strong>simplicitas</strong></span> <span class='ocrx_word' id='word_1_297' title='bbox 461 2402 520 2456; x_wconf 90' lang='lat' dir='ltr'><strong>in</strong></span> <span class='ocrx_word' id='word_1_298' title='bbox 580 2403 770 2469; x_wconf 89' lang='lat' dir='ltr'><strong>nobis,</strong></span> <span class='ocrx_word' id='word_1_299' title='bbox 803 2404 870 2460; x_wconf 90' lang='lat' dir='ltr'><strong>de</strong></span> <span class='ocrx_word' id='word_1_300' title='bbox 915 2418 1022 2474; x_wconf 89' lang='lat' dir='ltr'><strong>qua</strong></span> <span class='ocrx_word' id='word_1_301' title='bbox 1053 2407 1302 2475; x_wconf 88' lang='lat' dir='ltr'><strong>dicitur,</strong></span> <span class='ocrx_word' id='word_1_302' title='bbox 1358 2411 1502 2479; x_wconf 90' lang='lat' dir='ltr'><strong>quod</strong></span> <span class='ocrx_word' id='word_1_303' title='bbox 1550 2412 1682 2466; x_wconf 92' lang='lat' dir='ltr'><strong>sim-</strong></span> 
     </span>
    </p>
   </div>
   <div class='ocr_carea' id='block_1_40' title="bbox 126 2487 1686 2571">
    <p class='ocr_par' dir='ltr' id='par_1_40' title="bbox 126 2487 1686 2571">
     <span class='ocr_line' id='line_1_40' title="bbox 126 2487 1686 2571; baseline 0.01 -29"><span class='ocrx_word' id='word_1_304' title='bbox 126 2487 220 2557; x_wconf 75' lang='lat' dir='ltr'><strong>plex</strong></span> <span class='ocrx_word' id='word_1_305' title='bbox 261 2493 432 2546; x_wconf 86' lang='lat' dir='ltr'><strong>omnia</strong></span> <span class='ocrx_word' id='word_1_306' title='bbox 482 2492 854 2563; x_wconf 83' lang='lat' dir='ltr'><strong>creditzquia</strong></span> <span class='ocrx_word' id='word_1_307' title='bbox 913 2495 1161 2564; x_wconf 90' lang='lat' dir='ltr'><strong>profecto</strong></span> <span class='ocrx_word' id='word_1_308' title='bbox 1212 2499 1265 2553; x_wconf 88' lang='lat' dir='ltr'><strong>in</strong></span> <span class='ocrx_word' id='word_1_309' title='bbox 1315 2500 1510 2556; x_wconf 82' lang='lat' dir='ltr'><strong>saeculo</strong></span> <span class='ocrx_word' id='word_1_310' title='bbox 1558 2517 1686 2571; x_wconf 84' lang='lat' dir='ltr'><strong>pru—</strong></span> 
     </span>
    </p>
   </div>
   <div class='ocr_carea' id='block_1_41' title="bbox 129 2581 1687 2662">
    <p class='ocr_par' dir='ltr' id='par_1_41' title="bbox 129 2581 1687 2662">
     <span class='ocr_line' id='line_1_41' title="bbox 129 2581 1687 2662; baseline 0.01 -27"><span class='ocrx_word' id='word_1_311' title='bbox 129 2581 549 2659; x_wconf 61' lang='lat' dir='ltr'><strong>dentioresm</strong></span> <span class='ocrx_word' id='word_1_312' title='bbox 577 2596 702 2641; x_wconf 92' lang='lat' dir='ltr'><strong>sunt</strong></span> <span class='ocrx_word' id='word_1_313' title='bbox 734 2586 828 2641; x_wconf 85' lang='lat' dir='ltr'><strong>lilii</strong></span> <span class='ocrx_word' id='word_1_314' title='bbox 866 2587 1038 2652; x_wconf 88' lang='lat' dir='ltr'><strong>lueis,</strong></span> <span class='ocrx_word' id='word_1_315' title='bbox 1081 2600 1134 2644; x_wconf 91' lang='lat' dir='ltr'><strong>et</strong></span> <span class='ocrx_word' id='word_1_316' title='bbox 1181 2592 1545 2662; x_wconf 89' lang='lat' dir='ltr'><strong>simpliciores</strong></span> <span class='ocrx_word' id='word_1_317' title='bbox 1589 2611 1687 2651; x_wconf 90' lang='lat' dir='ltr'><strong>sua</strong></span> 
     </span>
    </p>
   </div>
   <div class='ocr_carea' id='block_1_42' title="bbox 127 2672 1683 2755">
    <p class='ocr_par' dir='ltr' id='par_1_42' title="bbox 127 2672 1683 2755">
     <span class='ocr_line' id='line_1_42' title="bbox 127 2672 1683 2755; baseline 0.009 -29"><span class='ocrx_word' id='word_1_318' title='bbox 127 2672 342 2730; x_wconf 85' lang='lat' dir='ltr'><strong>fatuitate.</strong></span> <span class='ocrx_word' id='word_1_319' title='bbox 387 2676 446 2732; x_wconf 90' lang='lat' dir='ltr'><strong>Si</strong></span> <span class='ocrx_word' id='word_1_320' title='bbox 481 2676 625 2732; x_wconf 85' lang='lat' dir='ltr'><strong>forte</strong></span> <span class='ocrx_word' id='word_1_321' title='bbox 667 2693 850 2734; x_wconf 89' lang='lat' dir='ltr'><strong>coram</strong></span> <span class='ocrx_word' id='word_1_322' title='bbox 895 2681 1251 2750; x_wconf 90' lang='lat' dir='ltr'><strong>prudentibus</strong></span> <span class='ocrx_word' id='word_1_323' title='bbox 1287 2685 1562 2755; x_wconf 86' lang='lat' dir='ltr'><strong>simplices</strong></span> <span class='ocrx_word' id='word_1_324' title='bbox 1599 2687 1683 2741; x_wconf 82' lang='lat' dir='ltr'><strong>in-</strong></span> 
     </span>
    </p>
   </div>
   <div class='ocr_carea' id='block_1_43' title="bbox 133 2767 1686 2846">
    <p class='ocr_par' dir='ltr' id='par_1_43' title="bbox 133 2767 1686 2846">
     <span class='ocr_line' id='line_1_43' title="bbox 133 2767 1686 2846; baseline 0.012 -32"><span class='ocrx_word' id='word_1_325' title='bbox 133 2767 366 2824; x_wconf 71' lang='lat' dir='ltr'><strong>vcttiattzur</strong></span> <span class='ocrx_word' id='word_1_326' title='bbox 391 2783 423 2822; x_wconf 90' lang='lat' dir='ltr'><strong>a</strong></span> <span class='ocrx_word' id='word_1_327' title='bbox 474 2768 659 2823; x_wconf 63' lang='lat' dir='ltr'><strong>saeculi</strong></span> <span class='ocrx_word' id='word_1_328' title='bbox 695 2771 934 2838; x_wconf 89' lang='lat' dir='ltr'><strong>actibus,</strong></span> <span class='ocrx_word' id='word_1_329' title='bbox 987 2789 1170 2829; x_wconf 87' lang='lat' dir='ltr'><strong>coram</strong></span> <span class='ocrx_word' id='word_1_330' title='bbox 1199 2775 1532 2846; x_wconf 89' lang='lat' dir='ltr'><strong>simplicibus</strong></span> <span class='ocrx_word' id='word_1_331' title='bbox 1559 2793 1686 2834; x_wconf 91' lang='lat' dir='ltr'><strong>vero</strong></span> 
     </span>
    </p>
   </div>
   <div class='ocr_carea' id='block_1_44' title="bbox 135 2859 1686 2939">
    <p class='ocr_par' dir='ltr' id='par_1_44' title="bbox 135 2859 1686 2939">
     <span class='ocr_line' id='line_1_44' title="bbox 135 2859 1686 2939; baseline 0.01 -30"><span class='ocrx_word' id='word_1_332' title='bbox 135 2859 380 2924; x_wconf 79' lang='lat' dir='ltr'><strong>prudentes</strong></span> <span class='ocrx_word' id='word_1_333' title='bbox 409 2861 473 2916; x_wconf 88' lang='lat' dir='ltr'><strong>in</strong></span> <span class='ocrx_word' id='word_1_334' title='bbox 519 2861 682 2917; x_wconf 90' lang='lat' dir='ltr'><strong>bono.</strong></span> <span class='ocrx_word' id='word_1_335' title='bbox 724 2862 1020 2920; x_wconf 87' lang='lat' dir='ltr'><strong>Perhibent</strong></span> <span class='ocrx_word' id='word_1_336' title='bbox 1064 2867 1228 2922; x_wconf 90' lang='lat' dir='ltr'><strong>etiam</strong></span> <span class='ocrx_word' id='word_1_337' title='bbox 1270 2869 1502 2938; x_wconf 86' lang='lat' dir='ltr'><strong>physici,</strong></span> <span class='ocrx_word' id='word_1_338' title='bbox 1551 2885 1686 2939; x_wconf 85' lang='lat' dir='ltr'><strong>quo-</strong></span> 
     </span>
    </p>
   </div>
   <div class='ocr_carea' id='block_1_45' title="bbox 134 2951 1686 3037">
    <p class='ocr_par' dir='ltr' id='par_1_45' title="bbox 134 2951 1686 3037">
     <span class='ocr_line' id='line_1_45' title="bbox 134 2951 1686 3037; baseline 0.015 -37"><span class='ocrx_word' id='word_1_339' title='bbox 134 2951 210 3004; x_wconf 78' lang='lat' dir='ltr'><strong>ties</strong></span> <span class='ocrx_word' id='word_1_340' title='bbox 243 2952 390 3008; x_wconf 86' lang='lat' dir='ltr'><strong>velint</strong></span> <span class='ocrx_word' id='word_1_341' title='bbox 427 2969 616 3024; x_wconf 81' lang='lat' dir='ltr'><strong>aquas</strong></span> <span class='ocrx_word' id='word_1_342' title='bbox 654 2957 861 3024; x_wconf 88' lang='lat' dir='ltr'><strong>bibere,</strong></span> <span class='ocrx_word' id='word_1_343' title='bbox 906 2960 1046 3028; x_wconf 92' lang='lat' dir='ltr'><strong>quod</strong></span> <span class='ocrx_word' id='word_1_344' title='bbox 1082 2961 1231 3030; x_wconf 90' lang='lat' dir='ltr'><strong>prius</strong></span> <span class='ocrx_word' id='word_1_345' title='bbox 1275 2979 1479 3020; x_wconf 86' lang='lat' dir='ltr'><strong>venena</strong></span> <span class='ocrx_word' id='word_1_346' title='bbox 1520 2967 1686 3037; x_wconf 83' lang='lat' dir='ltr'><strong>depo-</strong></span> 
     </span>
    </p>
   </div>
   <div class='ocr_carea' id='block_1_46' title="bbox 129 3045 1686 3124">
    <p class='ocr_par' dir='ltr' id='par_1_46' title="bbox 129 3045 1686 3124">
     <span class='ocr_line' id='line_1_46' title="bbox 129 3045 1686 3124; baseline 0.015 -32"><span class='ocrx_word' id='word_1_347' title='bbox 129 3053 235 3095; x_wconf 87' lang='lat' dir='ltr'><strong>nunt</strong></span> <span class='ocrx_word' id='word_1_348' title='bbox 270 3061 281 3096; x_wconf 88' lang='lat'>:</span> <span class='ocrx_word' id='word_1_349' title='bbox 320 3045 390 3099; x_wconf 86' lang='lat' dir='ltr'><strong>ita</strong></span> <span class='ocrx_word' id='word_1_350' title='bbox 428 3054 499 3101; x_wconf 87' lang='lat' dir='ltr'><strong>et</strong></span> <span class='ocrx_word' id='word_1_351' title='bbox 539 3062 640 3103; x_wconf 87' lang='lat' dir='ltr'><strong>nos</strong></span> <span class='ocrx_word' id='word_1_352' title='bbox 681 3049 727 3104; x_wconf 92' lang='lat' dir='ltr'><strong>si</strong></span> <span class='ocrx_word' id='word_1_353' title='bbox 773 3050 1022 3108; x_wconf 75' lang='lat' dir='ltr'><strong>voluntas</strong></span> <span class='ocrx_word' id='word_1_354' title='bbox 1071 3069 1267 3124; x_wconf 88' lang='lat' dir='ltr'><strong>aquam</strong></span> <span class='ocrx_word' id='word_1_355' title='bbox 1311 3057 1686 3114; x_wconf 89' lang='lat' dir='ltr'><strong>doctrinarum</strong></span> 
     </span>
    </p>
   </div>
   <div class='ocr_carea' id='block_1_47' title="bbox 127 3133 1690 3220">
    <p class='ocr_par' dir='ltr' id='par_1_47' title="bbox 127 3133 1690 3220">
     <span class='ocr_line' id='line_1_47' title="bbox 127 3133 1690 3220; baseline 0.013 -33"><span class='ocrx_word' id='word_1_356' title='bbox 127 3133 178 3188; x_wconf 86' lang='lat' dir='ltr'><strong>de</strong></span> <span class='ocrx_word' id='word_1_357' title='bbox 218 3135 348 3194; x_wconf 86' lang='lat' dir='ltr'><strong>fonte</strong></span> <span class='ocrx_word' id='word_1_358' title='bbox 391 3139 706 3195; x_wconf 86' lang='lat' dir='ltr'><strong>Salvatoris</strong></span> <span class='ocrx_word' id='word_1_359' title='bbox 765 3143 1016 3211; x_wconf 91' lang='lat' dir='ltr'><strong>haurire,</strong></span> <span class='ocrx_word' id='word_1_360' title='bbox 1071 3162 1388 3204; x_wconf 91' lang='lat' dir='ltr'><strong>evomamus</strong></span> <span class='ocrx_word' id='word_1_361' title='bbox 1449 3166 1547 3220; x_wconf 80' lang='lat' dir='ltr'><strong>per</strong></span> <span class='ocrx_word' id='word_1_362' title='bbox 1592 3153 1690 3208; x_wconf 85' lang='lat' dir='ltr'><strong>hu-</strong></span> 
     </span>
    </p>
   </div>
   <div class='ocr_carea' id='block_1_48' title="bbox 1789 1941 3383 2016">
    <p class='ocr_par' dir='ltr' id='par_1_48' title="bbox 1789 1941 3383 2016">
     <span class='ocr_line' id='line_1_48' title="bbox 1789 1941 3383 2016; baseline -0.001 -17"><span class='ocrx_word' id='word_1_363' title='bbox 1789 1945 1971 2000; x_wconf 91' lang='lat' dir='ltr'><strong>omnia</strong></span> <span class='ocrx_word' id='word_1_364' title='bbox 2007 1953 2062 2001; x_wconf 93' lang='lat' dir='ltr'><strong>et</strong></span> <span class='ocrx_word' id='word_1_365' title='bbox 2097 1942 2279 2001; x_wconf 88' lang='lat' dir='ltr'><strong>facere</strong></span> <span class='ocrx_word' id='word_1_366' title='bbox 2327 1954 2382 2000; x_wconf 90' lang='lat' dir='ltr'><strong>et</strong></span> <span class='ocrx_word' id='word_1_367' title='bbox 2412 1945 2628 2010; x_wconf 91' lang='lat' dir='ltr'><strong>docere,</strong></span> <span class='ocrx_word' id='word_1_368' title='bbox 2661 1960 2730 2004; x_wconf 86' lang='lat' dir='ltr'><strong>ne</strong></span> <span class='ocrx_word' id='word_1_369' title='bbox 2759 1960 2882 2002; x_wconf 88' lang='lat' dir='ltr'><strong>cum</strong></span> <span class='ocrx_word' id='word_1_370' title='bbox 2915 1943 3138 2002; x_wconf 88' lang='lat' dir='ltr'><strong>Simone</strong></span> <span class='ocrx_word' id='word_1_371' title='bbox 3159 1941 3383 2016; x_wconf 85' lang='lat' dir='ltr'><strong>obligati</strong></span> 
     </span>
    </p>
   </div>
   <div class='ocr_carea' id='block_1_49' title="bbox 1790 2033 3386 2108">
    <p class='ocr_par' dir='ltr' id='par_1_49' title="bbox 1790 2033 3386 2108">
     <span class='ocr_line' id='line_1_49' title="bbox 1790 2033 3386 2108; baseline -0.002 -15"><span class='ocrx_word' id='word_1_372' title='bbox 1790 2037 1913 2093; x_wconf 89' lang='lat' dir='ltr'><strong>dolo</strong></span> <span class='ocrx_word' id='word_1_373' title='bbox 1969 2036 2311 2092; x_wconf 82' lang='lat' dir='ltr'><strong>inveniamur</strong></span> <span class='ocrx_word' id='word_1_374' title='bbox 2344 2036 2484 2108; x_wconf 80' lang='lat' dir='ltr'><strong>(Act.</strong></span> <span class='ocrx_word' id='word_1_375' title='bbox 2533 2053 2628 2092; x_wconf 85' lang='lat' dir='ltr'><strong>vnt</strong></span> <span class='ocrx_word' id='word_1_376' title='bbox 2655 2076 2671 2101; x_wconf 85' lang='lat'><strong>,</strong></span> <span class='ocrx_word' id='word_1_377' title='bbox 2702 2035 2832 2108; x_wconf 72' lang='lat' dir='ltr'><strong>2i),</strong></span> <span class='ocrx_word' id='word_1_378' title='bbox 2875 2036 3240 2100; x_wconf 82' lang='lat' dir='ltr'><strong>demonstrat;</strong></span> <span class='ocrx_word' id='word_1_379' title='bbox 3287 2033 3386 2092; x_wconf 81' lang='lat' dir='ltr'><strong>sed</strong></span> 
     </span>
    </p>
   </div>
   <div class='ocr_carea' id='block_1_50' title="bbox 1790 2125 3386 2198">
    <p class='ocr_par' dir='ltr' id='par_1_50' title="bbox 1790 2125 3386 2198">
     <span class='ocr_line' id='line_1_50' title="bbox 1790 2125 3386 2198; baseline 0.001 -17"><span class='ocrx_word' id='word_1_380' title='bbox 1790 2143 2001 2198; x_wconf 83' lang='lat' dir='ltr'><strong>semper</strong></span> <span class='ocrx_word' id='word_1_381' title='bbox 2022 2127 2174 2196; x_wconf 81' lang='lat' dir='ltr'><strong>juxta</strong></span> <span class='ocrx_word' id='word_1_382' title='bbox 2202 2129 2572 2184; x_wconf 89' lang='lat' dir='ltr'><strong>doctrinarum</strong></span> <span class='ocrx_word' id='word_1_383' title='bbox 2598 2127 2800 2184; x_wconf 80' lang='lat' dir='ltr'><strong>fluenta</strong></span> <span class='ocrx_word' id='word_1_384' title='bbox 2827 2135 3126 2192; x_wconf 85' lang='lat' dir='ltr'><strong>versantes,</strong></span> <span class='ocrx_word' id='word_1_385' title='bbox 3158 2125 3386 2183; x_wconf 80' lang='lat' dir='ltr'><strong>insidias</strong></span> 
     </span>
    </p>
   </div>
   <div class='ocr_carea' id='block_1_51' title="bbox 1789 2217 3386 2293">
    <p class='ocr_par' dir='ltr' id='par_1_51' title="bbox 1789 2217 3386 2293">
     <span class='ocr_line' id='line_1_51' title="bbox 1789 2217 3386 2293; baseline 0.001 -20"><span class='ocrx_word' id='word_1_386' title='bbox 1789 2222 2024 2277; x_wconf 82' lang='lat' dir='ltr'><strong>vitemus</strong></span> <span class='ocrx_word' id='word_1_387' title='bbox 2053 2221 2482 2293; x_wconf 83' lang='lat' dir='ltr'><strong>malignantium,</strong></span> <span class='ocrx_word' id='word_1_388' title='bbox 2527 2231 2584 2276; x_wconf 93' lang='lat' dir='ltr'><strong>et</strong></span> <span class='ocrx_word' id='word_1_389' title='bbox 2628 2219 3060 2290; x_wconf 85' lang='lat' dir='ltr'><strong>contemplantes</strong></span> <span class='ocrx_word' id='word_1_390' title='bbox 3114 2217 3283 2274; x_wconf 90' lang='lat' dir='ltr'><strong>Deum</strong></span> <span class='ocrx_word' id='word_1_391' title='bbox 3329 2217 3386 2274; x_wconf 88' lang='lat' dir='ltr'><strong>in</strong></span> 
     </span>
    </p>
   </div>
   <div class='ocr_carea' id='block_1_52' title="bbox 1790 2310 3388 2380">
    <p class='ocr_par' dir='ltr' id='par_1_52' title="bbox 1790 2310 3388 2380">
     <span class='ocr_line' id='line_1_52' title="bbox 1790 2310 3388 2380; baseline -0.001 -12"><span class='ocrx_word' id='word_1_392' title='bbox 1790 2313 2045 2368; x_wconf 88' lang='lat' dir='ltr'><strong>cordibus</strong></span> <span class='ocrx_word' id='word_1_393' title='bbox 2080 2313 2315 2377; x_wconf 90' lang='lat' dir='ltr'><strong>nostris,</strong></span> <span class='ocrx_word' id='word_1_394' title='bbox 2362 2311 2604 2368; x_wconf 70' lang='lat' dir='ltr'><strong>exterius</strong></span> <span class='ocrx_word' id='word_1_395' title='bbox 2649 2310 3082 2380; x_wconf 81' lang='lat' dir='ltr'><strong>concupiscenda</strong></span> <span class='ocrx_word' id='word_1_396' title='bbox 3137 2317 3388 2378; x_wconf 80' lang='lat' dir='ltr'><strong>transpo-</strong></span> 
     </span>
    </p>
   </div>
   <div class='ocr_carea' id='block_1_53' title="bbox 1789 2403 3384 2476">
    <p class='ocr_par' dir='ltr' id='par_1_53' title="bbox 1789 2403 3384 2476">
     <span class='ocr_line' id='line_1_53' title="bbox 1789 2403 3384 2476; baseline -0.003 -14"><span class='ocrx_word' id='word_1_397' title='bbox 1789 2422 2000 2462; x_wconf 90' lang='lat' dir='ltr'><strong>namus.</strong></span> <span class='ocrx_word' id='word_1_398' title='bbox 2041 2405 2194 2462; x_wconf 91' lang='lat' dir='ltr'><strong>Unde</strong></span> <span class='ocrx_word' id='word_1_399' title='bbox 2229 2407 2490 2476; x_wconf 85' lang='lat' dir='ltr'><strong>propheta</strong></span> <span class='ocrx_word' id='word_1_400' title='bbox 2522 2407 2588 2464; x_wconf 89' lang='lat' dir='ltr'><strong>de</strong></span> <span class='ocrx_word' id='word_1_401' title='bbox 2638 2406 2846 2463; x_wconf 86' lang='lat' dir='ltr'><strong>sanctis</strong></span> <span class='ocrx_word' id='word_1_402' title='bbox 2894 2403 3384 2476; x_wconf 79' lang='lat' dir='ltr'><strong>praedicatoribus:</strong></span> 
     </span>
    </p>
   </div>
   <div class='ocr_carea' id='block_1_54' title="bbox 1793 2495 3468 2568">
    <p class='ocr_par' dir='ltr' id='par_1_54' title="bbox 1793 2495 3468 2568">
     <span class='ocr_line' id='line_1_54' title="bbox 1793 2495 3468 2568; baseline 0.001 -17"><span class='ocrx_word' id='word_1_403' title='bbox 1793 2497 1896 2563; x_wconf 83' lang='lat' dir='ltr'><strong>Qui</strong></span> <span class='ocrx_word' id='word_1_404' title='bbox 1929 2507 2047 2552; x_wconf 86' lang='lat' dir='ltr'><strong>sunt</strong></span> <span class='ocrx_word' id='word_1_405' title='bbox 2082 2497 2171 2552; x_wconf 84' lang='lat' dir='ltr'><strong>isti</strong></span> <span class='ocrx_word' id='word_1_406' title='bbox 2199 2537 2212 2560; x_wconf 91' lang='lat'><strong>,</strong></span> <span class='ocrx_word' id='word_1_407' title='bbox 2245 2497 2452 2568; x_wconf 88' lang='lat' dir='ltr'><strong>inquit,</strong></span> <span class='ocrx_word' id='word_1_408' title='bbox 2479 2499 2570 2567; x_wconf 80' lang='lat' dir='ltr'><strong>qui</strong></span> <span class='ocrx_word' id='word_1_409' title='bbox 2607 2507 2661 2551; x_wconf 76' lang='lat' dir='ltr'><strong>ut</strong></span> <span class='ocrx_word' id='word_1_410' title='bbox 2702 2497 2862 2552; x_wconf 76' lang='lat' dir='ltr'><strong>nubes</strong></span> <span class='ocrx_word' id='word_1_411' title='bbox 2891 2495 3066 2552; x_wconf 74' lang='lat' dir='ltr'><strong>volant</strong></span> <span class='ocrx_word' id='word_1_412' title='bbox 3089 2536 3104 2561; x_wconf 91' lang='lat'><strong>,</strong></span> <span class='ocrx_word' id='word_1_413' title='bbox 3150 2505 3200 2550; x_wconf 79' lang='lat' dir='ltr'><strong>et</strong></span> <span class='ocrx_word' id='word_1_414' title='bbox 3233 2495 3388 2565; x_wconf 79' lang='lat' dir='ltr'><strong>quasi</strong></span> <span class='ocrx_word' id='word_1_415' title='bbox 3463 2527 3468 2538; x_wconf 72' lang='grc' dir='ltr'><strong>ι</strong></span> 
     </span>
    </p>
   </div>
   <div class='ocr_carea' id='block_1_55' title="bbox 1791 2587 3388 2662">
    <p class='ocr_par' dir='ltr' id='par_1_55' title="bbox 1791 2587 3388 2662">
     <span class='ocr_line' id='line_1_55' title="bbox 1791 2587 3388 2662; baseline -0.001 -17"><span class='ocrx_word' id='word_1_416' title='bbox 1791 2591 2044 2646; x_wconf 69' lang='lat' dir='ltr'><strong>columba:</strong></span> <span class='ocrx_word' id='word_1_417' title='bbox 2068 2591 2137 2646; x_wconf 79' lang='lat' dir='ltr'><strong>ad</strong></span> <span class='ocrx_word' id='word_1_418' title='bbox 2168 2592 2424 2661; x_wconf 79' lang='lat' dir='ltr'><strong>fenestras</strong></span> <span class='ocrx_word' id='word_1_419' title='bbox 2454 2591 2625 2646; x_wconf 76' lang='lat' dir='ltr'><strong>suas?</strong></span> <span class='ocrx_word' id='word_1_420' title='bbox 2654 2590 2791 2662; x_wconf 87' lang='lat' dir='ltr'><strong>(Isa.</strong></span> <span class='ocrx_word' id='word_1_421' title='bbox 2809 2589 2992 2661; x_wconf 71' lang='lat' dir='ltr'><strong>u,8.)</strong></span> <span class='ocrx_word' id='word_1_422' title='bbox 3014 2589 3096 2643; x_wconf 83' lang='lat' dir='ltr'><strong>Ad</strong></span> <span class='ocrx_word' id='word_1_423' title='bbox 3121 2587 3388 2644; x_wconf 75' lang='lat' dir='ltr'><strong>fenestras</strong></span> 
     </span>
    </p>
   </div>
   <div class='ocr_carea' id='block_1_56' title="bbox 1791 2680 3386 2756">
    <p class='ocr_par' dir='ltr' id='par_1_56' title="bbox 1791 2680 3386 2756">
     <span class='ocr_line' id='line_1_56' title="bbox 1791 2680 3386 2756; baseline -0.001 -17"><span class='ocrx_word' id='word_1_424' title='bbox 1791 2687 1988 2756; x_wconf 90' lang='lat' dir='ltr'><strong>quippe</strong></span> <span class='ocrx_word' id='word_1_425' title='bbox 2017 2701 2144 2740; x_wconf 89' lang='lat' dir='ltr'><strong>suas</strong></span> <span class='ocrx_word' id='word_1_426' title='bbox 2169 2685 2348 2740; x_wconf 89' lang='lat' dir='ltr'><strong>sancti</strong></span> <span class='ocrx_word' id='word_1_427' title='bbox 2382 2692 2531 2740; x_wconf 84' lang='lat' dir='ltr'><strong>recte</strong></span> <span class='ocrx_word' id='word_1_428' title='bbox 2560 2684 2847 2755; x_wconf 79' lang='lat' dir='ltr'><strong>aspiciunt,</strong></span> <span class='ocrx_word' id='word_1_429' title='bbox 2893 2692 2954 2738; x_wconf 91' lang='lat' dir='ltr'><strong>ut</strong></span> <span class='ocrx_word' id='word_1_430' title='bbox 2983 2680 3386 2751; x_wconf 79' lang='lat' dir='ltr'><strong>simplicitatem</strong></span> 
     </span>
    </p>
   </div>
   <div class='ocr_carea' id='block_1_57' title="bbox 1792 2773 3389 2845">
    <p class='ocr_par' dir='ltr' id='par_1_57' title="bbox 1792 2773 3389 2845">
     <span class='ocr_line' id='line_1_57' title="bbox 1792 2773 3389 2845; baseline -0.001 -13"><span class='ocrx_word' id='word_1_431' title='bbox 1792 2778 2114 2834; x_wconf 70' lang='lat' dir='ltr'><strong>innocentia:</strong></span> <span class='ocrx_word' id='word_1_432' title='bbox 2168 2779 2315 2834; x_wconf 91' lang='lat' dir='ltr'><strong>intus</strong></span> <span class='ocrx_word' id='word_1_433' title='bbox 2379 2777 2726 2845; x_wconf 87' lang='lat' dir='ltr'><strong>custodiant,</strong></span> <span class='ocrx_word' id='word_1_434' title='bbox 2782 2777 2911 2832; x_wconf 89' lang='lat' dir='ltr'><strong>dum</strong></span> <span class='ocrx_word' id='word_1_435' title='bbox 2964 2773 3099 2830; x_wconf 87' lang='lat' dir='ltr'><strong>nihil</strong></span> <span class='ocrx_word' id='word_1_436' title='bbox 3145 2773 3389 2830; x_wconf 80' lang='lat' dir='ltr'><strong>exterius</strong></span> 
     </span>
    </p>
   </div>
   <div class='ocr_carea' id='block_1_58' title="bbox 1791 2865 3386 2941">
    <p class='ocr_par' dir='ltr' id='par_1_58' title="bbox 1791 2865 3386 2941">
     <span class='ocr_line' id='line_1_58' title="bbox 1791 2865 3386 2941; baseline -0.005 -14"><span class='ocrx_word' id='word_1_437' title='bbox 1791 2871 2119 2941; x_wconf 89' lang='lat' dir='ltr'><strong>aspiciendo,</strong></span> <span class='ocrx_word' id='word_1_438' title='bbox 2152 2872 2297 2941; x_wconf 88' lang='lat' dir='ltr'><strong>quod</strong></span> <span class='ocrx_word' id='word_1_439' title='bbox 2333 2870 2501 2926; x_wconf 90' lang='lat' dir='ltr'><strong>libeat</strong></span> <span class='ocrx_word' id='word_1_440' title='bbox 2521 2877 2775 2926; x_wconf 83' lang='lat' dir='ltr'><strong>cernunt.</strong></span> <span class='ocrx_word' id='word_1_441' title='bbox 2817 2866 2932 2924; x_wconf 85' lang='lat' dir='ltr'><strong>lmo</strong></span> <span class='ocrx_word' id='word_1_442' title='bbox 2975 2865 3233 2923; x_wconf 84' lang='lat' dir='ltr'><strong>omnibus</strong></span> <span class='ocrx_word' id='word_1_443' title='bbox 3259 2879 3386 2935; x_wconf 85' lang='lat' dir='ltr'><strong>pro-</strong></span> 
     </span>
    </p>
   </div>
   <div class='ocr_carea' id='block_1_59' title="bbox 1793 2955 3390 3034">
    <p class='ocr_par' dir='ltr' id='par_1_59' title="bbox 1793 2955 3390 3034">
     <span class='ocr_line' id='line_1_59' title="bbox 1793 2955 3390 3034; baseline -0.003 -14"><span class='ocrx_word' id='word_1_444' title='bbox 1793 2973 1939 3020; x_wconf 91' lang='lat' dir='ltr'><strong>stant</strong></span> <span class='ocrx_word' id='word_1_445' title='bbox 1967 2965 2133 3019; x_wconf 88' lang='lat' dir='ltr'><strong>etiam</strong></span> <span class='ocrx_word' id='word_1_446' title='bbox 2155 2963 2372 3029; x_wconf 88' lang='lat' dir='ltr'><strong>alienis,</strong></span> <span class='ocrx_word' id='word_1_447' title='bbox 2399 2963 2491 3034; x_wconf 89' lang='lat' dir='ltr'><strong>qui</strong></span> <span class='ocrx_word' id='word_1_448' title='bbox 2521 2977 2650 3019; x_wconf 88' lang='lat' dir='ltr'><strong>suos</strong></span> <span class='ocrx_word' id='word_1_449' title='bbox 2670 2960 2916 3018; x_wconf 82' lang='lat' dir='ltr'><strong>enutrirc</strong></span> <span class='ocrx_word' id='word_1_450' title='bbox 2943 2959 3117 3016; x_wconf 90' lang='lat' dir='ltr'><strong>modis</strong></span> <span class='ocrx_word' id='word_1_451' title='bbox 3138 2955 3390 3015; x_wconf 85' lang='lat' dir='ltr'><strong>omnibus</strong></span> 
     </span>
    </p>
   </div>
   <div class='ocr_carea' id='block_1_60' title="bbox 1792 3039 3388 3112">
    <p class='ocr_par' dir='ltr' id='par_1_60' title="bbox 1792 3039 3388 3112">
     <span class='ocr_line' id='line_1_60' title="bbox 1792 3039 3388 3112; baseline -0.005 -1"><span class='ocrx_word' id='word_1_452' title='bbox 1792 3057 2094 3112; x_wconf 84' lang='lat' dir='ltr'><strong>elaborant.</strong></span> <span class='ocrx_word' id='word_1_453' title='bbox 2128 3056 2394 3110; x_wconf 83' lang='lat' dir='ltr'><strong>Dicuntur</strong></span> <span class='ocrx_word' id='word_1_454' title='bbox 2420 3063 2602 3110; x_wconf 89' lang='lat' dir='ltr'><strong>autem</strong></span> <span class='ocrx_word' id='word_1_455' title='bbox 2625 3039 2889 3110; x_wconf 71' lang='lat' dir='ltr'><strong>columbae</strong></span> <span class='ocrx_word' id='word_1_456' title='bbox 2909 3052 3075 3108; x_wconf 80' lang='lat' dir='ltr'><strong>etiam</strong></span> <span class='ocrx_word' id='word_1_457' title='bbox 3101 3051 3216 3106; x_wconf 87' lang='lat' dir='ltr'><strong>suis</strong></span> <span class='ocrx_word' id='word_1_458' title='bbox 3247 3049 3388 3104; x_wconf 84' lang='lat' dir='ltr'><strong>invi-</strong></span> 
     </span>
    </p>
   </div>
   <div class='ocr_carea' id='block_1_61' title="bbox 1794 3145 3387 3220">
    <p class='ocr_par' dir='ltr' id='par_1_61' title="bbox 1794 3145 3387 3220">
     <span class='ocr_line' id='line_1_61' title="bbox 1794 3145 3387 3220; baseline -0.005 -15"><span class='ocrx_word' id='word_1_459' title='bbox 1794 3166 1909 3206; x_wconf 90' lang='lat' dir='ltr'><strong>cem</strong></span> <span class='ocrx_word' id='word_1_460' title='bbox 1942 3149 2144 3206; x_wconf 88' lang='lat' dir='ltr'><strong>osculis</strong></span> <span class='ocrx_word' id='word_1_461' title='bbox 2172 3191 2186 3216; x_wconf 94' lang='lat'><strong>,</strong></span> <span class='ocrx_word' id='word_1_462' title='bbox 2236 3149 2320 3204; x_wconf 85' lang='lat' dir='ltr'><strong>vel</strong></span> <span class='ocrx_word' id='word_1_463' title='bbox 2371 3149 2573 3204; x_wconf 91' lang='lat' dir='ltr'><strong>mutuis</strong></span> <span class='ocrx_word' id='word_1_464' title='bbox 2619 3147 2928 3220; x_wconf 86' lang='lat' dir='ltr'><strong>aspectibus</strong></span> <span class='ocrx_word' id='word_1_465' title='bbox 2953 3145 3244 3215; x_wconf 86' lang='lat' dir='ltr'><strong>concipere</strong></span> <span class='ocrx_word' id='word_1_466' title='bbox 3273 3161 3287 3197; x_wconf 90' lang='lat'>:</span> <span class='ocrx_word' id='word_1_467' title='bbox 3319 3157 3387 3198; x_wconf 77' lang='lat' dir='ltr'><strong>ex</strong></span> 
     </span>
    </p>
   </div>
   <div class='ocr_carea' id='block_1_62' title="bbox 129 3226 3389 3317">
    <p class='ocr_par' dir='ltr' id='par_1_62' title="bbox 129 3226 3389 3317">
     <span class='ocr_line' id='line_1_62' title="bbox 129 3226 3389 3317; baseline 0.003 -38"><span class='ocrx_word' id='word_1_468' title='bbox 129 3226 275 3283; x_wconf 85' lang='lat' dir='ltr'><strong>milem</strong></span> <span class='ocrx_word' id='word_1_469' title='bbox 315 3230 721 3290; x_wconf 78' lang='lat' dir='ltr'><strong>confessionem</strong></span> <span class='ocrx_word' id='word_1_470' title='bbox 767 3250 974 3296; x_wconf 81' lang='lat' dir='ltr'><strong>venena</strong></span> <span class='ocrx_word' id='word_1_471' title='bbox 1007 3238 1282 3307; x_wconf 89' lang='lat' dir='ltr'><strong>vitiorum,</strong></span> <span class='ocrx_word' id='word_1_472' title='bbox 1326 3251 1386 3297; x_wconf 90' lang='lat' dir='ltr'><strong>ut</strong></span> <span class='ocrx_word' id='word_1_473' title='bbox 1427 3244 1685 3317; x_wconf 88' lang='lat' dir='ltr'><strong>deinceps</strong></span> <span class='ocrx_word' id='word_1_474' title='bbox 1712 3238 1758 3302; x_wconf 86' lang='lat' dir='ltr'><strong>C</strong></span> <span class='ocrx_word' id='word_1_475' title='bbox 1791 3260 1897 3313; x_wconf 90' lang='lat' dir='ltr'><strong>quo</strong></span> <span class='ocrx_word' id='word_1_476' title='bbox 1929 3243 2252 3298; x_wconf 86' lang='lat' dir='ltr'><strong>instruimur</strong></span> <span class='ocrx_word' id='word_1_477' title='bbox 2281 3241 2582 3307; x_wconf 85' lang='lat' dir='ltr'><strong>moraliter,</strong></span> <span class='ocrx_word' id='word_1_478' title='bbox 2612 3254 2710 3310; x_wconf 89' lang='lat' dir='ltr'><strong>per</strong></span> <span class='ocrx_word' id='word_1_479' title='bbox 2736 3239 3060 3296; x_wconf 88' lang='lat' dir='ltr'><strong>cbaritatem</strong></span> <span class='ocrx_word' id='word_1_480' title='bbox 3083 3236 3200 3292; x_wconf 88' lang='lat' dir='ltr'><strong>sine</strong></span> <span class='ocrx_word' id='word_1_481' title='bbox 3229 3233 3389 3290; x_wconf 84' lang='lat' dir='ltr'><strong>ullius</strong></span> 
     </span>
    </p>
   </div>
   <div class='ocr_carea' id='block_1_63' title="bbox 128 3320 1687 3405">
    <p class='ocr_par' dir='ltr' id='par_1_63' title="bbox 128 3320 1687 3405">
     <span class='ocr_line' id='line_1_63' title="bbox 128 3320 1687 3405; baseline 0.013 -30"><span class='ocrx_word' id='word_1_482' title='bbox 128 3320 291 3380; x_wconf 84' lang='lat' dir='ltr'><strong>ﬂuenta</strong></span> <span class='ocrx_word' id='word_1_483' title='bbox 335 3328 716 3384; x_wconf 81' lang='lat' dir='ltr'><strong>doctrinarum</strong></span> <span class='ocrx_word' id='word_1_484' title='bbox 766 3331 986 3389; x_wconf 85' lang='lat' dir='ltr'><strong>haurire</strong></span> <span class='ocrx_word' id='word_1_485' title='bbox 1038 3336 1324 3404; x_wconf 88' lang='lat' dir='ltr'><strong>possimus.</strong></span> <span class='ocrx_word' id='word_1_486' title='bbox 1359 3338 1490 3405; x_wconf 69' lang='lat' dir='ltr'><strong>Quae</strong></span> <span class='ocrx_word' id='word_1_487' title='bbox 1527 3342 1687 3396; x_wconf 79' lang='lat' dir='ltr'><strong>nimi-</strong></span> 
     </span>
    </p>
   </div>
   <div class='ocr_carea' id='block_1_64' title="bbox 128 3424 1684 3502">
    <p class='ocr_par' dir='ltr' id='par_1_64' title="bbox 128 3424 1684 3502">
     <span class='ocr_line' id='line_1_64' title="bbox 128 3424 1684 3502; baseline 0.013 -34"><span class='ocrx_word' id='word_1_488' title='bbox 128 3428 225 3470; x_wconf 86' lang='lat' dir='ltr'><strong>rum</strong></span> <span class='ocrx_word' id='word_1_489' title='bbox 275 3429 540 3488; x_wconf 88' lang='lat' dir='ltr'><strong>quatuor,</strong></span> <span class='ocrx_word' id='word_1_490' title='bbox 596 3436 719 3492; x_wconf 69' lang='lat' dir='ltr'><strong>quae</strong></span> <span class='ocrx_word' id='word_1_491' title='bbox 772 3424 1094 3492; x_wconf 90' lang='lat' dir='ltr'><strong>posuimus,</strong></span> <span class='ocrx_word' id='word_1_492' title='bbox 1150 3437 1359 3486; x_wconf 67' lang='lat' dir='ltr'><strong>natura:</strong></span> <span class='ocrx_word' id='word_1_493' title='bbox 1415 3435 1684 3502; x_wconf 89' lang='lat' dir='ltr'><strong>serpentis</strong></span> 
     </span>
    </p>
   </div>
   <div class='ocr_carea' id='block_1_65' title="bbox 120 3512 1686 3588">
    <p class='ocr_par' dir='ltr' id='par_1_65' title="bbox 120 3512 1686 3588">
     <span class='ocr_line' id='line_1_65' title="bbox 120 3512 1686 3588; baseline 0.013 -26"><span class='ocrx_word' id='word_1_494' title='bbox 120 3512 345 3582; x_wconf 77' lang='lat' dir='ltr'><strong>exempla</strong></span> <span class='ocrx_word' id='word_1_495' title='bbox 385 3514 531 3570; x_wconf 86' lang='lat' dir='ltr'><strong>bene</strong></span> <span class='ocrx_word' id='word_1_496' title='bbox 572 3515 824 3572; x_wconf 89' lang='lat' dir='ltr'><strong>videntur</strong></span> <span class='ocrx_word' id='word_1_497' title='bbox 869 3533 1170 3588; x_wconf 82' lang='lat' dir='ltr'><strong>congruere</strong></span> <span class='ocrx_word' id='word_1_498' title='bbox 1207 3523 1275 3578; x_wconf 89' lang='lat' dir='ltr'><strong>ad</strong></span> <span class='ocrx_word' id='word_1_499' title='bbox 1329 3524 1686 3583; x_wconf 86' lang='lat' dir='ltr'><strong>imitationem</strong></span> 
     </span>
    </p>
   </div>
   <div class='ocr_carea' id='block_1_66' title="bbox 124 3604 1678 3690">
    <p class='ocr_par' dir='ltr' id='par_1_66' title="bbox 124 3604 1678 3690">
     <span class='ocr_line' id='line_1_66' title="bbox 124 3604 1678 3690; baseline 0.015 -35"><span class='ocrx_word' id='word_1_500' title='bbox 124 3604 424 3675; x_wconf 57' lang='lat' dir='ltr'><strong>prudentia}.</strong></span> <span class='ocrx_word' id='word_1_501' title='bbox 452 3606 562 3664; x_wconf 81' lang='lat' dir='ltr'><strong>Sed</strong></span> <span class='ocrx_word' id='word_1_502' title='bbox 585 3611 702 3668; x_wconf 60' lang='lat' dir='ltr'><strong>duae</strong></span> <span class='ocrx_word' id='word_1_503' title='bbox 731 3622 789 3666; x_wconf 91' lang='lat' dir='ltr'><strong>ut</strong></span> <span class='ocrx_word' id='word_1_504' title='bbox 817 3613 1118 3684; x_wconf 73' lang='lat' dir='ltr'><strong>Christum,</strong></span> <span class='ocrx_word' id='word_1_505' title='bbox 1152 3618 1246 3688; x_wconf 90' lang='lat' dir='ltr'><strong>qui</strong></span> <span class='ocrx_word' id='word_1_506' title='bbox 1279 3629 1439 3690; x_wconf 88' lang='lat' dir='ltr'><strong>caput</strong></span> <span class='ocrx_word' id='word_1_507' title='bbox 1473 3631 1557 3676; x_wconf 87' lang='lat' dir='ltr'><strong>est</strong></span> <span class='ocrx_word' id='word_1_508' title='bbox 1587 3639 1678 3678; x_wconf 89' lang='lat' dir='ltr'><strong>no-</strong></span> 
     </span>
    </p>
   </div>
   <div class='ocr_carea' id='block_1_67' title="bbox 123 3702 1687 3774">
    <p class='ocr_par' dir='ltr' id='par_1_67' title="bbox 123 3702 1687 3774">
     <span class='ocr_line' id='line_1_67' title="bbox 123 3702 1687 3774; baseline 0.014 -27"><span class='ocrx_word' id='word_1_509' title='bbox 123 3707 302 3766; x_wconf 89' lang='lat' dir='ltr'><strong>strum,</strong></span> <span class='ocrx_word' id='word_1_510' title='bbox 334 3707 454 3755; x_wconf 86' lang='lat' dir='ltr'><strong>ante</strong></span> <span class='ocrx_word' id='word_1_511' title='bbox 489 3702 665 3757; x_wconf 85' lang='lat' dir='ltr'><strong>omnia</strong></span> <span class='ocrx_word' id='word_1_512' title='bbox 691 3718 791 3774; x_wconf 87' lang='lat' dir='ltr'><strong>per</strong></span> <span class='ocrx_word' id='word_1_513' title='bbox 815 3703 975 3761; x_wconf 79' lang='lat' dir='ltr'><strong>fidem</strong></span> <span class='ocrx_word' id='word_1_514' title='bbox 1005 3707 1056 3761; x_wconf 90' lang='lat' dir='ltr'><strong>in</strong></span> <span class='ocrx_word' id='word_1_515' title='bbox 1100 3709 1255 3766; x_wconf 87' lang='lat' dir='ltr'><strong>nobis</strong></span> <span class='ocrx_word' id='word_1_516' title='bbox 1278 3713 1648 3769; x_wconf 87' lang='lat' dir='ltr'><strong>custodiamus</strong></span> <span class='ocrx_word' id='word_1_517' title='bbox 1673 3732 1687 3769; x_wconf 89' lang='lat'><strong>:</strong></span> 
     </span>
    </p>
   </div>
   <div class='ocr_carea' id='block_1_68' title="bbox 127 3788 1688 3874">
    <p class='ocr_par' dir='ltr' id='par_1_68' title="bbox 127 3788 1688 3874">
     <span class='ocr_line' id='line_1_68' title="bbox 127 3788 1688 3874; baseline 0.013 -34"><span class='ocrx_word' id='word_1_518' title='bbox 127 3788 229 3844; x_wconf 71' lang='lat' dir='ltr'><strong>dua:</strong></span> <span class='ocrx_word' id='word_1_519' title='bbox 255 3806 375 3848; x_wconf 76' lang='lat' dir='ltr'><strong>vero</strong></span> <span class='ocrx_word' id='word_1_520' title='bbox 397 3794 465 3848; x_wconf 87' lang='lat' dir='ltr'><strong>ad</strong></span> <span class='ocrx_word' id='word_1_521' title='bbox 502 3794 858 3852; x_wconf 86' lang='lat' dir='ltr'><strong>imitationem</strong></span> <span class='ocrx_word' id='word_1_522' title='bbox 888 3799 1028 3864; x_wconf 84' lang='lat' dir='ltr'><strong>vitae,</strong></span> <span class='ocrx_word' id='word_1_523' title='bbox 1054 3811 1319 3870; x_wconf 86' lang='lat' dir='ltr'><strong>quatenus</strong></span> <span class='ocrx_word' id='word_1_524' title='bbox 1345 3806 1492 3859; x_wconf 77' lang='lat' dir='ltr'><strong>exuti</strong></span> <span class='ocrx_word' id='word_1_525' title='bbox 1520 3806 1688 3874; x_wconf 83' lang='lat' dir='ltr'><strong>vitiis,</strong></span> 
     </span>
    </p>
   </div>
   <div class='ocr_carea' id='block_1_69' title="bbox 122 3879 1689 3965">
    <p class='ocr_par' dir='ltr' id='par_1_69' title="bbox 122 3879 1689 3965">
     <span class='ocr_line' id='line_1_69' title="bbox 122 3879 1689 3965; baseline 0.014 -33"><span class='ocrx_word' id='word_1_526' title='bbox 122 3879 168 3933; x_wconf 90' lang='lat' dir='ltr'><strong>in</strong></span> <span class='ocrx_word' id='word_1_527' title='bbox 214 3885 430 3940; x_wconf 84' lang='lat' dir='ltr'><strong>novitate</strong></span> <span class='ocrx_word' id='word_1_528' title='bbox 464 3886 596 3941; x_wconf 64' lang='lat' dir='ltr'><strong>vita:</strong></span> <span class='ocrx_word' id='word_1_529' title='bbox 640 3889 999 3946; x_wconf 87' lang='lat' dir='ltr'><strong>ambulemus.</strong></span> <span class='ocrx_word' id='word_1_530' title='bbox 1037 3892 1107 3946; x_wconf 82' lang='lat' dir='ltr'><strong>At</strong></span> <span class='ocrx_word' id='word_1_531' title='bbox 1151 3909 1282 3950; x_wconf 89' lang='lat' dir='ltr'><strong>vero</strong></span> <span class='ocrx_word' id='word_1_532' title='bbox 1309 3897 1550 3965; x_wconf 88' lang='lat' dir='ltr'><strong>quidam,</strong></span> <span class='ocrx_word' id='word_1_533' title='bbox 1584 3915 1689 3954; x_wconf 91' lang='lat' dir='ltr'><strong>non</strong></span> 
     </span>
    </p>
   </div>
   <div class='ocr_carea' id='block_1_70' title="bbox 125 3973 1694 4059">
    <p class='ocr_par' dir='ltr' id='par_1_70' title="bbox 125 3973 1694 4059">
     <span class='ocr_line' id='line_1_70' title="bbox 125 3973 1694 4059; baseline 0.018 -37"><span class='ocrx_word' id='word_1_534' title='bbox 125 3973 184 4024; x_wconf 83' lang='lat' dir='ltr'><strong>ad</strong></span> <span class='ocrx_word' id='word_1_535' title='bbox 214 3983 438 4034; x_wconf 86' lang='lat' dir='ltr'><strong>naturam</strong></span> <span class='ocrx_word' id='word_1_536' title='bbox 471 3983 752 4050; x_wconf 83' lang='lat' dir='ltr'><strong>serpentis</strong></span> <span class='ocrx_word' id='word_1_537' title='bbox 773 3993 1027 4052; x_wconf 87' lang='lat' dir='ltr'><strong>oportere</strong></span> <span class='ocrx_word' id='word_1_538' title='bbox 1055 3986 1261 4044; x_wconf 85' lang='lat' dir='ltr'><strong>referre</strong></span> <span class='ocrx_word' id='word_1_539' title='bbox 1282 3990 1568 4059; x_wconf 79' lang='lat' dir='ltr'><strong>dixerunt;</strong></span> <span class='ocrx_word' id='word_1_540' title='bbox 1599 3995 1694 4050; x_wconf 92' lang='lat' dir='ltr'><strong>sed</strong></span> 
     </span>
    </p>
   </div>
   <div class='ocr_carea' id='block_1_71' title="bbox 120 4068 1691 4152">
    <p class='ocr_par' dir='ltr' id='par_1_71' title="bbox 120 4068 1691 4152">
     <span class='ocr_line' id='line_1_71' title="bbox 120 4068 1691 4152; baseline 0.015 -35"><span class='ocrx_word' id='word_1_541' title='bbox 120 4068 177 4119; x_wconf 83' lang='lat' dir='ltr'><strong>ad</strong></span> <span class='ocrx_word' id='word_1_542' title='bbox 200 4070 333 4131; x_wconf 81' lang='lat' dir='ltr'><strong>aliud</strong></span> <span class='ocrx_word' id='word_1_543' title='bbox 359 4074 514 4144; x_wconf 85' lang='lat' dir='ltr'><strong>quod</strong></span> <span class='ocrx_word' id='word_1_544' title='bbox 564 4075 619 4128; x_wconf 91' lang='lat' dir='ltr'><strong>in</strong></span> <span class='ocrx_word' id='word_1_545' title='bbox 651 4073 848 4132; x_wconf 81' lang='lat' dir='ltr'><strong>Genesi</strong></span> <span class='ocrx_word' id='word_1_546' title='bbox 894 4077 1140 4149; x_wconf 85' lang='lat' dir='ltr'><strong>legimus,</strong></span> <span class='ocrx_word' id='word_1_547' title='bbox 1193 4090 1483 4152; x_wconf 89' lang='lat' dir='ltr'><strong>antequam</strong></span> <span class='ocrx_word' id='word_1_548' title='bbox 1519 4086 1691 4142; x_wconf 86' lang='lat' dir='ltr'><strong>Adam</strong></span> 
     </span>
    </p>
   </div>
   <div class='ocr_carea' id='block_1_72' title="bbox 123 4157 1694 4250">
    <p class='ocr_par' dir='ltr' id='par_1_72' title="bbox 123 4157 1694 4250">
     <span class='ocr_line' id='line_1_72' title="bbox 123 4157 1694 4250; baseline 0.015 -39"><span class='ocrx_word' id='word_1_549' title='bbox 123 4157 163 4211; x_wconf 87' lang='lat' dir='ltr'><strong>in</strong></span> <span class='ocrx_word' id='word_1_550' title='bbox 183 4162 417 4231; x_wconf 86' lang='lat' dir='ltr'><strong>paradiso</strong></span> <span class='ocrx_word' id='word_1_551' title='bbox 445 4166 796 4235; x_wconf 81' lang='lat' dir='ltr'><strong>traduceret,</strong></span> <span class='ocrx_word' id='word_1_552' title='bbox 816 4172 1223 4240; x_wconf 81' lang='lat' dir='ltr'><strong>prudentiorem</strong></span> <span class='ocrx_word' id='word_1_553' title='bbox 1246 4190 1370 4231; x_wconf 91' lang='lat' dir='ltr'><strong>eum</strong></span> <span class='ocrx_word' id='word_1_554' title='bbox 1393 4175 1562 4234; x_wconf 90' lang='lat' dir='ltr'><strong>fuisse</strong></span> <span class='ocrx_word' id='word_1_555' title='bbox 1583 4196 1694 4250; x_wconf 68' lang='lat' dir='ltr'><strong>pra:</strong></span> 
     </span>
    </p>
   </div>
   <div class='ocr_carea' id='block_1_73' title="bbox 119 4257 1695 4338">
    <p class='ocr_par' dir='ltr' id='par_1_73' title="bbox 119 4257 1695 4338">
     <span class='ocr_line' id='line_1_73' title="bbox 119 4257 1695 4338; baseline 0.015 -33"><span class='ocrx_word' id='word_1_556' title='bbox 119 4257 297 4315; x_wconf 84' lang='lat' dir='ltr'><strong>cunctis</strong></span> <span class='ocrx_word' id='word_1_557' title='bbox 343 4261 734 4318; x_wconf 84' lang='lat' dir='ltr'><strong>animantibus</strong></span> <span class='ocrx_word' id='word_1_558' title='bbox 766 4274 944 4320; x_wconf 69' lang='lat' dir='ltr'><strong>terrae.</strong></span> <span class='ocrx_word' id='word_1_559' title='bbox 983 4265 1133 4322; x_wconf 89' lang='lat' dir='ltr'><strong>Unde</strong></span> <span class='ocrx_word' id='word_1_560' title='bbox 1180 4268 1415 4338; x_wconf 89' lang='lat' dir='ltr'><strong>primum</strong></span> <span class='ocrx_word' id='word_1_561' title='bbox 1455 4273 1695 4328; x_wconf 90' lang='lat' dir='ltr'><strong>animum</strong></span> 
     </span>
    </p>
   </div>
   <div class='ocr_carea' id='block_1_74' title="bbox 122 4352 1695 4431">
    <p class='ocr_par' dir='ltr' id='par_1_74' title="bbox 122 4352 1695 4431">
     <span class='ocr_line' id='line_1_74' title="bbox 122 4352 1695 4431; baseline 0.014 -33"><span class='ocrx_word' id='word_1_562' title='bbox 122 4358 253 4404; x_wconf 76' lang='lat' dir='ltr'><strong>sexus</strong></span> <span class='ocrx_word' id='word_1_563' title='bbox 295 4352 572 4409; x_wconf 86' lang='lat' dir='ltr'><strong>mollioris</strong></span> <span class='ocrx_word' id='word_1_564' title='bbox 616 4369 904 4425; x_wconf 82' lang='lat' dir='ltr'><strong>aggressus</strong></span> <span class='ocrx_word' id='word_1_565' title='bbox 951 4367 1064 4423; x_wconf 88' lang='lat' dir='ltr'><strong>est;</strong></span> <span class='ocrx_word' id='word_1_566' title='bbox 1099 4359 1292 4416; x_wconf 81' lang='lat' dir='ltr'><strong>deinde</strong></span> <span class='ocrx_word' id='word_1_567' title='bbox 1335 4377 1430 4431; x_wconf 90' lang='lat' dir='ltr'><strong>spe</strong></span> <span class='ocrx_word' id='word_1_568' title='bbox 1472 4377 1593 4419; x_wconf 87' lang='lat' dir='ltr'><strong>eam</strong></span> <span class='ocrx_word' id='word_1_569' title='bbox 1627 4366 1695 4420; x_wconf 85' lang='lat' dir='ltr'><strong>il-</strong></span> 
     </span>
    </p>
   </div>
   <div class='ocr_carea' id='block_1_75' title="bbox 119 4435 1699 4516">
    <p class='ocr_par' dir='ltr' id='par_1_75' title="bbox 119 4435 1699 4516">
     <span class='ocr_line' id='line_1_75' title="bbox 119 4435 1699 4516; baseline 0.016 -25"><span class='ocrx_word' id='word_1_570' title='bbox 119 4435 239 4506; x_wconf 74' lang='lat' dir='ltr'><strong>lexit,</strong></span> <span class='ocrx_word' id='word_1_571' title='bbox 269 4445 396 4501; x_wconf 91' lang='lat' dir='ltr'><strong>dum</strong></span> <span class='ocrx_word' id='word_1_572' title='bbox 447 4449 900 4504; x_wconf 81' lang='lat' dir='ltr'><strong>communionem</strong></span> <span class='ocrx_word' id='word_1_573' title='bbox 951 4452 1378 4512; x_wconf 87' lang='lat' dir='ltr'><strong>immortalitatis</strong></span> <span class='ocrx_word' id='word_1_574' title='bbox 1429 4473 1553 4514; x_wconf 93' lang='lat' dir='ltr'><strong>cum</strong></span> <span class='ocrx_word' id='word_1_575' title='bbox 1594 4461 1699 4516; x_wconf 89' lang='lat' dir='ltr'><strong>diis</strong></span> 
     </span>
    </p>
   </div>
   <div class='ocr_carea' id='block_1_76' title="bbox 121 4537 1696 4621">
    <p class='ocr_par' dir='ltr' id='par_1_76' title="bbox 121 4537 1696 4621">
     <span class='ocr_line' id='line_1_76' title="bbox 121 4537 1696 4621; baseline 0.012 -32"><span class='ocrx_word' id='word_1_576' title='bbox 121 4537 392 4603; x_wconf 75' lang='lat' dir='ltr'><strong>spopondit.</strong></span> <span class='ocrx_word' id='word_1_577' title='bbox 431 4539 506 4594; x_wconf 86' lang='lat' dir='ltr'><strong>Et</strong></span> <span class='ocrx_word' id='word_1_578' title='bbox 545 4554 643 4609; x_wconf 91' lang='lat' dir='ltr'><strong>per</strong></span> <span class='ocrx_word' id='word_1_579' title='bbox 689 4541 806 4597; x_wconf 64' lang='lat' dir='ltr'><strong>haec</strong></span> <span class='ocrx_word' id='word_1_580' title='bbox 843 4551 992 4599; x_wconf 87' lang='lat' dir='ltr'><strong>tanta</strong></span> <span class='ocrx_word' id='word_1_581' title='bbox 1035 4548 1260 4615; x_wconf 64' lang='lat' dir='ltr'><strong>praemia</strong></span> <span class='ocrx_word' id='word_1_582' title='bbox 1309 4565 1446 4621; x_wconf 90' lang='lat' dir='ltr'><strong>opus</strong></span> <span class='ocrx_word' id='word_1_583' title='bbox 1484 4553 1696 4608; x_wconf 91' lang='lat' dir='ltr'><strong>consilii</strong></span> 
     </span>
    </p>
   </div>
   <div class='ocr_carea' id='block_1_77' title="bbox 1793 3327 3388 3405">
    <p class='ocr_par' dir='ltr' id='par_1_77' title="bbox 1793 3327 3388 3405">
     <span class='ocr_line' id='line_1_77' title="bbox 1793 3327 3388 3405; baseline -0.004 -14"><span class='ocrx_word' id='word_1_584' title='bbox 1793 3336 1974 3392; x_wconf 87' lang='lat' dir='ltr'><strong>carnis</strong></span> <span class='ocrx_word' id='word_1_585' title='bbox 2004 3334 2466 3405; x_wconf 87' lang='lat' dir='ltr'><strong>concupiscentia,</strong></span> <span class='ocrx_word' id='word_1_586' title='bbox 2519 3334 2751 3388; x_wconf 86' lang='lat' dir='ltr'><strong>virtutes</strong></span> <span class='ocrx_word' id='word_1_587' title='bbox 2788 3345 2974 3387; x_wconf 89' lang='lat' dir='ltr'><strong>serere</strong></span> <span class='ocrx_word' id='word_1_588' title='bbox 3026 3338 3083 3384; x_wconf 85' lang='lat' dir='ltr'><strong>et</strong></span> <span class='ocrx_word' id='word_1_589' title='bbox 3115 3327 3388 3399; x_wconf 84' lang='lat' dir='ltr'><strong>parturire</strong></span> 
     </span>
    </p>
   </div>
   <div class='ocr_carea' id='block_1_78' title="bbox 1791 3421 3384 3498">
    <p class='ocr_par' dir='ltr' id='par_1_78' title="bbox 1791 3421 3384 3498">
     <span class='ocr_line' id='line_1_78' title="bbox 1791 3421 3384 3498; baseline -0.006 -16"><span class='ocrx_word' id='word_1_590' title='bbox 1791 3427 1933 3482; x_wconf 86' lang='lat' dir='ltr'><strong>ﬁlios</strong></span> <span class='ocrx_word' id='word_1_591' title='bbox 1963 3425 2272 3498; x_wconf 84' lang='lat' dir='ltr'><strong>adoptionis</strong></span> <span class='ocrx_word' id='word_1_592' title='bbox 2294 3466 2309 3491; x_wconf 96' lang='lat'><strong>,</strong></span> <span class='ocrx_word' id='word_1_593' title='bbox 2357 3425 2505 3480; x_wconf 90' lang='lat' dir='ltr'><strong>intus</strong></span> <span class='ocrx_word' id='word_1_594' title='bbox 2533 3438 2722 3480; x_wconf 87' lang='lat' dir='ltr'><strong>amore</strong></span> <span class='ocrx_word' id='word_1_595' title='bbox 2750 3421 2982 3494; x_wconf 87' lang='lat' dir='ltr'><strong>spiritali</strong></span> <span class='ocrx_word' id='word_1_596' title='bbox 3011 3426 3384 3489; x_wconf 81' lang='lat' dir='ltr'><strong>regeneratos.</strong></span> 
     </span>
    </p>
   </div>
   <div class='ocr_carea' id='block_1_79' title="bbox 1795 3517 2090 3588">
    <p class='ocr_par' dir='ltr' id='par_1_79' title="bbox 1795 3517 2090 3588">
     <span class='ocr_line' id='line_1_79' title="bbox 1795 3517 2090 3588; baseline -0.007 -16"><span class='ocrx_word' id='word_1_597' title='bbox 1795 3517 2052 3588; x_wconf 88' lang='lat' dir='ltr'><strong>Sequitur</strong></span> <span class='ocrx_word' id='word_1_598' title='bbox 2075 3532 2090 3570; x_wconf 91' lang='lat'><strong>:</strong></span> 
     </span>
    </p>
   </div>
   <div class='ocr_carea' id='block_1_80' title="bbox 1865 3601 3494 3687">
    <p class='ocr_par' dir='ltr' id='par_1_80' title="bbox 1865 3601 3494 3687">
     <span class='ocr_line' id='line_1_80' title="bbox 1865 3601 3494 3687; baseline -0.006 -22"><span class='ocrx_word' id='word_1_599' title='bbox 1865 3609 2054 3665; x_wconf 82' lang='lat' dir='ltr'><strong>Cauete</strong></span> <span class='ocrx_word' id='word_1_600' title='bbox 2082 3618 2259 3664; x_wconf 70' lang='lat' dir='ltr'><strong>autem</strong></span> <span class='ocrx_word' id='word_1_601' title='bbox 2286 3609 2352 3663; x_wconf 69' lang='lat' dir='ltr'><strong>ab</strong></span> <span class='ocrx_word' id='word_1_602' title='bbox 2383 3607 2702 3662; x_wconf 72' lang='lat' dir='ltr'><strong>hominibus.</strong></span> <span class='ocrx_word' id='word_1_603' title='bbox 2755 3603 2835 3659; x_wconf 82' lang='lat' dir='ltr'><strong>Ad</strong></span> <span class='ocrx_word' id='word_1_604' title='bbox 2868 3605 2972 3660; x_wconf 84' lang='lat' dir='ltr'><strong>hoc</strong></span> <span class='ocrx_word' id='word_1_605' title='bbox 3018 3611 3191 3658; x_wconf 85' lang='lat' dir='ltr'><strong>totum</strong></span> <span class='ocrx_word' id='word_1_606' title='bbox 3244 3601 3389 3657; x_wconf 79' lang='lat' dir='ltr'><strong>valet</strong></span> <span class='ocrx_word' id='word_1_607' title='bbox 3479 3677 3494 3687; x_wconf 34' lang='grc' dir='ltr'><strong>ρ</strong></span> 
     </span>
    </p>
   </div>
   <div class='ocr_carea' id='block_1_81' title="bbox 1796 3694 3388 3772">
    <p class='ocr_par' dir='ltr' id='par_1_81' title="bbox 1796 3694 3388 3772">
     <span class='ocr_line' id='line_1_81' title="bbox 1796 3694 3388 3772; baseline -0.006 -17"><span class='ocrx_word' id='word_1_608' title='bbox 1796 3701 1938 3772; x_wconf 88' lang='lat' dir='ltr'><strong>quod</strong></span> <span class='ocrx_word' id='word_1_609' title='bbox 1966 3701 2274 3771; x_wconf 66' lang='lat' dir='ltr'><strong>praemisit:</strong></span> <span class='ocrx_word' id='word_1_610' title='bbox 2310 3699 2492 3753; x_wconf 82' lang='lat' dir='ltr'><strong>Estote</strong></span> <span class='ocrx_word' id='word_1_611' title='bbox 2519 3696 2800 3768; x_wconf 79' lang='lat' dir='ltr'><strong>prudentes</strong></span> <span class='ocrx_word' id='word_1_612' title='bbox 2822 3737 2837 3763; x_wconf 96' lang='lat'><strong>,</strong></span> <span class='ocrx_word' id='word_1_613' title='bbox 2887 3705 2935 3749; x_wconf 87' lang='lat' dir='ltr'><strong>et</strong></span> <span class='ocrx_word' id='word_1_614' title='bbox 2977 3694 3236 3764; x_wconf 76' lang='lat' dir='ltr'><strong>simplices</strong></span> <span class='ocrx_word' id='word_1_615' title='bbox 3265 3732 3281 3757; x_wconf 91' lang='lat'><strong>,</strong></span> <span class='ocrx_word' id='word_1_616' title='bbox 3330 3700 3388 3746; x_wconf 94' lang='lat' dir='ltr'><strong>ut</strong></span> 
     </span>
    </p>
   </div>
   <div class='ocr_carea' id='block_1_82' title="bbox 1797 3785 3382 3862">
    <p class='ocr_par' dir='ltr' id='par_1_82' title="bbox 1797 3785 3382 3862">
     <span class='ocr_line' id='line_1_82' title="bbox 1797 3785 3382 3862; baseline -0.008 -12"><span class='ocrx_word' id='word_1_617' title='bbox 1797 3808 1994 3850; x_wconf 88' lang='lat' dir='ltr'><strong>cavere</strong></span> <span class='ocrx_word' id='word_1_618' title='bbox 2043 3793 2314 3862; x_wconf 88' lang='lat' dir='ltr'><strong>possimus</strong></span> <span class='ocrx_word' id='word_1_619' title='bbox 2344 3806 2413 3847; x_wconf 89' lang='lat' dir='ltr'><strong>ne</strong></span> <span class='ocrx_word' id='word_1_620' title='bbox 2436 3799 2533 3844; x_wconf 83' lang='lat' dir='ltr'><strong>aut</strong></span> <span class='ocrx_word' id='word_1_621' title='bbox 2571 3788 2730 3844; x_wconf 87' lang='lat' dir='ltr'><strong>malis</strong></span> <span class='ocrx_word' id='word_1_622' title='bbox 2759 3785 3203 3859; x_wconf 83' lang='lat' dir='ltr'><strong>persuasionibus</strong></span> <span class='ocrx_word' id='word_1_623' title='bbox 3229 3795 3382 3839; x_wconf 80' lang='lat' dir='ltr'><strong>exte-</strong></span> 
     </span>
    </p>
   </div>
   <div class='ocr_carea' id='block_1_83' title="bbox 1799 3877 3392 3959">
    <p class='ocr_par' dir='ltr' id='par_1_83' title="bbox 1799 3877 3392 3959">
     <span class='ocr_line' id='line_1_83' title="bbox 1799 3877 3392 3959; baseline -0.008 -14"><span class='ocrx_word' id='word_1_624' title='bbox 1799 3889 1910 3945; x_wconf 88' lang='lat' dir='ltr'><strong>rius</strong></span> <span class='ocrx_word' id='word_1_625' title='bbox 1951 3889 2305 3959; x_wconf 90' lang='lat' dir='ltr'><strong>decipiamur,</strong></span> <span class='ocrx_word' id='word_1_626' title='bbox 2351 3895 2444 3941; x_wconf 91' lang='lat' dir='ltr'><strong>aut</strong></span> <span class='ocrx_word' id='word_1_627' title='bbox 2483 3883 2915 3956; x_wconf 87' lang='lat' dir='ltr'><strong>simplicitatem,</strong></span> <span class='ocrx_word' id='word_1_628' title='bbox 2945 3895 3066 3952; x_wconf 64' lang='lat' dir='ltr'><strong>quin</strong></span> <span class='ocrx_word' id='word_1_629' title='bbox 3092 3894 3189 3951; x_wconf 90' lang='lat' dir='ltr'><strong>per</strong></span> <span class='ocrx_word' id='word_1_630' title='bbox 3218 3877 3392 3949; x_wconf 70' lang='lat' dir='ltr'><strong>Spiri~</strong></span> 
     </span>
    </p>
   </div>
   <div class='ocr_carea' id='block_1_84' title="bbox 1800 3973 3392 4042">
    <p class='ocr_par' dir='ltr' id='par_1_84' title="bbox 1800 3973 3392 4042">
     <span class='ocr_line' id='line_1_84' title="bbox 1800 3973 3392 4042; baseline -0.006 -3"><span class='ocrx_word' id='word_1_631' title='bbox 1800 3994 1913 4039; x_wconf 90' lang='lat' dir='ltr'><strong>tum</strong></span> <span class='ocrx_word' id='word_1_632' title='bbox 1944 3992 2190 4039; x_wconf 88' lang='lat' dir='ltr'><strong>sanctum</strong></span> <span class='ocrx_word' id='word_1_633' title='bbox 2216 3980 2409 4037; x_wconf 73' lang='lat' dir='ltr'><strong>diﬂ‘usa</strong></span> <span class='ocrx_word' id='word_1_634' title='bbox 2438 3989 2524 4036; x_wconf 90' lang='lat' dir='ltr'><strong>est</strong></span> <span class='ocrx_word' id='word_1_635' title='bbox 2567 3980 2622 4034; x_wconf 92' lang='lat' dir='ltr'><strong>in</strong></span> <span class='ocrx_word' id='word_1_636' title='bbox 2669 3977 3038 4042; x_wconf 84' lang='lat' dir='ltr'><strong>credentibus,</strong></span> <span class='ocrx_word' id='word_1_637' title='bbox 3071 3975 3217 4030; x_wconf 85' lang='lat' dir='ltr'><strong>foras</strong></span> <span class='ocrx_word' id='word_1_638' title='bbox 3249 3973 3392 4029; x_wconf 83' lang='lat' dir='ltr'><strong>male</strong></span> 
     </span>
    </p>
   </div>
   <div class='ocr_carea' id='block_1_85' title="bbox 1797 4071 3396 4152">
    <p class='ocr_par' dir='ltr' id='par_1_85' title="bbox 1797 4071 3396 4152">
     <span class='ocr_line' id='line_1_85' title="bbox 1797 4071 3396 4152; baseline -0.008 -18"><span class='ocrx_word' id='word_1_639' title='bbox 1797 4080 2168 4152; x_wconf 87' lang='lat' dir='ltr'><strong>p’rojiciamus.</strong></span> <span class='ocrx_word' id='word_1_640' title='bbox 2195 4077 2262 4132; x_wconf 87' lang='lat' dir='ltr'><strong>Et</strong></span> <span class='ocrx_word' id='word_1_641' title='bbox 2287 4077 2390 4131; x_wconf 91' lang='lat' dir='ltr'><strong>hoc</strong></span> <span class='ocrx_word' id='word_1_642' title='bbox 2415 4084 2500 4131; x_wconf 86' lang='lat' dir='ltr'><strong>est</strong></span> <span class='ocrx_word' id='word_1_643' title='bbox 2520 4089 2718 4130; x_wconf 89' lang='lat' dir='ltr'><strong>cavere</strong></span> <span class='ocrx_word' id='word_1_644' title='bbox 2741 4074 2810 4128; x_wconf 89' lang='lat' dir='ltr'><strong>ab</strong></span> <span class='ocrx_word' id='word_1_645' title='bbox 2835 4071 3177 4135; x_wconf 81' lang='lat' dir='ltr'><strong>hominibus;</strong></span> <span class='ocrx_word' id='word_1_646' title='bbox 3203 4083 3310 4123; x_wconf 90' lang='lat' dir='ltr'><strong>non</strong></span> <span class='ocrx_word' id='word_1_647' title='bbox 3334 4073 3396 4122; x_wconf 88' lang='lat' dir='ltr'><strong>ut</strong></span> 
     </span>
    </p>
   </div>
   <div class='ocr_carea' id='block_1_86' title="bbox 1801 4160 3393 4240">
    <p class='ocr_par' dir='ltr' id='par_1_86' title="bbox 1801 4160 3393 4240">
     <span class='ocr_line' id='line_1_86' title="bbox 1801 4160 3393 4240; baseline -0.007 -13"><span class='ocrx_word' id='word_1_648' title='bbox 1801 4188 1908 4227; x_wconf 90' lang='lat' dir='ltr'><strong>non</strong></span> <span class='ocrx_word' id='word_1_649' title='bbox 1936 4173 2240 4237; x_wconf 90' lang='lat' dir='ltr'><strong>tradamur,</strong></span> <span class='ocrx_word' id='word_1_650' title='bbox 2269 4171 2412 4240; x_wconf 90' lang='lat' dir='ltr'><strong>quod</strong></span> <span class='ocrx_word' id='word_1_651' title='bbox 2435 4169 2636 4224; x_wconf 87' lang='lat' dir='ltr'><strong>veritas</strong></span> <span class='ocrx_word' id='word_1_652' title='bbox 2658 4168 2898 4222; x_wconf 89' lang='lat' dir='ltr'><strong>futurum</strong></span> <span class='ocrx_word' id='word_1_653' title='bbox 2925 4164 3272 4236; x_wconf 88' lang='lat' dir='ltr'><strong>pronuntiat;</strong></span> <span class='ocrx_word' id='word_1_654' title='bbox 3298 4160 3393 4216; x_wconf 90' lang='lat' dir='ltr'><strong>scd</strong></span> 
     </span>
    </p>
   </div>
   <div class='ocr_carea' id='block_1_87' title="bbox 1803 4255 3397 4335">
    <p class='ocr_par' dir='ltr' id='par_1_87' title="bbox 1803 4255 3397 4335">
     <span class='ocr_line' id='line_1_87' title="bbox 1803 4255 3397 4335; baseline -0.007 -15"><span class='ocrx_word' id='word_1_655' title='bbox 1803 4276 1862 4320; x_wconf 93' lang='lat' dir='ltr'><strong>ut</strong></span> <span class='ocrx_word' id='word_1_656' title='bbox 1888 4281 1996 4321; x_wconf 90' lang='lat' dir='ltr'><strong>non</strong></span> <span class='ocrx_word' id='word_1_657' title='bbox 2027 4265 2362 4335; x_wconf 78' lang='lat' dir='ltr'><strong>decipiantur</strong></span> <span class='ocrx_word' id='word_1_658' title='bbox 2388 4262 2512 4318; x_wconf 87' lang='lat' dir='ltr'><strong>ullis</strong></span> <span class='ocrx_word' id='word_1_659' title='bbox 2536 4261 2855 4316; x_wconf 89' lang='lat' dir='ltr'><strong>insidiarum</strong></span> <span class='ocrx_word' id='word_1_660' title='bbox 2880 4258 3181 4314; x_wconf 84' lang='lat' dir='ltr'><strong>fraudibus.</strong></span> <span class='ocrx_word' id='word_1_661' title='bbox 3213 4255 3397 4325; x_wconf 78' lang='lat' dir='ltr'><strong>Respi-</strong></span> 
     </span>
    </p>
   </div>
   <div class='ocr_carea' id='block_1_88' title="bbox 1802 4337 3397 4430">
    <p class='ocr_par' dir='ltr' id='par_1_88' title="bbox 1802 4337 3397 4430">
     <span class='ocr_line' id='line_1_88' title="bbox 1802 4337 3397 4430; baseline -0.007 -14"><span class='ocrx_word' id='word_1_662' title='bbox 1802 4361 1878 4417; x_wconf 92' lang='lat' dir='ltr'><strong>cit</strong></span> <span class='ocrx_word' id='word_1_663' title='bbox 1907 4362 1995 4416; x_wconf 90' lang='lat' dir='ltr'><strong>hic</strong></span> <span class='ocrx_word' id='word_1_664' title='bbox 2025 4361 2175 4416; x_wconf 91' lang='lat' dir='ltr'><strong>locus</strong></span> <span class='ocrx_word' id='word_1_665' title='bbox 2207 4361 2350 4430; x_wconf 91' lang='lat' dir='ltr'><strong>quod</strong></span> <span class='ocrx_word' id='word_1_666' title='bbox 2378 4337 2491 4414; x_wconf 82' lang='lat' dir='ltr'><strong>ait:</strong></span> <span class='ocrx_word' id='word_1_667' title='bbox 2527 4357 2664 4412; x_wconf 87' lang='lat' dir='ltr'><strong>Ecce</strong></span> <span class='ocrx_word' id='word_1_668' title='bbox 2707 4372 2800 4428; x_wconf 87' lang='lat' dir='ltr'><strong>ego</strong></span> <span class='ocrx_word' id='word_1_669' title='bbox 2837 4356 2982 4408; x_wconf 88' lang='lat' dir='ltr'><strong>mitto</strong></span> <span class='ocrx_word' id='word_1_670' title='bbox 3028 4369 3136 4408; x_wconf 81' lang='lat' dir='ltr'><strong>vos.</strong></span> <span class='ocrx_word' id='word_1_671' title='bbox 3172 4352 3237 4405; x_wconf 81' lang='lat' dir='ltr'><strong>Et</strong></span> <span class='ocrx_word' id='word_1_672' title='bbox 3274 4351 3397 4406; x_wconf 83' lang='lat' dir='ltr'><strong>ideo</strong></span> 
     </span>
    </p>
   </div>
   <div class='ocr_carea' id='block_1_89' title="bbox 1805 4443 3396 4525">
    <p class='ocr_par' dir='ltr' id='par_1_89' title="bbox 1805 4443 3396 4525">
     <span class='ocr_line' id='line_1_89' title="bbox 1805 4443 3396 4525; baseline -0.007 -15"><span class='ocrx_word' id='word_1_673' title='bbox 1805 4464 1991 4510; x_wconf 85' lang='lat' dir='ltr'><strong>cavete</strong></span> <span class='ocrx_word' id='word_1_674' title='bbox 2017 4469 2114 4525; x_wconf 88' lang='lat' dir='ltr'><strong>per</strong></span> <span class='ocrx_word' id='word_1_675' title='bbox 2145 4453 2489 4524; x_wconf 78' lang='lat' dir='ltr'><strong>prudentiam</strong></span> <span class='ocrx_word' id='word_1_676' title='bbox 2510 4493 2525 4518; x_wconf 97' lang='lat'><strong>,</strong></span> <span class='ocrx_word' id='word_1_677' title='bbox 2577 4465 2646 4506; x_wconf 91' lang='lat' dir='ltr'><strong>ne</strong></span> <span class='ocrx_word' id='word_1_678' title='bbox 2683 4443 2948 4505; x_wconf 46' lang='lat' dir='ltr'><strong>arnil’tatis</strong></span> <span class='ocrx_word' id='word_1_679' title='bbox 2993 4444 3396 4516; x_wconf 67' lang='lat' dir='ltr'><strong>simplicitatem</strong></span> 
     </span>
    </p>
   </div>
   <div class='ocr_carea' id='block_1_90' title="bbox 1806 4547 2088 4603">
    <p class='ocr_par' dir='ltr' id='par_1_90' title="bbox 1806 4547 2088 4603">
     <span class='ocr_line' id='line_1_90' title="bbox 1806 4547 2088 4603; baseline -0.007 0"><span class='ocrx_word' id='word_1_680' title='bbox 1806 4547 2088 4603; x_wconf 77' lang='lat' dir='ltr'><strong>columbae.</strong></span> 
     </span>
    </p>
   </div>
   <div class='ocr_carea' id='block_1_91' title="bbox 119 4621 3400 4714">
    <p class='ocr_par' dir='ltr' id='par_1_91' title="bbox 119 4621 3400 4714">
     <span class='ocr_line' id='line_1_91' title="bbox 119 4621 3400 4714; baseline 0.003 -37"><span class='ocrx_word' id='word_1_681' title='bbox 119 4625 249 4681; x_wconf 89' lang='lat' dir='ltr'><strong>suiet</strong></span> <span class='ocrx_word' id='word_1_682' title='bbox 276 4630 595 4686; x_wconf 84' lang='lat' dir='ltr'><strong>voluntatis</strong></span> <span class='ocrx_word' id='word_1_683' title='bbox 625 4634 916 4701; x_wconf 90' lang='lat' dir='ltr'><strong>persuasit.</strong></span> <span class='ocrx_word' id='word_1_684' title='bbox 947 4634 1073 4692; x_wconf 89' lang='lat' dir='ltr'><strong>Pari</strong></span> <span class='ocrx_word' id='word_1_685' title='bbox 1103 4638 1268 4710; x_wconf 83' lang='lat' dir='ltr'><strong>igitur</strong></span> <span class='ocrx_word' id='word_1_686' title='bbox 1307 4641 1496 4697; x_wconf 90' lang='lat' dir='ltr'><strong>dicunt</strong></span> <span class='ocrx_word' id='word_1_687' title='bbox 1533 4659 1699 4714; x_wconf 91' lang='lat' dir='ltr'><strong>opor-</strong></span> <span class='ocrx_word' id='word_1_688' title='bbox 1725 4621 1778 4682; x_wconf 81' lang='lat' dir='ltr'><strong>D</strong></span> <span class='ocrx_word' id='word_1_689' title='bbox 1878 4640 2106 4695; x_wconf 84' lang='lat' dir='ltr'><strong>Tradent</strong></span> <span class='ocrx_word' id='word_1_690' title='bbox 2139 4640 2278 4694; x_wconf 86' lang='lat' dir='ltr'><strong>enim</strong></span> <span class='ocrx_word' id='word_1_691' title='bbox 2323 4655 2413 4693; x_wconf 85' lang='lat' dir='ltr'><strong>vos</strong></span> <span class='ocrx_word' id='word_1_692' title='bbox 2444 4637 2500 4692; x_wconf 87' lang='lat' dir='ltr'><strong>in</strong></span> <span class='ocrx_word' id='word_1_693' title='bbox 2539 4636 2794 4692; x_wconf 83' lang='lat' dir='ltr'><strong>conciliis.</strong></span> <span class='ocrx_word' id='word_1_694' title='bbox 2841 4634 3098 4706; x_wconf 83' lang='lat' dir='ltr'><strong>Magister</strong></span> <span class='ocrx_word' id='word_1_695' title='bbox 3149 4631 3400 4704; x_wconf 80' lang='lat' dir='ltr'><strong>egregius</strong></span> 
     </span>
    </p>
   </div>
   <div class='ocr_carea' id='block_1_92' title="bbox 122 4721 1699 4806">
    <p class='ocr_par' dir='ltr' id='par_1_92' title="bbox 122 4721 1699 4806">
     <span class='ocr_line' id='line_1_92' title="bbox 122 4721 1699 4806; baseline 0.016 -39"><span class='ocrx_word' id='word_1_696' title='bbox 122 4723 210 4771; x_wconf 83' lang='lat' dir='ltr'><strong>tere</strong></span> <span class='ocrx_word' id='word_1_697' title='bbox 232 4721 541 4790; x_wconf 85' lang='lat' dir='ltr'><strong>prudentia</strong></span> <span class='ocrx_word' id='word_1_698' title='bbox 567 4723 844 4780; x_wconf 89' lang='lat' dir='ltr'><strong>doctorem</strong></span> <span class='ocrx_word' id='word_1_699' title='bbox 873 4743 1056 4800; x_wconf 87' lang='lat' dir='ltr'><strong>agere,</strong></span> <span class='ocrx_word' id='word_1_700' title='bbox 1091 4739 1148 4786; x_wconf 90' lang='lat' dir='ltr'><strong>ut</strong></span> <span class='ocrx_word' id='word_1_701' title='bbox 1181 4731 1436 4804; x_wconf 86' lang='lat' dir='ltr'><strong>inspiciat</strong></span> <span class='ocrx_word' id='word_1_702' title='bbox 1463 4736 1699 4806; x_wconf 89' lang='lat' dir='ltr'><strong>primum</strong></span> 
     </span>
    </p>
   </div>
   <div class='ocr_carea' id='block_1_93' title="bbox 118 4809 1703 4897">
    <p class='ocr_par' dir='ltr' id='par_1_93' title="bbox 118 4809 1703 4897">
     <span class='ocr_line' id='line_1_93' title="bbox 118 4809 1703 4897; baseline 0.015 -36"><span class='ocrx_word' id='word_1_703' title='bbox 118 4809 534 4884; x_wconf 70' lang='lat' dir='ltr'><strong>uniuscujusque</strong></span> <span class='ocrx_word' id='word_1_704' title='bbox 571 4823 824 4872; x_wconf 86' lang='lat' dir='ltr'><strong>naturam</strong></span> <span class='ocrx_word' id='word_1_705' title='bbox 856 4828 912 4872; x_wconf 87' lang='lat' dir='ltr'><strong>et</strong></span> <span class='ocrx_word' id='word_1_706' title='bbox 941 4821 1294 4890; x_wconf 87' lang='lat' dir='ltr'><strong>voluntatem,</strong></span> <span class='ocrx_word' id='word_1_707' title='bbox 1343 4825 1473 4897; x_wconf 90' lang='lat' dir='ltr'><strong>quid</strong></span> <span class='ocrx_word' id='word_1_708' title='bbox 1525 4827 1703 4883; x_wconf 87' lang='lat' dir='ltr'><strong>inten-</strong></span> 
     </span>
    </p>
   </div>
   <div class='ocr_carea' id='block_1_94' title="bbox 118 4903 1704 4993">
    <p class='ocr_par' dir='ltr' id='par_1_94' title="bbox 118 4903 1704 4993">
     <span class='ocr_line' id='line_1_94' title="bbox 118 4903 1704 4993; baseline 0.016 -39"><span class='ocrx_word' id='word_1_709' title='bbox 118 4903 212 4972; x_wconf 81' lang='lat' dir='ltr'><strong>dat,</strong></span> <span class='ocrx_word' id='word_1_710' title='bbox 251 4911 459 4979; x_wconf 78' lang='lat' dir='ltr'><strong>quidve</strong></span> <span class='ocrx_word' id='word_1_711' title='bbox 502 4912 702 4983; x_wconf 87' lang='lat' dir='ltr'><strong>possit,</strong></span> <span class='ocrx_word' id='word_1_712' title='bbox 754 4913 840 4968; x_wconf 86' lang='lat' dir='ltr'><strong>vel</strong></span> <span class='ocrx_word' id='word_1_713' title='bbox 869 4926 1129 4985; x_wconf 89' lang='lat' dir='ltr'><strong>quantum</strong></span> <span class='ocrx_word' id='word_1_714' title='bbox 1162 4919 1234 4974; x_wconf 91' lang='lat' dir='ltr'><strong>sit</strong></span> <span class='ocrx_word' id='word_1_715' title='bbox 1277 4935 1468 4992; x_wconf 81' lang='lat' dir='ltr'><strong>capax.</strong></span> <span class='ocrx_word' id='word_1_716' title='bbox 1505 4921 1704 4993; x_wconf 89' lang='lat' dir='ltr'><strong>Sicque</strong></span> 
     </span>
    </p>
   </div>
   <div class='ocr_carea' id='block_1_95' title="bbox 115 5001 1706 5085">
    <p class='ocr_par' dir='ltr' id='par_1_95' title="bbox 115 5001 1706 5085">
     <span class='ocr_line' id='line_1_95' title="bbox 115 5001 1706 5085; baseline 0.014 -34"><span class='ocrx_word' id='word_1_717' title='bbox 115 5001 460 5062; x_wconf 81' lang='lat' dir='ltr'><strong>adhibendam</strong></span> <span class='ocrx_word' id='word_1_718' title='bbox 491 5008 789 5063; x_wconf 82' lang='lat' dir='ltr'><strong>verborum</strong></span> <span class='ocrx_word' id='word_1_719' title='bbox 825 5011 1192 5080; x_wconf 89' lang='lat' dir='ltr'><strong>prudentiam,</strong></span> <span class='ocrx_word' id='word_1_720' title='bbox 1222 5013 1416 5070; x_wconf 87' lang='lat' dir='ltr'><strong>deinde</strong></span> <span class='ocrx_word' id='word_1_721' title='bbox 1451 5031 1575 5085; x_wconf 89' lang='lat' dir='ltr'><strong>spes</strong></span> <span class='ocrx_word' id='word_1_722' title='bbox 1610 5018 1706 5073; x_wconf 51' lang='lat' dir='ltr'><strong>bo.</strong></span> 
     </span>
    </p>
   </div>
   <div class='ocr_carea' id='block_1_96' title="bbox 119 5095 1702 5181">
    <p class='ocr_par' dir='ltr' id='par_1_96' title="bbox 119 5095 1702 5181">
     <span class='ocr_line' id='line_1_96' title="bbox 119 5095 1702 5181; baseline 0.015 -36"><span class='ocrx_word' id='word_1_723' title='bbox 119 5106 283 5150; x_wconf 79' lang='lat' dir='ltr'><strong>norum</strong></span> <span class='ocrx_word' id='word_1_724' title='bbox 317 5095 650 5154; x_wconf 83' lang='lat' dir='ltr'><strong>futurorum</strong></span> <span class='ocrx_word' id='word_1_725' title='bbox 689 5102 1004 5169; x_wconf 88' lang='lat' dir='ltr'><strong>reseranda,</strong></span> <span class='ocrx_word' id='word_1_726' title='bbox 1035 5111 1092 5160; x_wconf 90' lang='lat' dir='ltr'><strong>et</strong></span> <span class='ocrx_word' id='word_1_727' title='bbox 1133 5104 1377 5162; x_wconf 67' lang='lat' dir='ltr'><strong>cmlestia</strong></span> <span class='ocrx_word' id='word_1_728' title='bbox 1409 5107 1532 5164; x_wconf 87' lang='lat' dir='ltr'><strong>ﬁdei</strong></span> <span class='ocrx_word' id='word_1_729' title='bbox 1562 5126 1702 5181; x_wconf 70' lang='lat' dir='ltr'><strong>pra:-</strong></span> 
     </span>
    </p>
   </div>
   <div class='ocr_carea' id='block_1_97' title="bbox 115 5186 1706 5268">
    <p class='ocr_par' dir='ltr' id='par_1_97' title="bbox 115 5186 1706 5268">
     <span class='ocr_line' id='line_1_97' title="bbox 115 5186 1706 5268; baseline 0.013 -29"><span class='ocrx_word' id='word_1_730' title='bbox 115 5186 203 5240; x_wconf 82' lang='lat' dir='ltr'><strong>mia</strong></span> <span class='ocrx_word' id='word_1_731' title='bbox 229 5192 644 5259; x_wconf 80' lang='lat' dir='ltr'><strong>promittenda,</strong></span> <span class='ocrx_word' id='word_1_732' title='bbox 677 5202 738 5248; x_wconf 93' lang='lat' dir='ltr'><strong>ut</strong></span> <span class='ocrx_word' id='word_1_733' title='bbox 776 5195 920 5264; x_wconf 90' lang='lat' dir='ltr'><strong>quod</strong></span> <span class='ocrx_word' id='word_1_734' title='bbox 959 5196 1051 5252; x_wconf 92' lang='lat' dir='ltr'><strong>ille</strong></span> <span class='ocrx_word' id='word_1_735' title='bbox 1087 5201 1347 5258; x_wconf 88' lang='lat' dir='ltr'><strong>mentitus</strong></span> <span class='ocrx_word' id='word_1_736' title='bbox 1377 5211 1480 5268; x_wconf 91' lang='lat' dir='ltr'><strong>est,</strong></span> <span class='ocrx_word' id='word_1_737' title='bbox 1513 5213 1706 5260; x_wconf 87' lang='lat' dir='ltr'><strong>contra</strong></span> 
     </span>
    </p>
   </div>
   <div class='ocr_carea' id='block_1_98' title="bbox 115 5275 1706 5364">
    <p class='ocr_par' dir='ltr' id='par_1_98' title="bbox 115 5275 1706 5364">
     <span class='ocr_line' id='line_1_98' title="bbox 115 5275 1706 5364; baseline 0.01 -28"><span class='ocrx_word' id='word_1_738' title='bbox 115 5275 334 5346; x_wconf 66' lang='lat' dir='ltr'><strong>Apostoli</strong></span> <span class='ocrx_word' id='word_1_739' title='bbox 365 5285 750 5354; x_wconf 62' lang='lat' dir='ltr'><strong>pradicarent</strong></span> <span class='ocrx_word' id='word_1_740' title='bbox 777 5300 842 5341; x_wconf 86' lang='lat' dir='ltr'><strong>ex</strong></span> <span class='ocrx_word' id='word_1_741' title='bbox 873 5303 1002 5346; x_wconf 78' lang='lat' dir='ltr'><strong>vero</strong></span> <span class='ocrx_word' id='word_1_742' title='bbox 1036 5293 1332 5348; x_wconf 84' lang='lat' dir='ltr'><strong>secundum</strong></span> <span class='ocrx_word' id='word_1_743' title='bbox 1359 5295 1706 5364; x_wconf 87' lang='lat' dir='ltr'><strong>sponsionem</strong></span> 
     </span>
    </p>
   </div>
   <div class='ocr_carea' id='block_1_99' title="bbox 116 5367 1710 5457">
    <p class='ocr_par' dir='ltr' id='par_1_99' title="bbox 116 5367 1710 5457">
     <span class='ocr_line' id='line_1_99' title="bbox 116 5367 1710 5457; baseline 0.012 -30"><span class='ocrx_word' id='word_1_744' title='bbox 116 5367 210 5435; x_wconf 76' lang='lat' dir='ltr'><strong>Dei,</strong></span> <span class='ocrx_word' id='word_1_745' title='bbox 259 5378 416 5447; x_wconf 85' lang='lat' dir='ltr'><strong>quod</strong></span> <span class='ocrx_word' id='word_1_746' title='bbox 456 5379 679 5452; x_wconf 72' lang='lat' dir='ltr'><strong>angelis</strong></span> <span class='ocrx_word' id='word_1_747' title='bbox 727 5382 932 5439; x_wconf 84' lang='lat' dir='ltr'><strong>similes</strong></span> <span class='ocrx_word' id='word_1_748' title='bbox 962 5383 1127 5440; x_wconf 88' lang='lat' dir='ltr'><strong>futuri</strong></span> <span class='ocrx_word' id='word_1_749' title='bbox 1171 5402 1378 5444; x_wconf 89' lang='lat' dir='ltr'><strong>sumus.</strong></span> <span class='ocrx_word' id='word_1_750' title='bbox 1433 5388 1710 5457; x_wconf 87' lang='lat' dir='ltr'><strong>Quatenus</strong></span> 
     </span>
    </p>
   </div>
   <div class='ocr_carea' id='block_1_100' title="bbox 116 5463 1708 5554">
    <p class='ocr_par' dir='ltr' id='par_1_100' title="bbox 116 5463 1708 5554">
     <span class='ocr_line' id='line_1_100' title="bbox 116 5463 1708 5554; baseline 0.018 -38"><span class='ocrx_word' id='word_1_751' title='bbox 116 5463 488 5533; x_wconf 78' lang='lat' dir='ltr'><strong>hujuscemodi</strong></span> <span class='ocrx_word' id='word_1_752' title='bbox 539 5475 846 5544; x_wconf 89' lang='lat' dir='ltr'><strong>prudentia,</strong></span> <span class='ocrx_word' id='word_1_753' title='bbox 902 5481 1081 5536; x_wconf 87' lang='lat' dir='ltr'><strong>verbis</strong></span> <span class='ocrx_word' id='word_1_754' title='bbox 1122 5491 1177 5536; x_wconf 90' lang='lat' dir='ltr'><strong>et</strong></span> <span class='ocrx_word' id='word_1_755' title='bbox 1225 5485 1708 5554; x_wconf 81' lang='lat' dir='ltr'><strong>promissionibus,</strong></span> 
     </span>
    </p>
   </div>
   <div class='ocr_carea' id='block_1_101' title="bbox 112 5562 1715 5648">
    <p class='ocr_par' dir='ltr' id='par_1_101' title="bbox 112 5562 1715 5648">
     <span class='ocr_line' id='line_1_101' title="bbox 112 5562 1715 5648; baseline 0.013 -33"><span class='ocrx_word' id='word_1_756' title='bbox 112 5562 448 5620; x_wconf 67' lang='lat' dir='ltr'><strong>saevientium</strong></span> <span class='ocrx_word' id='word_1_757' title='bbox 510 5578 739 5634; x_wconf 83' lang='lat' dir='ltr'><strong>mentes,</strong></span> <span class='ocrx_word' id='word_1_758' title='bbox 791 5579 845 5624; x_wconf 88' lang='lat' dir='ltr'><strong>et</strong></span> <span class='ocrx_word' id='word_1_759' title='bbox 892 5570 1139 5642; x_wconf 89' lang='lat' dir='ltr'><strong>luporum</strong></span> <span class='ocrx_word' id='word_1_760' title='bbox 1175 5576 1382 5632; x_wconf 89' lang='lat' dir='ltr'><strong>rabiem</strong></span> <span class='ocrx_word' id='word_1_761' title='bbox 1439 5580 1715 5648; x_wconf 83' lang='lat' dir='ltr'><strong>protrahe-</strong></span> 
     </span>
    </p>
   </div>
   <div class='ocr_carea' id='block_1_102' title="bbox 115 5656 1709 5742">
    <p class='ocr_par' dir='ltr' id='par_1_102' title="bbox 115 5656 1709 5742">
     <span class='ocr_line' id='line_1_102' title="bbox 115 5656 1709 5742; baseline 0.013 -36"><span class='ocrx_word' id='word_1_762' title='bbox 115 5663 220 5708; x_wconf 78' lang='lat' dir='ltr'><strong>reut</strong></span> <span class='ocrx_word' id='word_1_763' title='bbox 243 5656 313 5710; x_wconf 87' lang='lat' dir='ltr'><strong>ad</strong></span> <span class='ocrx_word' id='word_1_764' title='bbox 339 5658 549 5713; x_wconf 77' lang='lat' dir='ltr'><strong>ﬁdem.</strong></span> <span class='ocrx_word' id='word_1_765' title='bbox 574 5658 678 5717; x_wconf 86' lang='lat' dir='ltr'><strong>Sed</strong></span> <span class='ocrx_word' id='word_1_766' title='bbox 704 5663 832 5732; x_wconf 90' lang='lat' dir='ltr'><strong>quid</strong></span> <span class='ocrx_word' id='word_1_767' title='bbox 859 5665 1053 5719; x_wconf 88' lang='lat' dir='ltr'><strong>horum</strong></span> <span class='ocrx_word' id='word_1_768' title='bbox 1081 5667 1252 5738; x_wconf 88' lang='lat' dir='ltr'><strong>magis</strong></span> <span class='ocrx_word' id='word_1_769' title='bbox 1277 5678 1544 5740; x_wconf 86' lang='lat' dir='ltr'><strong>congruat</strong></span> <span class='ocrx_word' id='word_1_770' title='bbox 1568 5686 1709 5742; x_wconf 75' lang='lat' dir='ltr'><strong>prae-</strong></span> 
     </span>
    </p>
   </div>
   <div class='ocr_carea' id='block_1_103' title="bbox 111 5748 1713 5826">
    <p class='ocr_par' dir='ltr' id='par_1_103' title="bbox 111 5748 1713 5826">
     <span class='ocr_line' id='line_1_103' title="bbox 111 5748 1713 5826; baseline 0.011 -25"><span class='ocrx_word' id='word_1_771' title='bbox 111 5755 255 5812; x_wconf 68' lang='lat' dir='ltr'><strong>cepto</strong></span> <span class='ocrx_word' id='word_1_772' title='bbox 285 5748 633 5815; x_wconf 79' lang='lat' dir='ltr'><strong>Salvatoris,</strong></span> <span class='ocrx_word' id='word_1_773' title='bbox 659 5755 898 5823; x_wconf 88' lang='lat' dir='ltr'><strong>prudens</strong></span> <span class='ocrx_word' id='word_1_774' title='bbox 940 5756 1111 5813; x_wconf 89' lang='lat' dir='ltr'><strong>lector</strong></span> <span class='ocrx_word' id='word_1_775' title='bbox 1152 5759 1364 5826; x_wconf 85' lang='lat' dir='ltr'><strong>videat;</strong></span> <span class='ocrx_word' id='word_1_776' title='bbox 1399 5763 1523 5817; x_wconf 89' lang='lat' dir='ltr'><strong>dum</strong></span> <span class='ocrx_word' id='word_1_777' title='bbox 1564 5763 1713 5818; x_wconf 85' lang='lat' dir='ltr'><strong>virus</strong></span> 
     </span>
    </p>
   </div>
   <div class='ocr_carea' id='block_1_104' title="bbox 114 5841 1714 5917">
    <p class='ocr_par' dir='ltr' id='par_1_104' title="bbox 114 5841 1714 5917">
     <span class='ocr_line' id='line_1_104' title="bbox 114 5841 1714 5917; baseline 0.013 -24"><span class='ocrx_word' id='word_1_778' title='bbox 114 5844 290 5896; x_wconf 63' lang='lat' dir='ltr'><strong>veneni</strong></span> <span class='ocrx_word' id='word_1_779' title='bbox 324 5841 547 5914; x_wconf 80' lang='lat' dir='ltr'><strong>fugiat,</strong></span> <span class='ocrx_word' id='word_1_780' title='bbox 575 5853 625 5898; x_wconf 81' lang='lat' dir='ltr'><strong>et</strong></span> <span class='ocrx_word' id='word_1_781' title='bbox 653 5847 1054 5917; x_wconf 83' lang='lat' dir='ltr'><strong>simplicitatem</strong></span> <span class='ocrx_word' id='word_1_782' title='bbox 1098 5853 1360 5911; x_wconf 82' lang='lat' dir='ltr'><strong>columbae</strong></span> <span class='ocrx_word' id='word_1_783' title='bbox 1406 5871 1512 5913; x_wconf 85' lang='lat' dir='ltr'><strong>non</strong></span> <span class='ocrx_word' id='word_1_784' title='bbox 1553 5857 1714 5912; x_wconf 82' lang='lat' dir='ltr'><strong>amit-</strong></span> 
     </span>
    </p>
   </div>
   <div class='ocr_carea' id='block_1_105' title="bbox 1683 5998 1733 6011">
    <p class='ocr_par' dir='ltr' id='par_1_105' title="bbox 1683 5998 1733 6011">
     <span class='ocr_line' id='line_1_105' title="bbox 1683 5998 1733 6011; baseline 0 0"><span class='ocrx_word' id='word_1_785' title='bbox 1683 5998 1733 6011; x_wconf 58' lang='grc' dir='ltr'><strong>νη-</strong></span> 
     </span>
    </p>
   </div>
   <div class='ocr_carea' id='block_1_106' title="bbox 1805 4723 3399 4803">
    <p class='ocr_par' dir='ltr' id='par_1_106' title="bbox 1805 4723 3399 4803">
     <span class='ocr_line' id='line_1_106' title="bbox 1805 4723 3399 4803; baseline -0.009 -14"><span class='ocrx_word' id='word_1_786' title='bbox 1805 4733 2054 4789; x_wconf 87' lang='lat' dir='ltr'><strong>Christus</strong></span> <span class='ocrx_word' id='word_1_787' title='bbox 2079 4748 2200 4803; x_wconf 73' lang='lat' dir='ltr'><strong>quae</strong></span> <span class='ocrx_word' id='word_1_788' title='bbox 2225 4737 2455 4786; x_wconf 89' lang='lat' dir='ltr'><strong>ventura</strong></span> <span class='ocrx_word' id='word_1_789' title='bbox 2485 4737 2642 4784; x_wconf 91' lang='lat' dir='ltr'><strong>erant</strong></span> <span class='ocrx_word' id='word_1_790' title='bbox 2669 4726 2912 4798; x_wconf 69' lang='lat' dir='ltr'><strong>prtedicit</strong></span> <span class='ocrx_word' id='word_1_791' title='bbox 2937 4723 3250 4795; x_wconf 89' lang='lat' dir='ltr'><strong>discipulis;</strong></span> <span class='ocrx_word' id='word_1_792' title='bbox 3289 4733 3399 4776; x_wconf 79' lang='lat' dir='ltr'><strong>non</strong></span> 
     </span>
    </p>
   </div>
   <div class='ocr_carea' id='block_1_107' title="bbox 1808 4813 3401 4889">
    <p class='ocr_par' dir='ltr' id='par_1_107' title="bbox 1808 4813 3401 4889">
     <span class='ocr_line' id='line_1_107' title="bbox 1808 4813 3401 4889; baseline -0.009 -8"><span class='ocrx_word' id='word_1_793' title='bbox 1808 4836 1866 4881; x_wconf 90' lang='lat' dir='ltr'><strong>ut</strong></span> <span class='ocrx_word' id='word_1_794' title='bbox 1907 4826 2220 4889; x_wconf 91' lang='lat' dir='ltr'><strong>deterreat,</strong></span> <span class='ocrx_word' id='word_1_795' title='bbox 2269 4823 2363 4877; x_wconf 92' lang='lat' dir='ltr'><strong>sed</strong></span> <span class='ocrx_word' id='word_1_796' title='bbox 2404 4829 2464 4876; x_wconf 92' lang='lat' dir='ltr'><strong>ut</strong></span> <span class='ocrx_word' id='word_1_797' title='bbox 2501 4821 2755 4883; x_wconf 90' lang='lat' dir='ltr'><strong>instruat,</strong></span> <span class='ocrx_word' id='word_1_798' title='bbox 2784 4825 3051 4888; x_wconf 89' lang='lat' dir='ltr'><strong>quatenus</strong></span> <span class='ocrx_word' id='word_1_799' title='bbox 3098 4813 3401 4886; x_wconf 85' lang='lat' dir='ltr'><strong>paratiores</strong></span> 
     </span>
    </p>
   </div>
   <div class='ocr_carea' id='block_1_108' title="bbox 1810 4908 3402 4988">
    <p class='ocr_par' dir='ltr' id='par_1_108' title="bbox 1810 4908 3402 4988">
     <span class='ocr_line' id='line_1_108' title="bbox 1810 4908 3402 4988; baseline -0.01 -14"><span class='ocrx_word' id='word_1_800' title='bbox 1810 4919 1919 4975; x_wconf 86' lang='lat' dir='ltr'><strong>sint</strong></span> <span class='ocrx_word' id='word_1_801' title='bbox 1946 4932 2044 4988; x_wconf 90' lang='lat' dir='ltr'><strong>pro</strong></span> <span class='ocrx_word' id='word_1_802' title='bbox 2066 4930 2154 4980; x_wconf 88' lang='lat' dir='ltr'><strong>eo,</strong></span> <span class='ocrx_word' id='word_1_803' title='bbox 2181 4914 2248 4970; x_wconf 88' lang='lat' dir='ltr'><strong>ad</strong></span> <span class='ocrx_word' id='word_1_804' title='bbox 2273 4913 2454 4968; x_wconf 91' lang='lat' dir='ltr'><strong>omnia</strong></span> <span class='ocrx_word' id='word_1_805' title='bbox 2498 4910 2833 4967; x_wconf 91' lang='lat' dir='ltr'><strong>sustinenda.</strong></span> <span class='ocrx_word' id='word_1_806' title='bbox 2867 4909 3022 4963; x_wconf 89' lang='lat' dir='ltr'><strong>Unde</strong></span> <span class='ocrx_word' id='word_1_807' title='bbox 3051 4908 3249 4962; x_wconf 88' lang='lat' dir='ltr'><strong>Paulus</strong></span> <span class='ocrx_word' id='word_1_808' title='bbox 3273 4920 3402 4975; x_wconf 89' lang='lat' dir='ltr'><strong>apo-</strong></span> 
     </span>
    </p>
   </div>
   <div class='ocr_carea' id='block_1_109' title="bbox 1812 4996 3402 5068">
    <p class='ocr_par' dir='ltr' id='par_1_109' title="bbox 1812 4996 3402 5068">
     <span class='ocr_line' id='line_1_109' title="bbox 1812 4996 3402 5068; baseline -0.009 -4"><span class='ocrx_word' id='word_1_809' title='bbox 1812 5009 1983 5065; x_wconf 90' lang='lat' dir='ltr'><strong>stolus</strong></span> <span class='ocrx_word' id='word_1_810' title='bbox 2011 5023 2134 5062; x_wconf 92' lang='lat' dir='ltr'><strong>cum</strong></span> <span class='ocrx_word' id='word_1_811' title='bbox 2162 5013 2309 5061; x_wconf 91' lang='lat' dir='ltr'><strong>esset</strong></span> <span class='ocrx_word' id='word_1_812' title='bbox 2334 5005 2389 5059; x_wconf 91' lang='lat' dir='ltr'><strong>in</strong></span> <span class='ocrx_word' id='word_1_813' title='bbox 2417 5003 2650 5059; x_wconf 88' lang='lat' dir='ltr'><strong>vinculis</strong></span> <span class='ocrx_word' id='word_1_814' title='bbox 2679 5020 2692 5055; x_wconf 89' lang='lat'><strong>:</strong></span> <span class='ocrx_word' id='word_1_815' title='bbox 2725 4999 2792 5055; x_wconf 83' lang='lat' dir='ltr'><strong>In</strong></span> <span class='ocrx_word' id='word_1_816' title='bbox 2821 5003 2943 5066; x_wconf 80' lang='lat' dir='ltr'><strong>hoc,</strong></span> <span class='ocrx_word' id='word_1_817' title='bbox 2994 4998 3209 5068; x_wconf 91' lang='lat' dir='ltr'><strong>inquit,</strong></span> <span class='ocrx_word' id='word_1_818' title='bbox 3245 4996 3402 5066; x_wconf 81' lang='lat' dir='ltr'><strong>positi</strong></span> 
     </span>
    </p>
   </div>
   <div class='ocr_carea' id='block_1_110' title="bbox 1810 5086 3406 5176">
    <p class='ocr_par' dir='ltr' id='par_1_110' title="bbox 1810 5086 3406 5176">
     <span class='ocr_line' id='line_1_110' title="bbox 1810 5086 3406 5176; baseline -0.012 -15"><span class='ocrx_word' id='word_1_819' title='bbox 1810 5121 1992 5161; x_wconf 84' lang='lat' dir='ltr'><strong>sumus</strong></span> <span class='ocrx_word' id='word_1_820' title='bbox 2015 5101 2069 5176; x_wconf 89' lang='grc' dir='ltr'><strong>(Ι</strong></span> <span class='ocrx_word' id='word_1_821' title='bbox 2094 5100 2272 5156; x_wconf 79' lang='lat' dir='ltr'><strong>Thess.</strong></span> <span class='ocrx_word' id='word_1_822' title='bbox 2303 5116 2388 5166; x_wconf 91' lang='grc' dir='ltr'>ιιι,</span> <span class='ocrx_word' id='word_1_823' title='bbox 2422 5097 2499 5168; x_wconf 75' lang='grc' dir='ltr'><strong>ὅ),</strong></span> <span class='ocrx_word' id='word_1_824' title='bbox 2543 5096 2599 5152; x_wconf 91' lang='lat' dir='ltr'><strong>id</strong></span> <span class='ocrx_word' id='word_1_825' title='bbox 2628 5105 2732 5165; x_wconf 89' lang='lat' dir='ltr'><strong>est,</strong></span> <span class='ocrx_word' id='word_1_826' title='bbox 2755 5102 2815 5148; x_wconf 92' lang='lat' dir='ltr'><strong>ut</strong></span> <span class='ocrx_word' id='word_1_827' title='bbox 2841 5092 3114 5165; x_wconf 82' lang='lat' dir='ltr'><strong>patiamur</strong></span> <span class='ocrx_word' id='word_1_828' title='bbox 3142 5097 3198 5143; x_wconf 88' lang='lat' dir='ltr'><strong>et</strong></span> <span class='ocrx_word' id='word_1_829' title='bbox 3242 5086 3406 5143; x_wconf 62' lang='lat' dir='ltr'><strong>susti«</strong></span> 
     </span>
    </p>
   </div>
   <div class='ocr_carea' id='block_1_111' title="bbox 1813 5189 3380 5268">
    <p class='ocr_par' dir='ltr' id='par_1_111' title="bbox 1813 5189 3380 5268">
     <span class='ocr_line' id='line_1_111' title="bbox 1813 5189 3380 5268; baseline -0.013 -11"><span class='ocrx_word' id='word_1_830' title='bbox 1813 5215 2036 5258; x_wconf 85' lang='lat' dir='ltr'><strong>neamus</strong></span> <span class='ocrx_word' id='word_1_831' title='bbox 2058 5213 2178 5268; x_wconf 64' lang='lat' dir='ltr'><strong>quae</strong></span> <span class='ocrx_word' id='word_1_832' title='bbox 2202 5195 2510 5251; x_wconf 89' lang='lat' dir='ltr'><strong>inferuntur</strong></span> <span class='ocrx_word' id='word_1_833' title='bbox 2530 5190 2705 5248; x_wconf 92' lang='lat' dir='ltr'><strong>nobis.</strong></span> <span class='ocrx_word' id='word_1_834' title='bbox 2728 5189 2971 5257; x_wconf 87' lang='lat' dir='ltr'><strong>Quatuor</strong></span> <span class='ocrx_word' id='word_1_835' title='bbox 2992 5196 3228 5253; x_wconf 85' lang='lat' dir='ltr'><strong>namque</strong></span> <span class='ocrx_word' id='word_1_836' title='bbox 3246 5195 3380 5238; x_wconf 81' lang='lat' dir='ltr'><strong>eran</strong></span> 
     </span>
    </p>
   </div>
   <div class='ocr_carea' id='block_1_112' title="bbox 1812 5273 3409 5367">
    <p class='ocr_par' dir='ltr' id='par_1_112' title="bbox 1812 5273 3409 5367">
     <span class='ocr_line' id='line_1_112' title="bbox 1812 5273 3409 5367; baseline -0.014 -16"><span class='ocrx_word' id='word_1_837' title='bbox 1812 5311 1931 5367; x_wconf 83' lang='lat' dir='ltr'><strong>quae</strong></span> <span class='ocrx_word' id='word_1_838' title='bbox 1983 5299 2206 5363; x_wconf 90' lang='lat' dir='ltr'><strong>possent</strong></span> <span class='ocrx_word' id='word_1_839' title='bbox 2252 5288 2522 5360; x_wconf 87' lang='lat' dir='ltr'><strong>apostolos</strong></span> <span class='ocrx_word' id='word_1_840' title='bbox 2568 5296 2919 5355; x_wconf 87' lang='lat' dir='ltr'><strong>permovere;</strong></span> <span class='ocrx_word' id='word_1_841' title='bbox 2971 5292 3092 5348; x_wconf 71' lang='lat' dir='ltr'><strong>qua:</strong></span> <span class='ocrx_word' id='word_1_842' title='bbox 3143 5275 3234 5330; x_wconf 90' lang='lat' dir='ltr'><strong>hic</strong></span> <span class='ocrx_word' id='word_1_843' title='bbox 3283 5273 3409 5367; x_wconf 69' lang='lat' dir='ltr'><strong>ideo</strong></span> 
     </span>
    </p>
   </div>
   <div class='ocr_carea' id='block_1_113' title="bbox 1813 5366 3408 5461">
    <p class='ocr_par' dir='ltr' id='par_1_113' title="bbox 1813 5366 3408 5461">
     <span class='ocr_line' id='line_1_113' title="bbox 1813 5366 3408 5461; baseline -0.016 -16"><span class='ocrx_word' id='word_1_844' title='bbox 1813 5366 2205 5461; x_wconf 72' lang='lat' dir='ltr'><strong>praenotantur,</strong></span> <span class='ocrx_word' id='word_1_845' title='bbox 2249 5397 2317 5438; x_wconf 92' lang='lat' dir='ltr'><strong>ne</strong></span> <span class='ocrx_word' id='word_1_846' title='bbox 2354 5382 2531 5437; x_wconf 88' lang='lat' dir='ltr'><strong>subito</strong></span> <span class='ocrx_word' id='word_1_847' title='bbox 2574 5377 2894 5450; x_wconf 60' lang='lat' dir='ltr'><strong>praeriperet</strong></span> <span class='ocrx_word' id='word_1_848' title='bbox 2934 5387 3028 5427; x_wconf 83' lang='lat' dir='ltr'><strong>eos</strong></span> <span class='ocrx_word' id='word_1_849' title='bbox 3067 5369 3232 5427; x_wconf 80' lang='lat' dir='ltr'><strong>tacita</strong></span> <span class='ocrx_word' id='word_1_850' title='bbox 3259 5366 3408 5437; x_wconf 85' lang='lat' dir='ltr'><strong>cogi-</strong></span> 
     </span>
    </p>
   </div>
   <div class='ocr_carea' id='block_1_114' title="bbox 1819 5462 3408 5554">
    <p class='ocr_par' dir='ltr' id='par_1_114' title="bbox 1819 5462 3408 5554">
     <span class='ocr_line' id='line_1_114' title="bbox 1819 5462 3408 5554; baseline -0.013 -15"><span class='ocrx_word' id='word_1_851' title='bbox 1819 5484 1952 5539; x_wconf 90' lang='lat' dir='ltr'><strong>tatio</strong></span> <span class='ocrx_word' id='word_1_852' title='bbox 1969 5522 1985 5549; x_wconf 93' lang='lat'><strong>,</strong></span> <span class='ocrx_word' id='word_1_853' title='bbox 2015 5482 2160 5554; x_wconf 90' lang='lat' dir='ltr'><strong>quod</strong></span> <span class='ocrx_word' id='word_1_854' title='bbox 2181 5478 2431 5534; x_wconf 87' lang='lat' dir='ltr'><strong>homines</strong></span> <span class='ocrx_word' id='word_1_855' title='bbox 2453 5473 2726 5544; x_wconf 87' lang='lat' dir='ltr'><strong>simplices</strong></span> <span class='ocrx_word' id='word_1_856' title='bbox 2746 5479 2804 5526; x_wconf 87' lang='lat' dir='ltr'><strong>et</strong></span> <span class='ocrx_word' id='word_1_857' title='bbox 2821 5467 3024 5524; x_wconf 86' lang='lat' dir='ltr'><strong>indocti</strong></span> <span class='ocrx_word' id='word_1_858' title='bbox 3041 5466 3096 5521; x_wconf 88' lang='lat' dir='ltr'><strong>in</strong></span> <span class='ocrx_word' id='word_1_859' title='bbox 3118 5462 3408 5521; x_wconf 64' lang='lat' dir='ltr'><strong>stultitia.</strong></span> 
     </span>
    </p>
   </div>
   <div class='ocr_carea' id='block_1_115' title="bbox 1819 5557 3410 5641">
    <p class='ocr_par' dir='ltr' id='par_1_115' title="bbox 1819 5557 3410 5641">
     <span class='ocr_line' id='line_1_115' title="bbox 1819 5557 3410 5641; baseline -0.014 -6"><span class='ocrx_word' id='word_1_860' title='bbox 1819 5581 2186 5641; x_wconf 88' lang='lat' dir='ltr'><strong>ducerentur;</strong></span> <span class='ocrx_word' id='word_1_861' title='bbox 2240 5583 2294 5629; x_wconf 87' lang='lat' dir='ltr'><strong>et</strong></span> <span class='ocrx_word' id='word_1_862' title='bbox 2325 5575 2445 5629; x_wconf 90' lang='lat' dir='ltr'><strong>ideo</strong></span> <span class='ocrx_word' id='word_1_863' title='bbox 2491 5571 2606 5624; x_wconf 90' lang='lat' dir='ltr'><strong>ait:</strong></span> <span class='ocrx_word' id='word_1_864' title='bbox 2637 5566 2867 5622; x_wconf 72' lang='lat' dir='ltr'><strong>Tudent</strong></span> <span class='ocrx_word' id='word_1_865' title='bbox 2906 5563 3042 5618; x_wconf 69' lang='lat' dir='ltr'><strong>enim</strong></span> <span class='ocrx_word' id='word_1_866' title='bbox 3097 5576 3204 5616; x_wconf 81' lang='lat' dir='ltr'><strong>uos.</strong></span> <span class='ocrx_word' id='word_1_867' title='bbox 3249 5557 3410 5626; x_wconf 69' lang='lat' dir='ltr'><strong>Quod</strong></span> 
     </span>
    </p>
   </div>
   <div class='ocr_carea' id='block_1_116' title="bbox 1818 5654 3412 5742">
    <p class='ocr_par' dir='ltr' id='par_1_116' title="bbox 1818 5654 3412 5742">
     <span class='ocr_line' id='line_1_116' title="bbox 1818 5654 3412 5742; baseline -0.013 -16"><span class='ocrx_word' id='word_1_868' title='bbox 1818 5671 2035 5742; x_wconf 84' lang='lat' dir='ltr'><strong>fragiles</strong></span> <span class='ocrx_word' id='word_1_869' title='bbox 2068 5678 2123 5724; x_wconf 91' lang='lat' dir='ltr'><strong>et</strong></span> <span class='ocrx_word' id='word_1_870' title='bbox 2161 5666 2459 5724; x_wconf 86' lang='lat' dir='ltr'><strong>imbecilles</strong></span> <span class='ocrx_word' id='word_1_871' title='bbox 2493 5664 2720 5728; x_wconf 84' lang='lat' dir='ltr'><strong>viribus,</strong></span> <span class='ocrx_word' id='word_1_872' title='bbox 2769 5675 2838 5716; x_wconf 86' lang='lat' dir='ltr'><strong>ne</strong></span> <span class='ocrx_word' id='word_1_873' title='bbox 2876 5659 3022 5716; x_wconf 75' lang='lat' dir='ltr'><strong>forte</strong></span> <span class='ocrx_word' id='word_1_874' title='bbox 3058 5654 3223 5712; x_wconf 80' lang='lat' dir='ltr'><strong>corde</strong></span> <span class='ocrx_word' id='word_1_875' title='bbox 3249 5667 3412 5724; x_wconf 87' lang='lat' dir='ltr'><strong>pave—</strong></span> 
     </span>
    </p>
   </div>
   <div class='ocr_carea' id='block_1_117' title="bbox 1819 5747 3412 5836">
    <p class='ocr_par' dir='ltr' id='par_1_117' title="bbox 1819 5747 3412 5836">
     <span class='ocr_line' id='line_1_117' title="bbox 1819 5747 3412 5836; baseline -0.013 -17"><span class='ocrx_word' id='word_1_876' title='bbox 1819 5775 1941 5819; x_wconf 90' lang='lat' dir='ltr'><strong>rent</strong></span> <span class='ocrx_word' id='word_1_877' title='bbox 1971 5781 1984 5818; x_wconf 89' lang='lat'><strong>:</strong></span> <span class='ocrx_word' id='word_1_878' title='bbox 2016 5764 2081 5818; x_wconf 83' lang='lat' dir='ltr'><strong>In</strong></span> <span class='ocrx_word' id='word_1_879' title='bbox 2132 5765 2409 5836; x_wconf 77' lang='lat' dir='ltr'><strong>synagogis</strong></span> <span class='ocrx_word' id='word_1_880' title='bbox 2439 5764 2548 5815; x_wconf 79' lang='lat' dir='ltr'><strong>suis</strong></span> <span class='ocrx_word' id='word_1_881' title='bbox 2579 5759 2920 5831; x_wconf 70' lang='lat' dir='ltr'><strong>ﬂagellabant</strong></span> <span class='ocrx_word' id='word_1_882' title='bbox 2943 5771 3053 5809; x_wconf 85' lang='lat' dir='ltr'><strong>vos.</strong></span> <span class='ocrx_word' id='word_1_883' title='bbox 3082 5751 3237 5820; x_wconf 82' lang='lat' dir='ltr'><strong>Quod</strong></span> <span class='ocrx_word' id='word_1_884' title='bbox 3279 5747 3412 5801; x_wconf 78' lang='lat' dir='ltr'><strong>viles</strong></span> 
     </span>
    </p>
   </div>
   <div class='ocr_carea' id='block_1_118' title="bbox 1818 5842 3416 5932">
    <p class='ocr_par' dir='ltr' id='par_1_118' title="bbox 1818 5842 3416 5932">
     <span class='ocr_line' id='line_1_118' title="bbox 1818 5842 3416 5932; baseline 0.003 -18"><span class='ocrx_word' id='word_1_885' title='bbox 1818 5869 1871 5914; x_wconf 88' lang='lat' dir='ltr'><strong>et</strong></span> <span class='ocrx_word' id='word_1_886' title='bbox 1901 5861 2163 5916; x_wconf 86' lang='lat' dir='ltr'><strong>rusticani</strong></span> <span class='ocrx_word' id='word_1_887' title='bbox 2196 5876 2380 5918; x_wconf 84' lang='lat' dir='ltr'><strong>coram</strong></span> <span class='ocrx_word' id='word_1_888' title='bbox 2411 5861 2880 5932; x_wconf 65' lang='lat' dir='ltr'><strong>regibusstareut,</strong></span> <span class='ocrx_word' id='word_1_889' title='bbox 2914 5867 2973 5915; x_wconf 89' lang='lat' dir='ltr'><strong>ut</strong></span> <span class='ocrx_word' id='word_1_890' title='bbox 2991 5857 3107 5929; x_wconf 54' lang='lat' dir='ltr'><strong>ait;</strong></span> <span class='ocrx_word' id='word_1_891' title='bbox 3135 5851 3217 5912; x_wconf 66' lang='lat' dir='ltr'><strong>Ad</strong></span> <span class='ocrx_word' id='word_1_892' title='bbox 3247 5842 3416 5922; x_wconf 70' lang='grc' dir='ltr'><strong>ωε</strong></span> 
     </span>
    </p>
   </div>
  </div>
