4004 6362
568 356 672 412 425

1385 355 1842 413 S.~PASCHASJI
1876 355 2227 414 RADBERTI
2264 354 2558 412 ABBATIS
2591 354 3043 413 CORBEIENSIS

3748 357 3856 414 424

570 485 713 541 reges
761 479 808 524 et
850 468 1098 540 praesides
1137 469 1420 524 ducemini.
1473 469 1627 538 Quod
1676 470 2050 542 ineloquentes
2103 479 2160 528 et
2186 474 2240 535 Α
2263 478 2556 542 sequentur
2591 470 2891 526 audientes.
2952 469 3155 527 Omnes
3203 485 3326 527 cum
3379 471 3514 529 dicit
3538 512 3554 538 ,
3601 486 3712 528 non
3761 489 3859 531 eos

571 559 774 626 idiota,
802 568 863 615 ut
892 560 966 615 ita
993 559 1166 614 fatear
1191 599 1207 625 ,
1243 559 1518 630 disputare
1548 561 1806 617 deberent
1845 561 1912 618 de
1940 562 2160 618 Christo

571 657 628 704 et
666 649 733 705 de
759 649 880 722 lege
906 663 972 704 ac
1002 648 1317 721 prophetis,
1369 649 1421 704 in
1472 649 1670 721 quibus
1723 651 1906 707 omnia
1947 653 2025 724 de
2071 652 2164 708 illo

571 738 1091 811 praenuntiabantur.
1136 738 1343 795 Idcirco
1373 741 1632 796 continuo
1657 742 1734 797 ait
1759 758 1773 795 :
1816 740 1996 797 Nolite
2017 743 2163 813 cogi-

571 840 685 884 tare
707 830 966 901 quomodo
993 831 1238 903 anquiri
1265 830 1574 903 loquamini.
1595 831 1751 891 Unde
1761 833 1960 890 Paulus
1975 835 2166 890 doctor

573 922 860 995 egregius:
901 921 1026 979 Veni
1051 922 1123 978 ad
1156 941 1278 991 vos,
1307 925 1515 998 inquit,
1557 928 1777 998 fratres,
1809 945 1913 984 non
1938 929 1992 984 in
2038 928 2165 983 emi-

573 1015 753 1071 nentia
798 1017 1056 1071 sermonis
1083 1057 1097 1083 ,
1130 1026 1222 1072 aut
1251 1017 1305 1072 in
1327 1019 1757 1088 persuasibilibus
1785 1021 2028 1074 humana:
2071 1036 2161 1073 sa-

570 1107 784 1178 pientia:
809 1108 996 1172 verbis,
1035 1110 1356 1164 annuntians
1381 1111 1524 1166 vobis
1555 1112 1906 1166 testimonium
1931 1111 2049 1175 Dei,
2074 1111 2164 1166 sed

574 1197 630 1252 in
653 1199 948 1254 ostensione
973 1197 1225 1270 Spiritus,
1245 1202 1534 1271 signorum,
1563 1211 1611 1256 et
1635 1202 1864 1257 veritatis
1888 1201 1938 1272 (I
1951 1199 2075 1256 Cor.
2103 1218 2163 1268 ιι,

574 1289 653 1361 4).
684 1290 871 1362 Itaque
899 1291 1138 1346 insinuat
1159 1291 1303 1362 quod
1327 1291 1438 1347 Deo
1462 1301 1636 1348 totum
1677 1293 1918 1349 tribuere
1970 1294 2166 1349 debea-

575 1399 716 1449 mus,
752 1399 853 1438 nec
882 1382 1099 1438 aliunde
1128 1398 1228 1440 nos
1269 1384 1470 1440 habere
1499 1384 1817 1450 credamus,
1856 1384 1961 1440 nisi
1996 1385 2064 1440 ab
2101 1401 2166 1441 eo

581 1474 636 1530 in
667 1475 821 1547 cujus
845 1489 1007 1529 manu
1037 1489 1135 1529 nos
1180 1481 1242 1542 et_
1282 1489 1562 1530 sermones
1597 1475 1771 1530 nostri
1803 1491 2006 1530 sumus.
2034 1473 2165 1529 Han:

576 1569 775 1635 omnia,
810 1568 1018 1639 inquit,
1044 1578 1255 1639 propter
1293 1584 1375 1622 me
1395 1608 1410 1633 ,
1438 1568 1497 1622 in
1523 1569 1876 1623 testimonium
1904 1567 2029 1622 illis.
2061 1567 2164 1623 Ubi

575 1663 748 1734 magis
786 1662 921 1717 ﬁdes
954 1661 1291 1733 imploranda
1319 1672 1423 1728 est,
1451 1677 1614 1733 quam
1647 1677 1842 1718 sensus
1878 1662 2163 1732 requiren-

576 1756 711 1822 dus;
740 1755 869 1826 quia
897 1756 1258 1826 quodcunque
1293 1756 1496 1811 sanctis
1522 1755 1969 1826 przedicatoribus
2014 1755 2162 1811 verbi

2265 562 2418 629 dicit,
2441 562 2534 634 qui
2557 563 2851 630 audierint,
2883 563 2980 620 sed
3005 577 3073 618 ex
3093 577 3160 620 eo
3178 578 3368 620 omnes
3385 604 3400 632 ,
3423 564 3518 636 qui
3539 578 3608 621 ex
3635 577 3864 623 contra-

2264 654 2347 711 rio
2371 656 2802 713 adversaverint.
3279 675 3283 679 ·

2337 747 2442 814 Qui
2468 750 2873 818 perseveraverit
2894 766 3057 822 usque
3088 751 3145 806 in
3182 751 3362 821 ﬁnem,
3389 750 3473 806 hic
3510 753 3692 808 salvus
3736 755 3859 810 erit.

2267 837 2384 893 Non
2408 839 2500 909 qui
2529 841 2958 910 perseveraverit
2985 840 3130 907 odio,
3155 851 3249 896 aut
3282 841 3335 896 in
3365 843 3740 913 cujuscunque
3783 844 3864 900 rei

2265 930 2501 1002 negotio,
2529 930 2584 986 in
2612 932 2876 987 tradendo
2904 933 3116 989 scilicet
3142 933 3369 989 fratrem
3396 943 3488 989 aut
3530 934 3726 1002 ﬁlium,
3768 937 3862 992 sed

2265 1019 2359 1090 qui
2383 1022 2819 1091 perseveraverit
2840 1021 2895 1076 in
2918 1021 3025 1078 ﬁde
3045 1023 3281 1079 nominis
3301 1022 3526 1088 Christi,
3558 1025 3705 1094 quod
3729 1024 3864 1080 Mar-

2267 1123 2362 1167 cus
2390 1110 2731 1168 manifestius
2752 1113 2884 1168 dicit
2907 1112 3102 1185 (Harc.
3134 1130 3252 1180 χιιι,
3288 1113 3378 1180 15,
3417 1113 3525 1186 14).
3567 1113 3674 1180 Qui
3701 1119 3860 1170 susti-

2269 1202 2458 1266 nueril,
2487 1202 2540 1257 id
2567 1210 2671 1268 est,
2701 1203 2882 1259 omnia
2910 1204 3014 1260 sibi
3059 1205 3210 1260 illata
3260 1207 3457 1276 probra
3481 1247 3495 1271 ,
3527 1209 3864 1277 persecutio-

2267 1307 2383 1358 nes,
2411 1307 2532 1362 qute
2553 1293 2760 1348 sanctis
2791 1295 3122 1366 martyribus
3147 1297 3281 1352 satis
3310 1297 3633 1367 abundeque
3661 1297 3863 1353 inﬂicta

2269 1392 2414 1449 sunt,
2444 1383 2489 1438 si
2518 1383 2640 1452 quis
2665 1385 2986 1441 sustinuerit
3011 1387 3129 1442 inec
3154 1403 3322 1458 usque
3350 1389 3405 1442 in
3431 1389 3592 1444 ﬁnem
3615 1432 3630 1454 ,
3677 1389 3862 1445 salvus

2268 1472 2392 1528 erit.
2420 1472 2479 1527 In
2504 1472 2665 1528 ﬁnem
2688 1485 2870 1530 autem
2900 1476 3269 1548 intelligimus,
3299 1486 3390 1534 aut
3421 1494 3592 1549 usque
3618 1479 3674 1533 in
3700 1481 3861 1534 finem

2269 1573 2412 1630 γιιω,
2445 1573 2541 1618 aut
2579 1581 2752 1636 usque
2808 1567 2935 1622 dum
2983 1569 3252 1638 compleat
3291 1570 3686 1636 testimonium,
3725 1571 3866 1640 quod

2268 1664 2352 1712 est
2374 1657 2692 1728 martyrium
2717 1659 2986 1728 passionis
3010 1677 3025 1725 ;
3060 1660 3146 1715 vel
3187 1676 3469 1732 quousque
3496 1663 3564 1716 ad
3587 1661 3866 1717 Christum

2270 1754 2582 1824 perveniat,
2611 1755 2706 1825 qui
2734 1764 2820 1810 est
2849 1754 2973 1811 ﬁnis
3000 1757 3180 1811 omnis
3206 1757 3702 1812 consummationis
3726 1797 3742 1822 ,
3775 1772 3868 1826 per

572 1847 794 1903 evenire
838 1856 1046 1918 posset,
1076 1863 1182 1902 non
1213 1847 1428 1902 aliunde
1457 1855 1640 1918 posset
1663 1863 1827 1918 quam
1857 1848 1925 1903 ab
1968 1849 2085 1918 ipso
2112 1856 2168 1903 et
2195 1849 2242 1908 B
2269 1860 2428 1914 quem
2453 1844 2818 1916 apprehendat
2845 1847 3218 1917 unusquisque
3254 1860 3437 1902 veram
3464 1856 3520 1902 et
3546 1858 3866 1918 perpetuam

574 1937 628 1994 in
658 1939 776 2011 ipso
805 1956 837 1993 a
869 1955 979 2011 quo
1009 1939 1163 1994 missi
1187 1947 1362 1994 erant.
1396 1937 1549 2007 Quod
1578 1948 1761 1996 autem
1789 1942 1864 1994 ait
1889 1958 1902 1992 :
1927 1939 1996 1995 In
2018 1942 2164 1996 testi-

2272 1937 2458 1990 vitam.
2493 1935 2738 2002 Quatuor
2765 1937 2964 2007 quippe
3007 1938 3063 1992 in
3095 1938 3198 1994 hoc
3226 1937 3459 2010 capitulo
3482 1939 3870 1994 commendari.

574 2031 811 2086 monium
840 2030 970 2096 illis,
1001 2030 1289 2101 distinguit
1309 2029 1524 2087 Iudaeos
1561 2040 1618 2087 et
1654 2043 1843 2105 gentes
1866 2073 1881 2098 ,
1938 2033 2078 2087 sicut
2115 2041 2171 2087 et
2270 2036 2356 2082 tur
2376 2027 2566 2083 salutis
2589 2028 2879 2083 elementa.
2903 2027 3041 2095 Quia
3071 2029 3308 2100 primum
3335 2029 3634 2100 expellitur
3653 2044 3686 2084 a
3713 2027 3868 2084 nobis

575 2138 756 2194 supra,
795 2137 1029 2194 quorum
1059 2123 1114 2176 in
1157 2123 1526 2178 testimonium
1567 2124 1780 2179 venisse
1830 2123 1899 2177 ad
1947 2138 2041 2178 eos
2082 2122 2168 2177 di-

575 2213 718 2268 citur
748 2253 764 2278 ,
800 2220 861 2266 ut
897 2221 1081 2267 essent
1109 2211 1528 2268 inexcusabiles.
1569 2211 1723 2268 Sicut
1759 2212 2021 2268 Dominus
2051 2213 2164 2267 ait:

575 2304 639 2360 Si
663 2321 768 2360 non
794 2305 1045 2360 venissem
1066 2314 1114 2359 et
1135 2304 1340 2359 locutus
1369 2306 1442 2360 eis
1485 2322 1589 2360 non
1615 2305 1834 2374 fuissem
1856 2346 1872 2372 ,
1900 2314 2169 2375 peccatum

574 2415 680 2454 non
723 2399 970 2454 haberent
1013 2398 1194 2469 (Joan.
1227 2415 1316 2465 xv,
1345 2399 1462 2471 22).
1494 2399 1746 2469 Alioquin
1777 2407 1832 2455 et
1860 2407 1971 2453 tam
1999 2397 2170 2453 Judaei

571 2502 733 2559 quam
782 2497 840 2544 et
885 2496 1076 2560 gentes
1125 2488 1521 2558 quodammodo
1555 2489 1900 2546 excusabiles
1948 2495 2167 2554 essent,

571 2580 677 2634 nisi
703 2579 931 2650 apostoli
956 2587 1013 2634 et
1041 2577 1325 2649 apostolici
1354 2579 1459 2633 viri
1488 2580 1554 2634 ad
1583 2595 1676 2634 eos
1707 2579 2004 2634 venissent.
2023 2576 2168 2638 Nam

572 2669 724 2726 locus
750 2671 853 2726 iste
883 2686 992 2726 non
1021 2669 1195 2726 solum
1239 2669 1307 2724 de
1337 2668 1599 2740 apostolis
1631 2669 2017 2740 intelligendus
2044 2677 2127 2722 est
2152 2707 2167 2734 ,

573 2778 762 2818 verum
790 2763 954 2818 etiam
985 2770 1042 2818 et
1070 2762 1139 2818 de
1180 2762 1433 2818 omnibus
1460 2777 1632 2832 usque
1668 2763 1723 2817 in
1766 2761 1929 2817 ﬁnem
1985 2760 2168 2817 saeculi

570 2857 883 2912 doctoribus
915 2897 929 2921 ,
995 2856 1088 2926 qui
1149 2856 1361 2925 passuri
1417 2865 1542 2911 sunt
1598 2871 1782 2912 coram
1833 2856 2170 2926 principibus

569 2945 835 3013 gentium,
885 2954 981 3000 aut
1023 2945 1078 3000 in
1123 2931 1412 3017 s‘ynagogis
1441 2945 1768 3002 Judaeorum.
1815 2944 1948 3000 Cum
1991 2956 2169 3000 autem

571 3034 782 3106 tradent
823 3051 936 3100 ros,
986 3034 1090 3090 hoc
1128 3043 1229 3101 est,
1265 3036 1408 3105 quod
1450 3035 1664 3090 dixerat
1707 3036 1994 3106 superius:
2029 3035 2170 3101 Quia

573 3124 784 3178 tradent
832 3141 943 3190 vos,
987 3124 1146 3180 nolite
1194 3125 1426 3195 cogitare
1461 3125 1742 3196 quomodo,
1770 3126 1823 3182 id
1844 3134 1951 3191 est,
1985 3133 2166 3180 utrum

2273 2122 2552 2177 temeritas
2581 2122 2853 2190 elationis,
2886 2139 3012 2179 cum
3039 2124 3238 2180 dicitur
3263 2142 3276 2178 :
3312 2125 3418 2191 Qui
3436 2128 3864 2196 perseveraverit,

2269 2226 2340 2266 ne
2365 2211 2505 2268 ullus
2533 2213 2600 2268 de
2624 2214 2738 2268 suis
2763 2224 3059 2285 praesumat
3089 2216 3315 2272 viribus.
3354 2216 3559 2273 Deinde
3595 2234 3725 2274 cum
3755 2221 3868 2274 ait:

2273 2301 2465 2358 Salvus
2493 2305 2612 2371 erit,
2653 2319 2779 2376 spes
2801 2314 3090 2376 praestatur
3113 2347 3128 2373 ,
3157 2322 3480 2378 quacunque
3509 2317 3690 2364 morte
3737 2325 3870 2367 con-

2272 2406 2576 2454 summatus
2624 2397 2812 2455 fuerit.
2865 2398 3110 2456 Tertium
3149 2417 3274 2456 cum
3320 2401 3559 2458 dicitur:
3595 2403 3780 2474 Usque
3820 2407 3874 2459 in

2271 2492 2462 2562 ﬁnem,
2495 2493 2602 2548 duo
2648 2493 2812 2549 simul
2856 2495 3133 2562 ostendit,
3184 2495 3328 2564 quod
3371 2495 3551 2551 omnis
3593 2496 3875 2552 tribulatio

2272 2587 2436 2642 finem
2475 2587 2677 2644 habeat
2712 2629 2727 2655 ,
2779 2589 2874 2645 sed
2930 2590 3212 2659 prmmium
3248 2590 3377 2645 boni
3417 2590 3622 2647 laboris
3662 2592 3871 2648 nullum

2272 2679 2468 2734 habeat
2498 2678 2682 2732 ﬁnem.
2708 2679 2772 2734 Et
2803 2680 2927 2734 ideo
2951 2680 3006 2735 in
3037 2682 3144 2736 ﬁne
3168 2681 3390 2748 laboris,
3426 2682 3512 2737 vel
3553 2686 3875 2741 certaminis

2270 2767 2409 2824 bene
2444 2769 2650 2824 addidit
2677 2788 2689 2823 :
2730 2768 2920 2826 Salvus
2948 2774 3048 2827 erit
3072 2815 3085 2834 ,
3120 2782 3180 2827 ut
3209 2773 3480 2844 intelligas
3502 2774 3556 2829 in
3581 2784 3871 2840 aeternum,

2273 2860 2328 2915 in
2359 2877 2467 2931 quo
2495 2862 2619 2916 linis
2650 2863 2830 2918 nullus
2857 2865 2982 2919 erit.
3022 2865 3277 2935 Alioquin
3316 2865 3554 2921 ﬁnienda
3586 2882 3874 2923 commen-

2273 2953 2494 3008 daretur
2515 2954 2792 3010 aeternitas
2817 2955 2873 3010 in
2893 2969 2959 3010 eo
2980 2955 3124 3024 quod
3145 2956 3222 3010 ait
3246 2973 3258 3009 :
3288 2956 3482 3012 Salvus
3508 2959 3628 3022 erit,
3655 2958 3706 3014 si
3732 2968 3877 3014 esset

2272 3051 2328 3098 et
2355 3043 2591 3098 ﬁnienda
2617 3044 2764 3101 salus
2790 3046 2931 3101 sicut
2970 3046 3157 3102 ﬁnitur
3191 3049 3564 3120 temporaliter
3590 3062 3873 3108 certamen

2274 3147 2480 3205 agonts.

572 3213 836 3269 facundus
882 3215 954 3269 sit
999 3230 1180 3271 sermo
1210 3225 1266 3270 et
1323 3214 1657 3283 luculentus,
1710 3225 1805 3272 aut
1853 3217 2080 3288 simplex
2113 3225 2168 3272 et
2195 3215 2241 3280 C
2345 3227 2477 3284 Cum
2506 3233 2762 3300 penem,“
2790 3249 2878 3288 υο,
2901 3233 3098 3304 fuerim
3126 3235 3185 3289 ίη
3213 3252 3322 3290 una
3349 3237 3556 3292 είυξεαιε
3581 3279 3596 3303 ,
3627 3239 3800 3310 fugi“
3823 3243 3874 3295 ,η

572 3307 961 3378 incompositus
1001 3326 1014 3362 :
1066 3307 1160 3362 Vel
1192 3307 1317 3380 quid
1341 3307 1666 3379 loquamini,
1713 3309 1768 3365 id
1801 3318 1916 3376 est,
1966 3311 2033 3366 de
2060 3325 2167 3380 qua

571 3419 632 3460 re
663 3422 679 3458 :
711 3412 922 3460 tantum
950 3413 1010 3459 ut
1028 3405 1096 3460 de
1113 3405 1447 3460 conscientia
1469 3405 1614 3460 bona
1639 3413 1724 3460 est
1752 3405 1857 3460 ﬁde
1883 3421 1993 3460 non
2019 3403 2166 3472 ﬁcta,

571 3495 648 3550 ita
686 3503 746 3550 ut
799 3495 1088 3568 prudentia
1135 3511 1233 3551 vos
1283 3495 1592 3567 praecedat,
1631 3504 1686 3552 et
1714 3495 2033 3566 simplicitas
2070 3511 2165 3552 co-

572 3587 771 3646 lumbae
798 3605 906 3646 non
934 3590 1177 3663 effugiat.
1207 3591 1345 3659 Quia
1378 3592 1435 3647 in
1463 3592 1550 3648 his
1576 3592 1789 3648 duobus
1830 3591 2013 3648 verbis
2063 3591 2170 3646 Do-

571 3680 752 3736 minus
789 3687 844 3736 et
888 3680 1143 3752 Magister
1190 3682 1329 3737 miro
1367 3683 1528 3738 modo
1584 3697 1839 3755 magnam
1884 3682 2168 3738 brevitatis

573 3771 855 3842 discipulis
883 3774 1213 3844 praeparavit
1261 3775 1585 3841 materiem,
1635 3773 1976 3830 custodiendi
2021 3788 2169 3844 quae-

573 3882 788 3938 cunque
819 3869 1102 3924 denuntiat
1131 3869 1265 3924 dura
1293 3877 1349 3924 et
1386 3884 1581 3940 aspera
1622 3869 1982 3939 perferenda;
2030 3882 2168 3938 quo-

576 3955 722 4010 niam
747 3955 896 4012 intus
914 3965 1035 4012 erat
1056 3957 1291 4028 Spiritus
1311 3965 1554 4023 sanctus,
1569 3956 1662 4027 qui
1685 3957 1909 4012 docebat
1933 3956 2170 4027 singulos

573 4045 641 4102 de
669 4046 924 4103 omnibus
953 4065 966 4103 :
996 4046 1226 4103 Dabitur
1253 4049 1410 4112 enim,
1435 4047 1632 4117 inquit,
1660 4046 1800 4101 vobis
1823 4047 1876 4100 in
1900 4044 1992 4098 illa
2014 4046 2167 4110 liora,

575 4138 630 4194 id
664 4148 770 4207 est,
793 4155 919 4195 cum
938 4155 1121 4196 coram
1153 4140 1375 4211 regibus
1403 4149 1500 4194 aut
1539 4137 1594 4194 in
1625 4139 1932 4210 synagogis,
1965 4136 2051 4192 vel
2079 4135 2172 4193 ubi

575 4239 632 4288 et
654 4232 745 4286 ubi
779 4231 1101 4303 interrogati
1132 4230 1365 4286 fueritis.
1397 4229 1524 4286 Vult
1545 4229 1691 4286 enim
1722 4239 1782 4284 ut
1813 4245 1910 4285 cor
1931 4229 2170 4285 doctoris

574 4323 811 4393 pendeat
853 4322 910 4378 in
950 4321 1120 4377 Deum
1145 4362 1161 4389 ,
1194 4333 1249 4378 et
1281 4324 1347 4378 ad
1378 4321 1606 4390 gloriam
1639 4322 1734 4378 Dei
1763 4336 1832 4377 ex
1873 4321 2026 4377 donis
2055 4320 2170 4391 ejus

575 4427 832 4488 operetur
862 4424 954 4471 aut
977 4415 1232 4487 loquatur
1251 4416 1305 4470 in
1325 4416 1557 4473 cunctis.
1593 4414 1786 4470 Tradet
1811 4423 1984 4468 autem
2006 4415 2173 4485 frater

577 4499 796 4569 fratrem
840 4505 895 4559 in
930 4516 1169 4573 mortem,
1201 4515 1250 4560 et
1277 4516 1426 4577 pater
1472 4505 1662 4576 ﬁlium.
1688 4503 1954 4572 Quoniam
1993 4503 2172 4560 nullus

577 4602 662 4650 est
684 4596 822 4651 fidus
845 4596 1072 4654 affectus
1092 4599 1298 4666 carnis,
1327 4599 1419 4654 ubi
1446 4599 1659 4654 diversa
1690 4605 1774 4653 est
1804 4597 1958 4652 fides.
1990 4597 2168 4668 Exag-
2197 4594 2248 4654 D

576 4696 734 4759 gerat
767 4687 949 4759 itaque
978 4689 1032 4744 in
1085 4699 1329 4761 tempore
1370 4687 1765 4760 persecutionis
1811 4687 1979 4760 499
2019 4702 2169 4759 pres.

576 4795 829 4836 surarum
862 4783 1160 4851 angustias,
1207 4783 1334 4836 dum
1380 4781 1613 4836 inamllo
1653 4781 1756 4835 nisi
1797 4781 1850 4834 in
1894 4780 2010 4835 solo
2059 4781 2169 4836 Deo

576 4885 702 4943 spes
732 4871 1054 4943 relinquitur
1085 4890 1098 4926 :
1131 4872 1261 4927 dum
1285 4872 1448 4927 etiam
1477 4872 1582 4943 ipsi
1611 4871 1708 4926 lilii
1729 4887 1953 4943 surgere
1982 4871 2170 4926 dicun-

579 4975 669 5020 tur
703 4967 756 5022 in
786 4975 1061 5038 parentes.
1096 4966 1166 5022 Et
1213 4966 1302 5022 hic
1352 4973 1436 5020 est
1487 4965 1700 5036 gladius
1753 4965 1904 5020 verbi
1959 4964 2167 5029 divini,

577 5075 742 5130 quem
768 5061 921 5119 venit
945 5059 1106 5117 Jesus
1134 5059 1350 5116 mittere
1377 5059 1430 5114 in
1457 5069 1678 5125 terram,
1710 5067 1770 5112 ut
1798 5057 2017 5112 dirimat
2046 5057 2169 5113 reli-

578 5152 796 5225 gionem
841 5153 966 5210 ﬁdei
1019 5153 1087 5210 ab
1132 5153 1282 5209 omni
1324 5167 1510 5208 amore
1543 5150 1758 5217 carnis,
1809 5158 1876 5227 et.
1909 5150 2169 5221 pietatem

577 5246 808 5317 proximi
837 5262 867 5302 a
903 5248 1103 5317 pietate
1131 5247 1334 5303 divina.

651 5361 722 5416 Et
742 5361 1143 5432 eritis,inquit,
1183 5360 1303 5416 odio
1347 5359 1585 5414 omnibus
1621 5355 1916 5411 hominibus
1961 5363 2168 5425 propter

580 5469 768 5510 nomen
813 5471 1005 5512 meum.
1063 5452 1272 5512 Nomen
1305 5462 1486 5527 autem
1523 5451 1619 5506 Dei
1670 5465 1926 5521 magnum
1967 5456 2053 5504 est
2114 5457 2167 5505 et

580 5545 870 5604 ineﬁ'abile.
921 5547 1031 5602 Sed
1081 5555 1168 5605 est
1209 5562 1410 5604 nomen
1461 5543 1579 5615 ejus
1603 5584 1618 5611 ,
1653 5558 1720 5598 ex
1752 5557 1860 5612 quo
1898 5540 2165 5598 scandali-

567 5651 778 5698 zantur
805 5642 1047 5714 plurimi,
1073 5658 1185 5713 quo
1226 5641 1598 5714 insigniuntur
1633 5651 1824 5694 omnes
1858 5635 2168 5708 quicunque

577 5745 730 5792 recte
757 5734 1014 5792 invocant
1052 5749 1249 5791 nomen
1288 5733 1540 5799 Domini;
1583 5732 1726 5788 unde
1771 5739 1828 5788 et
1868 5729 2172 5788 Christiani

579 5842 856 5886 vocamur.
889 5826 1046 5895 Quod
1069 5839 1202 5882 sane
1229 5839 1450 5894 nomen,
1485 5823 1612 5895 quia
1639 5823 1694 5882 in
1714 5824 1868 5883 vobis
1891 5823 2018 5892 erit,
2046 5839 2166 5895 per-

2269 3324 2452 3379 aliam.
2487 3323 2623 3390 Quia
2651 3326 2898 3382 dixerat:
2942 3327 3111 3383 Erilis
3141 3329 3262 3383 odio
3294 3330 3534 3384 omnibus
3571 3331 3874 3387 hominibus

2267 3430 2479 3491 propter
2491 3436 2678 3475 nomen
2693 3437 2955 3488 meum,ac
2967 3423 3010 3477 si
3027 3423 3443 3492 cogitationibus
3454 3440 3644 3480 eorum
3657 3442 3878 3497 respon-

2269 3513 2399 3568 dere
2425 3513 2640 3568 videtur
2659 3515 2786 3584 quid
2799 3514 3055 3586 deinceps
3073 3517 3188 3571 ﬁeri
3206 3525 3501 3586 oporteret.
3517 3515 3675 3584 Quod
3691 3529 3872 3575 autem

2270 3606 2451 3660 dixit:
2485 3605 2554 3660 In
2585 3608 2794 3662 civitate
2832 3609 2952 3673 ista,
2991 3624 3098 3664 non
3141 3610 3565 3666 demonstrative
3594 3612 3760 3678 dixit,
3781 3615 3875 3668 sed

2269 3700 2336 3755 de
2361 3699 2608 3769 qualibet
2631 3701 2708 3755 ait
2729 3701 2949 3756 civitate
2970 3700 3132 3772 500
3153 3703 3207 3758 in
3227 3719 3333 3774 qua
3355 3705 3664 3775 persecutio
3688 3704 3875 3767 fuerit,

2273 3803 2334 3848 ut
2361 3801 2492 3864 puta
2515 3794 2560 3849 si
2573 3793 2993 3870 .Hierosolymis,
3017 3794 3245 3850 Romam
3287 3796 3478 3868 fugite,
3521 3797 3666 3854 sicut
3697 3813 3879 3870 popu-

2272 3885 2382 3939 lum
2407 3885 2601 3941 fecisse
2625 3885 2856 3957 legimus
2880 3886 3048 3941 etiam
3069 3895 3126 3942 et
3141 3887 3204 3942 de
3222 3887 3493 3944 Damasco
3516 3887 3603 3960 (Il
3622 3887 3749 3944 Cor.
3772 3892 3875 3961 xi).

2271 3977 2407 4032 Nam
2449 3977 2570 4034 ideo
2593 3977 2781 4050 fugam
2808 3979 3087 4050 praecepit,
3121 3979 3207 4034 vel
3245 3981 3532 4046 concessit,
3562 3997 3637 4038 ne
3663 3994 3764 4038 aut
3789 3985 3874 4038 in-

2273 4068 2462 4124 ﬁrmus
2489 4084 2597 4124 non
2625 4070 2857 4127 haberet
2884 4070 3062 4128 locum
3098 4071 3404 4142 respirandi
3435 4073 3490 4127 in
3521 4073 3874 4132 confessione

2273 4160 2500 4228 Christi,
2533 4164 2578 4218 si
2605 4164 2786 4220 minus
2811 4165 3036 4236 quilibet
3065 4167 3243 4222 adhuc
3267 4182 3328 4223 se
3347 4167 3561 4224 videret
3590 4169 3873 4233 idoneum,

2272 4264 2328 4310 et
2377 4256 2660 4313 temeritas
2723 4257 3150 4327 periclitaretur,
3203 4268 3260 4315 et
3309 4275 3379 4315 ne
3428 4268 3523 4314 aut
3562 4260 3879 4332 importune

2273 4348 2538 4421 martyrio
2557 4349 3121 4405 occumberetmiristi
3144 4360 3435 4423 antequam
3461 4353 3715 4408 militiam
3737 4371 3880 4424 prae-

2275 4443 2566 4499 dicationis
2589 4459 2699 4499 suae
2724 4458 2823 4514 pro
2846 4444 3020 4499 salute
3049 4460 3257 4511 eorum,
3287 4447 3382 4516 qui
3403 4447 3663 4502 credituri
3692 4458 3877 4512 erant,

2277 4537 2498 4609 indigne
2522 4537 2872 4607 expenderet.
2906 4536 3146 4594 Stultum
3187 4553 3316 4610 ergo
3345 4547 3428 4595 est
3468 4541 3522 4595 in
3551 4541 3697 4596 bello
3726 4542 3878 4596 niili—
3952 4521 3965 4538 ’

2275 4642 2381 4688 tem
2424 4632 2577 4702 prius
2623 4647 2682 4688 se
2710 4633 2871 4688 morti
2898 4630 3113 4698 oﬁ'erre,
3158 4649 3320 4703 quam
3347 4633 3583 4705 aliquem
3617 4635 3881 4690 adversa-

2275 4722 2481 4776 riorum
2507 4721 2622 4778 suis
2645 4730 2960 4793 prosternat
2993 4723 3200 4788 armis;
3240 4723 3350 4780 imo
3386 4723 3610 4794 expedit
3630 4734 3691 4780 ut
3722 4723 3882 4782 festi-

2273 4822 2400 4880 net,
2441 4823 2732 4885 antequam
2764 4815 2947 4881 cadat,
2984 4815 3167 4885 plures
3200 4825 3579 4885 prosternere;
3611 4817 3882 4888 deinceps

2273 4906 2437 4974 ctiam
2479 4906 2524 4960 si
2569 4906 2860 4974 contigerit
2887 4907 2956 4962 ad
2989 4906 3092 4964 alia
3128 4921 3186 4963 se
3224 4907 3431 4963 servari
3477 4908 3713 4980 gaudeat
3753 4927 3768 4962 :
3801 4909 3883 4962 ita

2274 5007 2328 5055 et
2376 4999 2430 5052 in
2472 4999 2574 5054 hac
2618 4998 2809 5053 militia
2837 4997 3042 5054 Christi
3089 4999 3168 5055 sic
3219 5001 3513 5070 quaerenda
3559 5007 3644 5056 est
3690 5000 3882 5071 palma

2258 5090 2546 5171 imartyrii,
2579 5098 2637 5144 ut
2671 5105 2778 5144 non
2821 5091 3056 5163 refugiat
3096 5091 3218 5162 quis
3266 5107 3368 5163 pro
3418 5091 3595 5148 salute
3636 5091 3882 5148 aliorum

2277 5182 2511 5239 tolerare
2551 5182 2832 5254 dispendia
2856 5183 2973 5249 sui,
3008 5185 3210 5256 diuque
3251 5179 3402 5241 ferre
3433 5198 3637 5255 agones
3658 5186 3881 5254 proprii

2274 5276 2497 5332 laboris.
2543 5275 2813 5332 Caeterum
2847 5276 2939 5331 alii
2974 5276 3120 5334 hunc
3154 5277 3331 5333 locum
3369 5276 3684 5348 expressius
3711 5275 3885 5332 intel-

2275 5365 2508 5438 ligentes
2537 5364 2755 5430 dixere,
2799 5365 2944 5436 quod
2970 5366 3026 5421 in
3057 5366 3160 5422 ista
3205 5365 3427 5423 civitate
3465 5380 3590 5420 cum
3621 5365 3736 5431 ait,
3785 5365 3882 5421 Je-

2278 5454 2512 5512 rusalem
2546 5455 2780 5511 voluerit
2823 5455 3111 5513 ostendere
3134 5498 3148 5523 ,
3193 5457 3348 5527 quasi
3394 5456 3741 5529 metropolim
3779 5455 3885 5512 Ju-

2276 5547 2536 5613 daeorum,
2574 5563 2642 5604 ne
2673 5549 2824 5618 prius
2853 5547 2997 5603 irent
3035 5548 3102 5604 ad
3145 5546 3448 5604 Samariam
3478 5559 3534 5605 et
3558 5550 3626 5606 ad
3653 5561 3887 5621 gentes,

2275 5654 2440 5711 quam
2488 5639 2542 5695 in
2585 5655 2650 5696 ea
2683 5640 2988 5712 persecutio
3013 5651 3339 5698 moveretur.
3372 5639 3526 5708 Quod
3553 5652 3610 5697 et
3638 5644 3888 5713 primiti-

2276 5745 2398 5786 vam
2428 5731 2724 5786 Ecclesiam
2756 5731 2857 5786 sub
2881 5731 3104 5789 Claudio
3141 5733 3462 5788 observasse
3510 5733 3764 5805 legimus.
3817 5736 3886 5790 Ut

2276 5822 2347 5880 sit
2373 5824 2509 5882 ordo
2529 5861 2546 5893 ,
2575 5837 2699 5880 cum
2723 5824 2996 5893 persecuti
3021 5839 3116 5881 vos
3140 5823 3340 5882 fuerint
3373 5825 3426 5881 in
3459 5824 3884 5891 Hierosolymis,
