  <div class='ocr_page' id='page_1' title='image "/cluster/home/n/w/nwhite01/storage/ocr_20150623/120/hvd.32044015466923/218.png"; bbox 0 0 4004 6362; ppageno 0'>
   <div class='ocr_carea' id='block_1_1' title="bbox 127 331 212 387">
    <p class='ocr_par' dir='ltr' id='par_1_1' title="bbox 127 331 212 387">
     <span class='ocr_line' id='line_1_1' title="bbox 127 331 212 387; baseline -0.035 0"><span class='ocrx_word' id='word_1_1' title='bbox 127 331 212 387; x_wconf 63' lang='lat'><strong>‘25</strong></span> 
     </span>
    </p>
   </div>
   <div class='ocr_carea' id='block_1_2' title="bbox 928 317 2566 385">
    <p class='ocr_par' dir='ltr' id='par_1_2' title="bbox 928 317 2566 385">
     <span class='ocr_line' id='line_1_2' title="bbox 928 317 2566 385; baseline -0.007 -4"><span class='ocrx_word' id='word_1_2' title='bbox 928 325 1286 382; x_wconf 80' lang='lat' dir='ltr'><strong>EXI’OSITIO</strong></span> <span class='ocrx_word' id='word_1_3' title='bbox 1328 325 1390 380; x_wconf 72' lang='lat' dir='ltr'><strong>IN</strong></span> <span class='ocrx_word' id='word_1_4' title='bbox 1433 320 1868 378; x_wconf 60' lang='grc' dir='ltr'><strong>ΜᾹΤΤΗΛΞΓΜ.</strong></span> <span class='ocrx_word' id='word_1_5' title='bbox 1906 351 1976 359; x_wconf 89' lang='lat'><strong>——-</strong></span> <span class='ocrx_word' id='word_1_6' title='bbox 2018 319 2139 374; x_wconf 79' lang='lat' dir='ltr'><strong>LIB.</strong></span> <span class='ocrx_word' id='word_1_7' title='bbox 2187 318 2270 385; x_wconf 81' lang='lat' dir='ltr'><strong>VI,</strong></span> <span class='ocrx_word' id='word_1_8' title='bbox 2307 318 2455 374; x_wconf 68' lang='lat' dir='ltr'><strong>CAP.</strong></span> <span class='ocrx_word' id='word_1_9' title='bbox 2503 317 2566 372; x_wconf 73' lang='grc' dir='ltr'><strong>Χ.</strong></span> 
     </span>
    </p>
   </div>
   <div class='ocr_carea' id='block_1_3' title="bbox 3265 312 3368 365">
    <p class='ocr_par' dir='ltr' id='par_1_3' title="bbox 3265 312 3368 365">
     <span class='ocr_line' id='line_1_3' title="bbox 3265 312 3368 365; baseline -0.01 0"><span class='ocrx_word' id='word_1_10' title='bbox 3265 312 3368 365; x_wconf 65' lang='grc'><strong>4⁸26</strong></span> 
     </span>
    </p>
   </div>
   <div class='ocr_carea' id='block_1_4' title="bbox 131 427 3370 513">
    <p class='ocr_par' dir='ltr' id='par_1_4' title="bbox 131 427 3370 513">
     <span class='ocr_line' id='line_1_4' title="bbox 131 427 3370 513; baseline -0.006 -11"><span class='ocrx_word' id='word_1_11' title='bbox 131 459 238 502; x_wconf 85' lang='lat' dir='ltr'><strong>tunc</strong></span> <span class='ocrx_word' id='word_1_12' title='bbox 258 442 468 513; x_wconf 77' lang='lat' dir='ltr'><strong>expulsi</strong></span> <span class='ocrx_word' id='word_1_13' title='bbox 490 441 558 497; x_wconf 88' lang='lat' dir='ltr'><strong>de</strong></span> <span class='ocrx_word' id='word_1_14' title='bbox 575 440 815 504; x_wconf 87' lang='lat' dir='ltr'><strong>civitate,</strong></span> <span class='ocrx_word' id='word_1_15' title='bbox 840 437 1005 507; x_wconf 88' lang='lat' dir='ltr'><strong>fugite</strong></span> <span class='ocrx_word' id='word_1_16' title='bbox 1025 437 1256 506; x_wconf 87' lang='lat' dir='ltr'><strong>primum</strong></span> <span class='ocrx_word' id='word_1_17' title='bbox 1283 435 1347 489; x_wconf 83' lang='lat' dir='ltr'><strong>ad</strong></span> <span class='ocrx_word' id='word_1_18' title='bbox 1375 433 1697 496; x_wconf 82' lang='lat' dir='ltr'><strong>Samariam,</strong></span> <span class='ocrx_word' id='word_1_19' title='bbox 1729 435 1776 494; x_wconf 77' lang='grc' dir='ltr'><strong>Α</strong></span> <span class='ocrx_word' id='word_1_20' title='bbox 1802 441 2069 494; x_wconf 84' lang='lat' dir='ltr'><strong>eorum,et</strong></span> <span class='ocrx_word' id='word_1_21' title='bbox 2089 431 2142 484; x_wconf 83' lang='lat' dir='ltr'><strong>in</strong></span> <span class='ocrx_word' id='word_1_22' title='bbox 2167 431 2295 498; x_wconf 73' lang='lat' dir='ltr'><strong>fines</strong></span> <span class='ocrx_word' id='word_1_23' title='bbox 2318 430 2456 484; x_wconf 83' lang='lat' dir='ltr'><strong>orbis</strong></span> <span class='ocrx_word' id='word_1_24' title='bbox 2476 439 2627 483; x_wconf 70' lang='lat' dir='ltr'><strong>terrm</strong></span> <span class='ocrx_word' id='word_1_25' title='bbox 2651 433 2798 482; x_wconf 75' lang='lat' dir='ltr'><strong>verba</strong></span> <span class='ocrx_word' id='word_1_26' title='bbox 2825 444 3001 480; x_wconf 80' lang='lat' dir='ltr'><strong>eorum</strong></span> <span class='ocrx_word' id='word_1_27' title='bbox 3020 427 3190 496; x_wconf 81' lang='lat' dir='ltr'><strong>(Psal.</strong></span> <span class='ocrx_word' id='word_1_28' title='bbox 3217 443 3370 491; x_wconf 85' lang='lat' dir='ltr'><strong>xvtu,</strong></span> 
     </span>
    </p>
   </div>
   <div class='ocr_carea' id='block_1_5' title="bbox 129 519 3374 610">
    <p class='ocr_par' dir='ltr' id='par_1_5' title="bbox 129 519 3374 610">
     <span class='ocr_line' id='line_1_5' title="bbox 129 519 3374 610; baseline -0.004 -22"><span class='ocrx_word' id='word_1_29' title='bbox 129 555 228 610; x_wconf 71' lang='lat' dir='ltr'><strong>qua:</strong></span> <span class='ocrx_word' id='word_1_30' title='bbox 253 537 412 606; x_wconf 87' lang='lat' dir='ltr'><strong>quasi</strong></span> <span class='ocrx_word' id='word_1_31' title='bbox 462 534 566 588; x_wconf 84' lang='lat' dir='ltr'><strong>alia</strong></span> <span class='ocrx_word' id='word_1_32' title='bbox 616 531 808 588; x_wconf 92' lang='lat' dir='ltr'><strong>civitas</strong></span> <span class='ocrx_word' id='word_1_33' title='bbox 848 530 1193 593; x_wconf 90' lang='lat' dir='ltr'><strong>nominatur,</strong></span> <span class='ocrx_word' id='word_1_34' title='bbox 1243 543 1340 598; x_wconf 92' lang='lat' dir='ltr'><strong>per</strong></span> <span class='ocrx_word' id='word_1_35' title='bbox 1381 541 1542 595; x_wconf 89' lang='lat' dir='ltr'><strong>quam</strong></span> <span class='ocrx_word' id='word_1_36' title='bbox 1587 535 1699 582; x_wconf 81' lang='lat' dir='ltr'><strong>tota</strong></span> <span class='ocrx_word' id='word_1_37' title='bbox 1800 521 1878 590; x_wconf 76' lang='grc'><strong>4).</strong></span> <span class='ocrx_word' id='word_1_38' title='bbox 1913 520 2185 575; x_wconf 81' lang='lat' dir='ltr'><strong>Moraliter</strong></span> <span class='ocrx_word' id='word_1_39' title='bbox 2228 536 2356 574; x_wconf 89' lang='lat' dir='ltr'><strong>vero</strong></span> <span class='ocrx_word' id='word_1_40' title='bbox 2387 522 2544 573; x_wconf 89' lang='lat' dir='ltr'><strong>datur</strong></span> <span class='ocrx_word' id='word_1_41' title='bbox 2572 519 2952 589; x_wconf 82' lang='lat' dir='ltr'><strong>intelligentia,</strong></span> <span class='ocrx_word' id='word_1_42' title='bbox 2985 520 3029 573; x_wconf 93' lang='lat' dir='ltr'><strong>si</strong></span> <span class='ocrx_word' id='word_1_43' title='bbox 3056 519 3250 588; x_wconf 79' lang='lat' dir='ltr'><strong>aliquis</strong></span> <span class='ocrx_word' id='word_1_44' title='bbox 3277 537 3374 575; x_wconf 84' lang='lat' dir='ltr'><strong>nos</strong></span> 
     </span>
    </p>
   </div>
   <div class='ocr_carea' id='block_1_6' title="bbox 129 617 1698 700">
    <p class='ocr_par' dir='ltr' id='par_1_6' title="bbox 129 617 1698 700">
     <span class='ocr_line' id='line_1_6' title="bbox 129 617 1698 700; baseline -0.01 -14"><span class='ocrx_word' id='word_1_45' title='bbox 129 629 381 700; x_wconf 78' lang='lat' dir='ltr'><strong>gentilitas</strong></span> <span class='ocrx_word' id='word_1_46' title='bbox 409 627 743 695; x_wconf 77' lang='lat' dir='ltr'><strong>designatur.</strong></span> <span class='ocrx_word' id='word_1_47' title='bbox 774 621 928 676; x_wconf 91' lang='lat' dir='ltr'><strong>Undc</strong></span> <span class='ocrx_word' id='word_1_48' title='bbox 957 622 1084 690; x_wconf 87' lang='lat' dir='ltr'><strong>quia</strong></span> <span class='ocrx_word' id='word_1_49' title='bbox 1113 621 1326 674; x_wconf 77' lang='lat' dir='ltr'><strong>dixerat</strong></span> <span class='ocrx_word' id='word_1_50' title='bbox 1356 621 1422 674; x_wconf 90' lang='lat' dir='ltr'><strong>ad</strong></span> <span class='ocrx_word' id='word_1_51' title='bbox 1453 617 1660 688; x_wconf 82' lang='lat' dir='ltr'><strong>tempus</strong></span> <span class='ocrx_word' id='word_1_52' title='bbox 1685 634 1698 670; x_wconf 87' lang='lat'><strong>:</strong></span> 
     </span>
    </p>
   </div>
   <div class='ocr_carea' id='block_1_7' title="bbox 132 706 1704 788">
    <p class='ocr_par' dir='ltr' id='par_1_7' title="bbox 132 706 1704 788">
     <span class='ocr_line' id='line_1_7' title="bbox 132 706 1704 788; baseline -0.012 -11"><span class='ocrx_word' id='word_1_53' title='bbox 132 723 176 777; x_wconf 93' lang='lat' dir='ltr'><strong>ln</strong></span> <span class='ocrx_word' id='word_1_54' title='bbox 199 721 336 774; x_wconf 87' lang='lat' dir='ltr'><strong>viam</strong></span> <span class='ocrx_word' id='word_1_55' title='bbox 375 717 624 788; x_wconf 88' lang='lat' dir='ltr'><strong>gentium</strong></span> <span class='ocrx_word' id='word_1_56' title='bbox 653 729 720 767; x_wconf 90' lang='lat' dir='ltr'><strong>ne</strong></span> <span class='ocrx_word' id='word_1_57' title='bbox 749 711 1011 774; x_wconf 89' lang='lat' dir='ltr'><strong>ahicritis,</strong></span> <span class='ocrx_word' id='word_1_58' title='bbox 1037 719 1093 764; x_wconf 90' lang='lat' dir='ltr'><strong>et</strong></span> <span class='ocrx_word' id='word_1_59' title='bbox 1136 710 1188 764; x_wconf 91' lang='lat' dir='ltr'><strong>in</strong></span> <span class='ocrx_word' id='word_1_60' title='bbox 1225 711 1470 763; x_wconf 88' lang='lat' dir='ltr'><strong>civitates</strong></span> <span class='ocrx_word' id='word_1_61' title='bbox 1513 706 1704 762; x_wconf 88' lang='lat' dir='ltr'><strong>Sama-</strong></span> 
     </span>
    </p>
   </div>
   <div class='ocr_carea' id='block_1_8' title="bbox 133 803 1708 870">
    <p class='ocr_par' dir='ltr' id='par_1_8' title="bbox 133 803 1708 870">
     <span class='ocr_line' id='line_1_8' title="bbox 133 803 1708 870; baseline -0.011 -1"><span class='ocrx_word' id='word_1_62' title='bbox 133 814 418 869; x_wconf 83' lang='lat' dir='ltr'><strong>ritanorum</strong></span> <span class='ocrx_word' id='word_1_63' title='bbox 450 822 518 862; x_wconf 92' lang='lat' dir='ltr'><strong>ne</strong></span> <span class='ocrx_word' id='word_1_64' title='bbox 544 805 900 867; x_wconf 87' lang='lat' dir='ltr'><strong>intraveritis,</strong></span> <span class='ocrx_word' id='word_1_65' title='bbox 926 803 1164 857; x_wconf 82' lang='lat' dir='ltr'><strong>insinuat</strong></span> <span class='ocrx_word' id='word_1_66' title='bbox 1187 815 1465 870; x_wconf 85' lang='lat' dir='ltr'><strong>quousque</strong></span> <span class='ocrx_word' id='word_1_67' title='bbox 1489 813 1708 854; x_wconf 82' lang='lat' dir='ltr'><strong>scrvan-</strong></span> 
     </span>
    </p>
   </div>
   <div class='ocr_carea' id='block_1_9' title="bbox 133 890 1705 969">
    <p class='ocr_par' dir='ltr' id='par_1_9' title="bbox 133 890 1705 969">
     <span class='ocr_line' id='line_1_9' title="bbox 133 890 1705 969; baseline -0.009 -11"><span class='ocrx_word' id='word_1_68' title='bbox 133 906 236 958; x_wconf 85' lang='lat' dir='ltr'><strong>dum</strong></span> <span class='ocrx_word' id='word_1_69' title='bbox 283 903 456 956; x_wconf 88' lang='lat' dir='ltr'><strong>fuerit</strong></span> <span class='ocrx_word' id='word_1_70' title='bbox 503 899 648 969; x_wconf 89' lang='lat' dir='ltr'><strong>quod</strong></span> <span class='ocrx_word' id='word_1_71' title='bbox 703 904 1058 967; x_wconf 73' lang='lat' dir='ltr'><strong>prmceperat.</strong></span> <span class='ocrx_word' id='word_1_72' title='bbox 1099 894 1263 960; x_wconf 85' lang='lat' dir='ltr'><strong>Quasi</strong></span> <span class='ocrx_word' id='word_1_73' title='bbox 1305 890 1705 948; x_wconf 89' lang='lat' dir='ltr'><strong>diceret:Cum</strong></span> 
     </span>
    </p>
   </div>
   <div class='ocr_carea' id='block_1_10' title="bbox 134 980 1708 1068">
    <p class='ocr_par' dir='ltr' id='par_1_10' title="bbox 134 980 1708 1068">
     <span class='ocr_line' id='line_1_10' title="bbox 134 980 1708 1068; baseline -0.01 -18"><span class='ocrx_word' id='word_1_74' title='bbox 134 994 420 1068; x_wconf 86' lang='lat' dir='ltr'><strong>persecutio</strong></span> <span class='ocrx_word' id='word_1_75' title='bbox 448 1006 546 1045; x_wconf 90' lang='lat' dir='ltr'><strong>vos</strong></span> <span class='ocrx_word' id='word_1_76' title='bbox 578 988 850 1058; x_wconf 82' lang='lat' dir='ltr'><strong>expulerit</strong></span> <span class='ocrx_word' id='word_1_77' title='bbox 885 1003 915 1040; x_wconf 92' lang='lat' dir='ltr'><strong>a</strong></span> <span class='ocrx_word' id='word_1_78' title='bbox 955 984 1137 1039; x_wconf 71' lang='lat' dir='ltr'><strong>Judzca</strong></span> <span class='ocrx_word' id='word_1_79' title='bbox 1159 1019 1174 1049; x_wconf 84' lang='lat'><strong>,</strong></span> <span class='ocrx_word' id='word_1_80' title='bbox 1206 984 1369 1054; x_wconf 91' lang='lat' dir='ltr'><strong>fugite</strong></span> <span class='ocrx_word' id='word_1_81' title='bbox 1407 983 1474 1038; x_wconf 90' lang='lat' dir='ltr'><strong>ad</strong></span> <span class='ocrx_word' id='word_1_82' title='bbox 1519 980 1708 1036; x_wconf 84' lang='lat' dir='ltr'><strong>Sama-</strong></span> 
     </span>
    </p>
   </div>
   <div class='ocr_carea' id='block_1_11' title="bbox 135 1074 1708 1152">
    <p class='ocr_par' dir='ltr' id='par_1_11' title="bbox 135 1074 1708 1152">
     <span class='ocr_line' id='line_1_11' title="bbox 135 1074 1708 1152; baseline -0.01 -9"><span class='ocrx_word' id='word_1_83' title='bbox 135 1090 272 1148; x_wconf 81' lang='lat' dir='ltr'><strong>riam,</strong></span> <span class='ocrx_word' id='word_1_84' title='bbox 300 1094 358 1140; x_wconf 88' lang='lat' dir='ltr'><strong>et</strong></span> <span class='ocrx_word' id='word_1_85' title='bbox 388 1080 744 1152; x_wconf 82' lang='lat' dir='ltr'><strong>Evangelium</strong></span> <span class='ocrx_word' id='word_1_86' title='bbox 780 1078 978 1148; x_wconf 87' lang='lat' dir='ltr'><strong>ubique</strong></span> <span class='ocrx_word' id='word_1_87' title='bbox 1009 1077 1062 1130; x_wconf 91' lang='lat' dir='ltr'><strong>in</strong></span> <span class='ocrx_word' id='word_1_88' title='bbox 1088 1075 1340 1130; x_wconf 91' lang='lat' dir='ltr'><strong>omnibus</strong></span> <span class='ocrx_word' id='word_1_89' title='bbox 1364 1074 1708 1144; x_wconf 68' lang='lat' dir='ltr'><strong>prwdicetur,</strong></span> 
     </span>
    </p>
   </div>
   <div class='ocr_carea' id='block_1_12' title="bbox 135 1161 1709 1242">
    <p class='ocr_par' dir='ltr' id='par_1_12' title="bbox 135 1161 1709 1242">
     <span class='ocr_line' id='line_1_12' title="bbox 135 1161 1709 1242; baseline -0.01 -9"><span class='ocrx_word' id='word_1_90' title='bbox 135 1187 178 1232; x_wconf 84' lang='lat' dir='ltr'><strong>et</strong></span> <span class='ocrx_word' id='word_1_91' title='bbox 211 1173 550 1242; x_wconf 83' lang='lat' dir='ltr'><strong>compleatur</strong></span> <span class='ocrx_word' id='word_1_92' title='bbox 592 1169 863 1238; x_wconf 81' lang='lat' dir='ltr'><strong>gentibus.</strong></span> <span class='ocrx_word' id='word_1_93' title='bbox 921 1167 1071 1223; x_wconf 87' lang='lat' dir='ltr'><strong>Unde</strong></span> <span class='ocrx_word' id='word_1_94' title='bbox 1118 1166 1378 1221; x_wconf 86' lang='lat' dir='ltr'><strong>Dominus</strong></span> <span class='ocrx_word' id='word_1_95' title='bbox 1430 1165 1557 1219; x_wconf 82' lang='lat' dir='ltr'><strong>alibi</strong></span> <span class='ocrx_word' id='word_1_96' title='bbox 1591 1182 1603 1218; x_wconf 90' lang='lat'><strong>:</strong></span> <span class='ocrx_word' id='word_1_97' title='bbox 1641 1161 1709 1218; x_wconf 83' lang='lat' dir='ltr'><strong>Et</strong></span> 
     </span>
    </p>
   </div>
   <div class='ocr_carea' id='block_1_13' title="bbox 134 1253 1752 1332">
    <p class='ocr_par' dir='ltr' id='par_1_13' title="bbox 134 1253 1752 1332">
     <span class='ocr_line' id='line_1_13' title="bbox 134 1253 1752 1332; baseline -0.011 -13"><span class='ocrx_word' id='word_1_98' title='bbox 134 1267 280 1329; x_wconf 86' lang='lat' dir='ltr'><strong>eritis,</strong></span> <span class='ocrx_word' id='word_1_99' title='bbox 315 1263 518 1332; x_wconf 90' lang='lat' dir='ltr'><strong>inquit,</strong></span> <span class='ocrx_word' id='word_1_100' title='bbox 561 1260 692 1312; x_wconf 87' lang='lat' dir='ltr'><strong>mihi</strong></span> <span class='ocrx_word' id='word_1_101' title='bbox 731 1267 880 1312; x_wconf 84' lang='lat' dir='ltr'><strong>testes</strong></span> <span class='ocrx_word' id='word_1_102' title='bbox 927 1257 981 1310; x_wconf 88' lang='lat' dir='ltr'><strong>in</strong></span> <span class='ocrx_word' id='word_1_103' title='bbox 1012 1254 1343 1319; x_wconf 77' lang='lat' dir='ltr'><strong>Jerusalem,</strong></span> <span class='ocrx_word' id='word_1_104' title='bbox 1383 1264 1430 1309; x_wconf 88' lang='lat' dir='ltr'><strong>et</strong></span> <span class='ocrx_word' id='word_1_105' title='bbox 1470 1254 1526 1308; x_wconf 87' lang='lat' dir='ltr'><strong>in</strong></span> <span class='ocrx_word' id='word_1_106' title='bbox 1570 1253 1710 1307; x_wconf 86' lang='lat' dir='ltr'><strong>omni</strong></span> <span class='ocrx_word' id='word_1_107' title='bbox 1749 1298 1752 1301; x_wconf 94' lang='lat'><strong>.</strong></span> 
     </span>
    </p>
   </div>
   <div class='ocr_carea' id='block_1_14' title="bbox 135 1346 1712 1418">
    <p class='ocr_par' dir='ltr' id='par_1_14' title="bbox 135 1346 1712 1418">
     <span class='ocr_line' id='line_1_14' title="bbox 135 1346 1712 1418; baseline -0.008 -7"><span class='ocrx_word' id='word_1_108' title='bbox 135 1357 350 1418; x_wconf 71' lang='lat' dir='ltr'><strong>Juda&#39;a,</strong></span> <span class='ocrx_word' id='word_1_109' title='bbox 401 1362 452 1406; x_wconf 86' lang='lat' dir='ltr'><strong>et</strong></span> <span class='ocrx_word' id='word_1_110' title='bbox 490 1351 780 1412; x_wconf 80' lang='lat' dir='ltr'><strong>Samaria,</strong></span> <span class='ocrx_word' id='word_1_111' title='bbox 827 1358 875 1402; x_wconf 85' lang='lat' dir='ltr'><strong>et</strong></span> <span class='ocrx_word' id='word_1_112' title='bbox 917 1364 1079 1418; x_wconf 80' lang='lat' dir='ltr'><strong>usque</strong></span> <span class='ocrx_word' id='word_1_113' title='bbox 1128 1346 1196 1400; x_wconf 85' lang='lat' dir='ltr'><strong>ad</strong></span> <span class='ocrx_word' id='word_1_114' title='bbox 1266 1347 1509 1399; x_wconf 84' lang='lat' dir='ltr'><strong>ultimum</strong></span> <span class='ocrx_word' id='word_1_115' title='bbox 1558 1355 1712 1398; x_wconf 69' lang='lat' dir='ltr'><strong>terra!</strong></span> 
     </span>
    </p>
   </div>
   <div class='ocr_carea' id='block_1_15' title="bbox 137 1433 1713 1516">
    <p class='ocr_par' dir='ltr' id='par_1_15' title="bbox 137 1433 1713 1516">
     <span class='ocr_line' id='line_1_15' title="bbox 137 1433 1713 1516; baseline -0.008 -17"><span class='ocrx_word' id='word_1_116' title='bbox 137 1448 260 1516; x_wconf 79' lang='lat' dir='ltr'><strong>(Act.</strong></span> <span class='ocrx_word' id='word_1_117' title='bbox 312 1461 357 1508; x_wconf 86' lang='grc' dir='ltr'><strong>ι,</strong></span> <span class='ocrx_word' id='word_1_118' title='bbox 393 1443 474 1512; x_wconf 87' lang='grc'><strong>8).</strong></span> <span class='ocrx_word' id='word_1_119' title='bbox 515 1439 631 1494; x_wconf 75' lang='lat' dir='ltr'><strong>Non</strong></span> <span class='ocrx_word' id='word_1_120' title='bbox 678 1438 820 1507; x_wconf 90' lang='lat' dir='ltr'><strong>quod</strong></span> <span class='ocrx_word' id='word_1_121' title='bbox 870 1437 968 1491; x_wconf 89' lang='lat' dir='ltr'><strong>soli</strong></span> <span class='ocrx_word' id='word_1_122' title='bbox 1011 1435 1237 1506; x_wconf 83' lang='lat' dir='ltr'><strong>apostoli</strong></span> <span class='ocrx_word' id='word_1_123' title='bbox 1288 1436 1388 1490; x_wconf 87' lang='lat' dir='ltr'><strong>hoc</strong></span> <span class='ocrx_word' id='word_1_124' title='bbox 1442 1433 1713 1504; x_wconf 88' lang='lat' dir='ltr'><strong>impleturi</strong></span> 
     </span>
    </p>
   </div>
   <div class='ocr_carea' id='block_1_16' title="bbox 136 1525 1715 1600">
    <p class='ocr_par' dir='ltr' id='par_1_16' title="bbox 136 1525 1715 1600">
     <span class='ocr_line' id='line_1_16' title="bbox 136 1525 1715 1600; baseline -0.01 -9"><span class='ocrx_word' id='word_1_125' title='bbox 136 1543 328 1598; x_wconf 82' lang='lat' dir='ltr'><strong>essent,</strong></span> <span class='ocrx_word' id='word_1_126' title='bbox 365 1531 459 1586; x_wconf 85' lang='lat' dir='ltr'><strong>sed</strong></span> <span class='ocrx_word' id='word_1_127' title='bbox 484 1529 628 1600; x_wconf 90' lang='lat' dir='ltr'><strong>quod</strong></span> <span class='ocrx_word' id='word_1_128' title='bbox 660 1528 790 1582; x_wconf 87' lang='lat' dir='ltr'><strong>dicit</strong></span> <span class='ocrx_word' id='word_1_129' title='bbox 818 1527 926 1582; x_wconf 90' lang='lat' dir='ltr'><strong>illis</strong></span> <span class='ocrx_word' id='word_1_130' title='bbox 953 1567 967 1592; x_wconf 96' lang='lat'><strong>,</strong></span> <span class='ocrx_word' id='word_1_131' title='bbox 1003 1526 1254 1580; x_wconf 87' lang='lat' dir='ltr'><strong>omnibus</strong></span> <span class='ocrx_word' id='word_1_132' title='bbox 1277 1525 1424 1589; x_wconf 89' lang='lat' dir='ltr'><strong>dicit,</strong></span> <span class='ocrx_word' id='word_1_133' title='bbox 1456 1539 1551 1594; x_wconf 91' lang='lat' dir='ltr'><strong>per</strong></span> <span class='ocrx_word' id='word_1_134' title='bbox 1579 1536 1715 1592; x_wconf 88' lang='lat' dir='ltr'><strong>quos</strong></span> 
     </span>
    </p>
   </div>
   <div class='ocr_carea' id='block_1_17' title="bbox 142 1610 1716 1694">
    <p class='ocr_par' dir='ltr' id='par_1_17' title="bbox 142 1610 1716 1694">
     <span class='ocr_line' id='line_1_17' title="bbox 142 1610 1716 1694; baseline -0.009 -14"><span class='ocrx_word' id='word_1_135' title='bbox 142 1639 306 1694; x_wconf 85' lang='lat' dir='ltr'><strong>usque</strong></span> <span class='ocrx_word' id='word_1_136' title='bbox 345 1625 400 1675; x_wconf 78' lang='lat' dir='ltr'><strong>in</strong></span> <span class='ocrx_word' id='word_1_137' title='bbox 433 1622 586 1674; x_wconf 85' lang='lat' dir='ltr'><strong>linem</strong></span> <span class='ocrx_word' id='word_1_138' title='bbox 616 1616 797 1672; x_wconf 66' lang='lat' dir='ltr'><strong>saeculi</strong></span> <span class='ocrx_word' id='word_1_139' title='bbox 823 1617 938 1670; x_wconf 68' lang='lat' dir='ltr'><strong>hinc</strong></span> <span class='ocrx_word' id='word_1_140' title='bbox 979 1614 1289 1684; x_wconf 87' lang='lat' dir='ltr'><strong>complenda</strong></span> <span class='ocrx_word' id='word_1_141' title='bbox 1340 1622 1515 1668; x_wconf 90' lang='lat' dir='ltr'><strong>erant.</strong></span> <span class='ocrx_word' id='word_1_142' title='bbox 1570 1610 1716 1666; x_wconf 82' lang='lat' dir='ltr'><strong>Alias</strong></span> 
     </span>
    </p>
   </div>
   <div class='ocr_carea' id='block_1_18' title="bbox 148 1703 1715 1784">
    <p class='ocr_par' dir='ltr' id='par_1_18' title="bbox 148 1703 1715 1784">
     <span class='ocr_line' id='line_1_18' title="bbox 148 1703 1715 1784; baseline -0.008 -17"><span class='ocrx_word' id='word_1_143' title='bbox 148 1712 266 1784; x_wconf 89' lang='lat' dir='ltr'><strong>quid</strong></span> <span class='ocrx_word' id='word_1_144' title='bbox 319 1721 402 1766; x_wconf 86' lang='lat' dir='ltr'><strong>est</strong></span> <span class='ocrx_word' id='word_1_145' title='bbox 451 1709 588 1779; x_wconf 86' lang='lat' dir='ltr'><strong>quod</strong></span> <span class='ocrx_word' id='word_1_146' title='bbox 636 1704 810 1762; x_wconf 85' lang='lat' dir='ltr'><strong>dicit:</strong></span> <span class='ocrx_word' id='word_1_147' title='bbox 845 1704 969 1759; x_wconf 80' lang='lat' dir='ltr'><strong>Non</strong></span> <span class='ocrx_word' id='word_1_148' title='bbox 1013 1703 1436 1758; x_wconf 69' lang='lat' dir='ltr'><strong>consummabilis</strong></span> <span class='ocrx_word' id='word_1_149' title='bbox 1486 1703 1715 1756; x_wconf 83' lang='lat' dir='ltr'><strong>civitates</strong></span> 
     </span>
    </p>
   </div>
   <div class='ocr_carea' id='block_1_19' title="bbox 1805 613 3376 683">
    <p class='ocr_par' dir='ltr' id='par_1_19' title="bbox 1805 613 3376 683">
     <span class='ocr_line' id='line_1_19' title="bbox 1805 613 3376 683; baseline -0.002 -14"><span class='ocrx_word' id='word_1_150' title='bbox 1805 615 2178 670; x_wconf 57' lang='lat' dir='ltr'><strong>haereticorum</strong></span> <span class='ocrx_word' id='word_1_151' title='bbox 2217 616 2272 668; x_wconf 91' lang='lat' dir='ltr'><strong>in</strong></span> <span class='ocrx_word' id='word_1_152' title='bbox 2305 631 2410 668; x_wconf 90' lang='lat' dir='ltr'><strong>uno</strong></span> <span class='ocrx_word' id='word_1_153' title='bbox 2457 613 2855 683; x_wconf 85' lang='lat' dir='ltr'><strong>Scripturarum</strong></span> <span class='ocrx_word' id='word_1_154' title='bbox 2904 614 3021 667; x_wconf 92' lang='lat' dir='ltr'><strong>loco</strong></span> <span class='ocrx_word' id='word_1_155' title='bbox 3060 623 3376 683; x_wconf 85' lang='lat' dir='ltr'><strong>persecutus</strong></span> 
     </span>
    </p>
   </div>
   <div class='ocr_carea' id='block_1_20' title="bbox 1806 705 3376 778">
    <p class='ocr_par' dir='ltr' id='par_1_20' title="bbox 1806 705 3376 778">
     <span class='ocr_line' id='line_1_20' title="bbox 1806 705 3376 778; baseline 0.001 -17"><span class='ocrx_word' id='word_1_156' title='bbox 1806 708 2000 771; x_wconf 84' lang='lat' dir='ltr'><strong>fuerit,</strong></span> <span class='ocrx_word' id='word_1_157' title='bbox 2053 717 2110 762; x_wconf 92' lang='lat' dir='ltr'><strong>ut</strong></span> <span class='ocrx_word' id='word_1_158' title='bbox 2162 707 2427 778; x_wconf 85' lang='lat' dir='ltr'><strong>fugiamus</strong></span> <span class='ocrx_word' id='word_1_159' title='bbox 2476 708 2542 762; x_wconf 91' lang='lat' dir='ltr'><strong>ad</strong></span> <span class='ocrx_word' id='word_1_160' title='bbox 2584 705 2688 760; x_wconf 87' lang='lat' dir='ltr'><strong>alia</strong></span> <span class='ocrx_word' id='word_1_161' title='bbox 2737 706 3037 760; x_wconf 86' lang='lat' dir='ltr'><strong>divinarum</strong></span> <span class='ocrx_word' id='word_1_162' title='bbox 3070 707 3376 762; x_wconf 88' lang='lat' dir='ltr'><strong>testimonia</strong></span> 
     </span>
    </p>
   </div>
   <div class='ocr_carea' id='block_1_21' title="bbox 1806 795 3380 866">
    <p class='ocr_par' dir='ltr' id='par_1_21' title="bbox 1806 795 3380 866">
     <span class='ocr_line' id='line_1_21' title="bbox 1806 795 3380 866; baseline 0.001 -16"><span class='ocrx_word' id='word_1_163' title='bbox 1806 797 2128 858; x_wconf 86' lang='lat' dir='ltr'><strong>litterarum.</strong></span> <span class='ocrx_word' id='word_1_164' title='bbox 2157 796 2329 854; x_wconf 89' lang='lat' dir='ltr'><strong>donec</strong></span> <span class='ocrx_word' id='word_1_165' title='bbox 2353 812 2789 852; x_wconf 84' lang='lat' dir='ltr'><strong>consummemus</strong></span> <span class='ocrx_word' id='word_1_166' title='bbox 2844 795 3000 851; x_wconf 88' lang='lat' dir='ltr'><strong>tidem</strong></span> <span class='ocrx_word' id='word_1_167' title='bbox 3039 797 3334 866; x_wconf 83' lang='lat' dir='ltr'><strong>perfectam</strong></span> <span class='ocrx_word' id='word_1_168' title='bbox 3365 841 3380 863; x_wconf 93' lang='lat'><strong>,</strong></span> 
     </span>
    </p>
   </div>
   <div class='ocr_carea' id='block_1_22' title="bbox 1808 875 3380 956">
    <p class='ocr_par' dir='ltr' id='par_1_22' title="bbox 1808 875 3380 956">
     <span class='ocr_line' id='line_1_22' title="bbox 1808 875 3380 956; baseline 0.004 -18"><span class='ocrx_word' id='word_1_169' title='bbox 1808 901 1927 955; x_wconf 80' lang='lat' dir='ltr'><strong>qua:</strong></span> <span class='ocrx_word' id='word_1_170' title='bbox 1953 887 2005 940; x_wconf 93' lang='lat' dir='ltr'><strong>in</strong></span> <span class='ocrx_word' id='word_1_171' title='bbox 2031 887 2247 941; x_wconf 81' lang='lat' dir='ltr'><strong>Christo</strong></span> <span class='ocrx_word' id='word_1_172' title='bbox 2268 896 2372 951; x_wconf 90' lang='lat' dir='ltr'><strong>est,</strong></span> <span class='ocrx_word' id='word_1_173' title='bbox 2400 895 2453 942; x_wconf 89' lang='lat' dir='ltr'><strong>et</strong></span> <span class='ocrx_word' id='word_1_174' title='bbox 2483 875 2713 956; x_wconf 81' lang='lat' dir='ltr'><strong>palmam</strong></span> <span class='ocrx_word' id='word_1_175' title='bbox 2750 887 3089 941; x_wconf 80' lang='lat' dir='ltr'><strong>obtineamus</strong></span> <span class='ocrx_word' id='word_1_176' title='bbox 3119 887 3380 945; x_wconf 68' lang='lat' dir='ltr'><strong>victoriae.</strong></span> 
     </span>
    </p>
   </div>
   <div class='ocr_carea' id='block_1_23' title="bbox 1810 979 2110 1049">
    <p class='ocr_par' dir='ltr' id='par_1_23' title="bbox 1810 979 2110 1049">
     <span class='ocr_line' id='line_1_23' title="bbox 1810 979 2110 1049; baseline 0 -14"><span class='ocrx_word' id='word_1_177' title='bbox 1810 979 2067 1049; x_wconf 89' lang='lat' dir='ltr'><strong>Sequitur</strong></span> <span class='ocrx_word' id='word_1_178' title='bbox 2097 999 2110 1035; x_wconf 92' lang='lat'><strong>:</strong></span> 
     </span>
    </p>
   </div>
   <div class='ocr_carea' id='block_1_24' title="bbox 1882 1071 3385 1145">
    <p class='ocr_par' dir='ltr' id='par_1_24' title="bbox 1882 1071 3385 1145">
     <span class='ocr_line' id='line_1_24' title="bbox 1882 1071 3385 1145; baseline 0.003 -19"><span class='ocrx_word' id='word_1_179' title='bbox 1882 1071 2005 1126; x_wconf 80' lang='lat' dir='ltr'><strong>Non</strong></span> <span class='ocrx_word' id='word_1_180' title='bbox 2025 1082 2100 1127; x_wconf 89' lang='lat' dir='ltr'><strong>est</strong></span> <span class='ocrx_word' id='word_1_181' title='bbox 2131 1073 2414 1144; x_wconf 78' lang='lat' dir='ltr'><strong>discipulus</strong></span> <span class='ocrx_word' id='word_1_182' title='bbox 2439 1088 2596 1144; x_wconf 79' lang='lat' dir='ltr'><strong>super</strong></span> <span class='ocrx_word' id='word_1_183' title='bbox 2624 1075 2950 1144; x_wconf 79' lang='lat' dir='ltr'><strong>magistrum.</strong></span> <span class='ocrx_word' id='word_1_184' title='bbox 2969 1075 3046 1128; x_wconf 74' lang='lat' dir='ltr'><strong>Ad</strong></span> <span class='ocrx_word' id='word_1_185' title='bbox 3074 1074 3176 1130; x_wconf 90' lang='lat' dir='ltr'><strong>hoc</strong></span> <span class='ocrx_word' id='word_1_186' title='bbox 3201 1075 3385 1145; x_wconf 85' lang='lat' dir='ltr'><strong>itaque</strong></span> 
     </span>
    </p>
   </div>
   <div class='ocr_carea' id='block_1_25' title="bbox 1811 1162 3387 1235">
    <p class='ocr_par' dir='ltr' id='par_1_25' title="bbox 1811 1162 3387 1235">
     <span class='ocr_line' id='line_1_25' title="bbox 1811 1162 3387 1235; baseline 0.003 -19"><span class='ocrx_word' id='word_1_187' title='bbox 1811 1162 2124 1218; x_wconf 89' lang='lat' dir='ltr'><strong>adhortatur</strong></span> <span class='ocrx_word' id='word_1_188' title='bbox 2145 1165 2287 1234; x_wconf 90' lang='lat' dir='ltr'><strong>quod</strong></span> <span class='ocrx_word' id='word_1_189' title='bbox 2315 1165 2556 1218; x_wconf 78' lang='lat' dir='ltr'><strong>dixerat:</strong></span> <span class='ocrx_word' id='word_1_190' title='bbox 2581 1162 2966 1235; x_wconf 81' lang='lat' dir='ltr'><strong>Persequentur</strong></span> <span class='ocrx_word' id='word_1_191' title='bbox 2994 1183 3102 1220; x_wconf 78' lang='lat' dir='ltr'><strong>vos.</strong></span> <span class='ocrx_word' id='word_1_192' title='bbox 3130 1166 3206 1220; x_wconf 81' lang='lat' dir='ltr'><strong>Ac</strong></span> <span class='ocrx_word' id='word_1_193' title='bbox 3231 1165 3275 1219; x_wconf 91' lang='lat' dir='ltr'><strong>si</strong></span> <span class='ocrx_word' id='word_1_194' title='bbox 3306 1167 3387 1220; x_wconf 61' lang='lat' dir='ltr'><strong>dio</strong></span> 
     </span>
    </p>
   </div>
   <div class='ocr_carea' id='block_1_26' title="bbox 1811 1251 3393 1324">
    <p class='ocr_par' dir='ltr' id='par_1_26' title="bbox 1811 1251 3393 1324">
     <span class='ocr_line' id='line_1_26' title="bbox 1811 1251 3393 1324; baseline 0.002 -17"><span class='ocrx_word' id='word_1_195' title='bbox 1811 1262 1962 1307; x_wconf 88' lang='lat' dir='ltr'><strong>ceret</strong></span> <span class='ocrx_word' id='word_1_196' title='bbox 1992 1251 2102 1307; x_wconf 89' lang='lat' dir='ltr'><strong>:.Si</strong></span> <span class='ocrx_word' id='word_1_197' title='bbox 2141 1267 2240 1322; x_wconf 89' lang='lat' dir='ltr'><strong>ego</strong></span> <span class='ocrx_word' id='word_1_198' title='bbox 2286 1252 2536 1323; x_wconf 74' lang='lat' dir='ltr'><strong>Magister</strong></span> <span class='ocrx_word' id='word_1_199' title='bbox 2583 1265 2760 1309; x_wconf 85' lang='lat' dir='ltr'><strong>vester</strong></span> <span class='ocrx_word' id='word_1_200' title='bbox 2797 1257 3005 1324; x_wconf 87' lang='lat' dir='ltr'><strong>patior,</strong></span> <span class='ocrx_word' id='word_1_201' title='bbox 3057 1263 3111 1309; x_wconf 92' lang='lat' dir='ltr'><strong>et</strong></span> <span class='ocrx_word' id='word_1_202' title='bbox 3149 1255 3393 1310; x_wconf 86' lang='lat' dir='ltr'><strong>sustineo</strong></span> 
     </span>
    </p>
   </div>
   <div class='ocr_carea' id='block_1_27' title="bbox 1812 1345 3396 1416">
    <p class='ocr_par' dir='ltr' id='par_1_27' title="bbox 1812 1345 3396 1416">
     <span class='ocr_line' id='line_1_27' title="bbox 1812 1345 3396 1416; baseline 0.003 -20"><span class='ocrx_word' id='word_1_203' title='bbox 1812 1353 2034 1414; x_wconf 87' lang='lat' dir='ltr'><strong>propter</strong></span> <span class='ocrx_word' id='word_1_204' title='bbox 2075 1359 2173 1398; x_wconf 90' lang='lat' dir='ltr'><strong>vos</strong></span> <span class='ocrx_word' id='word_1_205' title='bbox 2225 1345 2413 1413; x_wconf 79' lang='lat' dir='ltr'><strong>gratis,</strong></span> <span class='ocrx_word' id='word_1_206' title='bbox 2461 1355 2660 1414; x_wconf 89' lang='lat' dir='ltr'><strong>quanto</strong></span> <span class='ocrx_word' id='word_1_207' title='bbox 2710 1347 2880 1414; x_wconf 74' lang='lat' dir='ltr'><strong>magis</strong></span> <span class='ocrx_word' id='word_1_208' title='bbox 2927 1362 3021 1398; x_wconf 82' lang='lat' dir='ltr'><strong>vos</strong></span> <span class='ocrx_word' id='word_1_209' title='bbox 3059 1345 3304 1416; x_wconf 84' lang='lat' dir='ltr'><strong>discipuli</strong></span> <span class='ocrx_word' id='word_1_210' title='bbox 3340 1354 3396 1400; x_wconf 86' lang='lat' dir='ltr'><strong>et</strong></span> 
     </span>
    </p>
   </div>
   <div class='ocr_carea' id='block_1_28' title="bbox 1815 1432 3396 1504">
    <p class='ocr_par' dir='ltr' id='par_1_28' title="bbox 1815 1432 3396 1504">
     <span class='ocr_line' id='line_1_28' title="bbox 1815 1432 3396 1504; baseline 0.001 -18"><span class='ocrx_word' id='word_1_211' title='bbox 1815 1433 1956 1487; x_wconf 82' lang='lat' dir='ltr'><strong>servi</strong></span> <span class='ocrx_word' id='word_1_212' title='bbox 1980 1432 2088 1502; x_wconf 89' lang='lat' dir='ltr'><strong>pati</strong></span> <span class='ocrx_word' id='word_1_213' title='bbox 2119 1449 2217 1502; x_wconf 92' lang='lat' dir='ltr'><strong>pro</strong></span> <span class='ocrx_word' id='word_1_214' title='bbox 2244 1449 2362 1487; x_wconf 87' lang='lat' dir='ltr'><strong>meo</strong></span> <span class='ocrx_word' id='word_1_215' title='bbox 2387 1450 2570 1488; x_wconf 85' lang='lat' dir='ltr'><strong>amore</strong></span> <span class='ocrx_word' id='word_1_216' title='bbox 2600 1449 2704 1488; x_wconf 92' lang='lat' dir='ltr'><strong>non</strong></span> <span class='ocrx_word' id='word_1_217' title='bbox 2734 1435 3009 1504; x_wconf 87' lang='lat' dir='ltr'><strong>dedignari</strong></span> <span class='ocrx_word' id='word_1_218' title='bbox 3035 1434 3262 1496; x_wconf 87' lang='lat' dir='ltr'><strong>debetis,</strong></span> <span class='ocrx_word' id='word_1_219' title='bbox 3298 1433 3396 1488; x_wconf 89' lang='lat' dir='ltr'><strong>sed</strong></span> 
     </span>
    </p>
   </div>
   <div class='ocr_carea' id='block_1_29' title="bbox 1817 1521 3400 1592">
    <p class='ocr_par' dir='ltr' id='par_1_29' title="bbox 1817 1521 3400 1592">
     <span class='ocr_line' id='line_1_29' title="bbox 1817 1521 3400 1592; baseline -0.001 -15"><span class='ocrx_word' id='word_1_220' title='bbox 1817 1521 2085 1577; x_wconf 71' lang='lat' dir='ltr'><strong>sustinuere</strong></span> <span class='ocrx_word' id='word_1_221' title='bbox 2107 1530 2162 1574; x_wconf 91' lang='lat' dir='ltr'><strong>et</strong></span> <span class='ocrx_word' id='word_1_222' title='bbox 2181 1521 2569 1589; x_wconf 88' lang='lat' dir='ltr'><strong>patientissime</strong></span> <span class='ocrx_word' id='word_1_223' title='bbox 2599 1523 2784 1576; x_wconf 85' lang='lat' dir='ltr'><strong>ferre?</strong></span> <span class='ocrx_word' id='word_1_224' title='bbox 2814 1521 2972 1592; x_wconf 71' lang='lat'><strong>502</strong></span> <span class='ocrx_word' id='word_1_225' title='bbox 3019 1523 3160 1591; x_wconf 61' lang='lat' dir='ltr'><strong>qutid</strong></span> <span class='ocrx_word' id='word_1_226' title='bbox 3212 1523 3257 1577; x_wconf 92' lang='lat' dir='ltr'><strong>si</strong></span> <span class='ocrx_word' id='word_1_227' title='bbox 3301 1537 3400 1592; x_wconf 86' lang='lat' dir='ltr'><strong>pa-</strong></span> 
     </span>
    </p>
   </div>
   <div class='ocr_carea' id='block_1_30' title="bbox 1821 1613 3401 1686">
    <p class='ocr_par' dir='ltr' id='par_1_30' title="bbox 1821 1613 3401 1686">
     <span class='ocr_line' id='line_1_30' title="bbox 1821 1613 3401 1686; baseline 0.001 -18"><span class='ocrx_word' id='word_1_228' title='bbox 1821 1613 2193 1669; x_wconf 89' lang='lat' dir='ltr'><strong>tremfamilias</strong></span> <span class='ocrx_word' id='word_1_229' title='bbox 2228 1613 2528 1669; x_wconf 81' lang='lat' dir='ltr'><strong>Beelzebub</strong></span> <span class='ocrx_word' id='word_1_230' title='bbox 2579 1624 2928 1680; x_wconf 89' lang='lat' dir='ltr'><strong>vocaverunt,</strong></span> <span class='ocrx_word' id='word_1_231' title='bbox 2975 1624 3180 1686; x_wconf 89' lang='lat' dir='ltr'><strong>quanto</strong></span> <span class='ocrx_word' id='word_1_232' title='bbox 3227 1614 3401 1684; x_wconf 88' lang='lat' dir='ltr'><strong>magis</strong></span> 
     </span>
    </p>
   </div>
   <div class='ocr_carea' id='block_1_31' title="bbox 1820 1701 3402 1776">
    <p class='ocr_par' dir='ltr' id='par_1_31' title="bbox 1820 1701 3402 1776">
     <span class='ocr_line' id='line_1_31' title="bbox 1820 1701 3402 1776; baseline 0.001 -19"><span class='ocrx_word' id='word_1_233' title='bbox 1820 1702 2111 1772; x_wconf 89' lang='lat' dir='ltr'><strong>discipulos</strong></span> <span class='ocrx_word' id='word_1_234' title='bbox 2161 1701 2297 1772; x_wconf 87' lang='lat' dir='ltr'><strong>ejus,</strong></span> <span class='ocrx_word' id='word_1_235' title='bbox 2351 1705 2478 1774; x_wconf 86' lang='lat' dir='ltr'><strong>quia</strong></span> <span class='ocrx_word' id='word_1_236' title='bbox 2523 1721 2628 1759; x_wconf 89' lang='lat' dir='ltr'><strong>non</strong></span> <span class='ocrx_word' id='word_1_237' title='bbox 2654 1715 2740 1760; x_wconf 90' lang='lat' dir='ltr'><strong>est</strong></span> <span class='ocrx_word' id='word_1_238' title='bbox 2782 1705 3072 1776; x_wconf 88' lang='lat' dir='ltr'><strong>discipulus</strong></span> <span class='ocrx_word' id='word_1_239' title='bbox 3098 1722 3260 1776; x_wconf 90' lang='lat' dir='ltr'><strong>super</strong></span> <span class='ocrx_word' id='word_1_240' title='bbox 3287 1722 3402 1759; x_wconf 86' lang='lat' dir='ltr'><strong>ma-</strong></span> 
     </span>
    </p>
   </div>
   <div class='ocr_carea' id='block_1_32' title="bbox 141 1787 3401 1868">
    <p class='ocr_par' dir='ltr' id='par_1_32' title="bbox 141 1787 3401 1868">
     <span class='ocr_line' id='line_1_32' title="bbox 141 1787 3401 1868; baseline -0.002 -12"><span class='ocrx_word' id='word_1_241' title='bbox 141 1801 306 1858; x_wconf 86' lang='lat' dir='ltr'><strong>lsmel</strong></span> <span class='ocrx_word' id='word_1_242' title='bbox 322 1841 340 1865; x_wconf 91' lang='lat'><strong>,</strong></span> <span class='ocrx_word' id='word_1_243' title='bbox 377 1801 541 1853; x_wconf 85' lang='lat' dir='ltr'><strong>donec</strong></span> <span class='ocrx_word' id='word_1_244' title='bbox 577 1797 722 1866; x_wconf 79' lang='lat' dir='ltr'><strong>ﬁlius</strong></span> <span class='ocrx_word' id='word_1_245' title='bbox 763 1796 987 1850; x_wconf 87' lang='lat' dir='ltr'><strong>hominis</strong></span> <span class='ocrx_word' id='word_1_246' title='bbox 1032 1795 1235 1849; x_wconf 81' lang='lat' dir='ltr'><strong>veniat?</strong></span> <span class='ocrx_word' id='word_1_247' title='bbox 1264 1793 1480 1866; x_wconf 77' lang='lat' dir='ltr'><strong>(Matth.</strong></span> <span class='ocrx_word' id='word_1_248' title='bbox 1509 1809 1566 1858; x_wconf 83' lang='lat' dir='ltr'><strong>x,</strong></span> <span class='ocrx_word' id='word_1_249' title='bbox 1602 1793 1718 1862; x_wconf 71' lang='grc'><strong>25.)</strong></span> <span class='ocrx_word' id='word_1_250' title='bbox 1753 1787 1796 1849; x_wconf 83' lang='grc' dir='ltr'><strong><em>Β</em></strong></span> <span class='ocrx_word' id='word_1_251' title='bbox 1822 1796 2086 1866; x_wconf 87' lang='lat' dir='ltr'><strong>gistrum?</strong></span> <span class='ocrx_word' id='word_1_252' title='bbox 2108 1795 2231 1850; x_wconf 89' lang='lat' dir='ltr'><strong>Ideo</strong></span> <span class='ocrx_word' id='word_1_253' title='bbox 2257 1795 2453 1866; x_wconf 88' lang='lat' dir='ltr'><strong>probra</strong></span> <span class='ocrx_word' id='word_1_254' title='bbox 2485 1805 2540 1852; x_wconf 91' lang='lat' dir='ltr'><strong>et</strong></span> <span class='ocrx_word' id='word_1_255' title='bbox 2565 1797 2844 1852; x_wconf 91' lang='lat' dir='ltr'><strong>irrisiones</strong></span> <span class='ocrx_word' id='word_1_256' title='bbox 2870 1799 3137 1853; x_wconf 88' lang='lat' dir='ltr'><strong>sustinere</strong></span> <span class='ocrx_word' id='word_1_257' title='bbox 3159 1797 3401 1868; x_wconf 76' lang='lat' dir='ltr'><strong>:equani-</strong></span> 
     </span>
    </p>
   </div>
   <div class='ocr_carea' id='block_1_33' title="bbox 140 1882 1718 1961">
    <p class='ocr_par' dir='ltr' id='par_1_33' title="bbox 140 1882 1718 1961">
     <span class='ocr_line' id='line_1_33' title="bbox 140 1882 1718 1961; baseline -0.006 -15"><span class='ocrx_word' id='word_1_258' title='bbox 140 1891 223 1946; x_wconf 73' lang='lat' dir='ltr'><strong>Vel</strong></span> <span class='ocrx_word' id='word_1_259' title='bbox 240 1891 377 1961; x_wconf 88' lang='lat' dir='ltr'><strong>quid</strong></span> <span class='ocrx_word' id='word_1_260' title='bbox 415 1898 503 1943; x_wconf 86' lang='lat' dir='ltr'><strong>est</strong></span> <span class='ocrx_word' id='word_1_261' title='bbox 539 1887 681 1958; x_wconf 92' lang='lat' dir='ltr'><strong>quod</strong></span> <span class='ocrx_word' id='word_1_262' title='bbox 712 1886 880 1941; x_wconf 86' lang='lat' dir='ltr'><strong>dicit:</strong></span> <span class='ocrx_word' id='word_1_263' title='bbox 917 1883 1041 1939; x_wconf 80' lang='lat' dir='ltr'><strong>Non</strong></span> <span class='ocrx_word' id='word_1_264' title='bbox 1083 1883 1556 1939; x_wconf 68' lang='lat' dir='ltr'><strong>consummabilis?</strong></span> <span class='ocrx_word' id='word_1_265' title='bbox 1585 1882 1718 1938; x_wconf 83' lang='lat' dir='ltr'><strong>For-</strong></span> 
     </span>
    </p>
   </div>
   <div class='ocr_carea' id='block_1_34' title="bbox 141 1969 1718 2052">
    <p class='ocr_par' dir='ltr' id='par_1_34' title="bbox 141 1969 1718 2052">
     <span class='ocr_line' id='line_1_34' title="bbox 141 1969 1718 2052; baseline -0.004 -16"><span class='ocrx_word' id='word_1_266' title='bbox 141 1983 282 2037; x_wconf 86' lang='lat' dir='ltr'><strong>tassis</strong></span> <span class='ocrx_word' id='word_1_267' title='bbox 315 1996 454 2052; x_wconf 84' lang='lat' dir='ltr'><strong>ergo</strong></span> <span class='ocrx_word' id='word_1_268' title='bbox 491 1981 632 2049; x_wconf 88' lang='lat' dir='ltr'><strong>quod</strong></span> <span class='ocrx_word' id='word_1_269' title='bbox 671 1969 1024 2048; x_wconf 64' lang='lat' dir='ltr'><strong>praemiserat,</strong></span> <span class='ocrx_word' id='word_1_270' title='bbox 1069 1977 1236 2047; x_wconf 68' lang='lat' dir='ltr'><strong>fugite</strong></span> <span class='ocrx_word' id='word_1_271' title='bbox 1286 1978 1342 2031; x_wconf 83' lang='lat' dir='ltr'><strong>in</strong></span> <span class='ocrx_word' id='word_1_272' title='bbox 1378 1977 1564 2041; x_wconf 86' lang='lat' dir='ltr'><strong>aliam,</strong></span> <span class='ocrx_word' id='word_1_273' title='bbox 1613 1991 1718 2032; x_wconf 92' lang='lat' dir='ltr'><strong>non</strong></span> 
     </span>
    </p>
   </div>
   <div class='ocr_carea' id='block_1_35' title="bbox 139 2067 1716 2138">
    <p class='ocr_par' dir='ltr' id='par_1_35' title="bbox 139 2067 1716 2138">
     <span class='ocr_line' id='line_1_35' title="bbox 139 2067 1716 2138; baseline -0.006 -8"><span class='ocrx_word' id='word_1_274' title='bbox 139 2071 586 2130; x_wconf 83' lang='lat' dir='ltr'><strong>consummahitis</strong></span> <span class='ocrx_word' id='word_1_275' title='bbox 605 2085 698 2124; x_wconf 89' lang='lat' dir='ltr'><strong>eas</strong></span> <span class='ocrx_word' id='word_1_276' title='bbox 722 2067 974 2138; x_wconf 90' lang='lat' dir='ltr'><strong>fugiendo</strong></span> <span class='ocrx_word' id='word_1_277' title='bbox 995 2068 1062 2124; x_wconf 88' lang='lat' dir='ltr'><strong>de</strong></span> <span class='ocrx_word' id='word_1_278' title='bbox 1085 2069 1303 2123; x_wconf 84' lang='lat' dir='ltr'><strong>civitate</strong></span> <span class='ocrx_word' id='word_1_279' title='bbox 1332 2068 1386 2123; x_wconf 91' lang='lat' dir='ltr'><strong>in</strong></span> <span class='ocrx_word' id='word_1_280' title='bbox 1410 2067 1716 2132; x_wconf 88' lang='lat' dir='ltr'><strong>civitatem;</strong></span> 
     </span>
    </p>
   </div>
   <div class='ocr_carea' id='block_1_36' title="bbox 135 2157 1724 2238">
    <p class='ocr_par' dir='ltr' id='par_1_36' title="bbox 135 2157 1724 2238">
     <span class='ocr_line' id='line_1_36' title="bbox 135 2157 1724 2238; baseline -0.005 -16"><span class='ocrx_word' id='word_1_281' title='bbox 135 2166 262 2238; x_wconf 70' lang='lat' dir='ltr'><strong>quod</strong></span> <span class='ocrx_word' id='word_1_282' title='bbox 291 2163 534 2219; x_wconf 85' lang='lat' dir='ltr'><strong>omnino</strong></span> <span class='ocrx_word' id='word_1_283' title='bbox 565 2176 669 2215; x_wconf 90' lang='lat' dir='ltr'><strong>non</strong></span> <span class='ocrx_word' id='word_1_284' title='bbox 697 2168 825 2214; x_wconf 85' lang='lat' dir='ltr'><strong>stat.</strong></span> <span class='ocrx_word' id='word_1_285' title='bbox 857 2159 963 2214; x_wconf 89' lang='lat' dir='ltr'><strong>Sed</strong></span> <span class='ocrx_word' id='word_1_286' title='bbox 997 2175 1102 2214; x_wconf 93' lang='lat' dir='ltr'><strong>non</strong></span> <span class='ocrx_word' id='word_1_287' title='bbox 1131 2157 1573 2214; x_wconf 88' lang='lat' dir='ltr'><strong>consummabitis</strong></span> <span class='ocrx_word' id='word_1_288' title='bbox 1591 2174 1724 2228; x_wconf 75' lang='lat' dir='ltr'><strong>pra:-</strong></span> 
     </span>
    </p>
   </div>
   <div class='ocr_carea' id='block_1_37' title="bbox 140 2249 1725 2320">
    <p class='ocr_par' dir='ltr' id='par_1_37' title="bbox 140 2249 1725 2320">
     <span class='ocr_line' id='line_1_37' title="bbox 140 2249 1725 2320; baseline -0.004 -10"><span class='ocrx_word' id='word_1_289' title='bbox 140 2256 362 2311; x_wconf 84' lang='lat' dir='ltr'><strong>dicando</strong></span> <span class='ocrx_word' id='word_1_290' title='bbox 389 2261 448 2309; x_wconf 90' lang='lat' dir='ltr'><strong>et</strong></span> <span class='ocrx_word' id='word_1_291' title='bbox 498 2251 864 2306; x_wconf 87' lang='lat' dir='ltr'><strong>convertendo</strong></span> <span class='ocrx_word' id='word_1_292' title='bbox 893 2265 1004 2314; x_wconf 86' lang='lat' dir='ltr'><strong>eas,</strong></span> <span class='ocrx_word' id='word_1_293' title='bbox 1042 2264 1324 2320; x_wconf 90' lang='lat' dir='ltr'><strong>quousque</strong></span> <span class='ocrx_word' id='word_1_294' title='bbox 1370 2249 1551 2304; x_wconf 89' lang='lat' dir='ltr'><strong>veniat</strong></span> <span class='ocrx_word' id='word_1_295' title='bbox 1585 2249 1725 2304; x_wconf 86' lang='lat' dir='ltr'><strong>ﬁlius</strong></span> 
     </span>
    </p>
   </div>
   <div class='ocr_carea' id='block_1_38' title="bbox 140 2341 1727 2413">
    <p class='ocr_par' dir='ltr' id='par_1_38' title="bbox 140 2341 1727 2413">
     <span class='ocr_line' id='line_1_38' title="bbox 140 2341 1727 2413; baseline -0.004 -12"><span class='ocrx_word' id='word_1_296' title='bbox 140 2345 370 2402; x_wconf 78' lang='lat' dir='ltr'><strong>hominis</strong></span> <span class='ocrx_word' id='word_1_297' title='bbox 414 2345 472 2398; x_wconf 87' lang='lat' dir='ltr'><strong>in</strong></span> <span class='ocrx_word' id='word_1_298' title='bbox 512 2343 672 2397; x_wconf 87' lang='lat' dir='ltr'><strong>linem</strong></span> <span class='ocrx_word' id='word_1_299' title='bbox 701 2342 917 2408; x_wconf 63' lang='lat' dir='ltr'><strong>saeculi;</strong></span> <span class='ocrx_word' id='word_1_300' title='bbox 964 2342 1151 2413; x_wconf 89' lang='lat' dir='ltr'><strong>sicque</strong></span> <span class='ocrx_word' id='word_1_301' title='bbox 1188 2342 1269 2397; x_wconf 91' lang='lat' dir='ltr'><strong>eis</strong></span> <span class='ocrx_word' id='word_1_302' title='bbox 1297 2341 1428 2397; x_wconf 89' lang='lat' dir='ltr'><strong>solis</strong></span> <span class='ocrx_word' id='word_1_303' title='bbox 1466 2341 1727 2412; x_wconf 87' lang='lat' dir='ltr'><strong>apostolis</strong></span> 
     </span>
    </p>
   </div>
   <div class='ocr_carea' id='block_1_39' title="bbox 141 2434 1728 2502">
    <p class='ocr_par' dir='ltr' id='par_1_39' title="bbox 141 2434 1728 2502">
     <span class='ocr_line' id='line_1_39' title="bbox 141 2434 1728 2502; baseline -0.003 -9"><span class='ocrx_word' id='word_1_304' title='bbox 141 2441 228 2493; x_wconf 90' lang='lat' dir='ltr'><strong>hoc</strong></span> <span class='ocrx_word' id='word_1_305' title='bbox 257 2439 494 2492; x_wconf 88' lang='lat' dir='ltr'><strong>videtur</strong></span> <span class='ocrx_word' id='word_1_306' title='bbox 519 2436 740 2502; x_wconf 79' lang='lat' dir='ltr'><strong>dixisse,</strong></span> <span class='ocrx_word' id='word_1_307' title='bbox 778 2436 918 2490; x_wconf 90' lang='lat' dir='ltr'><strong>sicut</strong></span> <span class='ocrx_word' id='word_1_308' title='bbox 947 2436 1024 2490; x_wconf 82' lang='lat' dir='ltr'><strong>ait</strong></span> <span class='ocrx_word' id='word_1_309' title='bbox 1055 2453 1068 2490; x_wconf 93' lang='lat'><strong>:</strong></span> <span class='ocrx_word' id='word_1_310' title='bbox 1104 2434 1379 2490; x_wconf 72' lang='lat' dir='ltr'><strong>Vobiscum</strong></span> <span class='ocrx_word' id='word_1_311' title='bbox 1407 2452 1524 2489; x_wconf 84' lang='lat' dir='ltr'><strong>sum</strong></span> <span class='ocrx_word' id='word_1_312' title='bbox 1562 2435 1728 2489; x_wconf 83' lang='lat' dir='ltr'><strong>omni-</strong></span> 
     </span>
    </p>
   </div>
   <div class='ocr_carea' id='block_1_40' title="bbox 139 2529 1730 2601">
    <p class='ocr_par' dir='ltr' id='par_1_40' title="bbox 139 2529 1730 2601">
     <span class='ocr_line' id='line_1_40' title="bbox 139 2529 1730 2601; baseline 0 -17"><span class='ocrx_word' id='word_1_313' title='bbox 139 2535 219 2590; x_wconf 80' lang='lat' dir='ltr'><strong>bus</strong></span> <span class='ocrx_word' id='word_1_314' title='bbox 243 2531 443 2586; x_wconf 82' lang='lat' dir='ltr'><strong>diebus</strong></span> <span class='ocrx_word' id='word_1_315' title='bbox 486 2547 648 2598; x_wconf 85' lang='lat' dir='ltr'><strong>usque</strong></span> <span class='ocrx_word' id='word_1_316' title='bbox 689 2529 756 2582; x_wconf 84' lang='lat' dir='ltr'><strong>ad</strong></span> <span class='ocrx_word' id='word_1_317' title='bbox 797 2530 1294 2585; x_wconf 76' lang='lat' dir='ltr'><strong>consummationem</strong></span> <span class='ocrx_word' id='word_1_318' title='bbox 1343 2529 1499 2601; x_wconf 78' lang='lat'><strong>501</strong></span> <span class='ocrx_word' id='word_1_319' title='bbox 1550 2531 1730 2584; x_wconf 75' lang='lat' dir='ltr'><strong>sa&#39;culi</strong></span> 
     </span>
    </p>
   </div>
   <div class='ocr_carea' id='block_1_41' title="bbox 141 2621 1731 2690">
    <p class='ocr_par' dir='ltr' id='par_1_41' title="bbox 141 2621 1731 2690">
     <span class='ocr_line' id='line_1_41' title="bbox 141 2621 1731 2690; baseline 0.003 -16"><span class='ocrx_word' id='word_1_320' title='bbox 141 2623 348 2688; x_wconf 66' lang='lat' dir='ltr'><strong>(Matth.</strong></span> <span class='ocrx_word' id='word_1_321' title='bbox 387 2635 585 2685; x_wconf 84' lang='lat' dir='ltr'><strong>xxvm,</strong></span> <span class='ocrx_word' id='word_1_322' title='bbox 612 2621 725 2690; x_wconf 71' lang='lat'><strong>20).</strong></span> <span class='ocrx_word' id='word_1_323' title='bbox 755 2621 908 2687; x_wconf 83' lang='lat' dir='ltr'><strong>Quod</strong></span> <span class='ocrx_word' id='word_1_324' title='bbox 949 2629 1128 2676; x_wconf 87' lang='lat' dir='ltr'><strong>tamen</strong></span> <span class='ocrx_word' id='word_1_325' title='bbox 1160 2622 1451 2676; x_wconf 88' lang='lat' dir='ltr'><strong>universali</strong></span> <span class='ocrx_word' id='word_1_326' title='bbox 1475 2622 1731 2678; x_wconf 67' lang='lat' dir='ltr'><strong>Ecclesia:</strong></span> 
     </span>
    </p>
   </div>
   <div class='ocr_carea' id='block_1_42' title="bbox 141 2711 1732 2783">
    <p class='ocr_par' dir='ltr' id='par_1_42' title="bbox 141 2711 1732 2783">
     <span class='ocr_line' id='line_1_42' title="bbox 141 2711 1732 2783; baseline 0.001 -17"><span class='ocrx_word' id='word_1_327' title='bbox 141 2714 455 2782; x_wconf 84' lang='lat' dir='ltr'><strong>promisisse</strong></span> <span class='ocrx_word' id='word_1_328' title='bbox 485 2727 594 2766; x_wconf 91' lang='lat' dir='ltr'><strong>non</strong></span> <span class='ocrx_word' id='word_1_329' title='bbox 627 2711 847 2767; x_wconf 88' lang='lat' dir='ltr'><strong>dubium</strong></span> <span class='ocrx_word' id='word_1_330' title='bbox 877 2720 998 2778; x_wconf 88' lang='lat' dir='ltr'><strong>est,</strong></span> <span class='ocrx_word' id='word_1_331' title='bbox 1039 2713 1094 2768; x_wconf 92' lang='lat' dir='ltr'><strong>in</strong></span> <span class='ocrx_word' id='word_1_332' title='bbox 1135 2728 1260 2783; x_wconf 90' lang='lat' dir='ltr'><strong>qua,</strong></span> <span class='ocrx_word' id='word_1_333' title='bbox 1294 2714 1415 2768; x_wconf 91' lang='lat' dir='ltr'><strong>aliis</strong></span> <span class='ocrx_word' id='word_1_334' title='bbox 1449 2715 1732 2769; x_wconf 88' lang='lat' dir='ltr'><strong>morienti-</strong></span> 
     </span>
    </p>
   </div>
   <div class='ocr_carea' id='block_1_43' title="bbox 143 2803 1731 2874">
    <p class='ocr_par' dir='ltr' id='par_1_43' title="bbox 143 2803 1731 2874">
     <span class='ocr_line' id='line_1_43' title="bbox 143 2803 1731 2874; baseline 0.001 -15"><span class='ocrx_word' id='word_1_335' title='bbox 143 2805 250 2868; x_wconf 85' lang='lat' dir='ltr'><strong>bus,</strong></span> <span class='ocrx_word' id='word_1_336' title='bbox 271 2803 522 2873; x_wconf 84' lang='lat' dir='ltr'><strong>aliisque</strong></span> <span class='ocrx_word' id='word_1_337' title='bbox 549 2803 915 2870; x_wconf 88' lang='lat' dir='ltr'><strong>nascentibus,</strong></span> <span class='ocrx_word' id='word_1_338' title='bbox 937 2819 1106 2874; x_wconf 89' lang='lat' dir='ltr'><strong>usque</strong></span> <span class='ocrx_word' id='word_1_339' title='bbox 1134 2805 1185 2858; x_wconf 93' lang='lat' dir='ltr'><strong>in</strong></span> <span class='ocrx_word' id='word_1_340' title='bbox 1211 2805 1731 2860; x_wconf 87' lang='lat' dir='ltr'><strong>consummationem</strong></span> 
     </span>
    </p>
   </div>
   <div class='ocr_carea' id='block_1_44' title="bbox 143 2891 1734 2963">
    <p class='ocr_par' dir='ltr' id='par_1_44' title="bbox 143 2891 1734 2963">
     <span class='ocr_line' id='line_1_44' title="bbox 143 2891 1734 2963; baseline 0.001 -16"><span class='ocrx_word' id='word_1_341' title='bbox 143 2894 312 2948; x_wconf 57' lang='lat' dir='ltr'><strong>seculi</strong></span> <span class='ocrx_word' id='word_1_342' title='bbox 361 2892 698 2947; x_wconf 86' lang='lat' dir='ltr'><strong>servabitur.</strong></span> <span class='ocrx_word' id='word_1_343' title='bbox 749 2891 840 2948; x_wconf 90' lang='lat' dir='ltr'><strong>Sic</strong></span> <span class='ocrx_word' id='word_1_344' title='bbox 875 2894 1058 2963; x_wconf 88' lang='lat' dir='ltr'><strong>itaque</strong></span> <span class='ocrx_word' id='word_1_345' title='bbox 1093 2903 1148 2949; x_wconf 92' lang='lat' dir='ltr'><strong>et</strong></span> <span class='ocrx_word' id='word_1_346' title='bbox 1196 2893 1326 2948; x_wconf 91' lang='lat' dir='ltr'><strong>illud</strong></span> <span class='ocrx_word' id='word_1_347' title='bbox 1363 2903 1446 2948; x_wconf 91' lang='lat' dir='ltr'><strong>est</strong></span> <span class='ocrx_word' id='word_1_348' title='bbox 1481 2895 1548 2948; x_wconf 90' lang='lat' dir='ltr'><strong>ad</strong></span> <span class='ocrx_word' id='word_1_349' title='bbox 1588 2893 1734 2948; x_wconf 90' lang='lat' dir='ltr'><strong>solos</strong></span> 
     </span>
    </p>
   </div>
   <div class='ocr_carea' id='block_1_45' title="bbox 143 2985 1734 3056">
    <p class='ocr_par' dir='ltr' id='par_1_45' title="bbox 143 2985 1734 3056">
     <span class='ocr_line' id='line_1_45' title="bbox 143 2985 1734 3056; baseline 0.001 -16"><span class='ocrx_word' id='word_1_350' title='bbox 143 2987 434 3056; x_wconf 82' lang='lat' dir='ltr'><strong>apostolos,</strong></span> <span class='ocrx_word' id='word_1_351' title='bbox 459 2986 552 3040; x_wconf 89' lang='lat' dir='ltr'><strong>ubi</strong></span> <span class='ocrx_word' id='word_1_352' title='bbox 581 2986 700 3040; x_wconf 86' lang='lat' dir='ltr'><strong>ait:</strong></span> <span class='ocrx_word' id='word_1_353' title='bbox 734 2985 868 3041; x_wconf 88' lang='lat' dir='ltr'><strong>Cum</strong></span> <span class='ocrx_word' id='word_1_354' title='bbox 897 2987 1129 3042; x_wconf 72' lang='lat' dir='ltr'><strong>videritis</strong></span> <span class='ocrx_word' id='word_1_355' title='bbox 1162 2987 1276 3041; x_wconf 82' lang='lat' dir='ltr'><strong>lucc</strong></span> <span class='ocrx_word' id='word_1_356' title='bbox 1315 2988 1513 3052; x_wconf 84' lang='lat' dir='ltr'><strong>omnia,</strong></span> <span class='ocrx_word' id='word_1_357' title='bbox 1552 2989 1734 3042; x_wconf 80' lang='lat' dir='ltr'><strong>scitote</strong></span> 
     </span>
    </p>
   </div>
   <div class='ocr_carea' id='block_1_46' title="bbox 143 3078 1733 3151">
    <p class='ocr_par' dir='ltr' id='par_1_46' title="bbox 143 3078 1733 3151">
     <span class='ocr_line' id='line_1_46' title="bbox 143 3078 1733 3151; baseline 0.001 -18"><span class='ocrx_word' id='word_1_358' title='bbox 143 3080 254 3148; x_wconf 68' lang='lat' dir='ltr'><strong>quia</strong></span> <span class='ocrx_word' id='word_1_359' title='bbox 296 3096 471 3150; x_wconf 81' lang='lat' dir='ltr'><strong>prope</strong></span> <span class='ocrx_word' id='word_1_360' title='bbox 512 3090 588 3134; x_wconf 80' lang='lat' dir='ltr'><strong>est</strong></span> <span class='ocrx_word' id='word_1_361' title='bbox 630 3079 684 3133; x_wconf 89' lang='lat' dir='ltr'><strong>in</strong></span> <span class='ocrx_word' id='word_1_362' title='bbox 717 3079 901 3149; x_wconf 86' lang='lat' dir='ltr'><strong>januis</strong></span> <span class='ocrx_word' id='word_1_363' title='bbox 931 3078 1149 3150; x_wconf 80' lang='lat' dir='ltr'><strong>(Matth.</strong></span> <span class='ocrx_word' id='word_1_364' title='bbox 1183 3094 1340 3145; x_wconf 80' lang='lat' dir='ltr'><strong>xxiv,</strong></span> <span class='ocrx_word' id='word_1_365' title='bbox 1365 3079 1476 3151; x_wconf 77' lang='lat'><strong>33).</strong></span> <span class='ocrx_word' id='word_1_366' title='bbox 1502 3079 1637 3135; x_wconf 90' lang='lat' dir='ltr'><strong>Cum</strong></span> <span class='ocrx_word' id='word_1_367' title='bbox 1665 3081 1733 3135; x_wconf 87' lang='lat' dir='ltr'><strong>ad</strong></span> 
     </span>
    </p>
   </div>
   <div class='ocr_carea' id='block_1_47' title="bbox 1825 1887 3404 1955">
    <p class='ocr_par' dir='ltr' id='par_1_47' title="bbox 1825 1887 3404 1955">
     <span class='ocr_line' id='line_1_47' title="bbox 1825 1887 3404 1955; baseline 0.001 -14"><span class='ocrx_word' id='word_1_368' title='bbox 1825 1887 1987 1942; x_wconf 88' lang='lat' dir='ltr'><strong>mitcr</strong></span> <span class='ocrx_word' id='word_1_369' title='bbox 2013 1887 2240 1942; x_wconf 85' lang='lat' dir='ltr'><strong>debetis.</strong></span> <span class='ocrx_word' id='word_1_370' title='bbox 2273 1887 2444 1944; x_wconf 86' lang='lat' dir='ltr'><strong>Porro</strong></span> <span class='ocrx_word' id='word_1_371' title='bbox 2473 1888 2772 1943; x_wconf 85' lang='lat' dir='ltr'><strong>Beelzebub</strong></span> <span class='ocrx_word' id='word_1_372' title='bbox 2798 1888 2996 1943; x_wconf 89' lang='lat' dir='ltr'><strong>idolum</strong></span> <span class='ocrx_word' id='word_1_373' title='bbox 3028 1899 3111 1944; x_wconf 87' lang='lat' dir='ltr'><strong>est</strong></span> <span class='ocrx_word' id='word_1_374' title='bbox 3136 1889 3404 1955; x_wconf 82' lang='lat' dir='ltr'><strong>Accamn,</strong></span> 
     </span>
    </p>
   </div>
   <div class='ocr_carea' id='block_1_48' title="bbox 1822 1977 3408 2048">
    <p class='ocr_par' dir='ltr' id='par_1_48' title="bbox 1822 1977 3408 2048">
     <span class='ocr_line' id='line_1_48' title="bbox 1822 1977 3408 2048; baseline 0.002 -17"><span class='ocrx_word' id='word_1_375' title='bbox 1822 1977 1964 2048; x_wconf 92' lang='lat' dir='ltr'><strong>quod</strong></span> <span class='ocrx_word' id='word_1_376' title='bbox 2006 1987 2230 2033; x_wconf 89' lang='lat' dir='ltr'><strong>vocatur</strong></span> <span class='ocrx_word' id='word_1_377' title='bbox 2279 1979 2332 2033; x_wconf 93' lang='lat' dir='ltr'><strong>in</strong></span> <span class='ocrx_word' id='word_1_378' title='bbox 2390 1977 2597 2048; x_wconf 82' lang='lat' dir='ltr'><strong>Regum</strong></span> <span class='ocrx_word' id='word_1_379' title='bbox 2648 1979 2918 2033; x_wconf 90' lang='lat' dir='ltr'><strong>volumine</strong></span> <span class='ocrx_word' id='word_1_380' title='bbox 2962 1979 3160 2033; x_wconf 87' lang='lat' dir='ltr'><strong>idolum</strong></span> <span class='ocrx_word' id='word_1_381' title='bbox 3215 1996 3408 2034; x_wconf 68' lang='lat' dir='ltr'><strong>musca!</strong></span> 
     </span>
    </p>
   </div>
   <div class='ocr_carea' id='block_1_49' title="bbox 1822 2066 3408 2141">
    <p class='ocr_par' dir='ltr' id='par_1_49' title="bbox 1822 2066 3408 2141">
     <span class='ocr_line' id='line_1_49' title="bbox 1822 2066 3408 2141; baseline 0.002 -19"><span class='ocrx_word' id='word_1_382' title='bbox 1822 2066 1940 2139; x_wconf 84' lang='lat' dir='ltr'><strong>(IV</strong></span> <span class='ocrx_word' id='word_1_383' title='bbox 1970 2067 2101 2138; x_wconf 81' lang='lat' dir='ltr'><strong>Reg.</strong></span> <span class='ocrx_word' id='word_1_384' title='bbox 2136 2068 2208 2137; x_wconf 85' lang='grc' dir='ltr'><strong>ι),</strong></span> <span class='ocrx_word' id='word_1_385' title='bbox 2240 2069 2384 2139; x_wconf 92' lang='lat' dir='ltr'><strong>quod</strong></span> <span class='ocrx_word' id='word_1_386' title='bbox 2426 2069 2716 2138; x_wconf 91' lang='lat' dir='ltr'><strong>aliquando</strong></span> <span class='ocrx_word' id='word_1_387' title='bbox 2742 2069 2940 2123; x_wconf 89' lang='lat' dir='ltr'><strong>dicitur</strong></span> <span class='ocrx_word' id='word_1_388' title='bbox 2967 2069 3116 2135; x_wconf 89' lang='lat' dir='ltr'><strong>Baal,</strong></span> <span class='ocrx_word' id='word_1_389' title='bbox 3152 2085 3217 2125; x_wconf 91' lang='lat' dir='ltr'><strong>eo</strong></span> <span class='ocrx_word' id='word_1_390' title='bbox 3263 2071 3408 2141; x_wconf 90' lang='lat' dir='ltr'><strong>quod</strong></span> 
     </span>
    </p>
   </div>
   <div class='ocr_carea' id='block_1_50' title="bbox 1825 2157 3410 2229">
    <p class='ocr_par' dir='ltr' id='par_1_50' title="bbox 1825 2157 3410 2229">
     <span class='ocr_line' id='line_1_50' title="bbox 1825 2157 3410 2229; baseline 0.001 -17"><span class='ocrx_word' id='word_1_391' title='bbox 1825 2157 1878 2212; x_wconf 94' lang='lat' dir='ltr'><strong>in</strong></span> <span class='ocrx_word' id='word_1_392' title='bbox 1934 2159 2207 2213; x_wconf 88' lang='lat' dir='ltr'><strong>montibus</strong></span> <span class='ocrx_word' id='word_1_393' title='bbox 2252 2157 2623 2224; x_wconf 86' lang='lat' dir='ltr'><strong>adorabatur;</strong></span> <span class='ocrx_word' id='word_1_394' title='bbox 2673 2158 2962 2227; x_wconf 89' lang='lat' dir='ltr'><strong>aliquando</strong></span> <span class='ocrx_word' id='word_1_395' title='bbox 3001 2158 3410 2229; x_wconf 86' lang='lat' dir='ltr'><strong>Beelphegor,a</strong></span> 
     </span>
    </p>
   </div>
   <div class='ocr_carea' id='block_1_51' title="bbox 1825 2249 3411 2322">
    <p class='ocr_par' dir='ltr' id='par_1_51' title="bbox 1825 2249 3411 2322">
     <span class='ocr_line' id='line_1_51' title="bbox 1825 2249 3411 2322; baseline 0 -16"><span class='ocrx_word' id='word_1_396' title='bbox 1825 2251 2046 2306; x_wconf 84' lang='lat' dir='ltr'><strong>civitate</strong></span> <span class='ocrx_word' id='word_1_397' title='bbox 2097 2252 2151 2305; x_wconf 93' lang='lat' dir='ltr'><strong>in</strong></span> <span class='ocrx_word' id='word_1_398' title='bbox 2191 2267 2298 2322; x_wconf 89' lang='lat' dir='ltr'><strong>qua</strong></span> <span class='ocrx_word' id='word_1_399' title='bbox 2324 2261 2444 2305; x_wconf 91' lang='lat' dir='ltr'><strong>erat</strong></span> <span class='ocrx_word' id='word_1_400' title='bbox 2493 2250 2692 2306; x_wconf 90' lang='lat' dir='ltr'><strong>idolum</strong></span> <span class='ocrx_word' id='word_1_401' title='bbox 2739 2249 2969 2306; x_wconf 88' lang='lat' dir='ltr'><strong>filiorum</strong></span> <span class='ocrx_word' id='word_1_402' title='bbox 3012 2251 3262 2308; x_wconf 86' lang='lat' dir='ltr'><strong>Ammon.</strong></span> <span class='ocrx_word' id='word_1_403' title='bbox 3315 2251 3411 2307; x_wconf 88' lang='lat' dir='ltr'><strong>Bel</strong></span> 
     </span>
    </p>
   </div>
   <div class='ocr_carea' id='block_1_52' title="bbox 1827 2341 3412 2416">
    <p class='ocr_par' dir='ltr' id='par_1_52' title="bbox 1827 2341 3412 2416">
     <span class='ocr_line' id='line_1_52' title="bbox 1827 2341 3412 2416; baseline 0.001 -19"><span class='ocrx_word' id='word_1_404' title='bbox 1827 2352 2006 2397; x_wconf 87' lang='lat' dir='ltr'><strong>autem</strong></span> <span class='ocrx_word' id='word_1_405' title='bbox 2048 2353 2201 2413; x_wconf 87' lang='lat' dir='ltr'><strong>pater</strong></span> <span class='ocrx_word' id='word_1_406' title='bbox 2237 2341 2360 2398; x_wconf 82' lang='lat' dir='ltr'><strong>Nini</strong></span> <span class='ocrx_word' id='word_1_407' title='bbox 2406 2342 2547 2416; x_wconf 80' lang='lat' dir='ltr'><strong>regis</strong></span> <span class='ocrx_word' id='word_1_408' title='bbox 2574 2343 2924 2413; x_wconf 82' lang='lat' dir='ltr'><strong>Assyriorum</strong></span> <span class='ocrx_word' id='word_1_409' title='bbox 2962 2344 3082 2409; x_wconf 90' lang='lat' dir='ltr'><strong>fuit,</strong></span> <span class='ocrx_word' id='word_1_410' title='bbox 3128 2359 3289 2414; x_wconf 89' lang='lat' dir='ltr'><strong>quem</strong></span> <span class='ocrx_word' id='word_1_411' title='bbox 3319 2344 3412 2400; x_wconf 90' lang='lat' dir='ltr'><strong>alii</strong></span> 
     </span>
    </p>
   </div>
   <div class='ocr_carea' id='block_1_53' title="bbox 1830 2433 3414 2505">
    <p class='ocr_par' dir='ltr' id='par_1_53' title="bbox 1830 2433 3414 2505">
     <span class='ocr_line' id='line_1_53' title="bbox 1830 2433 3414 2505; baseline 0.001 -17"><span class='ocrx_word' id='word_1_412' title='bbox 1830 2433 2122 2489; x_wconf 88' lang='lat' dir='ltr'><strong>Saturnum</strong></span> <span class='ocrx_word' id='word_1_413' title='bbox 2170 2449 2293 2490; x_wconf 88' lang='lat' dir='ltr'><strong>esse</strong></span> <span class='ocrx_word' id='word_1_414' title='bbox 2347 2436 2619 2490; x_wconf 90' lang='lat' dir='ltr'><strong>dixerunt.</strong></span> <span class='ocrx_word' id='word_1_415' title='bbox 2666 2435 2834 2490; x_wconf 85' lang='lat' dir='ltr'><strong>Porro</strong></span> <span class='ocrx_word' id='word_1_416' title='bbox 2882 2437 3024 2505; x_wconf 87' lang='lat' dir='ltr'><strong>quod</strong></span> <span class='ocrx_word' id='word_1_417' title='bbox 3071 2439 3307 2492; x_wconf 88' lang='lat' dir='ltr'><strong>additum</strong></span> <span class='ocrx_word' id='word_1_418' title='bbox 3330 2447 3414 2492; x_wconf 89' lang='lat' dir='ltr'><strong>est</strong></span> 
     </span>
    </p>
   </div>
   <div class='ocr_carea' id='block_1_54' title="bbox 1830 2521 3413 2595">
    <p class='ocr_par' dir='ltr' id='par_1_54' title="bbox 1830 2521 3413 2595">
     <span class='ocr_line' id='line_1_54' title="bbox 1830 2521 3413 2595; baseline 0.001 -18"><span class='ocrx_word' id='word_1_419' title='bbox 1830 2521 2036 2586; x_wconf 82' lang='lat' dir='ltr'><strong>Zebub,</strong></span> <span class='ocrx_word' id='word_1_420' title='bbox 2069 2523 2289 2577; x_wconf 90' lang='lat' dir='ltr'><strong>tradunt</strong></span> <span class='ocrx_word' id='word_1_421' title='bbox 2307 2525 2451 2592; x_wconf 92' lang='lat' dir='ltr'><strong>quod</strong></span> <span class='ocrx_word' id='word_1_422' title='bbox 2477 2532 2696 2594; x_wconf 85' lang='lat' dir='ltr'><strong>propter</strong></span> <span class='ocrx_word' id='word_1_423' title='bbox 2717 2540 2932 2580; x_wconf 88' lang='lat' dir='ltr'><strong>servum</strong></span> <span class='ocrx_word' id='word_1_424' title='bbox 2955 2526 3286 2590; x_wconf 80' lang='lat' dir='ltr'><strong>Abimelech,</strong></span> <span class='ocrx_word' id='word_1_425' title='bbox 3319 2527 3413 2595; x_wconf 89' lang='lat' dir='ltr'><strong>qui</strong></span> 
     </span>
    </p>
   </div>
   <div class='ocr_carea' id='block_1_55' title="bbox 1834 2613 3414 2688">
    <p class='ocr_par' dir='ltr' id='par_1_55' title="bbox 1834 2613 3414 2688">
     <span class='ocr_line' id='line_1_55' title="bbox 1834 2613 3414 2688; baseline 0.003 -19"><span class='ocrx_word' id='word_1_426' title='bbox 1834 2613 2030 2669; x_wconf 79' lang='lat' dir='ltr'><strong>fratres</strong></span> <span class='ocrx_word' id='word_1_427' title='bbox 2073 2630 2200 2670; x_wconf 91' lang='lat' dir='ltr'><strong>suos</strong></span> <span class='ocrx_word' id='word_1_428' title='bbox 2236 2616 2573 2686; x_wconf 70' lang='lat' dir='ltr'><strong>septuaginta</strong></span> <span class='ocrx_word' id='word_1_429' title='bbox 2620 2618 2848 2686; x_wconf 87' lang='lat' dir='ltr'><strong>peremit</strong></span> <span class='ocrx_word' id='word_1_430' title='bbox 2871 2617 3070 2688; x_wconf 86' lang='lat' dir='ltr'><strong>gladio,</strong></span> <span class='ocrx_word' id='word_1_431' title='bbox 3113 2619 3184 2672; x_wconf 92' lang='lat' dir='ltr'><strong>ita</strong></span> <span class='ocrx_word' id='word_1_432' title='bbox 3212 2619 3283 2673; x_wconf 87' lang='lat' dir='ltr'><strong>sit</strong></span> <span class='ocrx_word' id='word_1_433' title='bbox 3315 2634 3414 2688; x_wconf 89' lang='lat' dir='ltr'><strong>ap-</strong></span> 
     </span>
    </p>
   </div>
   <div class='ocr_carea' id='block_1_56' title="bbox 1833 2703 3415 2778">
    <p class='ocr_par' dir='ltr' id='par_1_56' title="bbox 1833 2703 3415 2778">
     <span class='ocr_line' id='line_1_56' title="bbox 1833 2703 3415 2778; baseline 0.006 -22"><span class='ocrx_word' id='word_1_434' title='bbox 1833 2703 2080 2774; x_wconf 88' lang='lat' dir='ltr'><strong>pellatus.</strong></span> <span class='ocrx_word' id='word_1_435' title='bbox 2113 2703 2212 2759; x_wconf 88' lang='lat' dir='ltr'><strong>Hic</strong></span> <span class='ocrx_word' id='word_1_436' title='bbox 2249 2713 2431 2760; x_wconf 88' lang='lat' dir='ltr'><strong>autem</strong></span> <span class='ocrx_word' id='word_1_437' title='bbox 2477 2720 2667 2762; x_wconf 89' lang='lat' dir='ltr'><strong>servus</strong></span> <span class='ocrx_word' id='word_1_438' title='bbox 2705 2707 2902 2762; x_wconf 90' lang='lat' dir='ltr'><strong>dicitur</strong></span> <span class='ocrx_word' id='word_1_439' title='bbox 2929 2709 3139 2778; x_wconf 89' lang='lat' dir='ltr'><strong>primus</strong></span> <span class='ocrx_word' id='word_1_440' title='bbox 3165 2709 3268 2765; x_wconf 90' lang='lat' dir='ltr'><strong>hoc</strong></span> <span class='ocrx_word' id='word_1_441' title='bbox 3294 2709 3415 2765; x_wconf 89' lang='lat' dir='ltr'><strong>ido-</strong></span> 
     </span>
    </p>
   </div>
   <div class='ocr_carea' id='block_1_57' title="bbox 1835 2794 3418 2877">
    <p class='ocr_par' dir='ltr' id='par_1_57' title="bbox 1835 2794 3418 2877">
     <span class='ocr_line' id='line_1_57' title="bbox 1835 2794 3418 2877; baseline 0.008 -28"><span class='ocrx_word' id='word_1_442' title='bbox 1835 2794 1945 2850; x_wconf 88' lang='lat' dir='ltr'><strong>lum</strong></span> <span class='ocrx_word' id='word_1_443' title='bbox 1993 2796 2048 2851; x_wconf 89' lang='lat' dir='ltr'><strong>in</strong></span> <span class='ocrx_word' id='word_1_444' title='bbox 2083 2805 2227 2852; x_wconf 89' lang='lat' dir='ltr'><strong>terra</strong></span> <span class='ocrx_word' id='word_1_445' title='bbox 2267 2798 2432 2854; x_wconf 86' lang='lat' dir='ltr'><strong>Israel</strong></span> <span class='ocrx_word' id='word_1_446' title='bbox 2465 2799 2738 2856; x_wconf 88' lang='lat' dir='ltr'><strong>adorasse.</strong></span> <span class='ocrx_word' id='word_1_447' title='bbox 2772 2801 3158 2872; x_wconf 88' lang='lat' dir='ltr'><strong>Interpretatur</strong></span> <span class='ocrx_word' id='word_1_448' title='bbox 3199 2821 3418 2877; x_wconf 84' lang='lat' dir='ltr'><strong>quoque</strong></span> 
     </span>
    </p>
   </div>
   <div class='ocr_carea' id='block_1_58' title="bbox 1836 2887 3413 2964">
    <p class='ocr_par' dir='ltr' id='par_1_58' title="bbox 1836 2887 3413 2964">
     <span class='ocr_line' id='line_1_58' title="bbox 1836 2887 3413 2964; baseline 0.007 -23"><span class='ocrx_word' id='word_1_449' title='bbox 1836 2887 2038 2953; x_wconf 83' lang='lat' dir='ltr'><strong>Zebub,</strong></span> <span class='ocrx_word' id='word_1_450' title='bbox 2065 2905 2248 2944; x_wconf 76' lang='lat' dir='ltr'><strong>musca</strong></span> <span class='ocrx_word' id='word_1_451' title='bbox 2276 2889 2361 2945; x_wconf 85' lang='lat' dir='ltr'><strong>vel</strong></span> <span class='ocrx_word' id='word_1_452' title='bbox 2389 2891 2468 2945; x_wconf 73' lang='lat' dir='ltr'><strong>uir</strong></span> <span class='ocrx_word' id='word_1_453' title='bbox 2497 2907 2818 2958; x_wconf 83' lang='lat' dir='ltr'><strong>muscarum,</strong></span> <span class='ocrx_word' id='word_1_454' title='bbox 2846 2904 3066 2964; x_wconf 89' lang='lat' dir='ltr'><strong>propter</strong></span> <span class='ocrx_word' id='word_1_455' title='bbox 3111 2895 3413 2952; x_wconf 89' lang='lat' dir='ltr'><strong>multitudi-</strong></span> 
     </span>
    </p>
   </div>
   <div class='ocr_carea' id='block_1_59' title="bbox 1837 2981 3418 3056">
    <p class='ocr_par' dir='ltr' id='par_1_59' title="bbox 1837 2981 3418 3056">
     <span class='ocr_line' id='line_1_59' title="bbox 1837 2981 3418 3056; baseline 0.007 -22"><span class='ocrx_word' id='word_1_456' title='bbox 1837 2993 1962 3034; x_wconf 92' lang='lat' dir='ltr'><strong>nem</strong></span> <span class='ocrx_word' id='word_1_457' title='bbox 1991 2981 2231 3036; x_wconf 88' lang='lat' dir='ltr'><strong>sordium</strong></span> <span class='ocrx_word' id='word_1_458' title='bbox 2269 2991 2324 3036; x_wconf 86' lang='lat' dir='ltr'><strong>et</strong></span> <span class='ocrx_word' id='word_1_459' title='bbox 2351 2984 2690 3053; x_wconf 89' lang='lat' dir='ltr'><strong>putredinem</strong></span> <span class='ocrx_word' id='word_1_460' title='bbox 2722 2985 3042 3051; x_wconf 88' lang='lat' dir='ltr'><strong>hostiarum,</strong></span> <span class='ocrx_word' id='word_1_461' title='bbox 3070 3002 3206 3056; x_wconf 88' lang='lat' dir='ltr'><strong>quas</strong></span> <span class='ocrx_word' id='word_1_462' title='bbox 3233 3003 3418 3044; x_wconf 90' lang='lat' dir='ltr'><strong>coram</strong></span> 
     </span>
    </p>
   </div>
   <div class='ocr_carea' id='block_1_60' title="bbox 1840 3070 3422 3145">
    <p class='ocr_par' dir='ltr' id='par_1_60' title="bbox 1840 3070 3422 3145">
     <span class='ocr_line' id='line_1_60' title="bbox 1840 3070 3422 3145; baseline 0.006 -21"><span class='ocrx_word' id='word_1_463' title='bbox 1840 3070 1982 3126; x_wconf 91' lang='lat' dir='ltr'><strong>idolo</strong></span> <span class='ocrx_word' id='word_1_464' title='bbox 2013 3070 2229 3138; x_wconf 61' lang='lat' dir='ltr'><strong>Musca,</strong></span> <span class='ocrx_word' id='word_1_465' title='bbox 2267 3087 2388 3143; x_wconf 64' lang='lat' dir='ltr'><strong>quae</strong></span> <span class='ocrx_word' id='word_1_466' title='bbox 2425 3074 2790 3129; x_wconf 89' lang='lat' dir='ltr'><strong>exterminant</strong></span> <span class='ocrx_word' id='word_1_467' title='bbox 2829 3077 3145 3132; x_wconf 83' lang='lat' dir='ltr'><strong>suavitatem</strong></span> <span class='ocrx_word' id='word_1_468' title='bbox 3184 3077 3308 3145; x_wconf 91' lang='lat' dir='ltr'><strong>olei,</strong></span> <span class='ocrx_word' id='word_1_469' title='bbox 3341 3079 3422 3134; x_wconf 79' lang='lat' dir='ltr'><strong>in-</strong></span> 
     </span>
    </p>
   </div>
   <div class='ocr_carea' id='block_1_61' title="bbox 148 3141 3420 3238">
    <p class='ocr_par' dir='ltr' id='par_1_61' title="bbox 148 3141 3420 3238">
     <span class='ocr_line' id='line_1_61' title="bbox 148 3141 3420 3238; baseline 0.001 -15"><span class='ocrx_word' id='word_1_470' title='bbox 148 3141 230 3223; x_wconf 73' lang='lat' dir='ltr'><strong>eos</strong></span> <span class='ocrx_word' id='word_1_471' title='bbox 275 3141 463 3224; x_wconf 73' lang='lat' dir='ltr'><strong>solum</strong></span> <span class='ocrx_word' id='word_1_472' title='bbox 513 3169 618 3224; x_wconf 94' lang='lat' dir='ltr'><strong>hoc</strong></span> <span class='ocrx_word' id='word_1_473' title='bbox 645 3141 915 3238; x_wconf 75' lang='lat' dir='ltr'><strong>pertineat</strong></span> <span class='ocrx_word' id='word_1_474' title='bbox 936 3141 1028 3238; x_wconf 81' lang='lat' dir='ltr'><strong>qui</strong></span> <span class='ocrx_word' id='word_1_475' title='bbox 1054 3178 1214 3224; x_wconf 89' lang='lat' dir='ltr'><strong>erunt</strong></span> <span class='ocrx_word' id='word_1_476' title='bbox 1239 3141 1396 3224; x_wconf 84' lang='lat' dir='ltr'><strong>electi</strong></span> <span class='ocrx_word' id='word_1_477' title='bbox 1436 3141 1496 3224; x_wconf 79' lang='lat' dir='ltr'><strong>in</strong></span> <span class='ocrx_word' id='word_1_478' title='bbox 1547 3183 1731 3224; x_wconf 87' lang='lat' dir='ltr'><strong>carne.</strong></span> <span class='ocrx_word' id='word_1_479' title='bbox 1761 3141 1806 3203; x_wconf 69' lang='grc' dir='ltr'>Ο</span> <span class='ocrx_word' id='word_1_480' title='bbox 1839 3164 2206 3233; x_wconf 87' lang='lat' dir='ltr'><strong>sequebantur</strong></span> <span class='ocrx_word' id='word_1_481' title='bbox 2229 3141 2602 3220; x_wconf 16' lang='lat' dir='ltr'><strong>etifmdabant.</strong></span> <span class='ocrx_word' id='word_1_482' title='bbox 2643 3165 2792 3222; x_wconf 89' lang='lat' dir='ltr'><strong>Unde</strong></span> <span class='ocrx_word' id='word_1_483' title='bbox 2833 3167 2958 3238; x_wconf 85' lang='lat' dir='ltr'><strong>quia</strong></span> <span class='ocrx_word' id='word_1_484' title='bbox 3009 3141 3420 3238; x_wconf 83' lang='lat' dir='ltr'><strong>spurcissimam</strong></span> 
     </span>
    </p>
   </div>
   <div class='ocr_carea' id='block_1_62' title="bbox 148 3261 1737 3332">
    <p class='ocr_par' dir='ltr' id='par_1_62' title="bbox 148 3261 1737 3332">
     <span class='ocr_line' id='line_1_62' title="bbox 148 3261 1737 3332; baseline 0.001 -15"><span class='ocrx_word' id='word_1_485' title='bbox 148 3263 240 3330; x_wconf 84' lang='lat' dir='ltr'><strong>Qui</strong></span> <span class='ocrx_word' id='word_1_486' title='bbox 259 3263 528 3318; x_wconf 89' lang='lat' dir='ltr'><strong>nimirum</strong></span> <span class='ocrx_word' id='word_1_487' title='bbox 551 3277 682 3317; x_wconf 90' lang='lat' dir='ltr'><strong>usus</strong></span> <span class='ocrx_word' id='word_1_488' title='bbox 709 3261 962 3331; x_wconf 90' lang='lat' dir='ltr'><strong>loquendi</strong></span> <span class='ocrx_word' id='word_1_489' title='bbox 984 3277 1145 3332; x_wconf 87' lang='lat' dir='ltr'><strong>quam</strong></span> <span class='ocrx_word' id='word_1_490' title='bbox 1180 3276 1321 3332; x_wconf 63' lang='lat' dir='ltr'><strong>saepe</strong></span> <span class='ocrx_word' id='word_1_491' title='bbox 1353 3263 1404 3316; x_wconf 91' lang='lat' dir='ltr'><strong>in</strong></span> <span class='ocrx_word' id='word_1_492' title='bbox 1443 3262 1737 3332; x_wconf 89' lang='lat' dir='ltr'><strong>Scripturis</strong></span> 
     </span>
    </p>
   </div>
   <div class='ocr_carea' id='block_1_63' title="bbox 148 3349 1736 3416">
    <p class='ocr_par' dir='ltr' id='par_1_63' title="bbox 148 3349 1736 3416">
     <span class='ocr_line' id='line_1_63' title="bbox 148 3349 1736 3416; baseline 0.001 -11"><span class='ocrx_word' id='word_1_493' title='bbox 148 3351 417 3407; x_wconf 83' lang='lat' dir='ltr'><strong>invenitur</strong></span> <span class='ocrx_word' id='word_1_494' title='bbox 437 3351 662 3406; x_wconf 89' lang='lat' dir='ltr'><strong>divinis.</strong></span> <span class='ocrx_word' id='word_1_495' title='bbox 685 3349 840 3406; x_wconf 88' lang='lat' dir='ltr'><strong>Unde</strong></span> <span class='ocrx_word' id='word_1_496' title='bbox 870 3351 952 3405; x_wconf 88' lang='lat' dir='ltr'><strong>sic</strong></span> <span class='ocrx_word' id='word_1_497' title='bbox 979 3351 1180 3406; x_wconf 89' lang='lat' dir='ltr'><strong>dictum</strong></span> <span class='ocrx_word' id='word_1_498' title='bbox 1205 3351 1441 3416; x_wconf 90' lang='lat' dir='ltr'><strong>videtur,</strong></span> <span class='ocrx_word' id='word_1_499' title='bbox 1465 3363 1525 3407; x_wconf 90' lang='lat' dir='ltr'><strong>ut</strong></span> <span class='ocrx_word' id='word_1_500' title='bbox 1551 3361 1736 3407; x_wconf 88' lang='lat' dir='ltr'><strong>osten-</strong></span> 
     </span>
    </p>
   </div>
   <div class='ocr_carea' id='block_1_64' title="bbox 148 3439 1736 3510">
    <p class='ocr_par' dir='ltr' id='par_1_64' title="bbox 148 3439 1736 3510">
     <span class='ocr_line' id='line_1_64' title="bbox 148 3439 1736 3510; baseline 0.001 -16"><span class='ocrx_word' id='word_1_501' title='bbox 148 3441 293 3495; x_wconf 89' lang='lat' dir='ltr'><strong>deret</strong></span> <span class='ocrx_word' id='word_1_502' title='bbox 323 3442 595 3510; x_wconf 87' lang='lat' dir='ltr'><strong>quosdam</strong></span> <span class='ocrx_word' id='word_1_503' title='bbox 622 3439 988 3510; x_wconf 85' lang='lat' dir='ltr'><strong>apostolorum</strong></span> <span class='ocrx_word' id='word_1_504' title='bbox 1015 3440 1384 3510; x_wconf 71' lang='lat' dir='ltr'><strong>puedicationi</strong></span> <span class='ocrx_word' id='word_1_505' title='bbox 1412 3441 1736 3508; x_wconf 73' lang='lat' dir='ltr'><strong>credituros,</strong></span> 
     </span>
    </p>
   </div>
   <div class='ocr_carea' id='block_1_65' title="bbox 146 3529 1740 3601">
    <p class='ocr_par' dir='ltr' id='par_1_65' title="bbox 146 3529 1740 3601">
     <span class='ocr_line' id='line_1_65' title="bbox 146 3529 1740 3601; baseline 0.003 -18"><span class='ocrx_word' id='word_1_506' title='bbox 146 3531 346 3584; x_wconf 83' lang='lat' dir='ltr'><strong>deinde</strong></span> <span class='ocrx_word' id='word_1_507' title='bbox 378 3531 638 3598; x_wconf 86' lang='lat' dir='ltr'><strong>reliquum</strong></span> <span class='ocrx_word' id='word_1_508' title='bbox 683 3529 852 3584; x_wconf 89' lang='lat' dir='ltr'><strong>Israel</strong></span> <span class='ocrx_word' id='word_1_509' title='bbox 897 3530 1122 3585; x_wconf 88' lang='lat' dir='ltr'><strong>credere</strong></span> <span class='ocrx_word' id='word_1_510' title='bbox 1173 3531 1228 3584; x_wconf 90' lang='lat' dir='ltr'><strong>in</strong></span> <span class='ocrx_word' id='word_1_511' title='bbox 1275 3531 1582 3586; x_wconf 87' lang='lat' dir='ltr'><strong>novissimis</strong></span> <span class='ocrx_word' id='word_1_512' title='bbox 1605 3546 1740 3601; x_wconf 87' lang='lat' dir='ltr'><strong>quos</strong></span> 
     </span>
    </p>
   </div>
   <div class='ocr_carea' id='block_1_66' title="bbox 153 3621 1738 3693">
    <p class='ocr_par' dir='ltr' id='par_1_66' title="bbox 153 3621 1738 3693">
     <span class='ocr_line' id='line_1_66' title="bbox 153 3621 1738 3693; baseline 0.004 -21"><span class='ocrx_word' id='word_1_513' title='bbox 153 3621 394 3674; x_wconf 87' lang='lat' dir='ltr'><strong>necdum</strong></span> <span class='ocrx_word' id='word_1_514' title='bbox 437 3631 832 3676; x_wconf 88' lang='lat' dir='ltr'><strong>consummatos</strong></span> <span class='ocrx_word' id='word_1_515' title='bbox 862 3622 928 3676; x_wconf 86' lang='lat' dir='ltr'><strong>ad</strong></span> <span class='ocrx_word' id='word_1_516' title='bbox 969 3622 1128 3677; x_wconf 84' lang='lat' dir='ltr'><strong>fidem</strong></span> <span class='ocrx_word' id='word_1_517' title='bbox 1171 3638 1294 3678; x_wconf 88' lang='lat' dir='ltr'><strong>esse</strong></span> <span class='ocrx_word' id='word_1_518' title='bbox 1335 3623 1738 3693; x_wconf 84' lang='lat' dir='ltr'><strong>conspicimus;</strong></span> 
     </span>
    </p>
   </div>
   <div class='ocr_carea' id='block_1_67' title="bbox 149 3711 1738 3783">
    <p class='ocr_par' dir='ltr' id='par_1_67' title="bbox 149 3711 1738 3783">
     <span class='ocr_line' id='line_1_67' title="bbox 149 3711 1738 3783; baseline 0.002 -18"><span class='ocrx_word' id='word_1_519' title='bbox 149 3711 250 3765; x_wconf 89' lang='lat' dir='ltr'><strong>sed</strong></span> <span class='ocrx_word' id='word_1_520' title='bbox 296 3711 355 3765; x_wconf 90' lang='lat' dir='ltr'><strong>in</strong></span> <span class='ocrx_word' id='word_1_521' title='bbox 405 3711 592 3778; x_wconf 84' lang='lat' dir='ltr'><strong>linem,</strong></span> <span class='ocrx_word' id='word_1_522' title='bbox 633 3729 756 3766; x_wconf 78' lang='lat' dir='ltr'><strong>Cllllt</strong></span> <span class='ocrx_word' id='word_1_523' title='bbox 812 3712 1084 3783; x_wconf 90' lang='lat' dir='ltr'><strong>plenitudo</strong></span> <span class='ocrx_word' id='word_1_524' title='bbox 1133 3713 1373 3783; x_wconf 90' lang='lat' dir='ltr'><strong>gentium</strong></span> <span class='ocrx_word' id='word_1_525' title='bbox 1426 3714 1738 3780; x_wconf 89' lang='lat' dir='ltr'><strong>introierit,</strong></span> 
     </span>
    </p>
   </div>
   <div class='ocr_carea' id='block_1_68' title="bbox 150 3802 1741 3875">
    <p class='ocr_par' dir='ltr' id='par_1_68' title="bbox 150 3802 1741 3875">
     <span class='ocr_line' id='line_1_68' title="bbox 150 3802 1741 3875; baseline 0.003 -20"><span class='ocrx_word' id='word_1_526' title='bbox 150 3812 502 3872; x_wconf 83' lang='lat' dir='ltr'><strong>susceptums</strong></span> <span class='ocrx_word' id='word_1_527' title='bbox 538 3802 763 3858; x_wconf 88' lang='lat' dir='ltr'><strong>minime</strong></span> <span class='ocrx_word' id='word_1_528' title='bbox 807 3803 1136 3859; x_wconf 88' lang='lat' dir='ltr'><strong>dubitamus.</strong></span> <span class='ocrx_word' id='word_1_529' title='bbox 1194 3803 1310 3860; x_wconf 71' lang='lat' dir='ltr'><strong>Non</strong></span> <span class='ocrx_word' id='word_1_530' title='bbox 1364 3805 1509 3874; x_wconf 90' lang='lat' dir='ltr'><strong>quod</strong></span> <span class='ocrx_word' id='word_1_531' title='bbox 1553 3805 1607 3860; x_wconf 89' lang='lat' dir='ltr'><strong>hi</strong></span> <span class='ocrx_word' id='word_1_532' title='bbox 1648 3805 1741 3875; x_wconf 88' lang='lat' dir='ltr'><strong>qui</strong></span> 
     </span>
    </p>
   </div>
   <div class='ocr_carea' id='block_1_69' title="bbox 151 3894 1744 3968">
    <p class='ocr_par' dir='ltr' id='par_1_69' title="bbox 151 3894 1744 3968">
     <span class='ocr_line' id='line_1_69' title="bbox 151 3894 1744 3968; baseline 0.004 -22"><span class='ocrx_word' id='word_1_533' title='bbox 151 3894 470 3948; x_wconf 78' lang='lat' dir='ltr'><strong>Antichristi</strong></span> <span class='ocrx_word' id='word_1_534' title='bbox 524 3905 693 3960; x_wconf 90' lang='lat' dir='ltr'><strong>sunt,</strong></span> <span class='ocrx_word' id='word_1_535' title='bbox 729 3896 963 3951; x_wconf 90' lang='lat' dir='ltr'><strong>debeant</strong></span> <span class='ocrx_word' id='word_1_536' title='bbox 1012 3897 1279 3962; x_wconf 89' lang='lat' dir='ltr'><strong>credere,</strong></span> <span class='ocrx_word' id='word_1_537' title='bbox 1331 3897 1426 3952; x_wconf 90' lang='lat' dir='ltr'><strong>sed</strong></span> <span class='ocrx_word' id='word_1_538' title='bbox 1480 3907 1744 3968; x_wconf 88' lang='lat' dir='ltr'><strong>quotquot</strong></span> 
     </span>
    </p>
   </div>
   <div class='ocr_carea' id='block_1_70' title="bbox 155 3985 1743 4054">
    <p class='ocr_par' dir='ltr' id='par_1_70' title="bbox 155 3985 1743 4054">
     <span class='ocr_line' id='line_1_70' title="bbox 155 3985 1743 4054; baseline 0.006 -17"><span class='ocrx_word' id='word_1_539' title='bbox 155 3985 525 4052; x_wconf 64' lang='lat' dir='ltr'><strong>pratdestinati</strong></span> <span class='ocrx_word' id='word_1_540' title='bbox 559 3996 686 4041; x_wconf 89' lang='lat' dir='ltr'><strong>sunt</strong></span> <span class='ocrx_word' id='word_1_541' title='bbox 716 3988 784 4041; x_wconf 88' lang='lat' dir='ltr'><strong>ad</strong></span> <span class='ocrx_word' id='word_1_542' title='bbox 813 3988 998 4042; x_wconf 89' lang='lat' dir='ltr'><strong>vitam.</strong></span> <span class='ocrx_word' id='word_1_543' title='bbox 1039 3989 1191 4054; x_wconf 90' lang='lat' dir='ltr'><strong>Quod</strong></span> <span class='ocrx_word' id='word_1_544' title='bbox 1218 3989 1324 4044; x_wconf 88' lang='lat' dir='ltr'><strong>erit</strong></span> <span class='ocrx_word' id='word_1_545' title='bbox 1347 3991 1743 4046; x_wconf 87' lang='lat' dir='ltr'><strong>consummatio</strong></span> 
     </span>
    </p>
   </div>
   <div class='ocr_carea' id='block_1_71' title="bbox 149 4077 1743 4148">
    <p class='ocr_par' dir='ltr' id='par_1_71' title="bbox 149 4077 1743 4148">
     <span class='ocr_line' id='line_1_71' title="bbox 149 4077 1743 4148; baseline 0.004 -17"><span class='ocrx_word' id='word_1_546' title='bbox 149 4079 556 4146; x_wconf 70' lang='lat' dir='ltr'><strong>prmdicationis</strong></span> <span class='ocrx_word' id='word_1_547' title='bbox 609 4077 1007 4148; x_wconf 78' lang='lat' dir='ltr'><strong>apdstolorum,</strong></span> <span class='ocrx_word' id='word_1_548' title='bbox 1064 4081 1262 4136; x_wconf 88' lang='lat' dir='ltr'><strong>deinde</strong></span> <span class='ocrx_word' id='word_1_549' title='bbox 1320 4082 1586 4137; x_wconf 85' lang='lat' dir='ltr'><strong>adventus</strong></span> <span class='ocrx_word' id='word_1_550' title='bbox 1649 4082 1743 4138; x_wconf 87' lang='lat' dir='ltr'><strong>filii</strong></span> 
     </span>
    </p>
   </div>
   <div class='ocr_carea' id='block_1_72' title="bbox 152 4167 1745 4240">
    <p class='ocr_par' dir='ltr' id='par_1_72' title="bbox 152 4167 1745 4240">
     <span class='ocr_line' id='line_1_72' title="bbox 152 4167 1745 4240; baseline 0.006 -21"><span class='ocrx_word' id='word_1_551' title='bbox 152 4167 408 4223; x_wconf 85' lang='lat' dir='ltr'><strong>hominis.</strong></span> <span class='ocrx_word' id='word_1_552' title='bbox 434 4167 554 4222; x_wconf 77' lang='lat' dir='ltr'><strong>Nisi</strong></span> <span class='ocrx_word' id='word_1_553' title='bbox 583 4168 724 4223; x_wconf 91' lang='lat' dir='ltr'><strong>forte</strong></span> <span class='ocrx_word' id='word_1_554' title='bbox 749 4169 1044 4224; x_wconf 86' lang='lat' dir='ltr'><strong>absurdum</strong></span> <span class='ocrx_word' id='word_1_555' title='bbox 1068 4171 1299 4235; x_wconf 87' lang='lat' dir='ltr'><strong>videtur,</strong></span> <span class='ocrx_word' id='word_1_556' title='bbox 1325 4172 1471 4240; x_wconf 89' lang='lat' dir='ltr'><strong>quod</strong></span> <span class='ocrx_word' id='word_1_557' title='bbox 1491 4171 1745 4228; x_wconf 86' lang='lat' dir='ltr'><strong>civitates</strong></span> 
     </span>
    </p>
   </div>
   <div class='ocr_carea' id='block_1_73' title="bbox 149 4255 1746 4324">
    <p class='ocr_par' dir='ltr' id='par_1_73' title="bbox 149 4255 1746 4324">
     <span class='ocr_line' id='line_1_73' title="bbox 149 4255 1746 4324; baseline 0.005 -14"><span class='ocrx_word' id='word_1_558' title='bbox 149 4255 306 4312; x_wconf 80' lang='lat' dir='ltr'><strong>Israel</strong></span> <span class='ocrx_word' id='word_1_559' title='bbox 335 4273 454 4313; x_wconf 87' lang='lat' dir='ltr'><strong>non</strong></span> <span class='ocrx_word' id='word_1_560' title='bbox 479 4259 937 4312; x_wconf 83' lang='lat' dir='ltr'><strong>consummandas</strong></span> <span class='ocrx_word' id='word_1_561' title='bbox 959 4275 1078 4314; x_wconf 90' lang='lat' dir='ltr'><strong>esse</strong></span> <span class='ocrx_word' id='word_1_562' title='bbox 1107 4261 1326 4324; x_wconf 76' lang='lat' dir='ltr'><strong>dixerit,</strong></span> <span class='ocrx_word' id='word_1_563' title='bbox 1351 4277 1473 4315; x_wconf 92' lang='lat' dir='ltr'><strong>cum</strong></span> <span class='ocrx_word' id='word_1_564' title='bbox 1499 4261 1746 4318; x_wconf 89' lang='lat' dir='ltr'><strong>civitates</strong></span> 
     </span>
    </p>
   </div>
   <div class='ocr_carea' id='block_1_74' title="bbox 149 4350 1748 4421">
    <p class='ocr_par' dir='ltr' id='par_1_74' title="bbox 149 4350 1748 4421">
     <span class='ocr_line' id='line_1_74' title="bbox 149 4350 1748 4421; baseline 0.004 -18"><span class='ocrx_word' id='word_1_565' title='bbox 149 4362 333 4404; x_wconf 84' lang='lat' dir='ltr'><strong>eorum</strong></span> <span class='ocrx_word' id='word_1_566' title='bbox 370 4350 478 4418; x_wconf 89' lang='lat' dir='ltr'><strong>ipsi</strong></span> <span class='ocrx_word' id='word_1_567' title='bbox 519 4359 648 4403; x_wconf 92' lang='lat' dir='ltr'><strong>sunt</strong></span> <span class='ocrx_word' id='word_1_568' title='bbox 691 4350 940 4420; x_wconf 74' lang='lat' dir='ltr'><strong>appellati</strong></span> <span class='ocrx_word' id='word_1_569' title='bbox 987 4362 1156 4416; x_wconf 88' lang='lat' dir='ltr'><strong>recte,</strong></span> <span class='ocrx_word' id='word_1_570' title='bbox 1203 4353 1292 4421; x_wconf 91' lang='lat' dir='ltr'><strong>qui</strong></span> <span class='ocrx_word' id='word_1_571' title='bbox 1320 4353 1478 4408; x_wconf 90' lang='lat' dir='ltr'><strong>simul</strong></span> <span class='ocrx_word' id='word_1_572' title='bbox 1509 4369 1748 4409; x_wconf 89' lang='lat' dir='ltr'><strong>commo-</strong></span> 
     </span>
    </p>
   </div>
   <div class='ocr_carea' id='block_1_75' title="bbox 1837 3253 3423 3334">
    <p class='ocr_par' dir='ltr' id='par_1_75' title="bbox 1837 3253 3423 3334">
     <span class='ocr_line' id='line_1_75' title="bbox 1837 3253 3423 3334; baseline 0.006 -27"><span class='ocrx_word' id='word_1_573' title='bbox 1837 3253 2121 3309; x_wconf 87' lang='lat' dir='ltr'><strong>videhatur</strong></span> <span class='ocrx_word' id='word_1_574' title='bbox 2151 3255 2370 3322; x_wconf 88' lang='lat' dir='ltr'><strong>idolum,</strong></span> <span class='ocrx_word' id='word_1_575' title='bbox 2422 3257 2720 3326; x_wconf 90' lang='lat' dir='ltr'><strong>principem</strong></span> <span class='ocrx_word' id='word_1_576' title='bbox 2768 3257 3156 3315; x_wconf 65' lang='lat' dir='ltr'><strong>daemoniorum</strong></span> <span class='ocrx_word' id='word_1_577' title='bbox 3186 3261 3290 3317; x_wconf 92' lang='lat' dir='ltr'><strong>hoc</strong></span> <span class='ocrx_word' id='word_1_578' title='bbox 3323 3277 3423 3334; x_wconf 77' lang='lat' dir='ltr'><strong>ap-</strong></span> 
     </span>
    </p>
   </div>
   <div class='ocr_carea' id='block_1_76' title="bbox 1838 3346 3421 3420">
    <p class='ocr_par' dir='ltr' id='par_1_76' title="bbox 1838 3346 3421 3420">
     <span class='ocr_line' id='line_1_76' title="bbox 1838 3346 3421 3420; baseline 0.006 -20"><span class='ocrx_word' id='word_1_579' title='bbox 1838 3346 2107 3416; x_wconf 88' lang='lat' dir='ltr'><strong>pellabant</strong></span> <span class='ocrx_word' id='word_1_580' title='bbox 2155 3348 2502 3414; x_wconf 72' lang='lat' dir='ltr'><strong>daemonium,</strong></span> <span class='ocrx_word' id='word_1_581' title='bbox 2548 3366 2578 3405; x_wconf 91' lang='lat' dir='ltr'><strong>a</strong></span> <span class='ocrx_word' id='word_1_582' title='bbox 2607 3364 2716 3420; x_wconf 93' lang='lat' dir='ltr'><strong>quo</strong></span> <span class='ocrx_word' id='word_1_583' title='bbox 2743 3359 2798 3406; x_wconf 91' lang='lat' dir='ltr'><strong>et</strong></span> <span class='ocrx_word' id='word_1_584' title='bbox 2826 3350 3099 3407; x_wconf 87' lang='lat' dir='ltr'><strong>Christum</strong></span> <span class='ocrx_word' id='word_1_585' title='bbox 3139 3354 3421 3410; x_wconf 85' lang='lat' dir='ltr'><strong>obsessum</strong></span> 
     </span>
    </p>
   </div>
   <div class='ocr_carea' id='block_1_77' title="bbox 1840 3440 3417 3516">
    <p class='ocr_par' dir='ltr' id='par_1_77' title="bbox 1840 3440 3417 3516">
     <span class='ocr_line' id='line_1_77' title="bbox 1840 3440 3417 3516; baseline 0.004 -21"><span class='ocrx_word' id='word_1_586' title='bbox 1840 3440 2328 3508; x_wconf 88' lang='lat' dir='ltr'><strong>ealumniahantur,</strong></span> <span class='ocrx_word' id='word_1_587' title='bbox 2372 3450 2428 3496; x_wconf 91' lang='lat' dir='ltr'><strong>et</strong></span> <span class='ocrx_word' id='word_1_588' title='bbox 2460 3443 2513 3497; x_wconf 90' lang='lat' dir='ltr'><strong>iu</strong></span> <span class='ocrx_word' id='word_1_589' title='bbox 2545 3441 2662 3512; x_wconf 88' lang='lat' dir='ltr'><strong>ejus</strong></span> <span class='ocrx_word' id='word_1_590' title='bbox 2689 3443 2906 3498; x_wconf 90' lang='lat' dir='ltr'><strong>nomine</strong></span> <span class='ocrx_word' id='word_1_591' title='bbox 2939 3444 3166 3500; x_wconf 88' lang='lat' dir='ltr'><strong>virtutes</strong></span> <span class='ocrx_word' id='word_1_592' title='bbox 3202 3449 3417 3516; x_wconf 88' lang='lat' dir='ltr'><strong>operari</strong></span> 
     </span>
    </p>
   </div>
   <div class='ocr_carea' id='block_1_78' title="bbox 1841 3532 3424 3603">
    <p class='ocr_par' dir='ltr' id='par_1_78' title="bbox 1841 3532 3424 3603">
     <span class='ocr_line' id='line_1_78' title="bbox 1841 3532 3424 3603; baseline 0.005 -18"><span class='ocrx_word' id='word_1_593' title='bbox 1841 3533 2069 3603; x_wconf 77' lang='lat' dir='ltr'><strong>(Matth.</strong></span> <span class='ocrx_word' id='word_1_594' title='bbox 2099 3532 2346 3602; x_wconf 55' lang='grc' dir='ltr'><strong>κιαι).</strong></span> <span class='ocrx_word' id='word_1_595' title='bbox 2403 3534 2470 3588; x_wconf 81' lang='lat' dir='ltr'><strong>Et</strong></span> <span class='ocrx_word' id='word_1_596' title='bbox 2492 3534 2634 3589; x_wconf 90' lang='lat' dir='ltr'><strong>sicut</strong></span> <span class='ocrx_word' id='word_1_597' title='bbox 2679 3535 2781 3590; x_wconf 90' lang='lat' dir='ltr'><strong>hoc</strong></span> <span class='ocrx_word' id='word_1_598' title='bbox 2832 3535 3028 3590; x_wconf 90' lang='lat' dir='ltr'><strong>idolum</strong></span> <span class='ocrx_word' id='word_1_599' title='bbox 3075 3537 3214 3592; x_wconf 92' lang='lat' dir='ltr'><strong>inter</strong></span> <span class='ocrx_word' id='word_1_600' title='bbox 3240 3539 3424 3593; x_wconf 83' lang='lat' dir='ltr'><strong>omnia</strong></span> 
     </span>
    </p>
   </div>
   <div class='ocr_carea' id='block_1_79' title="bbox 1843 3623 3427 3698">
    <p class='ocr_par' dir='ltr' id='par_1_79' title="bbox 1843 3623 3427 3698">
     <span class='ocr_line' id='line_1_79' title="bbox 1843 3623 3427 3698; baseline 0.003 -20"><span class='ocrx_word' id='word_1_601' title='bbox 1843 3623 1983 3678; x_wconf 88' lang='lat' dir='ltr'><strong>idola</strong></span> <span class='ocrx_word' id='word_1_602' title='bbox 2028 3624 2168 3694; x_wconf 89' lang='lat' dir='ltr'><strong>apud</strong></span> <span class='ocrx_word' id='word_1_603' title='bbox 2203 3624 2464 3693; x_wconf 90' lang='lat' dir='ltr'><strong>plurimos</strong></span> <span class='ocrx_word' id='word_1_604' title='bbox 2506 3625 2864 3696; x_wconf 87' lang='lat' dir='ltr'><strong>principatum</strong></span> <span class='ocrx_word' id='word_1_605' title='bbox 2914 3625 3194 3681; x_wconf 89' lang='lat' dir='ltr'><strong>obtinebat</strong></span> <span class='ocrx_word' id='word_1_606' title='bbox 3239 3629 3427 3698; x_wconf 86' lang='lat' dir='ltr'><strong>nequi-</strong></span> 
     </span>
    </p>
   </div>
   <div class='ocr_carea' id='block_1_80' title="bbox 1843 3716 3429 3789">
    <p class='ocr_par' dir='ltr' id='par_1_80' title="bbox 1843 3716 3429 3789">
     <span class='ocr_line' id='line_1_80' title="bbox 1843 3716 3429 3789; baseline 0.003 -20"><span class='ocrx_word' id='word_1_607' title='bbox 1843 3717 2070 3780; x_wconf 90' lang='lat' dir='ltr'><strong>tiarum,</strong></span> <span class='ocrx_word' id='word_1_608' title='bbox 2102 3716 2177 3770; x_wconf 89' lang='lat' dir='ltr'><strong>ita</strong></span> <span class='ocrx_word' id='word_1_609' title='bbox 2234 3725 2289 3770; x_wconf 89' lang='lat' dir='ltr'><strong>et</strong></span> <span class='ocrx_word' id='word_1_610' title='bbox 2341 3716 2485 3771; x_wconf 91' lang='lat' dir='ltr'><strong>hunc</strong></span> <span class='ocrx_word' id='word_1_611' title='bbox 2528 3717 2826 3772; x_wconf 71' lang='lat' dir='ltr'><strong>daemonem</strong></span> <span class='ocrx_word' id='word_1_612' title='bbox 2877 3717 3016 3774; x_wconf 91' lang='lat' dir='ltr'><strong>inter</strong></span> <span class='ocrx_word' id='word_1_613' title='bbox 3056 3718 3289 3788; x_wconf 90' lang='lat' dir='ltr'><strong>reliquos</strong></span> <span class='ocrx_word' id='word_1_614' title='bbox 3331 3735 3429 3789; x_wconf 90' lang='lat' dir='ltr'><strong>per</strong></span> 
     </span>
    </p>
   </div>
   <div class='ocr_carea' id='block_1_81' title="bbox 1842 3807 3426 3879">
    <p class='ocr_par' dir='ltr' id='par_1_81' title="bbox 1842 3807 3426 3879">
     <span class='ocr_line' id='line_1_81' title="bbox 1842 3807 3426 3879; baseline 0.002 -17"><span class='ocrx_word' id='word_1_615' title='bbox 1842 3824 2002 3879; x_wconf 90' lang='lat' dir='ltr'><strong>quem</strong></span> <span class='ocrx_word' id='word_1_616' title='bbox 2029 3808 2300 3873; x_wconf 90' lang='lat' dir='ltr'><strong>Christus,</strong></span> <span class='ocrx_word' id='word_1_617' title='bbox 2351 3817 2411 3862; x_wconf 91' lang='lat' dir='ltr'><strong>ut</strong></span> <span class='ocrx_word' id='word_1_618' title='bbox 2436 3807 2759 3873; x_wconf 87' lang='lat' dir='ltr'><strong>fatebantur,</strong></span> <span class='ocrx_word' id='word_1_619' title='bbox 2798 3810 3126 3879; x_wconf 88' lang='lat' dir='ltr'><strong>operabatur</strong></span> <span class='ocrx_word' id='word_1_620' title='bbox 3161 3818 3268 3865; x_wconf 91' lang='lat' dir='ltr'><strong>tam</strong></span> <span class='ocrx_word' id='word_1_621' title='bbox 3320 3812 3426 3865; x_wconf 87' lang='lat' dir='ltr'><strong>mi-</strong></span> 
     </span>
    </p>
   </div>
   <div class='ocr_carea' id='block_1_82' title="bbox 1845 3901 3429 3972">
    <p class='ocr_par' dir='ltr' id='par_1_82' title="bbox 1845 3901 3429 3972">
     <span class='ocr_line' id='line_1_82' title="bbox 1845 3901 3429 3972; baseline -0.001 -14"><span class='ocrx_word' id='word_1_622' title='bbox 1845 3903 1995 3958; x_wconf 87' lang='lat' dir='ltr'><strong>rillca</strong></span> <span class='ocrx_word' id='word_1_623' title='bbox 2052 3911 2108 3957; x_wconf 91' lang='lat' dir='ltr'><strong>et</strong></span> <span class='ocrx_word' id='word_1_624' title='bbox 2151 3902 2411 3965; x_wconf 89' lang='lat' dir='ltr'><strong>inaudita,</strong></span> <span class='ocrx_word' id='word_1_625' title='bbox 2475 3916 2670 3956; x_wconf 91' lang='lat' dir='ltr'><strong>nomen</strong></span> <span class='ocrx_word' id='word_1_626' title='bbox 2724 3901 2848 3956; x_wconf 91' lang='lat' dir='ltr'><strong>idoli</strong></span> <span class='ocrx_word' id='word_1_627' title='bbox 2906 3903 3104 3956; x_wconf 85' lang='lat' dir='ltr'><strong>habere</strong></span> <span class='ocrx_word' id='word_1_628' title='bbox 3146 3902 3429 3972; x_wconf 88' lang='lat' dir='ltr'><strong>putabant,</strong></span> 
     </span>
    </p>
   </div>
   <div class='ocr_carea' id='block_1_83' title="bbox 1845 3989 3429 4066">
    <p class='ocr_par' dir='ltr' id='par_1_83' title="bbox 1845 3989 3429 4066">
     <span class='ocr_line' id='line_1_83' title="bbox 1845 3989 3429 4066; baseline 0 -18"><span class='ocrx_word' id='word_1_629' title='bbox 1845 4001 2049 4064; x_wconf 88' lang='lat' dir='ltr'><strong>quanto</strong></span> <span class='ocrx_word' id='word_1_630' title='bbox 2101 3993 2273 4066; x_wconf 90' lang='lat' dir='ltr'><strong>magis</strong></span> <span class='ocrx_word' id='word_1_631' title='bbox 2317 3993 2642 4048; x_wconf 87' lang='lat' dir='ltr'><strong>domesticos</strong></span> <span class='ocrx_word' id='word_1_632' title='bbox 2697 3989 2856 4058; x_wconf 75' lang='lat' dir='ltr'><strong>eius?</strong></span> <span class='ocrx_word' id='word_1_633' title='bbox 2921 3991 3202 4047; x_wconf 87' lang='lat' dir='ltr'><strong>domestici</strong></span> <span class='ocrx_word' id='word_1_634' title='bbox 3249 4003 3429 4048; x_wconf 90' lang='lat' dir='ltr'><strong>autem</strong></span> 
     </span>
    </p>
   </div>
   <div class='ocr_carea' id='block_1_84' title="bbox 1845 4080 3429 4152">
    <p class='ocr_par' dir='ltr' id='par_1_84' title="bbox 1845 4080 3429 4152">
     <span class='ocr_line' id='line_1_84' title="bbox 1845 4080 3429 4152; baseline -0.001 -13"><span class='ocrx_word' id='word_1_635' title='bbox 1845 4083 2045 4139; x_wconf 86' lang='lat' dir='ltr'><strong>Christi</strong></span> <span class='ocrx_word' id='word_1_636' title='bbox 2073 4091 2184 4136; x_wconf 89' lang='lat' dir='ltr'><strong>tam</strong></span> <span class='ocrx_word' id='word_1_637' title='bbox 2232 4081 2523 4152; x_wconf 88' lang='lat' dir='ltr'><strong>apostolos,</strong></span> <span class='ocrx_word' id='word_1_638' title='bbox 2566 4081 2763 4150; x_wconf 86' lang='lat' dir='ltr'><strong>quibus</strong></span> <span class='ocrx_word' id='word_1_639' title='bbox 2801 4080 3143 4150; x_wconf 87' lang='lat' dir='ltr'><strong>loquebatur,</strong></span> <span class='ocrx_word' id='word_1_640' title='bbox 3193 4083 3306 4137; x_wconf 89' lang='lat' dir='ltr'><strong>vult</strong></span> <span class='ocrx_word' id='word_1_641' title='bbox 3344 4085 3429 4144; x_wconf 89' lang='lat' dir='ltr'><strong>in-</strong></span> 
     </span>
    </p>
   </div>
   <div class='ocr_carea' id='block_1_85' title="bbox 1845 4171 3436 4245">
    <p class='ocr_par' dir='ltr' id='par_1_85' title="bbox 1845 4171 3436 4245">
     <span class='ocr_line' id='line_1_85' title="bbox 1845 4171 3436 4245; baseline 0 -16"><span class='ocrx_word' id='word_1_642' title='bbox 1845 4175 2032 4245; x_wconf 89' lang='lat' dir='ltr'><strong>telligi,</strong></span> <span class='ocrx_word' id='word_1_643' title='bbox 2059 4189 2219 4243; x_wconf 88' lang='lat' dir='ltr'><strong>quam</strong></span> <span class='ocrx_word' id='word_1_644' title='bbox 2244 4184 2300 4228; x_wconf 88' lang='lat' dir='ltr'><strong>et</strong></span> <span class='ocrx_word' id='word_1_645' title='bbox 2324 4188 2511 4228; x_wconf 90' lang='lat' dir='ltr'><strong>omnes</strong></span> <span class='ocrx_word' id='word_1_646' title='bbox 2536 4172 2626 4241; x_wconf 89' lang='lat' dir='ltr'><strong>qui</strong></span> <span class='ocrx_word' id='word_1_647' title='bbox 2650 4171 2736 4242; x_wconf 89' lang='lat' dir='ltr'><strong>pie</strong></span> <span class='ocrx_word' id='word_1_648' title='bbox 2761 4171 2948 4227; x_wconf 89' lang='lat' dir='ltr'><strong>volunt</strong></span> <span class='ocrx_word' id='word_1_649' title='bbox 2988 4172 3168 4227; x_wconf 86' lang='lat' dir='ltr'><strong>vivere</strong></span> <span class='ocrx_word' id='word_1_650' title='bbox 3198 4174 3252 4227; x_wconf 93' lang='lat' dir='ltr'><strong>in</strong></span> <span class='ocrx_word' id='word_1_651' title='bbox 3281 4173 3436 4229; x_wconf 81' lang='lat' dir='ltr'><strong>Chri-</strong></span> 
     </span>
    </p>
   </div>
   <div class='ocr_carea' id='block_1_86' title="bbox 1847 4261 3434 4334">
    <p class='ocr_par' dir='ltr' id='par_1_86' title="bbox 1847 4261 3434 4334">
     <span class='ocr_line' id='line_1_86' title="bbox 1847 4261 3434 4334; baseline -0.003 -13"><span class='ocrx_word' id='word_1_652' title='bbox 1847 4275 1951 4329; x_wconf 89' lang='lat' dir='ltr'><strong>sto,</strong></span> <span class='ocrx_word' id='word_1_653' title='bbox 1982 4278 2152 4334; x_wconf 88' lang='lat' dir='ltr'><strong>usque</strong></span> <span class='ocrx_word' id='word_1_654' title='bbox 2202 4263 2255 4318; x_wconf 95' lang='lat' dir='ltr'><strong>in</strong></span> <span class='ocrx_word' id='word_1_655' title='bbox 2291 4261 2455 4318; x_wconf 81' lang='lat' dir='ltr'><strong>linem</strong></span> <span class='ocrx_word' id='word_1_656' title='bbox 2505 4261 2710 4328; x_wconf 67' lang='lat' dir='ltr'><strong>saeculi,</strong></span> <span class='ocrx_word' id='word_1_657' title='bbox 2763 4271 2817 4316; x_wconf 92' lang='lat' dir='ltr'><strong>ut</strong></span> <span class='ocrx_word' id='word_1_658' title='bbox 2870 4277 3058 4317; x_wconf 89' lang='lat' dir='ltr'><strong>omnes</strong></span> <span class='ocrx_word' id='word_1_659' title='bbox 3104 4263 3278 4332; x_wconf 89' lang='lat' dir='ltr'><strong>parati</strong></span> <span class='ocrx_word' id='word_1_660' title='bbox 3322 4263 3434 4318; x_wconf 90' lang='lat' dir='ltr'><strong>sint</strong></span> 
     </span>
    </p>
   </div>
   <div class='ocr_carea' id='block_1_87' title="bbox 1846 4353 3431 4425">
    <p class='ocr_par' dir='ltr' id='par_1_87' title="bbox 1846 4353 3431 4425">
     <span class='ocr_line' id='line_1_87' title="bbox 1846 4353 3431 4425; baseline -0.001 -15"><span class='ocrx_word' id='word_1_661' title='bbox 1846 4357 2098 4410; x_wconf 89' lang='lat' dir='ltr'><strong>universa</strong></span> <span class='ocrx_word' id='word_1_662' title='bbox 2129 4371 2250 4425; x_wconf 67' lang='lat' dir='ltr'><strong>quae</strong></span> <span class='ocrx_word' id='word_1_663' title='bbox 2272 4353 2577 4410; x_wconf 89' lang='lat' dir='ltr'><strong>inferuntur</strong></span> <span class='ocrx_word' id='word_1_664' title='bbox 2602 4353 2670 4408; x_wconf 90' lang='lat' dir='ltr'><strong>ab</strong></span> <span class='ocrx_word' id='word_1_665' title='bbox 2693 4355 3015 4410; x_wconf 90' lang='lat' dir='ltr'><strong>adversariis</strong></span> <span class='ocrx_word' id='word_1_666' title='bbox 3042 4356 3310 4410; x_wconf 87' lang='lat' dir='ltr'><strong>sustinere</strong></span> <span class='ocrx_word' id='word_1_667' title='bbox 3330 4371 3431 4424; x_wconf 92' lang='lat' dir='ltr'><strong>pro</strong></span> 
     </span>
    </p>
   </div>
   <div class='ocr_carea' id='block_1_88' title="bbox 148 4441 3434 4548">
    <p class='ocr_par' dir='ltr' id='par_1_88' title="bbox 148 4441 3434 4548">
     <span class='ocr_line' id='line_1_88' title="bbox 148 4441 3434 4548; baseline 0.002 -53"><span class='ocrx_word' id='word_1_668' title='bbox 148 4450 334 4496; x_wconf 86' lang='lat' dir='ltr'><strong>rantur</strong></span> <span class='ocrx_word' id='word_1_669' title='bbox 369 4449 434 4496; x_wconf 91' lang='lat' dir='ltr'><strong>ut</strong></span> <span class='ocrx_word' id='word_1_670' title='bbox 461 4441 718 4496; x_wconf 87' lang='lat' dir='ltr'><strong>concives</strong></span> <span class='ocrx_word' id='word_1_671' title='bbox 751 4443 902 4496; x_wconf 83' lang='lat' dir='ltr'><strong>ﬁant.</strong></span> <span class='ocrx_word' id='word_1_672' title='bbox 933 4442 1118 4498; x_wconf 88' lang='lat' dir='ltr'><strong>Potest</strong></span> <span class='ocrx_word' id='word_1_673' title='bbox 1140 4455 1194 4498; x_wconf 88' lang='lat' dir='ltr'><strong>et</strong></span> <span class='ocrx_word' id='word_1_674' title='bbox 1234 4447 1335 4500; x_wconf 90' lang='lat' dir='ltr'><strong>hoc</strong></span> <span class='ocrx_word' id='word_1_675' title='bbox 1364 4445 1584 4516; x_wconf 84' lang='lat' dir='ltr'><strong>intelligi</strong></span> <span class='ocrx_word' id='word_1_676' title='bbox 1610 4447 1742 4501; x_wconf 78' lang='lat' dir='ltr'><strong>sirn-</strong></span> <span class='ocrx_word' id='word_1_677' title='bbox 1770 4487 1825 4548; x_wconf 66' lang='grc' dir='ltr'><strong>Β</strong></span> <span class='ocrx_word' id='word_1_678' title='bbox 1848 4448 2096 4512; x_wconf 88' lang='lat' dir='ltr'><strong>Domino,</strong></span> <span class='ocrx_word' id='word_1_679' title='bbox 2125 4463 2245 4518; x_wconf 63' lang='lat' dir='ltr'><strong>quae</strong></span> <span class='ocrx_word' id='word_1_680' title='bbox 2271 4447 2386 4516; x_wconf 91' lang='lat' dir='ltr'><strong>ipse</strong></span> <span class='ocrx_word' id='word_1_681' title='bbox 2405 4446 2554 4515; x_wconf 92' lang='lat' dir='ltr'><strong>prior</strong></span> <span class='ocrx_word' id='word_1_682' title='bbox 2577 4446 2632 4500; x_wconf 91' lang='lat' dir='ltr'><strong>in</strong></span> <span class='ocrx_word' id='word_1_683' title='bbox 2662 4460 2720 4500; x_wconf 89' lang='lat' dir='ltr'><strong>se</strong></span> <span class='ocrx_word' id='word_1_684' title='bbox 2748 4446 3069 4502; x_wconf 90' lang='lat' dir='ltr'><strong>sustinuisse</strong></span> <span class='ocrx_word' id='word_1_685' title='bbox 3093 4448 3434 4502; x_wconf 87' lang='lat' dir='ltr'><strong>monstravit.</strong></span> 
     </span>
    </p>
   </div>
   <div class='ocr_carea' id='block_1_89' title="bbox 147 4531 1743 4602">
    <p class='ocr_par' dir='ltr' id='par_1_89' title="bbox 147 4531 1743 4602">
     <span class='ocr_line' id='line_1_89' title="bbox 147 4531 1743 4602; baseline 0.003 -15"><span class='ocrx_word' id='word_1_686' title='bbox 147 4534 358 4602; x_wconf 84' lang='lat' dir='ltr'><strong>pliciter</strong></span> <span class='ocrx_word' id='word_1_687' title='bbox 385 4553 402 4587; x_wconf 86' lang='lat'><strong><em>:</em></strong></span> <span class='ocrx_word' id='word_1_688' title='bbox 448 4531 573 4586; x_wconf 80' lang='lat' dir='ltr'><strong>Non</strong></span> <span class='ocrx_word' id='word_1_689' title='bbox 597 4535 1024 4589; x_wconf 78' lang='lat' dir='ltr'><strong>consummabitis</strong></span> <span class='ocrx_word' id='word_1_690' title='bbox 1049 4537 1211 4589; x_wconf 85' lang='lat' dir='ltr'><strong>donec</strong></span> <span class='ocrx_word' id='word_1_691' title='bbox 1233 4537 1434 4600; x_wconf 80' lang='lat' dir='ltr'><strong>veniat;</strong></span> <span class='ocrx_word' id='word_1_692' title='bbox 1462 4537 1612 4591; x_wconf 83' lang='lat' dir='ltr'><strong>labor</strong></span> <span class='ocrx_word' id='word_1_693' title='bbox 1638 4553 1743 4592; x_wconf 92' lang='lat' dir='ltr'><strong>non</strong></span> 
     </span>
    </p>
   </div>
   <div class='ocr_carea' id='block_1_90' title="bbox 145 4624 1746 4694">
    <p class='ocr_par' dir='ltr' id='par_1_90' title="bbox 145 4624 1746 4694">
     <span class='ocr_line' id='line_1_90' title="bbox 145 4624 1746 4694; baseline 0.004 -17"><span class='ocrx_word' id='word_1_694' title='bbox 145 4624 518 4694; x_wconf 82' lang='lat' dir='ltr'><strong>complcbitur</strong></span> <span class='ocrx_word' id='word_1_695' title='bbox 562 4624 889 4692; x_wconf 74' lang='lat' dir='ltr'><strong>pnedicandi</strong></span> <span class='ocrx_word' id='word_1_696' title='bbox 917 4665 932 4686; x_wconf 90' lang='lat'><strong>,</strong></span> <span class='ocrx_word' id='word_1_697' title='bbox 974 4627 1146 4680; x_wconf 90' lang='lat' dir='ltr'><strong>donec</strong></span> <span class='ocrx_word' id='word_1_698' title='bbox 1195 4627 1376 4680; x_wconf 89' lang='lat' dir='ltr'><strong>veniat</strong></span> <span class='ocrx_word' id='word_1_699' title='bbox 1413 4627 1564 4682; x_wconf 92' lang='lat' dir='ltr'><strong>vobis</strong></span> <span class='ocrx_word' id='word_1_700' title='bbox 1605 4628 1746 4683; x_wconf 83' lang='lat' dir='ltr'><strong>filius</strong></span> 
     </span>
    </p>
   </div>
   <div class='ocr_carea' id='block_1_91' title="bbox 147 4713 1746 4784">
    <p class='ocr_par' dir='ltr' id='par_1_91' title="bbox 147 4713 1746 4784">
     <span class='ocr_line' id='line_1_91' title="bbox 147 4713 1746 4784; baseline 0.004 -19"><span class='ocrx_word' id='word_1_701' title='bbox 147 4713 385 4768; x_wconf 82' lang='lat' dir='ltr'><strong>hominis</strong></span> <span class='ocrx_word' id='word_1_702' title='bbox 434 4715 487 4767; x_wconf 91' lang='lat' dir='ltr'><strong>in</strong></span> <span class='ocrx_word' id='word_1_703' title='bbox 531 4715 884 4784; x_wconf 78' lang='lat' dir='ltr'><strong>adjutoriuiu,</strong></span> <span class='ocrx_word' id='word_1_704' title='bbox 916 4725 1036 4784; x_wconf 90' lang='lat' dir='ltr'><strong>post</strong></span> <span class='ocrx_word' id='word_1_705' title='bbox 1068 4717 1519 4770; x_wconf 86' lang='lat' dir='ltr'><strong>resurrectionem</strong></span> <span class='ocrx_word' id='word_1_706' title='bbox 1548 4733 1577 4771; x_wconf 90' lang='lat' dir='ltr'><strong>a</strong></span> <span class='ocrx_word' id='word_1_707' title='bbox 1602 4733 1746 4772; x_wconf 87' lang='lat' dir='ltr'><strong>mor-</strong></span> 
     </span>
    </p>
   </div>
   <div class='ocr_carea' id='block_1_92' title="bbox 146 4806 1746 4879">
    <p class='ocr_par' dir='ltr' id='par_1_92' title="bbox 146 4806 1746 4879">
     <span class='ocr_line' id='line_1_92' title="bbox 146 4806 1746 4879; baseline 0.003 -19"><span class='ocrx_word' id='word_1_708' title='bbox 146 4808 264 4860; x_wconf 86' lang='lat' dir='ltr'><strong>tuis.</strong></span> <span class='ocrx_word' id='word_1_709' title='bbox 324 4806 451 4862; x_wconf 82' lang='lat' dir='ltr'><strong>Scd</strong></span> <span class='ocrx_word' id='word_1_710' title='bbox 501 4807 738 4860; x_wconf 87' lang='lat' dir='ltr'><strong>violenta</strong></span> <span class='ocrx_word' id='word_1_711' title='bbox 788 4808 1000 4861; x_wconf 80' lang='lat' dir='ltr'><strong>videtur</strong></span> <span class='ocrx_word' id='word_1_712' title='bbox 1035 4808 1134 4861; x_wconf 90' lang='lat' dir='ltr'><strong>ista</strong></span> <span class='ocrx_word' id='word_1_713' title='bbox 1178 4809 1573 4879; x_wconf 82' lang='lat' dir='ltr'><strong>interpretatio,</strong></span> <span class='ocrx_word' id='word_1_714' title='bbox 1622 4811 1746 4879; x_wconf 89' lang='lat' dir='ltr'><strong>quia</strong></span> 
     </span>
    </p>
   </div>
   <div class='ocr_carea' id='block_1_93' title="bbox 145 4896 1749 4968">
    <p class='ocr_par' dir='ltr' id='par_1_93' title="bbox 145 4896 1749 4968">
     <span class='ocr_line' id='line_1_93' title="bbox 145 4896 1749 4968; baseline 0.004 -20"><span class='ocrx_word' id='word_1_715' title='bbox 145 4900 382 4952; x_wconf 75' lang='lat' dir='ltr'><strong>necdum</strong></span> <span class='ocrx_word' id='word_1_716' title='bbox 435 4897 734 4965; x_wconf 65' lang='lat' dir='ltr'><strong>praedicare</strong></span> <span class='ocrx_word' id='word_1_717' title='bbox 764 4897 838 4951; x_wconf 88' lang='lat' dir='ltr'><strong>ita</strong></span> <span class='ocrx_word' id='word_1_718' title='bbox 861 4896 1098 4966; x_wconf 85' lang='lat' dir='ltr'><strong>perfecte</strong></span> <span class='ocrx_word' id='word_1_719' title='bbox 1125 4901 1422 4968; x_wconf 76' lang='lat' dir='ltr'><strong>cceperint,</strong></span> <span class='ocrx_word' id='word_1_720' title='bbox 1454 4899 1578 4954; x_wconf 90' lang='lat' dir='ltr'><strong>licet</strong></span> <span class='ocrx_word' id='word_1_721' title='bbox 1600 4901 1749 4956; x_wconf 90' lang='lat' dir='ltr'><strong>missi</strong></span> 
     </span>
    </p>
   </div>
   <div class='ocr_carea' id='block_1_94' title="bbox 143 4989 1750 5059">
    <p class='ocr_par' dir='ltr' id='par_1_94' title="bbox 143 4989 1750 5059">
     <span class='ocr_line' id='line_1_94' title="bbox 143 4989 1750 5059; baseline 0.002 -18"><span class='ocrx_word' id='word_1_722' title='bbox 143 4989 346 5046; x_wconf 83' lang='lat' dir='ltr'><strong>fuerint</strong></span> <span class='ocrx_word' id='word_1_723' title='bbox 390 4989 511 5043; x_wconf 84' lang='lat' dir='ltr'><strong>bini</strong></span> <span class='ocrx_word' id='word_1_724' title='bbox 551 4997 608 5042; x_wconf 89' lang='lat' dir='ltr'><strong>et</strong></span> <span class='ocrx_word' id='word_1_725' title='bbox 654 4990 787 5044; x_wconf 88' lang='lat' dir='ltr'><strong>bini.</strong></span> <span class='ocrx_word' id='word_1_726' title='bbox 838 4989 1025 5044; x_wconf 80' lang='lat' dir='ltr'><strong>Melius</strong></span> <span class='ocrx_word' id='word_1_727' title='bbox 1057 4998 1234 5045; x_wconf 89' lang='lat' dir='ltr'><strong>tamen</strong></span> <span class='ocrx_word' id='word_1_728' title='bbox 1273 4992 1508 5047; x_wconf 85' lang='lat' dir='ltr'><strong>arbitror</strong></span> <span class='ocrx_word' id='word_1_729' title='bbox 1546 4992 1750 5059; x_wconf 87' lang='lat' dir='ltr'><strong>cogita-</strong></span> 
     </span>
    </p>
   </div>
   <div class='ocr_carea' id='block_1_95' title="bbox 143 5081 1751 5150">
    <p class='ocr_par' dir='ltr' id='par_1_95' title="bbox 143 5081 1751 5150">
     <span class='ocr_line' id='line_1_95' title="bbox 143 5081 1751 5150; baseline 0 -15"><span class='ocrx_word' id='word_1_730' title='bbox 143 5082 398 5137; x_wconf 82' lang='lat' dir='ltr'><strong>tionibus</strong></span> <span class='ocrx_word' id='word_1_731' title='bbox 448 5095 640 5134; x_wconf 87' lang='lat' dir='ltr'><strong>eorum</strong></span> <span class='ocrx_word' id='word_1_732' title='bbox 668 5082 1028 5149; x_wconf 89' lang='lat' dir='ltr'><strong>respondisse,</strong></span> <span class='ocrx_word' id='word_1_733' title='bbox 1056 5081 1251 5150; x_wconf 89' lang='lat' dir='ltr'><strong>quibus</strong></span> <span class='ocrx_word' id='word_1_734' title='bbox 1291 5081 1594 5136; x_wconf 89' lang='lat' dir='ltr'><strong>sollicitudo</strong></span> <span class='ocrx_word' id='word_1_735' title='bbox 1633 5091 1751 5136; x_wconf 89' lang='lat' dir='ltr'><strong>erat</strong></span> 
     </span>
    </p>
   </div>
   <div class='ocr_carea' id='block_1_96' title="bbox 143 5173 1752 5244">
    <p class='ocr_par' dir='ltr' id='par_1_96' title="bbox 143 5173 1752 5244">
     <span class='ocr_line' id='line_1_96' title="bbox 143 5173 1752 5244; baseline -0.001 -14"><span class='ocrx_word' id='word_1_736' title='bbox 143 5173 516 5232; x_wconf 74' lang='lat' dir='ltr'><strong>convertendi</strong></span> <span class='ocrx_word' id='word_1_737' title='bbox 570 5189 666 5228; x_wconf 90' lang='lat' dir='ltr'><strong>eos</strong></span> <span class='ocrx_word' id='word_1_738' title='bbox 717 5173 784 5227; x_wconf 88' lang='lat' dir='ltr'><strong>ad</strong></span> <span class='ocrx_word' id='word_1_739' title='bbox 837 5174 1015 5228; x_wconf 80' lang='lat' dir='ltr'><strong>fidem.</strong></span> <span class='ocrx_word' id='word_1_740' title='bbox 1061 5173 1284 5243; x_wconf 89' lang='lat' dir='ltr'><strong>Insuper</strong></span> <span class='ocrx_word' id='word_1_741' title='bbox 1337 5183 1394 5228; x_wconf 93' lang='lat' dir='ltr'><strong>ut</strong></span> <span class='ocrx_word' id='word_1_742' title='bbox 1441 5183 1499 5229; x_wconf 88' lang='lat' dir='ltr'><strong>et</strong></span> <span class='ocrx_word' id='word_1_743' title='bbox 1533 5175 1599 5228; x_wconf 91' lang='lat' dir='ltr'><strong>de</strong></span> <span class='ocrx_word' id='word_1_744' title='bbox 1622 5189 1752 5244; x_wconf 85' lang='lat' dir='ltr'><strong>gen-</strong></span> 
     </span>
    </p>
   </div>
   <div class='ocr_carea' id='block_1_97' title="bbox 143 5261 1749 5333">
    <p class='ocr_par' dir='ltr' id='par_1_97' title="bbox 143 5261 1749 5333">
     <span class='ocr_line' id='line_1_97' title="bbox 143 5261 1749 5333; baseline -0.003 -12"><span class='ocrx_word' id='word_1_745' title='bbox 143 5267 287 5320; x_wconf 82' lang='lat' dir='ltr'><strong>tibus</strong></span> <span class='ocrx_word' id='word_1_746' title='bbox 333 5266 437 5320; x_wconf 83' lang='lat' dir='ltr'><strong>eis</strong></span> <span class='ocrx_word' id='word_1_747' title='bbox 465 5264 690 5318; x_wconf 90' lang='lat' dir='ltr'><strong>daretur</strong></span> <span class='ocrx_word' id='word_1_748' title='bbox 728 5261 1083 5333; x_wconf 86' lang='lat' dir='ltr'><strong>intelligentia</strong></span> <span class='ocrx_word' id='word_1_749' title='bbox 1115 5303 1130 5325; x_wconf 94' lang='lat'><strong>,</strong></span> <span class='ocrx_word' id='word_1_750' title='bbox 1171 5265 1295 5332; x_wconf 88' lang='lat' dir='ltr'><strong>quia</strong></span> <span class='ocrx_word' id='word_1_751' title='bbox 1339 5271 1507 5316; x_wconf 89' lang='lat' dir='ltr'><strong>totum</strong></span> <span class='ocrx_word' id='word_1_752' title='bbox 1555 5263 1656 5317; x_wconf 90' lang='lat' dir='ltr'><strong>hoc</strong></span> <span class='ocrx_word' id='word_1_753' title='bbox 1683 5263 1749 5316; x_wconf 89' lang='lat' dir='ltr'><strong>ad</strong></span> 
     </span>
    </p>
   </div>
   <div class='ocr_carea' id='block_1_98' title="bbox 141 5352 1750 5424">
    <p class='ocr_par' dir='ltr' id='par_1_98' title="bbox 141 5352 1750 5424">
     <span class='ocr_line' id='line_1_98' title="bbox 141 5352 1750 5424; baseline -0.001 -15"><span class='ocrx_word' id='word_1_754' title='bbox 141 5355 276 5410; x_wconf 87' lang='lat' dir='ltr'><strong>illud</strong></span> <span class='ocrx_word' id='word_1_755' title='bbox 302 5367 539 5422; x_wconf 88' lang='lat' dir='ltr'><strong>tempus</strong></span> <span class='ocrx_word' id='word_1_756' title='bbox 570 5352 906 5407; x_wconf 88' lang='lat' dir='ltr'><strong>refereudmu</strong></span> <span class='ocrx_word' id='word_1_757' title='bbox 938 5362 1043 5420; x_wconf 90' lang='lat' dir='ltr'><strong>est,</strong></span> <span class='ocrx_word' id='word_1_758' title='bbox 1066 5369 1188 5408; x_wconf 90' lang='lat' dir='ltr'><strong>cum</strong></span> <span class='ocrx_word' id='word_1_759' title='bbox 1215 5354 1282 5407; x_wconf 89' lang='lat' dir='ltr'><strong>ad</strong></span> <span class='ocrx_word' id='word_1_760' title='bbox 1312 5355 1750 5424; x_wconf 71' lang='lat' dir='ltr'><strong>prmdicationem</strong></span> 
     </span>
    </p>
   </div>
   <div class='ocr_carea' id='block_1_99' title="bbox 141 5447 1753 5518">
    <p class='ocr_par' dir='ltr' id='par_1_99' title="bbox 141 5447 1753 5518">
     <span class='ocr_line' id='line_1_99' title="bbox 141 5447 1753 5518; baseline 0.002 -17"><span class='ocrx_word' id='word_1_761' title='bbox 141 5449 384 5518; x_wconf 83' lang='lat' dir='ltr'><strong>apostoli</strong></span> <span class='ocrx_word' id='word_1_762' title='bbox 422 5447 800 5509; x_wconf 88' lang='lat' dir='ltr'><strong>mittebantur,</strong></span> <span class='ocrx_word' id='word_1_763' title='bbox 827 5461 896 5500; x_wconf 88' lang='lat' dir='ltr'><strong>ne</strong></span> <span class='ocrx_word' id='word_1_764' title='bbox 924 5448 1175 5502; x_wconf 88' lang='lat' dir='ltr'><strong>timerent</strong></span> <span class='ocrx_word' id='word_1_765' title='bbox 1199 5447 1401 5503; x_wconf 89' lang='lat' dir='ltr'><strong>rabiem</strong></span> <span class='ocrx_word' id='word_1_766' title='bbox 1428 5464 1753 5518; x_wconf 82' lang='lat' dir='ltr'><strong>persequen-</strong></span> 
     </span>
    </p>
   </div>
   <div class='ocr_carea' id='block_1_100' title="bbox 142 5539 1758 5608">
    <p class='ocr_par' dir='ltr' id='par_1_100' title="bbox 142 5539 1758 5608">
     <span class='ocr_line' id='line_1_100' title="bbox 142 5539 1758 5608; baseline 0 -13"><span class='ocrx_word' id='word_1_767' title='bbox 142 5542 308 5607; x_wconf 87' lang='lat' dir='ltr'><strong>tium,</strong></span> <span class='ocrx_word' id='word_1_768' title='bbox 337 5543 465 5595; x_wconf 86' lang='lat' dir='ltr'><strong>imo</strong></span> <span class='ocrx_word' id='word_1_769' title='bbox 491 5548 554 5594; x_wconf 89' lang='lat' dir='ltr'><strong>ut</strong></span> <span class='ocrx_word' id='word_1_770' title='bbox 581 5547 805 5608; x_wconf 86' lang='lat' dir='ltr'><strong>agerent</strong></span> <span class='ocrx_word' id='word_1_771' title='bbox 845 5539 1040 5608; x_wconf 86' lang='lat' dir='ltr'><strong>singuli</strong></span> <span class='ocrx_word' id='word_1_772' title='bbox 1084 5555 1180 5608; x_wconf 88' lang='lat' dir='ltr'><strong>per</strong></span> <span class='ocrx_word' id='word_1_773' title='bbox 1220 5541 1640 5604; x_wconf 86' lang='lat' dir='ltr'><strong>successionem,</strong></span> <span class='ocrx_word' id='word_1_774' title='bbox 1698 5550 1758 5595; x_wconf 94' lang='lat' dir='ltr'><strong>ut</strong></span> 
     </span>
    </p>
   </div>
   <div class='ocr_carea' id='block_1_101' title="bbox 140 5627 1757 5699">
    <p class='ocr_par' dir='ltr' id='par_1_101' title="bbox 140 5627 1757 5699">
     <span class='ocr_line' id='line_1_101' title="bbox 140 5627 1757 5699; baseline -0.002 -12"><span class='ocrx_word' id='word_1_775' title='bbox 140 5633 410 5687; x_wconf 82' lang='lat' dir='ltr'><strong>doctrina</strong></span> <span class='ocrx_word' id='word_1_776' title='bbox 445 5629 722 5698; x_wconf 85' lang='lat' dir='ltr'><strong>Evangelii</strong></span> <span class='ocrx_word' id='word_1_777' title='bbox 747 5627 813 5682; x_wconf 91' lang='lat' dir='ltr'><strong>ad</strong></span> <span class='ocrx_word' id='word_1_778' title='bbox 839 5643 1028 5684; x_wconf 90' lang='lat' dir='ltr'><strong>omnes</strong></span> <span class='ocrx_word' id='word_1_779' title='bbox 1051 5639 1240 5699; x_wconf 87' lang='lat' dir='ltr'><strong>gentes</strong></span> <span class='ocrx_word' id='word_1_780' title='bbox 1262 5631 1583 5697; x_wconf 88' lang='lat' dir='ltr'><strong>perveniret.</strong></span> <span class='ocrx_word' id='word_1_781' title='bbox 1618 5631 1757 5685; x_wconf 86' lang='lat' dir='ltr'><strong>sicut</strong></span> 
     </span>
    </p>
   </div>
   <div class='ocr_carea' id='block_1_102' title="bbox 140 5718 1756 5792">
    <p class='ocr_par' dir='ltr' id='par_1_102' title="bbox 140 5718 1756 5792">
     <span class='ocr_line' id='line_1_102' title="bbox 140 5718 1756 5792; baseline 0.003 -21"><span class='ocrx_word' id='word_1_782' title='bbox 140 5722 433 5792; x_wconf 82' lang='lat' dir='ltr'><strong>scriptum</strong></span> <span class='ocrx_word' id='word_1_783' title='bbox 467 5727 552 5775; x_wconf 88' lang='lat' dir='ltr'><strong>est</strong></span> <span class='ocrx_word' id='word_1_784' title='bbox 585 5719 654 5773; x_wconf 90' lang='lat' dir='ltr'><strong>de</strong></span> <span class='ocrx_word' id='word_1_785' title='bbox 689 5719 807 5773; x_wconf 88' lang='lat' dir='ltr'><strong>eis:</strong></span> <span class='ocrx_word' id='word_1_786' title='bbox 840 5718 908 5772; x_wconf 87' lang='lat' dir='ltr'><strong>In</strong></span> <span class='ocrx_word' id='word_1_787' title='bbox 941 5735 1145 5772; x_wconf 87' lang='lat' dir='ltr'><strong>omnem</strong></span> <span class='ocrx_word' id='word_1_788' title='bbox 1181 5731 1372 5775; x_wconf 81' lang='lat' dir='ltr'><strong>terram</strong></span> <span class='ocrx_word' id='word_1_789' title='bbox 1413 5721 1565 5787; x_wconf 69' lang='lat' dir='ltr'><strong>exivit</strong></span> <span class='ocrx_word' id='word_1_790' title='bbox 1599 5737 1756 5776; x_wconf 82' lang='lat' dir='ltr'><strong>sonus</strong></span> 
     </span>
    </p>
   </div>
   <div class='ocr_carea' id='block_1_103' title="bbox 655 5812 1183 5876">
    <p class='ocr_par' dir='ltr' id='par_1_103' title="bbox 655 5812 1183 5876">
     <span class='ocr_line' id='line_1_103' title="bbox 655 5812 1183 5876; baseline 0.008 -4"><span class='ocrx_word' id='word_1_791' title='bbox 655 5812 922 5872; x_wconf 75' lang='lat' dir='ltr'><strong>PA&#39;rnnL.</strong></span> <span class='ocrx_word' id='word_1_792' title='bbox 977 5813 1183 5876; x_wconf 71' lang='lat' dir='ltr'><strong>CXX.</strong></span> 
     </span>
    </p>
   </div>
   <div class='ocr_carea' id='block_1_104' title="bbox 1856 4536 3430 4607">
    <p class='ocr_par' dir='ltr' id='par_1_104' title="bbox 1856 4536 3430 4607">
     <span class='ocr_line' id='line_1_104' title="bbox 1856 4536 3430 4607; baseline -0.001 -13"><span class='ocrx_word' id='word_1_793' title='bbox 1856 4537 2008 4594; x_wconf 89' lang='lat' dir='ltr'><strong>Unde</strong></span> <span class='ocrx_word' id='word_1_794' title='bbox 2036 4552 2196 4607; x_wconf 88' lang='lat' dir='ltr'><strong>supra</strong></span> <span class='ocrx_word' id='word_1_795' title='bbox 2227 4537 2598 4606; x_wconf 61' lang='lat' dir='ltr'><strong>praemiserat:</strong></span> <span class='ocrx_word' id='word_1_796' title='bbox 2627 4536 2827 4592; x_wconf 88' lang='lat' dir='ltr'><strong>Cavete</strong></span> <span class='ocrx_word' id='word_1_797' title='bbox 2869 4552 2966 4593; x_wconf 88' lang='lat' dir='ltr'><strong>vos</strong></span> <span class='ocrx_word' id='word_1_798' title='bbox 3003 4539 3071 4593; x_wconf 91' lang='lat' dir='ltr'><strong>ab</strong></span> <span class='ocrx_word' id='word_1_799' title='bbox 3101 4538 3430 4600; x_wconf 87' lang='lat' dir='ltr'><strong>hominibus.</strong></span> 
     </span>
    </p>
   </div>
   <div class='ocr_carea' id='block_1_105' title="bbox 1855 4627 3432 4691">
    <p class='ocr_par' dir='ltr' id='par_1_105' title="bbox 1855 4627 3432 4691">
     <span class='ocr_line' id='line_1_105' title="bbox 1855 4627 3432 4691; baseline 0 -7"><span class='ocrx_word' id='word_1_800' title='bbox 1855 4644 1922 4684; x_wconf 93' lang='lat' dir='ltr'><strong>ne</strong></span> <span class='ocrx_word' id='word_1_801' title='bbox 1951 4629 2022 4683; x_wconf 92' lang='lat' dir='ltr'><strong>ob</strong></span> <span class='ocrx_word' id='word_1_802' title='bbox 2051 4629 2320 4691; x_wconf 90' lang='lat' dir='ltr'><strong>timorem,</strong></span> <span class='ocrx_word' id='word_1_803' title='bbox 2346 4637 2440 4682; x_wconf 90' lang='lat' dir='ltr'><strong>aut</strong></span> <span class='ocrx_word' id='word_1_804' title='bbox 2475 4629 2546 4682; x_wconf 92' lang='lat' dir='ltr'><strong>oh</strong></span> <span class='ocrx_word' id='word_1_805' title='bbox 2573 4627 2732 4683; x_wconf 91' lang='lat' dir='ltr'><strong>ullius</strong></span> <span class='ocrx_word' id='word_1_806' title='bbox 2757 4627 3154 4684; x_wconf 89' lang='lat' dir='ltr'><strong>oblectamenta</strong></span> <span class='ocrx_word' id='word_1_807' title='bbox 3205 4629 3432 4686; x_wconf 71' lang='lat' dir='ltr'><strong>fallacias</strong></span> 
     </span>
    </p>
   </div>
   <div class='ocr_carea' id='block_1_106' title="bbox 1855 4717 3439 4788">
    <p class='ocr_par' dir='ltr' id='par_1_106' title="bbox 1855 4717 3439 4788">
     <span class='ocr_line' id='line_1_106' title="bbox 1855 4717 3439 4788; baseline 0.001 -15"><span class='ocrx_word' id='word_1_808' title='bbox 1855 4735 1952 4773; x_wconf 90' lang='lat' dir='ltr'><strong>vos</strong></span> <span class='ocrx_word' id='word_1_809' title='bbox 1977 4718 2266 4788; x_wconf 89' lang='lat' dir='ltr'><strong>decipiant.</strong></span> <span class='ocrx_word' id='word_1_810' title='bbox 2296 4717 2440 4771; x_wconf 89' lang='lat' dir='ltr'><strong>Nihil</strong></span> <span class='ocrx_word' id='word_1_811' title='bbox 2479 4717 2623 4772; x_wconf 91' lang='lat' dir='ltr'><strong>enim</strong></span> <span class='ocrx_word' id='word_1_812' title='bbox 2653 4717 2940 4788; x_wconf 90' lang='lat' dir='ltr'><strong>gloriosius</strong></span> <span class='ocrx_word' id='word_1_813' title='bbox 2986 4719 3100 4774; x_wconf 88' lang='lat' dir='ltr'><strong>suis</strong></span> <span class='ocrx_word' id='word_1_814' title='bbox 3126 4719 3439 4775; x_wconf 89' lang='lat' dir='ltr'><strong>domesticis</strong></span> 
     </span>
    </p>
   </div>
   <div class='ocr_carea' id='block_1_107' title="bbox 1858 4807 3435 4878">
    <p class='ocr_par' dir='ltr' id='par_1_107' title="bbox 1858 4807 3435 4878">
     <span class='ocr_line' id='line_1_107' title="bbox 1858 4807 3435 4878; baseline 0 -16"><span class='ocrx_word' id='word_1_815' title='bbox 1858 4809 2116 4878; x_wconf 84' lang='lat' dir='ltr'><strong>Magister</strong></span> <span class='ocrx_word' id='word_1_816' title='bbox 2157 4807 2406 4862; x_wconf 87' lang='lat' dir='ltr'><strong>veritatis</strong></span> <span class='ocrx_word' id='word_1_817' title='bbox 2445 4821 2748 4876; x_wconf 89' lang='lat' dir='ltr'><strong>proponere</strong></span> <span class='ocrx_word' id='word_1_818' title='bbox 2797 4807 2972 4878; x_wconf 91' lang='lat' dir='ltr'><strong>potuit</strong></span> <span class='ocrx_word' id='word_1_819' title='bbox 3001 4808 3067 4862; x_wconf 90' lang='lat' dir='ltr'><strong>ad</strong></span> <span class='ocrx_word' id='word_1_820' title='bbox 3108 4807 3435 4877; x_wconf 88' lang='lat' dir='ltr'><strong>exemplum,</strong></span> 
     </span>
    </p>
   </div>
   <div class='ocr_carea' id='block_1_108' title="bbox 1857 4896 3441 4967">
    <p class='ocr_par' dir='ltr' id='par_1_108' title="bbox 1857 4896 3441 4967">
     <span class='ocr_line' id='line_1_108' title="bbox 1857 4896 3441 4967; baseline 0.001 -17"><span class='ocrx_word' id='word_1_821' title='bbox 1857 4913 2020 4966; x_wconf 90' lang='lat' dir='ltr'><strong>quam</strong></span> <span class='ocrx_word' id='word_1_822' title='bbox 2052 4896 2309 4967; x_wconf 91' lang='lat' dir='ltr'><strong>seipsum,</strong></span> <span class='ocrx_word' id='word_1_823' title='bbox 2344 4896 2523 4949; x_wconf 89' lang='lat' dir='ltr'><strong>lumen</strong></span> <span class='ocrx_word' id='word_1_824' title='bbox 2571 4905 2855 4963; x_wconf 68' lang='lat' dir='ltr'><strong>internum,</strong></span> <span class='ocrx_word' id='word_1_825' title='bbox 2883 4899 2975 4966; x_wconf 91' lang='lat' dir='ltr'><strong>qui</strong></span> <span class='ocrx_word' id='word_1_826' title='bbox 3013 4906 3098 4952; x_wconf 91' lang='lat' dir='ltr'><strong>est</strong></span> <span class='ocrx_word' id='word_1_827' title='bbox 3121 4897 3441 4952; x_wconf 88' lang='lat' dir='ltr'><strong>immortalis</strong></span> 
     </span>
    </p>
   </div>
   <div class='ocr_carea' id='block_1_109' title="bbox 1855 4985 3440 5058">
    <p class='ocr_par' dir='ltr' id='par_1_109' title="bbox 1855 4985 3440 5058">
     <span class='ocr_line' id='line_1_109' title="bbox 1855 4985 3440 5058; baseline 0.001 -17"><span class='ocrx_word' id='word_1_828' title='bbox 1855 4987 1972 5042; x_wconf 81' lang='lat' dir='ltr'><strong>Rex</strong></span> <span class='ocrx_word' id='word_1_829' title='bbox 2019 4987 2224 5058; x_wconf 59' lang='lat' dir='ltr'><strong>gloriae.</strong></span> <span class='ocrx_word' id='word_1_830' title='bbox 2269 4985 2576 5042; x_wconf 87' lang='lat' dir='ltr'><strong>Gloriosum</strong></span> <span class='ocrx_word' id='word_1_831' title='bbox 2619 4987 2839 5057; x_wconf 89' lang='lat' dir='ltr'><strong>quidem</strong></span> <span class='ocrx_word' id='word_1_832' title='bbox 2881 4997 2986 5053; x_wconf 89' lang='lat' dir='ltr'><strong>est,</strong></span> <span class='ocrx_word' id='word_1_833' title='bbox 3028 4988 3072 5042; x_wconf 92' lang='lat' dir='ltr'><strong>si</strong></span> <span class='ocrx_word' id='word_1_834' title='bbox 3124 4987 3296 5052; x_wconf 90' lang='lat' dir='ltr'><strong>illum,</strong></span> <span class='ocrx_word' id='word_1_835' title='bbox 3332 5002 3440 5056; x_wconf 89' lang='lat' dir='ltr'><strong>quo</strong></span> 
     </span>
    </p>
   </div>
   <div class='ocr_carea' id='block_1_110' title="bbox 1856 5077 3440 5150">
    <p class='ocr_par' dir='ltr' id='par_1_110' title="bbox 1856 5077 3440 5150">
     <span class='ocr_line' id='line_1_110' title="bbox 1856 5077 3440 5150; baseline 0 -16"><span class='ocrx_word' id='word_1_836' title='bbox 1856 5079 1990 5134; x_wconf 90' lang='lat' dir='ltr'><strong>nihil</strong></span> <span class='ocrx_word' id='word_1_837' title='bbox 2015 5087 2099 5134; x_wconf 90' lang='lat' dir='ltr'><strong>est</strong></span> <span class='ocrx_word' id='word_1_838' title='bbox 2127 5077 2464 5147; x_wconf 87' lang='lat' dir='ltr'><strong>locupletius,</strong></span> <span class='ocrx_word' id='word_1_839' title='bbox 2490 5078 2866 5148; x_wconf 89' lang='lat' dir='ltr'><strong>amplectimur</strong></span> <span class='ocrx_word' id='word_1_840' title='bbox 2887 5094 2984 5150; x_wconf 89' lang='lat' dir='ltr'><strong>per</strong></span> <span class='ocrx_word' id='word_1_841' title='bbox 3011 5078 3169 5132; x_wconf 84' lang='lat' dir='ltr'><strong>[idem</strong></span> <span class='ocrx_word' id='word_1_842' title='bbox 3197 5094 3316 5148; x_wconf 68' lang='lat' dir='ltr'><strong>qua:</strong></span> <span class='ocrx_word' id='word_1_843' title='bbox 3340 5094 3440 5149; x_wconf 89' lang='lat' dir='ltr'><strong>per</strong></span> 
     </span>
    </p>
   </div>
   <div class='ocr_carea' id='block_1_111' title="bbox 1857 5171 3440 5240">
    <p class='ocr_par' dir='ltr' id='par_1_111' title="bbox 1857 5171 3440 5240">
     <span class='ocr_line' id='line_1_111' title="bbox 1857 5171 3440 5240; baseline -0.001 -13"><span class='ocrx_word' id='word_1_844' title='bbox 1857 5172 2199 5227; x_wconf 90' lang='lat' dir='ltr'><strong>dilectionem</strong></span> <span class='ocrx_word' id='word_1_845' title='bbox 2227 5178 2502 5240; x_wconf 91' lang='lat' dir='ltr'><strong>operatur,</strong></span> <span class='ocrx_word' id='word_1_846' title='bbox 2528 5180 2583 5225; x_wconf 88' lang='lat' dir='ltr'><strong>et</strong></span> <span class='ocrx_word' id='word_1_847' title='bbox 2621 5171 2888 5226; x_wconf 87' lang='lat' dir='ltr'><strong>universis</strong></span> <span class='ocrx_word' id='word_1_848' title='bbox 2911 5171 3223 5240; x_wconf 89' lang='lat' dir='ltr'><strong>passionum</strong></span> <span class='ocrx_word' id='word_1_849' title='bbox 3248 5171 3440 5226; x_wconf 89' lang='lat' dir='ltr'><strong>condi-</strong></span> 
     </span>
    </p>
   </div>
   <div class='ocr_carea' id='block_1_112' title="bbox 1859 5262 3440 5334">
    <p class='ocr_par' dir='ltr' id='par_1_112' title="bbox 1859 5262 3440 5334">
     <span class='ocr_line' id='line_1_112' title="bbox 1859 5262 3440 5334; baseline 0.001 -16"><span class='ocrx_word' id='word_1_850' title='bbox 1859 5263 2118 5327; x_wconf 88' lang='lat' dir='ltr'><strong>tionibus,</strong></span> <span class='ocrx_word' id='word_1_851' title='bbox 2142 5272 2200 5318; x_wconf 90' lang='lat' dir='ltr'><strong>ut</strong></span> <span class='ocrx_word' id='word_1_852' title='bbox 2228 5263 2326 5332; x_wconf 89' lang='lat' dir='ltr'><strong>ipsi</strong></span> <span class='ocrx_word' id='word_1_853' title='bbox 2358 5263 2600 5318; x_wconf 90' lang='lat' dir='ltr'><strong>fecerunt</strong></span> <span class='ocrx_word' id='word_1_854' title='bbox 2629 5264 2881 5334; x_wconf 84' lang='lat' dir='ltr'><strong>apostoli,-</strong></span> <span class='ocrx_word' id='word_1_855' title='bbox 2909 5265 3274 5332; x_wconf 70' lang='lat' dir='ltr'><strong>adsequemur.</strong></span> <span class='ocrx_word' id='word_1_856' title='bbox 3301 5262 3440 5330; x_wconf 88' lang='lat' dir='ltr'><strong>Quia</strong></span> 
     </span>
    </p>
   </div>
   <div class='ocr_carea' id='block_1_113' title="bbox 1822 5355 3441 5426">
    <p class='ocr_par' dir='ltr' id='par_1_113' title="bbox 1822 5355 3441 5426">
     <span class='ocr_line' id='line_1_113' title="bbox 1822 5355 3441 5426; baseline 0 -16"><span class='ocrx_word' id='word_1_857' title='bbox 1822 5389 1824 5393; x_wconf 95' lang='lat'><strong><em>-</em></strong></span> <span class='ocrx_word' id='word_1_858' title='bbox 1859 5357 1983 5412; x_wconf 90' lang='lat' dir='ltr'><strong>licet</strong></span> <span class='ocrx_word' id='word_1_859' title='bbox 2013 5357 2064 5410; x_wconf 88' lang='lat' dir='ltr'><strong>in</strong></span> <span class='ocrx_word' id='word_1_860' title='bbox 2093 5371 2224 5426; x_wconf 88' lang='lat' dir='ltr'><strong>pace</strong></span> <span class='ocrx_word' id='word_1_861' title='bbox 2251 5356 2532 5411; x_wconf 88' lang='lat' dir='ltr'><strong>videamur</strong></span> <span class='ocrx_word' id='word_1_862' title='bbox 2553 5356 2752 5420; x_wconf 87' lang='lat' dir='ltr'><strong>vivere,</strong></span> <span class='ocrx_word' id='word_1_863' title='bbox 2777 5371 2960 5410; x_wconf 89' lang='lat' dir='ltr'><strong>verum</strong></span> <span class='ocrx_word' id='word_1_864' title='bbox 2997 5364 3079 5410; x_wconf 90' lang='lat' dir='ltr'><strong>est</strong></span> <span class='ocrx_word' id='word_1_865' title='bbox 3111 5355 3260 5419; x_wconf 93' lang='lat' dir='ltr'><strong>illud,</strong></span> <span class='ocrx_word' id='word_1_866' title='bbox 3295 5357 3441 5424; x_wconf 90' lang='lat' dir='ltr'><strong>quod</strong></span> 
     </span>
    </p>
   </div>
   <div class='ocr_carea' id='block_1_114' title="bbox 1859 5447 3443 5517">
    <p class='ocr_par' dir='ltr' id='par_1_114' title="bbox 1859 5447 3443 5517">
     <span class='ocr_line' id='line_1_114' title="bbox 1859 5447 3443 5517; baseline -0.001 -16"><span class='ocrx_word' id='word_1_867' title='bbox 1859 5449 1949 5516; x_wconf 90' lang='lat' dir='ltr'><strong>qui</strong></span> <span class='ocrx_word' id='word_1_868' title='bbox 1973 5449 2058 5517; x_wconf 89' lang='lat' dir='ltr'><strong>pie</strong></span> <span class='ocrx_word' id='word_1_869' title='bbox 2097 5447 2280 5502; x_wconf 88' lang='lat' dir='ltr'><strong>volunt</strong></span> <span class='ocrx_word' id='word_1_870' title='bbox 2318 5448 2500 5503; x_wconf 89' lang='lat' dir='ltr'><strong>vivere</strong></span> <span class='ocrx_word' id='word_1_871' title='bbox 2527 5463 2714 5502; x_wconf 90' lang='lat' dir='ltr'><strong>omnes</strong></span> <span class='ocrx_word' id='word_1_872' title='bbox 2758 5447 3185 5516; x_wconf 88' lang='lat' dir='ltr'><strong>persecutionem</strong></span> <span class='ocrx_word' id='word_1_873' title='bbox 3234 5447 3443 5515; x_wconf 84' lang='lat' dir='ltr'><strong>patiun-</strong></span> 
     </span>
    </p>
   </div>
   <div class='ocr_carea' id='block_1_115' title="bbox 1862 5549 1968 5594">
    <p class='ocr_par' dir='ltr' id='par_1_115' title="bbox 1862 5549 1968 5594">
     <span class='ocr_line' id='line_1_115' title="bbox 1862 5549 1968 5594; baseline -0.028 0"><span class='ocrx_word' id='word_1_874' title='bbox 1862 5549 1968 5594; x_wconf 90' lang='lat' dir='ltr'><strong>tur.</strong></span> 
     </span>
    </p>
   </div>
   <div class='ocr_carea' id='block_1_116' title="bbox 1941 5627 3439 5700">
    <p class='ocr_par' dir='ltr' id='par_1_116' title="bbox 1941 5627 3439 5700">
     <span class='ocr_line' id='line_1_116' title="bbox 1941 5627 3439 5700; baseline -0.001 -16"><span class='ocrx_word' id='word_1_875' title='bbox 1941 5629 2088 5684; x_wconf 71' lang='lat' dir='ltr'><strong>Nihil</strong></span> <span class='ocrx_word' id='word_1_876' title='bbox 2112 5639 2345 5700; x_wconf 88' lang='lat' dir='ltr'><strong>opertum</strong></span> <span class='ocrx_word' id='word_1_877' title='bbox 2367 5630 2505 5699; x_wconf 85' lang='lat' dir='ltr'><strong>quod</strong></span> <span class='ocrx_word' id='word_1_878' title='bbox 2535 5646 2637 5683; x_wconf 87' lang='lat' dir='ltr'><strong>non</strong></span> <span class='ocrx_word' id='word_1_879' title='bbox 2661 5628 2989 5692; x_wconf 80' lang='lat' dir='ltr'><strong>reveletur,e!</strong></span> <span class='ocrx_word' id='word_1_880' title='bbox 3014 5627 3273 5682; x_wconf 85' lang='lat' dir='ltr'><strong>occultum</strong></span> <span class='ocrx_word' id='word_1_881' title='bbox 3299 5635 3439 5698; x_wconf 81' lang='lat' dir='ltr'><strong>quod</strong></span> 
     </span>
    </p>
   </div>
   <div class='ocr_carea' id='block_1_117' title="bbox 1869 5717 3444 5785">
    <p class='ocr_par' dir='ltr' id='par_1_117' title="bbox 1869 5717 3444 5785">
     <span class='ocr_line' id='line_1_117' title="bbox 1869 5717 3444 5785; baseline -0.001 -12"><span class='ocrx_word' id='word_1_882' title='bbox 1869 5738 1968 5773; x_wconf 82' lang='lat' dir='ltr'><strong>non</strong></span> <span class='ocrx_word' id='word_1_883' title='bbox 1997 5719 2211 5774; x_wconf 84' lang='lat' dir='ltr'><strong>sciatur.</strong></span> <span class='ocrx_word' id='word_1_884' title='bbox 2252 5720 2454 5774; x_wconf 89' lang='lat' dir='ltr'><strong>Idcirco</strong></span> <span class='ocrx_word' id='word_1_885' title='bbox 2481 5719 2627 5785; x_wconf 90' lang='lat' dir='ltr'><strong>dicit,</strong></span> <span class='ocrx_word' id='word_1_886' title='bbox 2663 5734 2728 5774; x_wconf 91' lang='lat' dir='ltr'><strong>ne</strong></span> <span class='ocrx_word' id='word_1_887' title='bbox 2782 5717 2921 5773; x_wconf 89' lang='lat' dir='ltr'><strong>ullus</strong></span> <span class='ocrx_word' id='word_1_888' title='bbox 2959 5719 3231 5772; x_wconf 70' lang='lat' dir='ltr'><strong>infamiam</strong></span> <span class='ocrx_word' id='word_1_889' title='bbox 3259 5728 3313 5772; x_wconf 88' lang='lat' dir='ltr'><strong>et</strong></span> <span class='ocrx_word' id='word_1_890' title='bbox 3351 5735 3444 5772; x_wconf 60' lang='lat' dir='ltr'><strong>ea-</strong></span> 
     </span>
    </p>
   </div>
   <div class='ocr_carea' id='block_1_118' title="bbox 2935 5811 3004 5872">
    <p class='ocr_par' dir='ltr' id='par_1_118' title="bbox 2935 5811 3004 5872">
     <span class='ocr_line' id='line_1_118' title="bbox 2935 5811 3004 5872; baseline -0.058 0"><span class='ocrx_word' id='word_1_891' title='bbox 2935 5811 3004 5872; x_wconf 72' lang='lat' dir='ltr'><strong>1&#39;s</strong></span> 
     </span>
    </p>
   </div>
  </div>
