4004 6362
625 316 661 368 «ι
671 318 731 369 '27

1431 314 1485 367 S.
1530 313 1887 368 PASiIllASll
1930 312 2272 367 IMDBERTI
2313 313 2600 367 ABBATIS
2639 311 3086 368 (IOllBElENSIS

3791 295 3898 352 £28

635 429 866 483 lummas
919 435 1130 481 tuneret
1171 427 1691 496 blaspliemantium,
1749 425 1906 497 503
1958 427 2118 480 etiam
2166 427 2212 481 si
2243 431 2286 488 Λ
2317 426 2458 480 aliud
2513 427 2807 498 intelligere
2853 427 3060 480 obtusis
3100 427 3371 492 sensnbus,
3414 441 3572 495 quam
3611 441 3901 498 corporum

634 520 932 575 Beelzebub
961 518 1153 588 aliquis
1183 527 1422 581 vocetur,
1461 527 1550 571 aut
1597 517 1760 579 aliud,
1788 518 1830 572 si
1875 517 1989 572 fieri
2015 527 2210 587 potest,

635 611 776 680 quod
823 609 1060 664 deterius
1098 607 1186 669 sit.
1230 609 1353 678 quia
1388 615 1560 662 totum
1617 605 1960 661 manifestum
2001 607 2106 660 erit
2159 606 2210 660 in

636 702 824 754 ultimo
873 699 1095 770 judicio.
1136 699 1253 752 Duo
1295 698 1512 767 quidem
1558 699 1806 767 proponit
1839 713 1852 752 τ
1882 707 2126 768 opertum
2159 706 2213 750 et

634 790 901 844 occultum
931 805 946 853 ;
986 788 1108 857 quia
1134 786 1264 841 nihil
1290 788 1344 842 in
1370 801 1536 841 carne
1575 796 1667 840 aut
1696 787 1746 840 in
1775 787 1950 841 anima
1983 786 2208 855 geritur,

634 881 776 950 quod
819 880 872 932 in
918 878 1004 933 die
1031 877 1200 932 ultimi
1227 877 1492 931 examinis
1523 891 1639 946 non‘
1674 877 1962 942 reveletur,
1993 885 2085 930 aut
2113 890 2208 929 ne-

633 974 857 1034 sciatnr,
883 970 1097 1040 quando
1137 969 1476 1038 judicaturus
1513 977 1594 1023 est
1635 968 1772 1023 Deus
1795 968 2009 1024 occulta
2039 967 2212 1022 bomi-

634 1078 780 1115 num.
833 1061 1136 1116 Revelanda
1185 1067 1309 1115 sunt
1354 1068 1534 1112 autem
1580 1059 1668 1113 illa
1706 1071 2042 1128 quaecunque
2090 1072 2212 1126 per-

633 1163 842 1223 petrata
870 1161 993 1206 sunt
1020 1160 1073 1206 et
1089 1151 1377 1206 commissa
1407 1164 1420 1202 :
1453 1149 1691 1204 seientur
1714 1163 1842 1203 vero
1879 1161 2212 1219 quaecunque

635 1245 833 1301 fuerint
853 1247 1103 1313 cogitata.
1136 1243 1202 1297 Et
1223 1243 1342 1298 ideo
1367 1258 1460 1298 eos
1485 1243 1575 1312 qui
1607 1241 1698 1297 Dei
1727 1250 1851 1296 sunt
1877 1241 2069 1297 timere
2104 1254 2209 1295 non

633 1343 829 1398 debere
853 1342 1128 1397 hominum
1155 1337 1516 1409 blasphemias
1541 1343 1595 1390 et
1620 1333 1928 1405 opprobria,
1947 1332 2083 1398 Quia
2100 1331 2210 1402 glo-

631 1436 711 1487 ria
752 1444 951 1497 nostra,
985 1442 1041 1485 ut
1081 1432 1155 1486 ait
1201 1428 1504 1499 Apostolus,
1553 1427 1663 1480 haec
1699 1435 1794 1488 est,
1853 1426 2209 1479 testimonium

631 1523 961 1576 conscientia!
988 1531 1176 1575 nostra:
1223 1518 1317 1590 (11
1357 1516 1478 1572 Cor.
1531 1515 1718 1585 1,12).
1750 1512 1948 1568 Verum
1973 1513 2087 1568 bmc
2121 1526 2209 1567 re-

631 1612 850 1676 velatio,
876 1611 952 1667 vel
981 1613 1093 1666 lure
1115 1609 1339 1664 scicntia
1365 1624 1518 1678 atque
1547 1607 1613 1661 de
1634 1606 1790 1660 bonis
1817 1606 1921 1659 erit
1946 1613 1998 1659 et
2030 1605 2206 1669 malis,

631 1716 966 1770 quzecunque
1006 1701 1142 1755 facta
1177 1699 1374 1753 fuerint
1421 1697 1500 1749 vel
1540 1695 1818 1759 meditata,
1849 1703 1903 1749 et
1932 1694 2050 1748 ideo
2102 1708 2207 1748 non

2316 518 2589 598 formaset
2615 520 2877 590 exempla.
2909 519 3060 587 Quod
3107 519 3363 576 Dominus
3392 521 3492 576 hoc
3531 521 3646 576 loco
3672 521 3908 594 denegat

2314 624 2435 664 cum
2476 610 2604 664 dicit
2638 611 2760 679 quia
2791 624 2986 678 corpus
3011 617 3189 680 potest
3219 611 3417 675 occidi,
3457 613 3694 666 animam
3722 623 3905 667 autem

2314 716 2418 755 non
2447 711 2674 770 possunt
2708 702 2978 756 occidere.
3030 701 3164 767 Quia
3210 702 3387 755 anima
3440 717 3545 755 non
3577 713 3660 755 est
3707 717 3907 771 corpus

2313 793 2457 861 quod
2495 795 2661 861 possit
2686 793 2900 847 occidi:
2941 793 3082 860 quod
3127 793 3170 845 si
3222 801 3386 855 esset,
3442 792 3690 846 mortalis
3735 804 3905 858 esset,

2311 881 2452 936 sicut
2480 890 2563 936 est
2588 897 2802 950 corpus.
2831 882 2895 935 Et
2922 883 3060 936 sicut
3093 897 3353 950 corporea
3387 891 3672 936 transeunt
3698 886 3904 945 omnia,

2313 980 2368 1026 et
2397 969 2556 1026 finem
2589 972 2790 1026 habent
2816 972 2918 1036 sui,
2945 972 3301 1042 perlransiret
3332 987 3452 1024 cum
3483 972 3692 1026 eisdem
3718 974 3906 1044 utique

2314 1062 2380 1115 ad
2430 1061 2724 1124 interitum,
2758 1062 2801 1116 si
2848 1071 2993 1116 esset
3025 1061 3128 1115 tale
3167 1075 3400 1132 corpus;
3443 1062 3586 1132 quod
3616 1078 3766 1118 nunc
3802 1083 3906 1117 non

2312 1159 2506 1221 potest,
2536 1151 2698 1205 etiam
2725 1168 2846 1207 cum
2875 1162 2958 1207 est
3006 1153 3059 1206 in
3089 1152 3386 1222 suppliciis.
3427 1153 3578 1208 Unde
3615 1169 3742 1209 mox
3799 1155 3908 1209 Ma-

2313 1241 2478 1312 gister
2499 1241 2616 1311 pius
2639 1259 2650 1295 :

2385 1330 2492 1385 Sed
2519 1333 2714 1402 potius,
2746 1333 2940 1403 inquit,
2973 1351 3088 1388 eum
3112 1331 3302 1400 timete,
3333 1337 3422 1406 qui
3467 1347 3635 1406 potest
3671 1341 3907 1394 animum

2312 1431 2358 1475 et
2389 1438 2574 1490 corpus
2598 1424 2812 1493 perdere
2835 1427 2888 1478 in
2918 1425 3224 1495 gehennam.
3276 1427 3374 1483 Ubi
3417 1444 3541 1483 vera
3576 1434 3908 1487 resurrectio

2310 1511 2633 1580 praedicatur
2652 1513 2914 1582 corporis,
2958 1514 3083 1584 quia
3124 1515 3226 1568 nisi
3269 1528 3579 1589 resurgeret
3609 1522 3678 1575 ad
3712 1524 3904 1582 vitam.

2311 1599 2364 1652 in
2393 1601 2692 1670 gehennam
2709 1602 2849 1656 mitti
2879 1619 2982 1657 non
3000 1613 3181 1673 posset
3204 1613 3257 1658 ut
3283 1608 3526 1660 sentiret.
3548 1607 3702 1662 Nune.
3725 1619 3906 1663 autem

2313 1691 2438 1759 quia
2466 1701 2520 1746 et
2539 1693 2718 1746 anima
2755 1694 2925 1749 occidi
2957 1709 3060 1748 non
3102 1703 3301 1764 potest,
3331 1705 3384 1750 et
3411 1712 3610 1767 corpus
3636 1699 3706 1753 de
3735 1711 3909 1754 morte

628 1793 1087 1861 pertimescendas
1126 1791 1282 1845 docet
1307 1788 1507 1851 minas,
1552 1784 1804 1847 concilia.
1831 1783 2209 1855 blasphemias,
2243 1788 2287 1846 Β
2320 1797 2602 1853 resurgere
2655 1784 2842 1850 habet,
2889 1785 2978 1838 illa
3006 1785 3242 1840 timenda
3281 1796 3366 1843 est
3403 1804 3550 1843 mors
3591 1805 3700 1858 qua
3744 1792 3908 1846 simul

594 1883 846 1950 probra,
896 1896 994 1935 nec
1021 1890 1316 1951 potestates
1356 1878 1753 1937 insectantium,
1797 1877 1920 1945 quia
1961 1876 2078 1930 dies
2119 1875 2208 1942 ju-

628 1973 750 2026 dicii
782 1972 922 2026 nulla
950 1973 1062 2026 Ittec
1097 1970 1260 2025 fuisse
1287 1979 1450 2039 atque
1471 1969 1646 2023 inania
1674 1967 1986 2021 declarabit.

702 2059 853 2124 Quod
879 2059 996 2112 diro
1036 2059 1176 2113 vobis
1202 2060 1255 2111 in
1291 2051 1537 2120 tenebris,
1591 2057 1750 2110 dicite
1799 2057 1851 2110 in
1902 2055 2122 2121 lumine,
2159 2066 2207 2110 et

626 2150 764 2217 quod
799 2150 853 2202 in
883 2165 1010 2202 aure
1041 2149 1258 2212 auditis,
1305 2147 1586 2216 prmdicate
1611 2163 1768 2215 super
1798 2139 2206 2216 tecta/'Et'goin

629 2240 866 2293 tenebris
892 2239 1020 2308 quid
1057 2238 1225 2292 dicit?
1251 2237 1365 2291 Non
1390 2246 1517 2307 puto
1543 2238 1608 2292 de
1635 2237 1720 2290 his
1749 2237 1984 2291 tenebris
2009 2236 2208 2292 dixisse

626 2343 761 2396 quas
806 2328 1102 2390 cernimus,
1133 2328 1257 2398 quia
1307 2340 1406 2382 nec
1457 2326 1792 2381 Salvatorem
1849 2327 1902 2380 in
1961 2326 2207 2381 noctibus

627 2420 790 2474 multa
837 2421 1142 2490 disputasse
1194 2422 1456 2492 legiums:
1491 2420 1584 2474 sed
1619 2419 1687 2473 de
1716 2419 1800 2474 bis
1832 2419 2070 2474 tenebris
2097 2417 2205 2472 uti-

623 2529 728 2581 que
750 2513 970 2566 dicitde
998 2511 1192 2582 quibus
1212 2512 1446 2566 Joannes
1477 2529 1490 2564 :
1525 2510 1587 2564 Et
1610 2510 1720 2572 lux,
1756 2509 1947 2579 inquit,
1983 2510 2037 2562 in
2063 2519 2207 2563 tene-

623 2605 729 2656 bris
770 2604 903 2658 lucet
933 2643 947 2666 ,
995 2613 1044 2657 et
1104 2603 1328 2657 tenebrm
1378 2618 1492 2656 eam
1551 2618 1655 2656 non
1711 2601 2207 2670 comprehenderunt

621 2694 817 2762 (Joan.
843 2711 880 2759 ι,
910 2694 1000 2766 5).
1030 2693 1182 2762 Quod
1223 2695 1266 2749 si
1303 2694 1806 2763 apprehendissent,
1856 2693 2042 2761 utique
2098 2707 2205 2748 non

619 2787 880 2851 tenebrae,
910 2784 1004 2839 sed
1034 2785 1125 2839 lux
1155 2786 1209 2838 in
1234 2785 1461 2839 Domino
1485 2791 1684 2838 essent.
1714 2783 1770 2836 ln
1796 2783 1879 2837 liis
1905 2797 2034 2852 ergo
2057 2789 2210 2836 tene-

622 2875 737 2930 bris
767 2873 1030 2928 Dominus
1081 2872 1435 2941 loquebatur;
1469 2874 1594 2942 quia
1637 2872 1816 2926 omnis
1866 2885 2046 2926 sermo
2091 2871 2207 2940 ejus

619 2962 929 3016 carnalibus
959 2963 1190 3016 tenebrae
1219 2972 1365 3024 sunt,
1401 2971 1456 3016 et
1499 2962 1721 3016 verbum
1747 2961 1864 3029 ejus
1907 2960 2207 3015 infidelibus

624 3067 725 3104 uox
754 3059 851 3103 est.
886 3049 1011 3104 ideo
1031 3049 1290 3118 quidquid
1331 3058 1424 3102 aut
1479 3059 1691 3104 secreto
1731 3049 1887 3119 quasi
1927 3049 2103 3104 adhuc
2149 3050 2203 3104 in

2310 1887 2507 1942 corpus
2535 1883 2589 1929 et
2616 1875 2793 1930 anima
2817 1875 2978 1930 etiam
3003 1876 3121 1930 sine
3137 1878 3241 1931 fine
3269 1879 3504 1948 torqueri
3526 1888 3724 1949 potest.
3740 1880 3910 1936 Porro

2310 1963 2570 2032 gehennae
2595 1979 2790 2020 nomen
2823 1965 2876 2019 in
2907 1961 3083 2020 Veteri
3107 1965 3452 2022 Testamento
3476 1984 3583 2022 non
3607 1969 3907 2035 invenitur,

2311 2052 2402 2106 sed
2431 2053 2664 2121 primum
2695 2053 2746 2106 in
2782 2055 2884 2109 hoc
2911 2054 3030 2108 loco
3059 2070 3089 2108 a
3113 2053 3392 2111 Salvatore
3426 2060 3666 2126 ponitur.
3703 2059 3913 2116 Dicitur

2309 2148 2488 2197 autem
2539 2142 2739 2198 idolum
2776 2143 2902 2198 Baal
2946 2144 3112 2200 fuisse
3153 2145 3306 2216 juxta
3352 2145 3652 2203 Jerusalem
3705 2150 3776 2204 ad
3826 2167 3913 2206 ra-

2309 2233 2458 2290 dices
2487 2235 2688 2291 montis
2718 2236 2909 2302 Moria,
2941 2238 3031 2292 ubi
3057 2237 3246 2294 Soloas
3272 2239 3469 2295 defluit.
3508 2241 3573 2296 Et
3599 2244 3717 2298 haec
3748 2245 3912 2298 vallis

2308 2323 2475 2381 fuisse
2507 2327 2720 2398 legitur,
2757 2328 2810 2382 in
2849 2344 2954 2398 qua
2979 2344 3147 2400 parva
3191 2332 3368 2401 campi
3398 2331 3652 2402 planities
3701 2335 3912 2406 irrigua

2308 2426 2512 2472 erat-et
2549 2433 2861 2485 nemorosa,
2906 2421 3176 2491 plenaque
3214 2422 3461 2488 deliciis;
3518 2425 3611 2494 qui
3643 2425 3910 2480 nimirum

2308 2505 2458 2562 locus
2515 2508 2664 2564 idolo
2705 2509 2834 2565 Baa‘l
2879 2511 3059 2566 fuerat
3093 2523 3462 2569 consecratus.
3519 2514 3663 2570 Proh
3715 2516 3906 2572 dolor!

2308 2615 2440 2670 gens
2466 2603 2676 2670 perdita
2705 2603 2771 2656 ad
2796 2612 2998 2657 tantam
3025 2604 3289 2659 insaniam
3313 2606 3604 2661 devenerat
3628 2615 3688 2661 et
3721 2622 3909 2663 amen-

2307 2691 2456 2754 tiam,
2491 2701 2570 2757 ut,
2621 2692 2811 2748 relicto
2844 2693 3064 2763 templo,
3114 2694 3186 2748 ibi
3239 2695 3442 2750 hostias
3472 2695 3832 2752 immolarent
3861 2709 3906 2752 et

2308 2781 2679 2837 sacriﬁcarent
2724 2782 2845 2838 diis.
2903 2784 3022 2849 Quo
3063 2798 3192 2838 sane
3241 2784 3383 2840 facto
3436 2785 3569 2840 nihil
3598 2786 3905 2842 dementius

2307 2870 2618 2936 invenitur;
2658 2880 2716 2925 ut
2743 2881 2974 2942 propter
3020 2873 3276 2939 delicias,
3337 2874 3649 2945 religionem
3683 2877 3884 2932 desere

2312 2972 2428 3015 rent
2463 2961 2554 3016 Dei
2583 2979 2597 3027 ;
2639 2963 2859 3032 insuper
2894 2963 3032 3018 ﬁlios
3075 2979 3203 3018 suos
3237 2965 3568 3020 daemonibus
3603 2981 3904 3022 consecra-

2310 3061 2449 3117 rent,
2481 3053 2564 3106 vel
2607 3053 2882 3108 initiarent
2909 3069 3005 3123 per
3043 3054 3240 3125 ignem.
3289 3055 3677 3125 Appellabatur
3723 3071 3906 3116 autem

624 3140 862 3193 tenebris
891 3139 1018 3203 illis,
1063 3149 1156 3192 aut
1187 3139 1240 3193 in
1285 3140 1471 3209 figuris
1523 3148 1577 3194 et
1629 3139 2002 3210 aenigmatibus
2045 3140 2198 3206 dixit,
2228 3137 2272 3199 C
2305 3143 2454 3197 locus
2487 3143 2571 3197 ille
2619 3143 2924 3206 Gchennon,
2967 3145 3015 3200 id
3054 3155 3140 3200 est
3182 3146 3336 3200 vallis
3383 3148 3613 3202 filiorum
3662 3149 3906 3214 Ennon;

612 3229 766 3296 jubet
795 3231 1088 3299 praedicare
1113 3230 1167 3284 in
1194 3230 1413 3292 lumine,
1441 3231 1492 3284 id
1513 3238 1602 3286 est
1632 3231 1685 3284 in
1704 3230 2007 3287 manifesto
2021 3247 2204 3286 coram

621 3321 969 3386 ltOtttilllths;
1003 3329 1058 3376 et
1093 3337 1428 3390 quaecunque
1464 3322 1515 3376 in
1549 3322 1790 3387 auribus,
1811 3324 1966 3392 quasi
1998 3324 2101 3377 sub
2130 3324 2204 3378 si-

619 3415 786 3468 lentio
841 3414 1056 3476 doeuit,
1109 3413 1328 3466 mandat
1376 3427 1438 3465 ac.
1470 3413 1514 3466 si
1547 3411 1802 3466 talentum
1855 3413 2202 3468 conuiuissum

619 3505 925 3576 expendere
975 3519 1138 3576 super
1185 3513 1340 3558 tecta.
1392 3503 1539 3558 More
1590 3504 1855 3572 siquidem
1905 3503 2202 3560 Palzestince

621 3597 911 3666 provincia:
933 3595 1191 3666 loquitur,
1224 3596 1276 3649 in
1300 3610 1406 3665 qua
1433 3609 1592 3663 super
1616 3603 1754 3650 tecta
1777 3594 2202 3650 deambulatoria

616 3699 789 3751 erant,
821 3688 872 3740 iu
899 3687 1092 3755 quibus
1113 3702 1274 3756 quam
1298 3701 1438 3755 saepe
1466 3685 1819 3754 loquebantur
1839 3687 1907 3742 ad
1926 3687 2198 3757 pupulum.

620 3781 776 3836 Unde
822 3791 875 3833 et
909 3780 1166 3834 Dominus
1191 3778 1456 3848 przeconia
1484 3778 1608 3832 vitae
1658 3778 1712 3832 in
1751 3779 1968 3834 excelso
2001 3793 2198 3848 propo-

621 3885 750 3924 nere
765 3867 939 3936 jubet,
961 3877 1016 3923 et
1045 3876 1358 3923 constanter
1381 3867 1724 3932 annuntiare,
1749 3866 2006 3935 quidquid
2029 3866 2199 3921 sancti

615 3961 1018 4030 praedicatores,
1068 3972 1171 4011 non
1223 3966 1432 4010 tantum
1479 3969 1610 4009 aure
1651 3956 1896 4023 corporis
1938 3969 2099 4034 quam
2141 3962 2202 4008 et

618 4065 750 4105 aure
799 4047 995 4103 mentis
1043 4049 1187 4102 intus
1226 4046 1567 4100 audierunta
1607 4045 1850 4100 Domino.
1882 4043 1972 4098 Sic
1998 4044 2198 4098 dictum

617 4152 700 4198 est
723 4142 790 4196 ad
817 4139 1068 4195 eosdem:
1102 4137 1250 4192 Vobis
1267 4137 1448 4190 datum
1471 4147 1544 4189 est
1564 4152 1712 4189 nosse
1734 4136 2034 4205 mysterium
2057 4137 2200 4205 regni

616 4236 734 4299 Dei,
768 4233 966 4288 steteris
999 4244 1170 4284 auem
1215 4231 1269 4282 in
1312 4227 1576 4299 parabolis
1625 4226 1791 4295 (Luc.
1841 4242 1956 4291 vttt,
1989 4227 2105 4296 10).
2133 4227 2198 4282 Et

617 4328 740 4381 ideo
769 4323 910 4393 quod
943 4337 1074 4376 aure
1097 4319 1278 4376 cordis
1308 4321 1450 4374 intus
1474 4334 1598 4373 vere
1625 4317 2022 4382 intellexerunt,
2044 4326 2197 4389 rogat

619 4425 678 4471 ut
705 4416 907 4484 absque
936 4411 1218 4467 formidine
1257 4410 1502 4480 ingerant
1537 4410 1788 4464 omnibus
1831 4410 2189 4481 cognitionem

2305 3236 2444 3289 sicut
2483 3235 2534 3288 in
2583 3235 2783 3306 Regum
2825 3246 2880 3290 et
2915 3237 3171 3301 'Jeremia,
3208 3254 3306 3294 nec
3355 3255 3458 3294 non
3484 3250 3538 3293 et
3591 3241 3642 3294 in
3683 3241 3903 3297 Parali-

2301 3342 2569 3397 pomenon
2624 3327 2866 3397 legimus.
2901 3328 3054 3383 Unde
3102 3339 3156 3384 et
3199 3329 3462 3385 Jeremias
3513 3333 3888 3388 comminatur

2306 3423 2416 3477 imo
2439 3422 2705 3476 Dominus
2736 3439 2831 3492 per
2881 3439 3002 3477 eum
3049 3423 3198 3493 (λετ.
3243 3440 3353 3489 xix,
3390 3423 3484 3494 l6)
3517 3425 3694 3479 locum
3725 3426 3905 3494 ipsum

2306 3513 2651 3582 impleturum
2677 3514 3034 3568 cadaveribus
3065 3523 3418 3577 mortuorum,
3458 3525 3515 3568 ut
3549 3531 3907 3586 nequaquam

2305 3609 2534 3679 amplius
2564 3620 2785 3664 vocetur
2810 3610 3055 3679 Topbeth
3086 3609 3246 3682 505
3275 3621 3331 3666 et
3365 3613 3512 3676 Baal,
3541 3613 3637 3668 sed
3673 3626 3902 3669 vocetur

2304 3696 2712 3768 Potyandrium,
2736 3699 2788 3754 id
2817 3707 2898 3754 est
2925 3702 3163 3755 tumulus
3199 3710 3551 3757 mortuorum.
3593 3703 3770 3774 Hujus
3822 3709 3892 3760 ni-

2304 3789 2501 3842 mirum
2537 3789 2639 3844 loci
2666 3790 2950 3854 vocabulo,
2975 3789 3155 3844 futura
3179 3800 3524 3860 peccatorum
3553 3794 3828 3864 supplicia
3855 3805 3906 3850 et

2301 3894 2476 3949 pinnae
2515 3890 2824 3950 perpetuae,
2867 3880 3064 3950 quibus
3108 3891 3420 3951 peccatores
3463 3884 3904 3950 cruciabuntur,

2303 3970 2649 4024 denotamur.
2685 3970 2860 4026 Porro
2892 3971 3162 4041 duplicem
3203 3987 3324 4028 esse
3343 3975 3648 4045 gehennam
3677 3986 3733 4030 et
3785 3992 3902 4046 po:-

2301 4075 2426 4112 nam
2471 4059 2575 4113 Job
2598 4059 2913 4130 plenissime
2941 4062 3211 4128 declarat,
3238 4063 3363 4118 dum
3394 4065 3468 4118 ait
3494 4083 3506 4117 :
3535 4064 3846 4121 Transeunt
3875 4085 3907 4119 α

2301 4149 2474 4203 calore
2501 4151 2663 4205 nimio
2689 4153 2755 4204 ad
2778 4151 2944 4221 frigus
2968 4152 3090 4223 (Job
3114 4169 3262 4218 xxiv,
3281 4155 3388 4225 i9).
3406 4154 3535 4222 Quae
3553 4169 3743 4210 revera
3773 4173 3905 4227 sup-

2295 4240 2457 4309 plicia
2503 4249 2637 4296 teste
2677 4243 2790 4296 Deo
2830 4243 3000 4313 magis
3032 4243 3264 4298 timenda
3306 4254 3431 4300 sunt
3469 4254 3524 4300 et
3551 4244 3908 4302 formidanda

2299 4348 2459 4401 quam
2490 4344 2898 4390 momentaneus
2923 4335 3075 4390 dolor
3105 4337 3348 4407 corporis
3379 4347 3433 4392 et
3473 4339 3750 4408 separatio
3776 4343 3907 4394 ani-

2297 4439 2398 4478 ma:
2433 4439 2462 4478 a
2499 4437 2743 4496 corpore.
2782 4425 2916 4493 Quia
2957 4435 3084 4482 tunc
3118 4429 3296 4482 anima
3334 4427 3461 4483 licet
3490 4427 3562 4482 sit
3601 4429 3910 4484 invisibilis

617 4505 865 4562 veritatis
887 4505 939 4559 in
967 4503 1166 4557 lumine
1190 4519 1205 4565 ς
1233 4501 1358 4570 quia
1389 4501 1486 4571 ίρδί
1511 4501 1599 4555 lux
1628 4500 1802 4556 θπθεῑί
1833 4511 1958 4557 sum
1981 4518 2077 4572 Ρθτ
2105 4519 2193 4557 η’
2222 4485 2272 4542 D
2297 4528 2352 4570 et
2370 4517 2742 4586 incorporalis,
2759 4519 3050 4573 secundum
3065 4520 3236 4574 nostri
3251 4520 3495 4590 corporis
3507 4520 3908 4586 substantiam,

619 4596 937 4654 vetationem
987 4607 1126 4650 verte
1154 4593 1310 4658 lucis,
1351 4600 1410 4646 ut
1445 4607 1632 4647 omnes
1663 4607 1690 4645 a
1723 4591 1841 4646 luce
1890 4592 2192 4668 illtstmjnen-

623 4701 728 4745 tur.

689 4780 852 4854 θοή,
891 4778 1069 4836 Nolite
1098 4781 1297 4845 timere,
1323 4779 1516 4849 inquit,
1556 4795 1642 4833 eos
1688 4780 1776 4848 qui
1823 4793 2008 4848 corpus
2053 4778 2191 4831 occi-

619 4875 772 4937 dunt,
797 4873 1029 4926 animum
1070 4881 1242 4924 autem
1288 4885 1390 4924 non
1434 4879 1647 4940 possunt
1674 4869 1938 4939 cecidere.
1986 4866 2195 4922 Firmat

617 4979 710 5018 eos
741 4963 793 5018 in
820 4961 1198 5032 praedicatione
1229 4974 1546 5030 permanere
1574 4957 1899 5028 intrepidos;
1938 4957 2064 5027 quia
2091 4956 2194 5011 etsi

617 5070 814 5124 corpus
842 5053 1074 5108 cruciari
1100 5060 1278 5122 potest
1303 5051 1370 5105 ad
1414 5059 1643 5119 tempus,
1703 5049 1881 5103 anima
1921 5063 2042 5118 quas
2082 5048 2190 5102 vita

618 5146 863 5216 corporis
896 5155 980 5199 est
1009 5143 1126 5198 lzedi
1172 5158 1277 5198 non
1314 5149 1512 5210 potest,
1554 5141 1637 5196 vel
1664 5140 1836 5194 occidi
1887 5139 2189 5201 tormentis,

616 5237 743 5305 quia
785 5235 1106 5290 immortalis
1137 5241 1327 5287 natura
1349 5240 1434 5285 est
1460 5231 1607 5301 (nam
1635 5247 1780 5285 mors
1803 5230 1917 5299 ejus
1945 5230 2048 5286 alia
2065 5232 2189 5301 est),

617 5342 791 5396 neque
819 5342 936 5379 eam
973 5340 1003 5376 a
1029 5337 1253 5392 corpore
1281 5322 1561 5390 quisquam
1595 5328 1770 5388 potest
1798 5319 2050 5384 evellere,
2088 5321 2189 5374 nisi

620 5418 744 5470 velit
786 5424 879 5470 aut
922 5415 1196 5485 permittat
1247 5412 1407 5466 Deus.
1443 5410 1547 5466 Sed
1575 5420 1629 5466 et
1657 5411 1710 5465 in
1738 5411 1841 5465 hoc
1888 5410 2192 5464 testimonio

619 5507 1046 5560 animadvertere
1073 5505 1348 5566 debemus,
1372 5513 1558 5557 contra
1591 5517 1684 5556 eos
1724 5503 1814 5571 qui
1851 5503 2032 5556 dicunt
2077 5504 2193 5557 ani-

616 5611 760 5652 niam
789 5611 909 5654 esse
951 5609 1261 5664 corpoream
1302 5593 1456 5663 juxta
1490 5592 1901 5647 crassitudinem
1953 5595 2193 5663 corporis

619 5690 812 5756 nostri,
843 5699 892 5745 et
923 5690 1193 5756 corporeis
1218 5689 1558 5744 lineamentis
1585 5687 1789 5750 metiri;
1821 5704 1923 5742 non
1951 5688 2189 5741 valentes

2299 4607 2458 4662 simul
2489 4624 2609 4662 cum
2633 4624 2858 4678 corpore
2886 4611 3124 4678 punitur,
3149 4620 3205 4666 et
3232 4612 3491 4682 supplicia
3520 4612 3724 4666 sentiet
3750 4629 3909 4668 sem-

2299 4701 2531 4770 piterna,
2559 4717 2683 4756 cum
2707 4717 2812 4771 quo
2832 4713 3148 4772 peccaverat
3174 4705 3346 4774 prius,
3377 4721 3498 4759 cum
3535 4712 3680 4760 esset
3701 4704 3756 4757 in
3799 4707 3912 4760 hoc

2300 4793 2516 4847 saeculo.

2373 4881 2562 4937 Nonne
2589 4884 2696 4937 duo
2730 4896 2964 4954 passeres
3001 4902 3115 4940 asse
3151 4895 3394 4949 veneunt,
3426 4894 3473 4938 et
3511 4901 3646 4937 unus
3683 4900 3749 4937 ea:
3793 4886 3914 4940 illis

2297 4989 2399 5026 non
2425 4973 2572 5026 cadet
2599 4990 2755 5044 super
2782 4985 2974 5028 terram
3016 4977 3128 5029 sine
3162 4974 3325 5029 Patre
3358 4975 3564 5029 vestro?
3593 4973 3742 5028 Satis
3794 4977 3910 5047 igi-

2297 5073 2385 5118 tur
2413 5065 2732 5136 abundeque
2761 5066 3016 5138 Magister
3038 5068 3282 5122 veritatis
3308 5082 3435 5122 suos
3462 5068 3913 5125 evidentissimis

2296 5154 2514 5210 instruit
2561 5157 2822 5226 exemplis
2871 5174 2938 5212 ne
2985 5160 3210 5213 timeant
3259 5160 3310 5213 in
3353 5161 3805 5228 praesentiarum,
3853 5177 3912 5218 et

2296 5239 2416 5293 ideo
2467 5241 2643 5296 adhuc
2696 5251 2982 5311 exaggerat
3014 5242 3105 5297 Dei
3153 5245 3581 5314 providentiam,
3617 5245 3738 5300 sine
3789 5264 3912 5315 qua

2295 5327 2427 5381 nihil
2454 5329 2649 5384 accidit
2675 5329 2728 5382 in
2759 5338 2922 5395 terra,
2945 5334 3070 5402 quia
3097 5333 3211 5402 ipse
3231 5344 3311 5388 est
3333 5335 3508 5389 virtus
3534 5345 3590 5387 et
3614 5343 3910 5402 potestas.

2293 5417 2371 5470 Ac
2397 5418 2440 5471 si
2470 5418 2704 5483 dicatur,
2728 5420 2774 5474 si
2803 5436 2966 5489 parva
2997 5423 3250 5476 animalia
3293 5434 3344 5478 et
3382 5426 3507 5479 vilia
3534 5424 3746 5494 absque
3784 5428 3916 5482 Deo

2295 5519 2513 5562 auctore
2554 5524 2659 5562 non
2695 5511 2897 5564 cadunt
2924 5511 2976 5565 in
3011 5520 3174 5576 terra,
3201 5514 3292 5567 sed
3327 5515 3379 5568 in
3403 5516 3657 5570 omnibus
3690 5525 3784 5569 est
3823 5517 3913 5569 illi

2292 5607 2530 5668 potestas
2550 5599 2971 5669 etprovidentia,
2993 5601 3065 5655 ita
3088 5601 3138 5656 in
3164 5603 3472 5658 minimisut
3492 5619 3610 5672 quae
3632 5604 3911 5673 peritura

2293 5699 2433 5752 sunt,
2459 5705 2561 5753 non
2592 5691 2708 5745 sine
2737 5689 2830 5746 Dei
2861 5701 3082 5761 pereant
3110 5694 3378 5747 voluntate
3402 5709 3415 5748 :
3443 5711 3535 5749 vos
3560 5695 3653 5762 qui
3686 5697 3912 5750 ωερε-υἱ
