4004 6362
163 330 246 384 ‘29
944 321 1300 379 EXPOSlTlO
1338 320 1403 375 ΙΝ
1447 319 1707 376 ΜᾹΤΤΗί

1812 319 1878 374 Μ.
1920 350 1989 358 -
2021 317 2142 373 LIB.
2181 315 2267 383 Vl,
2308 316 2455 382 CAP.
2505 314 2570 369 Χ.

3273 314 3377 368 430

164 445 287 505 estis,
316 457 419 496 non
449 441 658 496 debetis
684 442 872 494 timere
901 438 1043 508 quod
1067 437 1269 507 absque
1296 435 1389 491 Dei
1419 435 1701 506 providen—
1732 443 1782 502 Α
1808 433 2120 498 detinentes,
2153 432 2433 504 reparandi
2464 431 2879 501 promittuntur,
2927 430 3378 487 resurrectionem

167 535 222 590 tia
245 535 445 589 vivatis.
473 532 608 587 Nam
644 541 698 586 et
727 533 827 586 iste
851 545 1044 585 sensus
1071 529 1182 596 jam
1211 546 1370 599 supra
1400 531 1709 598 praemissus

164 637 244 689 est,
269 626 350 680 ubi
389 625 512 678 ait:
548 623 803 692 Respicite
856 621 1088 675 volatilia
1141 622 1255 675 caeli
1301 622 1547 692 quoniant
1603 635 1706 674 non

161 728 330 781 serunt,
358 733 526 786 neque
555 725 772 779 metunt,
796 731 957 784 neque
989 705 1301 783 congregant
1332 715 1387 766 in
1414 713 1632 777 horreis,
1658 722 1707 766 et

161 807 296 861 Pater
333 816 502 860 vester
547 804 762 859 caelestis
814 805 980 874 pascit
1029 803 1142 856 illa.
1175 802 1364 857 Nonne
1409 802 1575 871 magis
1621 819 1708 856 vos

157 899 294 969 pluris
313 899 437 951 estis
466 897 616 950 illis!
645 894 750 949 Seu
774 903 966 948 cartera
990 909 1108 963 quae
1136 903 1453 963 sequuntur.
1483 891 1709 947 Verum-

157 1003 306 1045 tamen
333 991 467 1060 quia
499 988 695 1043 Paulus
721 989 795 1041 ait
828 1005 841 1040 :
876 986 1128 1056 Nunquid
1159 1002 1262 1039 non
1293 985 1358 1039 de
1390 985 1549 1039 bobus
1579 1000 1707 1038 cura

149 1092 209 1135 es!
240 1081 385 1133 Deo?
410 1077 476 1150 (1
518 1077 642 1132 Cor.
676 1093 749 1142 ιι,
784 1076 873 1145 9.)
925 1076 1092 1131 Recte
1129 1076 1389 1146 qnmritur
1441 1074 1708 1144 quomodo

148 1175 285 1225 etiam
325 1170 554 1224 minima
591 1183 814 1238 qumque
852 1167 945 1221 Dei
980 1176 1236 1235 regantur
1273 1166 1628 1236 providentia,
1660 1165 1705 1221 si

147 1266 200 1317 de
222 1263 299 1316 his
321 1261 471 1314 nulla
497 1269 583 1314 est
611 1275 740 1313 cura
773 1259 912 1323 Deo;
955 1257 1039 1311 vel
1065 1257 1333 1326 quomodo
1359 1257 1426 1311 ad
1456 1257 1704 1310 volunta-

143 1365 235 1406 tem
284 1353 404 1422 ejus
462 1359 686 1404 manent
743 1358 838 1402 aut
885 1348 1168 1411 decidunt,
1209 1347 1252 1401 si
1293 1362 1398 1400 non
1450 1355 1706 1417 reguntur

139 1442 384 1496 arbitrio?
420 1442 532 1503 ubi,
569 1441 806 1508 prudens
847 1437 1034 1501 lector,
1088 1437 1407 1506 rogogquod
1433 1434 1545 1503 jam
1575 1436 1702 1491 olim

138 1550 165 1585 a
199 1532 488 1600 majoribus
519 1529 895 1599 prmmonitum
941 1537 1042 1592 est,
1092 1543 1224 1582 cave
1275 1526 1704 1596 superstitiosam

142 1625 554 1696 intelligentiam,
579 1631 636 1677 et
658 1638 725 1677 ne
744 1623 924 1677 dicas:
944 1622 1212 1692 quomodo
1235 1623 1414 1676 avium
1433 1632 1489 1677 et
1509 1622 1705 1677 bestia-

145 1735 254 1772 rum
299 1718 410 1787 ipse
443 1731 538 1786 per
579 1731 638 1770 se
669 1715 829 1780 Deus,
855 1715 1019 1769 etiam
1050 1725 1101 1769 et
1136 1729 1463 1779 muscarum,
1492 1729 1585 1770 seu
1623 1730 1704 1769 re-

1809 525 1986 580 carnis
2045 540 2149 579 non
2201 525 2512 588 credentes,
2572 530 2626 577 et
2675 525 2863 576 nolunt
2920 520 3216 592 intelligere
3274 523 3380 578 vim

1811 615 2121 686 Scriptum,
2165 614 2462 685 praesertim
2511 613 2635 684 quia
2685 628 2789 666 non
2831 611 3011 666 dixit:
3045 626 3234 668 omnes
3263 615 3382 669 red-

1809 707 1967 762 dendi
1991 715 2138 771 sunt,
2167 705 2250 760 vel
2285 704 2545 768 salvandi,
2578 704 2670 759 sed
2699 718 2886 758 omnes
2927 703 3193 760 numerati
3235 712 3382 768 sunt,

1808 813 1872 852 eo
1900 798 2083 867 utique
2110 810 2334 852 numero
2369 810 2475 865 quo
2506 794 2676 850 creati
2718 801 2862 848 sunt.
2895 791 2962 848 Et
2995 800 3053 846 ut
3089 792 3160 846 ita
3190 791 3380 858 fatear,

1807 889 1995 943 eodem
2034 887 2271 958 pondere
2314 895 2369 942 et
2406 902 2654 940 tnensnra
2694 900 2800 954 qua
2841 883 3012 938 mensi
3066 892 3209 950 sunt,
3254 885 3382 954 quia

1809 982 2114 1052 ubicunque
2142 995 2399 1035 numerus
2425 989 2526 1044 est,
2560 979 2630 1033 ibi
2679 988 2733 1032 et
2773 977 2994 1032 scientia
3040 976 3248 1032 muneri
3291 977 3383 1032 de-

1809 1079 2162 1126 monstratur.
2191 1069 2340 1126 Licet
2363 1071 2526 1124 etiam
2557 1070 2731 1124 adhuc
2765 1069 2932 1124 velint
2963 1077 3016 1123 et
3042 1069 3143 1122 hoc
3181 1068 3386 1122 vanilo-

1807 1161 1899 1231 qui
1930 1161 2345 1232 reprehendere,
2375 1159 2514 1230 quod
2546 1158 2810 1228 superﬂua
2841 1159 2912 1214 sit
2939 1168 2991 1213 et
3019 1158 3117 1212 ista
3144 1158 3385 1212 dinume-

1810 1255 1968 1309 ratio.
1997 1254 2150 1322 Quod
2188 1254 2234 1308 si
2267 1253 2429 1323 igitur
2470 1253 2550 1307 eis
2595 1251 2863 1322 superflua
2891 1251 3122 1315 videtur,
3151 1250 3388 1320 cogitent

1808 1364 1876 1403 ne
1912 1346 2053 1402 forte
2088 1347 2206 1417 ejus
2244 1345 2526 1416 sapientia,
2557 1360 2660 1414 qua
2702 1352 2895 1398 cuncta
2942 1351 3123 1398 creata
3155 1349 3300 1406 sunt,
3333 1347 3388 1394 et

1807 1439 1922 1509 ipsa
1957 1438 2222 1508 superﬂua
2259 1445 2463 1492 temere
2501 1434 2791 1510 judifcetur.
2817 1434 2913 1489 Cui
2950 1449 3109 1503 quam
3140 1441 3284 1488 recte
3307 1431 3389 1486 di-

1805 1529 1972 1583 citur:
1997 1527 2157 1598 507
2182 1525 2374 1580 Omnia
2400 1527 2453 1579 in
2477 1525 2752 1595 sapientia.
2780 1524 2965 1577 deinde
2988 1525 3042 1577 in
3068 1540 3309 1577 mensura
3338 1531 3388 1576 et

1805 1619 2050 1688 pondere,
2071 1628 2118 1672 et
2150 1618 2203 1671 in
2238 1633 2452 1671 numero
2497 1628 2552 1670 tu
2595 1617 2762 1686 fecisti
2795 1616 2946 1686 (Sap.
2981 1632 3058 1681 ιιι,
3087 1617 3198 1688 21).
3234 1615 3388 1683 Quod

1808 1715 1856 1768 si
1890 1714 1942 1768 in
1977 1728 2202 1768 numero
2247 1721 2441 1768 cuncta
2483 1722 2665 1767 creata
2693 1723 2838 1777 sunt,
2869 1713 3051 1783 utique
3088 1719 3142 1766 et
3175 1711 3383 1782 capilli;

134 1823 242 1861 rum
268 1807 512 1860 omnium
548 1806 799 1875 disponat
827 1805 1085 1860 eventus?
1126 1804 1378 1872 Quinimo
1421 1805 1580 1860 crede
1615 1820 1701 1859 ve-
1734 1798 1780 1857 B
1807 1815 1860 1859 et
1889 1805 2015 1874 quia
2047 1804 2100 1858 in
2127 1820 2350 1860 numero
2375 1804 2567 1868 creati,
2602 1819 2727 1859 vere
2765 1804 3030 1864 numerati
3063 1812 3204 1859 sunt.
3235 1803 3389 1859 Unde

133 1897 337 1960 mciter,
389 1896 538 1966 quod
589 1895 668 1949 sic
705 1893 887 1949 omnia
932 1893 1185 1948 formavit
1232 1902 1288 1948 et
1341 1893 1602 1955 condidit,
1648 1901 1707 1946 ut

129 1998 293 2044 essent
318 1986 538 2058 singula
568 1988 623 2041 in
651 2001 747 2042 sna
774 1985 1081 2040 conditione
1107 1985 1419 2055 przescripta
1441 1999 1504 2038 ac
1529 1983 1705 2052 dispo-

128 2084 237 2144 sita,
265 2080 592 2150 legibusque
620 2087 938 2132 naturarum
967 2077 1236 2131 devincta.
1268 2074 1421 2142 Quod
1452 2075 1576 2144 quia
1616 2090 1702 2128 se—

127 2172 220 2226 mel
248 2170 440 2234 voluit,
473 2180 529 2223 et
552 2177 872 2238 permanent
897 2167 1100 2232 omnia,
1128 2176 1184 2221 et
1218 2166 1410 2220 ﬁniunt
1451 2176 1510 2220 ut
1541 2165 1706 2219 voluit

125 2263 315 2315 omnia.
342 2260 511 2316 Solus
539 2269 720 2315 autem
757 2259 812 2313 in
859 2259 961 2314 hoc
996 2259 1198 2313 mundo
1229 2258 1391 2314 homo
1417 2257 1484 2310 ad
1515 2257 1705 2325 imagi-

128 2368 236 2406 nem
264 2352 362 2406 Dei
382 2360 626 2415 creatus,
652 2349 899 2419 ampliori
941 2349 1113 2420 gratia
1156 2347 1497 2410 sublimatus,
1531 2347 1604 2401 ita
1647 2356 1702 2400 ut

128 2446 255 2518 litin;
303 2450 536 2497 vocetur
585 2441 714 2506 Dei,
750 2441 863 2510 jugi
894 2439 1233 2510 providentia
1279 2439 1610 2510 gubernatur
1649 2446 1703 2492 et

123 2549 241 2587 cura
269 2531 496 2602 pietatis
524 2530 844 2601 disponitur.
879 2528 1032 2586 Unde
1069 2529 1198 2598 quia
1227 2529 1292 2584 de
1323 2527 1430 2582 illis
1465 2541 1571 2581 non
1609 2542 1704 2580 cu-

126 2635 200 2679 rat
222 2625 390 2696 506
417 2624 564 2679 Deus
611 2622 678 2677 ad
718 2631 942 2688 aeterna,
978 2626 1199 2676 omnino
1225 2621 1276 2674 in
1307 2619 1482 2690 prima
1517 2618 1704 2674 condi-

127 2720 257 2774 tione
292 2724 542 2780 manent,
573 2730 681 2785 qua
719 2713 886 2770 voluit
925 2723 981 2768 et
1023 2713 1288 2783 disposuit
1327 2721 1385 2765 ut
1424 2718 1705 2765 manerent

123 2819 170 2862 et
195 2816 398 2863 essent.
434 2806 568 2860 Solo
598 2815 774 2859 autem
820 2803 1023 2858 homini
1064 2813 1283 2874 pr0pter
1307 2816 1468 2873 quem
1509 2810 1701 2856 cuncta

122 2898 338 2960 creavit,
369 2907 430 2948 ut
459 2895 530 2948 ad
557 2903 812 2948 auter-tiam
846 2893 1125 2963 perveniat
1161 2893 1390 2964 gratiam
1417 2893 1701 2963 impendit,

117 3001 168 3043 et
195 2987 462 3043 beneficia
497 2995 738 3056 praestat,
779 2999 876 3040 nec
911 3001 1016 3040 non
1063 2995 1117 3039 et
1159 2984 1495 3055 providentia
1545 2985 1700 3054 regit.

118 3081 320 3135 Caetera
350 3093 486 3132 vero
505 3077 709 3141 omnia,
733 3085 794 3130 ut
811 3075 942 3140 dixi,
975 3075 1052 3131 sic
1080 3075 1333 3130 accidunt
1359 3083 1414 3129 et
1436 3074 1702 3139 recidunt,

119 3178 172 3224 ut
195 3171 308 3240 ipse
335 3168 514 3222 voluit
537 3179 593 3222 et
621 3167 872 3236 disponit.
891 3165 955 3220 Et
981 3166 1102 3221 ideo
1124 3165 1255 3220 nihil
1283 3165 1400 3220 sine
1431 3165 1707 3221 voluntate

115 3261 229 3329 ejus
264 3260 326 3314 lit
364 3261 421 3314 in
468 3268 639 3322 terra,
671 3259 833 3312 etiam
871 3271 970 3312 nec
1015 3257 1069 3312 in
1120 3257 1373 3321 minimis,
1410 3258 1504 3312 sed
1525 3257 1705 3312 omnia

114 3352 227 3419 ejus
265 3353 494 3406 aluntur
523 3350 802 3405 beneficiis
841 3366 906 3404 ac
949 3350 1270 3416 subsistunt,
1301 3361 1356 3405 et
1402 3351 1706 3406 vestiuntur

111 3457 298 3495 rerum
355 3440 729 3510 cperimentis.
778 3439 1146 3510 Quapropter,
1200 3455 1236 3495 ο
1291 3440 1452 3495 homo
1497 3440 1706 3496 ratione

108 3529 416 3600 pradives,
455 3529 824 3599 superstitiosa
878 3530 1076 3593 devita,
1117 3538 1172 3583 et
1223 3532 1408 3585 modos
1453 3530 1704 3601 loquendi

110 3618 456 3688 simpliciter
489 3618 734 3690 intellige.
767 3617 903 3674 Nolo
951 3620 1044 3673 tibi
1083 3621 1306 3684 tribuas,
1351 3630 1562 3692 tuaeque
1607 3637 1701 3676 na-

114 3721 278 3775 turae,
325 3720 388 3766 ut
431 3709 734 3781 Scripturas
781 3712 849 3766 ad
901 3721 1051 3766 tuum
1098 3712 1309 3782 redigas
1353 3712 1702 3778 intellectum,

111 3803 306 3871 sicque
334 3802 432 3856 tibi
457 3802 636 3856 omnia
668 3802 934 3872 assignes,
980 3811 1039 3855 ut
1071 3801 1180 3856 Deo
1230 3801 1364 3856 nihil
1407 3801 1632 3866 tribuas,
1676 3818 1707 3856 a

113 3907 230 3961 quo
290 3903 419 3947 sunt
473 3893 677 3948 omnia.
734 3890 858 3947 Haec
916 3891 1118 3946 idcirco
1168 3891 1378 3962 longius
1436 3893 1704 3961 peroravi,

115 4001 190 4039 ne
265 4001 418 4040 mens
490 3999 588 4039 sua
649 3985 948 4054 decipiatur
1010 3985 1250 4055 ignavia,
1300 4000 1462 4053 quam
1529 3984 1707 4039 divina

109 4077 292 4130 virtus
337 4077 505 4130 tantis
547 4076 863 4129 adhortatus
902 4075 1238 4130 documentis
1276 4083 1331 4129 et
1365 4074 1560 4145 gratia,
1594 4084 1711 4130 tan-

115 4168 296 4235 usque
349 4167 658 4220 illustratur
701 4165 996 4220 beneficiis.
1048 4164 1218 4221 Porro
1259 4165 1401 4235 quod
1437 4165 1557 4219 ait:
1594 4164 1708 4219 Duo

111 4273 354 4323 passeres
394 4273 514 4310 asse
546 4266 786 4321 veneunt,
819 4255 939 4311 ideo
974 4255 1124 4319 dicit,
1157 4254 1282 4324 quia
1319 4255 1397 4310 sic
1427 4263 1546 4309 erat
1576 4269 1708 4308 con-

112 4350 350 4403 suetudo
401 4349 454 4402 in
499 4347 716 4417 templo,
749 4356 809 4401 ut
851 4361 1102 4416 passeres
1147 4355 1202 4400 et
1243 4345 1450 4414 reliqua
1487 4361 1607 4415 qua:
1651 4345 1708 4399 in

111 4441 410 4495 sacrificiis
440 4439 807 4495 oﬂ'erebantur
843 4439 1052 4493 venalia
1086 4446 1271 4494 essent
1291 4479 1306 4504 ,
1338 4447 1396 4492 ut
1425 4439 1710 4493 advenien-

119 4541 201 4586 tes
237 4534 308 4588 de
347 4531 582 4600 singulis
621 4528 929 4586 civitatibus
978 4539 1166 4600 parata
1207 4499 1387 4584 omnia
1428 4528 1707 4583 haberent.
1738 4499 1789 4558 D

113 4624 223 4678 Sed
273 4624 612 4694 evangelista
653 4622 790 4676 duos
827 4630 1030 4676 tantum
1085 4622 1206 4676 ideo
1256 4619 1464 4674 videtur
1513 4620 1712 4675 dixisse

111 4727 376 4780 passeres
425 4727 550 4767 asse
593 4712 857 4776 mercari,
901 4719 1164 4780 quatenus
1213 4709 1560 4780 intelligeres,
1607 4709 1710 4764 ista

112 4814 228 4858 tam
265 4807 396 4860 vitia
423 4821 529 4858 non
559 4804 676 4860 sine
708 4806 815 4859 Deo
836 4819 972 4868 esse,
1006 4813 1100 4858 aut
1131 4803 1375 4866 interire,
1405 4801 1573 4856 multo
1603 4815 1712 4855 ma-

107 4897 192 4964 gis
226 4898 328 4952 tibi
362 4912 566 4966 corpus
605 4906 660 4950 et
708 4897 944 4949 animam
986 4909 1092 4949 non
1133 4893 1410 4964 deperire;
1452 4909 1574 4947 cum
1613 4907 1711 4963 pro

108 4987 239 5044 istis
270 4991 420 5043 assis
450 4989 786 5051 distrahitur,
816 5002 915 5057 pro
956 4995 1008 5042 te
1034 4986 1282 5041 Christus
1315 4985 1408 5040 Dei
1443 4984 1610 5040 Filius
1643 4983 1715 5038 sit

107 5079 474 5133 venundatus
496 5087 554 5132 et
578 5087 907 5148 peremptus.
935 5075 1124 5132 Adhuc
1151 5085 1331 5130 autem
1360 5075 1428 5130 ad
1457 5073 1552 5129 Dei
1591 5089 1714 5146 pro-

111 5167 428 5223 ﬁdentiam
471 5168 975 5232 commendandam,
1003 5175 1060 5222 et
1089 5168 1341 5222 timorem
1384 5166 1714 5236 pellendum,

109 5260 384 5328 proponit
407 5261 555 5329 quod
577 5259 740 5313 etiam
777 5259 946 5314 nostri
969 5258 1143 5329 capilli
1171 5272 1360 5313 oumes
1389 5257 1498 5313 Deo
1525 5270 1716 5311 nume-

113 5351 223 5405 rati
261 5352 397 5407 sint.
426 5350 529 5406 Ubi
568 5349 888 5405 ineﬂ'abilem
925 5359 981 5405 et
1018 5347 1612 5418 incomprehensibilem
1647 5347 1715 5402 de

113 5441 283 5497 nobis
318 5442 649 5511 multiplicat
685 5451 741 5496 et
781 5441 1124 5496 commendat
1152 5455 1356 5495 curam.
1388 5439 1494 5494 Sed
1532 5439 1716 5495 miseri

111 5542 169 5582 et
199 5535 332 5588 vani
353 5575 369 5600 ,
402 5536 496 5604 qui
528 5548 743 5602 semper
782 5533 1043 5589 beneficia
1086 5531 1178 5586 Dei
1208 5539 1265 5586 et
1302 5531 1718 5587 immensitatem

1806 1899 1935 1969 quia
1959 1898 2012 1952 iu
2039 1898 2374 1967 prtescientia
2407 1897 2523 1966 ejus
2551 1905 2697 1961 sunt,
2724 1896 2892 1950 multo
2923 1897 3094 1968 magis
3117 1897 3295 1951 anima
3334 1905 3393 1951 et

1807 2005 2023 2059 corpus,
2051 1989 2121 2043 ob
2147 1987 2300 2057 cujus
2329 1987 2576 2041 decorem
2610 1987 2697 2041 isti
2724 1987 2892 2041 creati
2924 1996 3067 2042 sunt.
3099 1985 3301 2041 Verum
3334 1987 3387 2040 in

1807 2080 2057 2135 omnibus
2085 2079 2299 2134 divinus
2331 2077 2584 2147 Magister
2617 2076 2778 2131 fidem
2811 2079 3126 2132 corroborat
3153 2077 3391 2148 discipu-

1809 2171 2011 2234 lorum;
2057 2171 2183 2240 quia
2213 2170 2258 2224 si
2299 2169 2387 2223 illa
2439 2184 2560 2238 qua:
2605 2168 2859 2224 decidunt
2903 2179 2956 2223 et
2996 2177 3246 2239 pereunt,
3278 2169 3388 2224 Deo

1809 2269 2088 2315 numerata
2112 2268 2259 2324 sunt,
2287 2267 2341 2314 et
2367 2259 2755 2329 comprehensa
2791 2259 2846 2314 in
2889 2273 3136 2325 numero,
3166 2268 3221 2313 et
3257 2273 3389 2329 pon-

1807 2351 1957 2415 dere,
1990 2366 2054 2406 ac
2086 2364 2338 2404 mensura
2388 2365 2496 2420 qua
2541 2349 2753 2405 condita
2801 2360 2962 2414 sunt;
3012 2349 3180 2405 multo
3218 2351 3391 2420 magis

1805 2455 2094 2510 corporum
2122 2449 2429 2494 nostrorum
2457 2439 2636 2494 nullus
2666 2454 2764 2510 pro
2795 2440 2904 2495 Deo
2928 2426 3390 2509 pertimescendus

1805 2540 1889 2586 est
1911 2545 2088 2595 casus,
2122 2531 2357 2586 maxime
2394 2531 2446 2584 in
2476 2545 2543 2586 eo
2567 2530 2710 2600 quod
2743 2532 2821 2585 ait
2848 2549 2860 2585 :
2889 2531 3030 2597 Quia
3066 2530 3244 2586 multis
3269 2548 3392 2601 pas-

1807 2625 2008 2678 seribus
2048 2621 2286 2675 meliores
2327 2623 2450 2675 estis
2493 2639 2600 2676 vos.
2632 2621 2766 2676 Nam
2798 2621 2885 2697 illa
2917 2622 3096 2676 omnia
3126 2631 3247 2692 post
3276 2637 3392 2677 mo-

1807 2715 1986 2769 dicum
2024 2729 2131 2768 non
2165 2720 2350 2780 erunt,
2374 2713 2535 2768 homo
2560 2727 2690 2767 vero
2732 2713 2799 2766 ad
2845 2713 3205 2768 aeternitatem
3232 2728 3391 2769 voca-

1808 2815 1896 2861 tus
1941 2819 2156 2874 semper
2201 2804 2255 2858 in
2309 2812 2572 2859 aeternum
2616 2803 2740 2858 erit.
2770 2801 2977 2870 Quibus
3019 2804 3278 2860 doctrinis
3323 2805 3393 2860 ad

1809 2896 1970 2950 fidem
2003 2895 2136 2950 satis
2167 2892 2488 2963 abundeque
2532 2892 2786 2960 instituti,
2813 2893 3097 2948 audiamus
3125 2895 3268 2964 quod
3307 2909 3393 2952 se-

1807 2987 2030 3059 quitur:

1884 3074 1990 3141 Qui
2017 3075 2346 3144 conﬁtebitur
2372 3092 2454 3130 me
2485 3093 2660 3131 coram
2688 3077 3004 3141 hominibus,
3029 3076 3312 3144 conﬁtebor
3343 3087 3391 3130 et

1757 3166 1778 3209 λ
1809 3184 1902 3238 ego
1929 3184 2046 3222 eum
2078 3183 2254 3222 coram
2284 3166 2444 3222 Patre
2471 3184 2605 3223 meo.
2630 3168 2709 3222 Ac
2731 3166 3016 3232 sidiceret,
3044 3166 3230 3237 quales
3259 3167 3391 3222 mihi

1809 3266 1977 3313 testes
1997 3258 2152 3313 eritis
2172 3272 2357 3313 coram
2383 3258 2714 3323 hominibus,
2738 3267 2797 3312 ut
2816 3257 2949 3321 vita,
2983 3259 3240 3318 moribus.
3267 3272 3392 3313 con-

1809 3347 2045 3404 fessione
2074 3364 2160 3404 me
2183 3347 2437 3404 indefessi
2478 3349 2782 3418 praedicetis
2831 3351 2882 3402 in
2931 3351 3108 3411 terris,
3143 3349 3233 3403 tali
3276 3363 3387 3414 vos,

1810 3440 1953 3509 apud
1981 3439 2222 3505 Patrem,
2252 3439 2404 3510 cujus
2444 3449 2499 3493 et
2539 3438 2632 3493 lilii
2663 3440 2816 3505 estis,
2851 3440 3158 3495 testimonio
3190 3439 3241 3492 in
3275 3453 3390 3494 coe-

1811 3531 1880 3586 lis
1903 3531 2312 3586 commendabo.
2342 3531 2423 3586 Ad
2459 3531 2562 3586 hoc
2601 3532 2797 3601 quippe
2840 3541 3012 3586 totum
3060 3532 3203 3586 valet
3247 3532 3392 3601 quod

1810 3622 2171 3691 praemiserat,
2201 3630 2258 3674 nt
2289 3621 2340 3674 in
2382 3624 2483 3676 hoc
2512 3622 2820 3677 testimonio
2856 3623 2977 3678 fidei
3011 3633 3392 3692 permanentes

1812 3724 1980 3780 usque
2039 3711 2106 3765 ad
2165 3710 2398 3780 palmam
2462 3712 2706 3782 martyrii
2762 3712 2976 3768 fortiter
3029 3713 3389 3768 decertarent.

1810 3802 2054 3868 Quatuor
2082 3803 2345 3871 siquidem
2379 3803 2553 3858 modis
2583 3804 2637 3857 in
2677 3803 2873 3858 divinis
2901 3804 3097 3860 litteris
3120 3804 3392 3860 confessio

1812 3893 2033 3958 dicitur,
2059 3903 2115 3948 et
2139 3893 2348 3949 duobus
2371 3893 2424 3947 in
2462 3893 2616 3949 locis.
2642 3895 2738 3950 Es't
2766 3895 2946 3965 itaque
2976 3895 3245 3952 confessio
3271 3895 3391 3950 lau-

1812 3985 1914 4049 dis,
1944 3995 2027 4040 est
2055 3993 2112 4040 et
2140 3986 2436 4055 gratiarum
2467 3986 2634 4052 actio,
2665 4002 2786 4057 qua:
2821 4003 3036 4058 semper
3077 3989 3138 4042 fit
3181 3989 3235 4042 in
3283 4004 3394 4045 ca:-

1812 4075 1914 4142 lis;
1945 4076 2104 4130 tertia
2133 4091 2263 4130 vero
2285 4076 2556 4132 confessio
2578 4087 2948 4147 peccatorum,
2973 4095 3091 4150 qua:
3117 4096 3391 4151 nunquam

1812 4168 2050 4238 proﬁcue
2081 4168 2142 4222 ﬁt
2186 4169 2290 4222 nisi
2332 4169 2386 4222 in
2432 4168 2592 4223 terris
2622 4186 2634 4219 :
2660 4177 2853 4238 quarta
2901 4177 3006 4235 est,
3044 4171 3109 4226 de
3151 4186 3256 4241 qua
3303 4171 3392 4225 hic

1814 4258 2008 4327 agitur,
2055 4258 2109 4312 in
2153 4258 2414 4328 martyrio
2448 4273 2631 4312 coram
2669 4259 2996 4324 hominibus,
3029 4259 3084 4313 in
3118 4268 3389 4330 tempore;

1815 4359 1874 4404 ut
1901 4351 2268 4419 unusquisque
2303 4366 2422 4404 eam
2466 4350 2693 4420 recipiat
2725 4365 2908 4406 coram
2935 4350 3097 4406 Patre
3126 4361 3181 4407 et
3207 4369 3390 4408 coram

1815 4442 2020 4496 sanctis
2048 4441 2257 4512 angelis
2297 4435 2361 4494 in
2394 4441 2717 4496 aeternitate.
2743 4441 2871 4510 Quae
2911 4444 3126 4512 negatio
3155 4445 3236 4500 vel
3268 4460 3393 4499 con-

1815 4531 2001 4598 fessio,
2027 4547 2132 4586 non
2161 4541 2366 4586 tantum
2395 4533 2574 4588 verbis
2599 4533 2909 4602 accipienda
2933 4542 3039 4599 est,
3062 4550 3220 4604 qttam
3252 4545 3307 4590 et
3337 4536 3391 4591 in

1814 4625 2066 4680 omnibus
2100 4625 2258 4679 bonis
2300 4623 2553 4692 operibus
2587 4633 2640 4678 et
2676 4625 2911 4693 puritate
2946 4625 3143 4681 cordis.
3181 4625 3330 4682 Unde
3363 4643 3395 4681 e

1815 4716 2089 4771 contrario
2135 4715 2382 4770 Christus
2421 4712 2631 4784 (Matth.
2673 4731 2800 4781 xxv,
2829 4716 2886 4787 5)
2917 4715 3104 4772 electis
3135 4736 3147 4772 :
3191 4717 3390 4778 Venite,

1815 4806 2010 4875 inquit,
2037 4804 2290 4859 benedicti
2328 4801 2508 4858 Patris
2552 4805 2687 4871 mei;
2707 4815 2779 4861 .et
2811 4807 3057 4876 reprobis
3086 4828 3099 4863 :
3133 4807 3394 4864 Discedite

1815 4912 1846 4948 a
1870 4911 1970 4958 me,
1999 4894 2224 4963 operarii
2247 4893 2558 4961 iniquitatis,
2578 4896 2704 4966 quia
2726 4898 2898 4951 nescio
2925 4914 3034 4952 vos.

1889 4984 2089 5050 Nolite,
2121 4983 2315 5052 inquit,
2356 4984 2622 5051 arbitrari,
2650 4988 2776 5057 quia
2813 4989 2925 5042 aeui
2964 5005 3144 5058 pacem
3191 4991 3394 5044 mittere

1815 5076 1872 5128 in
1899 5083 2058 5128 terra.
2110 5074 2467 5141 Quaerendum
2512 5084 2659 5132 esset
2688 5077 2834 5147 quod
2869 5086 3146 5133 cantatum
3187 5087 3271 5132 est
3320 5077 3391 5132 ab

1818 5166 2023 5236 angelis
2070 5167 2126 5220 in
2176 5174 2299 5221 ortu
2347 5165 2666 5233 Salvatoris,
2714 5169 2983 5238 quomodo
3021 5168 3395 5238 accipiendum

1820 5257 1889 5312 sit
1914 5275 1927 5311 :
1953 5254 2134 5311 Gloria
2155 5257 2209 5310 in
2232 5255 2448 5311 excelsis
2471 5257 2598 5322 Deo,
2623 5269 2670 5313 et
2698 5259 2755 5313 in
2789 5269 2928 5313 terra
2964 5273 3070 5327 pax
3098 5257 3394 5314 hominibus

1821 5349 1974 5419 (Luc.
2004 5364 2065 5412 ιι,
2095 5348 2204 5420 li).
2240 5347 2392 5414 Quod
2435 5349 2762 5404 contrarium
2803 5358 2885 5405 est
2928 5349 3052 5404 huic
3099 5349 3246 5415 loco;
3291 5350 3396 5404 nisi

1819 5441 1945 5511 quia
1989 5440 2216 5506 addidit,
2265 5440 2411 5495 bonae
2452 5439 2755 5506 voluntatis,
2793 5443 3047 5510 quoniam
3095 5455 3216 5495 cum
3263 5442 3340 5496 ait
3377 5459 3390 5495 :

1825 5531 1944 5586 Pax
1987 5530 2280 5585 hominibus
2328 5531 2473 5585 bona:
2526 5529 2825 5596 uoluntatis,
2867 5532 3140 5602 separavit
3183 5546 3278 5587 eos
3327 5533 3396 5587 ab

111 5626 410 5694 sapientiae
440 5627 512 5681 ad
549 5625 876 5682 Calumniam
903 5633 1122 5680 vertunt
1147 5624 1563 5694 promissorum,
1593 5623 1723 5678 dum
1824 5622 1912 5676 his
1934 5623 2026 5691 qui
2053 5630 2181 5676 sunt
2209 5635 2389 5691 pravae
2415 5618 2726 5674 voluntatis.
2749 5619 2817 5675 Et
2847 5621 3104 5676 Dominus
3132 5637 3252 5676 cum
3281 5623 3354 5676 ait
3381 5639 3393 5674 :

109 5717 311 5773 dicunt
361 5720 514 5790 quod
557 5719 824 5787 superﬂue
868 5717 1030 5772 decisi
1089 5715 1302 5784 capilli,
1350 5723 1444 5769 aut
1480 5715 1720 5784 quotidie

1831 5711 2021 5766 Pacem
2070 5727 2238 5768 meam
2283 5711 2350 5764 do
2397 5710 2534 5765 vobis
2580 5709 2759 5781 (Joan.
2811 5727 2920 5778 xlv,
2946 5713 3072 5783 27),
3117 5711 3244 5768 solis
3287 5712 3402 5766 suis
