4004 6362
625 308 725 364 ibi
1434 300 1490 356 S.
1536 299 1889 355 PAStIlIASil
1930 299 2276 354 IUDBER'I‘I

2315 299 2605 353 AllBATlS
2637 295 3086 353 CORBEll-JNSIS
3478 312 3489 321 ‘
3780 295 3879 352 ‘32

625 420 739 489 pro'
764 426 884 470 atur
936 415 1135 469 dixisse
1180 412 1458 477 membris,
1489 411 1682 481 quibus
1720 424 1820 479 pax
1857 408 2202 478 diligentibus
2232 418 2276 471 Α
2302 422 2496 477 capere
2515 405 2793 476 probatur,
2821 416 2875 461 et
2895 407 3119 461 credere
3141 422 3300 474 quam
3328 409 3504 462 c.tius.
3550 408 3669 463 Non
3700 416 3879 467 tamen

628 510 797 563 Deum
826 515 1075 561 servatur
1101 518 1269 572 usque
1298 502 1351 557 in
1382 503 1564 559 ﬁnem.
2190 558 2195 564 _

703 596 825 651 Non
845 596 958 651 ueni
977 610 1154 667 pacem
1178 593 1396 656 mittere,
1409 591 1499 645 sed
1517 588 1771 662 gladium.
1788 586 2221 659 508Gladiunr

632 690 818 760 utique
854 666 1005 744 verbi
1038 687 1155 748 Dei,
1185 686 1251 740 de
1281 699 1390 755 quo
1419 682 1617 738 Paulus
1644 681 1918 754 apostolus
1945 698 1959 733 :
1988 678 2058 742 Et
2096 677 2209 749 gla-
2244 666 2247 671 ⁴

631 783 801 843 dium,
834 777 1023 849 inquit,
1053 773 1304 847 Spiritus,
1325 774 1462 845 quod
1502 783 1576 828 est
1615 771 1824 827 verbum
1863 770 1963 825 Dei
1991 767 2204 841 (Ephes.

630 887 706 934 vi,
736 870 844 940 l7).
875 869 1010 937 Quia
1050 867 1193 923 Deus
1222 864 1457 935 Spiritus
1484 873 1586 919 est.
1624 862 1723 933 llic
1760 870 1845 917 est
1889 869 2070 915 autem
2100 857 2210 929 gla-

630 965 772 1027 (lius,
799 961 890 1032 qui
923 957 1166 1031 procedit
1194 957 1260 1013 de
1287 970 1382 1011 ore
1411 953 1527 1020 Dei,
1557 962 1784 1023 utraque
1812 958 1966 1022 parte
1994 957 2207 1003 acutus.

627 1053 695 1110 Et
721 1054 857 1108 bene
880 1066 947 1106 es
977 1058 1205 1119 utraque
1233 1054 1387 1117 parte
1413 1052 1624 1108 acutus,
1654 1042 1779 1113 quia
1806 1053 1961 1111 aeque
1992 1035 2210 1110 perimit

631 1151 948 1212 peccatores
991 1147 1044 1194 et
1095 1137 1303 1208 impios,
1340 1143 1399 1190 ut
1436 1133 1738 1188 moriantur
1775 1129 1925 1200 prius
1967 1133 2209 1197 peccato,

2309 499 2432 553 ideo
2477 498 2678 552 dictum
2707 505 2811 563 est,
2842 506 2901 551 ut
2928 496 3080 551 multi
3111 512 3179 552 ex
3220 498 3536 568 parentibus
3567 515 3673 554 non
3703 502 3881 557 credi-

2307 585 2485 641 derint
2525 586 2836 656 priusquam
2883 585 3000 651 ﬁlii,
3031 587 3126 641 sed
3173 587 3316 656 quod
3359 587 3699 660 frequentius
3731 602 3817 645 est
3853 607 3883 645 a

2307 686 2529 742 natura,
2566 676 2828 748 benignus
2879 677 3136 748 Magister
3180 670 3509 734 intromittit.
3559 680 3690 736 Non
3724 683 3881 746 enim.

2309 765 2504 836 inquit,
2548 767 2660 820 ueni
2685 782 2865 836 pacem
2907 767 3126 830 mittere,
3159 767 3253 822 sed
3282 771 3403 825 veni
3434 785 3692 842 separare
3721 772 3883 827 ﬁlium

2309 873 2340 912 a
2364 865 2517 927 patre
2544 857 2661 913 loco
2682 857 2907 923 scilicet,
2944 857 3030 913 vel
3058 856 3186 933 ﬁde,
3221 873 3316 915 seu
3347 861 3619 926 moribus;
3651 864 3782 918 dum
3824 865 3886 918 de

2310 947 2626 1004 inﬁdelitate
2645 949 2977 1003 convertitur
2995 951 3064 1003 ad
3101 964 3284 1005 veram
3315 950 3497 1017 ﬁdem,
3521 955 3586 1008 de
3615 964 3792 1009 morte
3824 957 3889 1010 ad

2308 1039 2495 1105 vitam,
2525 1039 2594 1095 de
2631 1039 2895 1109 pravitate
2923 1039 2993 1094 ad
3023 1049 3248 1106 rectam,
3267 1057 3388 1113 qua:
3433 1043 3487 1098 in
3513 1042 3737 1100 Christo
3766 1055 3886 1110 est,

2309 1141 2365 1189 et
2398 1146 2583 1187 veram
2618 1132 2740 1187 vita:
2790 1131 2954 1186 viam.
2995 1131 3194 1203 Sicque
3244 1134 3381 1189 ﬁunt
3413 1136 3614 1190 inimici
3665 1136 3888 1190 hominis

630 1242 684 1288 et
715 1230 966 1300 deinceps
994 1227 1185 1283 melius
1212 1226 1397 1281 vivant
1436 1222 1545 1279 Deo
1569 1239 1583 1274 :
1606 1233 1758 1290 aeque
1779 1216 1945 1272 etiam
1971 1215 2074 1270 hoc
2097 1212 2211 1284 gla-
2296 1221 2578 1276 domestici
2602 1221 2738 1292 ejus,
2755 1236 2876 1277 cum
2901 1221 3187 1293 insurgunt
3209 1222 3302 1278 ﬁlii
3328 1222 3385 1277 in
3408 1235 3685 1295 parentes,
3717 1234 3775 1279 et
3804 1240 3890 1295 pa-

630 1322 723 1378 d-io
756 1319 902 1376 verbi
930 1318 1197 1375 feriuntur
1217 1314 1306 1385 qui
1345 1313 1531 1367 nolunt
1554 1307 1796 1367 converti
1825 1316 1881 1364 et
1905 1318 2065 1376 agere
2090 1317 2209 1373 pte-

630 1412 948 1475 nitentiam;
992 1417 1049 1464 ut
1096 1408 1292 1463 mortui
1336 1404 1475 1468 Deo,
1527 1401 1665 1457 male
1717 1399 1902 1454 vivant
1945 1393 2209 1467 perempti

630 1503 908 1575 suppliciis
943 1500 1179 1558 aeternis.
1219 1497 1316 1553 llic
1358 1504 1441 1552 est
1481 1492 1709 1568 gladius,
1737 1504 1845 1562 quo
1877 1486 2089 1558 accingi
2126 1486 2208 1540 in-

630 1605 887 1651 carnatus
920 1609 949 1649 a
983 1592 1143 1649 Patre
1169 1589 1390 1661 iubetur
1418 1604 1431 1642 :
1458 1586 1759 1656 Accingere,
1799 1580 1993 1651 inquit,
2036 1577 2211 1650 gladio

630 1698 720 1740 tuo
758 1702 914 1756 super
956 1684 1127 1755 femur
1173 1694 1345 1746 tuum,
1378 1676 1728 1749 potentissime
1750 1671 1924 1742 (Psal.
1958 1686 2101 1734 Iuv,
2131 1669 2208 1739 ι).

631 1777 749 1843 Quo
778 1776 1029 1831 nimirum
1068 1772 1263 1845 gladio,
1294 1772 1418 1826 dum
1448 1766 1549 1822 sibi
1581 1777 1835 1838 sponsam
1872 1761 2036 1822 ducit,
2067 1760 2214 1815 venit
2239 1756 2287 1816 Β

631 1867 901 1922 debellare
954 1865 1165 1934 sibique
1219 1870 1563 1934 prosternere
1621 1867 1809 1912 omnes
1873 1849 2210 1908 adversarios

631 1973 777 2012 suos.
804 1956 956 2013 Unde
984 1953 1230 2025 sequitur
1254 1968 1268 2007 :

708 2044 838 2101 Veni
859 2047 996 2101 enim
1017 2059 1261 2115 separare
1283 2042 1453 2110 ﬁlium
1474 2042 1724 2096 adversus
1745 2050 1943 2110 patrem
1969 2047 2016 2092 et
2038 2035 2208 2106 ﬁliam

632 2138 880 2189 adversus
919 2144 1158 2200 matrem,
1196 2143 1245 2188 et
1289 2147 1480 2187 nurum
1514 2131 1761 2186 adversm
1795 2145 2003 2184 socrum
2034 2143 2205 2188 suam,

631 2235 680 2280 et
727 2222 926 2278 inimici
969 2223 1196 2278 hominis
1240 2221 1510 2277 domestici
1545 2221 1680 2291 ejus.
1706 2219 1819 2275 Nisi
1869 2219 2013 2274 enim
2058 2216 2212 2273 nobis

632 2316 748 2370 luce
793 2314 986 2369 divisio
1025 2328 1093 2370 ex
1139 2328 1237 2367 usu
1277 2320 1334 2366 et
1367 2310 1751 2367 consuetudine
1784 2310 1895 2380 jam
1933 2306 2209 2363 notissima

632 2414 808 2471 esset;
842 2402 997 2460 valde
1038 2403 1267 2459 obscura
1316 2401 1587 2457 videretur
1631 2399 1936 2470 bujusmodi
1987 2397 2210 2462 locutio,

632 2496 777 2566 quod
806 2495 1085 2560 Dominus,
1104 2493 1205 2564 qui
1246 2500 1473 2547 matrem
1507 2490 1592 2547 vel
1624 2498 1833 2563 patrem
1871 2488 2091 2558 diligere
2124 2484 2207 2555 ju-

631 2589 726 2644 bet
764 2602 832 2643 ex
876 2587 1010 2656 lege,
1034 2586 1180 2642 etde
1207 2584 1493 2641 dilectione
1515 2593 1639 2638 ante
1663 2582 1849 2638 omnia
1886 2588 2031 2636 tanta
2058 2578 2211 2634 talia-

632 2696 739 2751 que
767 2679 964 2750 ubique
989 2677 1231 2742 mandat,
1261 2675 1390 2747 quid
1419 2674 1494 2730 sit
1531 2673 1674 2745 quod
1698 2681 1806 2728 tam
1833 2671 2107 2727 contraria
2135 2669 2208 2725 in-

632 2771 761 2836 fert,
788 2786 848 2827 se
878 2769 1091 2825 venisse
1124 2780 1229 2823 non
1259 2777 1452 2837 pacem
1487 2764 1724 2826 mittere,
1752 2763 1846 2819 sed
1887 2760 2211 2817 discordiam

632 2872 687 2914 et
729 2859 983 2929 gladium.
1043 2858 1109 2913 Et
1158 2854 1357 2911 factum
1398 2862 1482 2910 est
1518 2851 1870 2908 seminarium
1921 2847 2211 2920 impietatis

635 2950 931 3005 auctoritas
976 2945 1383 3004 clementissimi
1435 2941 1755 2998 Salvatoris.
1796 2939 1933 2995 Hinc
1981 2939 2105 2993 odia
2156 2938 2209 2994 in

635 3039 898 3110 principio
924 3034 1328 3107 praedicationis
1354 3033 1571 3102 ubique,
1592 3031 1717 3086 hinc
1748 3030 1887 3085 bella
1911 3036 1964 3085 et
1991 3027 2211 3084 seditio-

636 3109 755 3195 nes,
779 3145 900 3184 cum
935 3128 1144 3199 gladius
1170 3125 1398 3187 Domini,
1429 3124 1481 3179 id
1515 3131 1600 3178 est
1631 3122 1853 3177 verbum
1876 3118 2216 3192 praedicatio.
2240 3109 2287 3172 ο

636 3222 745 3284 nis,
777 3220 939 3289 erepit
982 3217 1236 3274 dirimere
1264 3216 1406 3271 inter
1440 3222 1649 3283 patrem
1686 3220 1743 3268 et
1763 3211 1952 3276 ﬁlium,
1980 3210 2124 3265 inter
2152 3207 2214 3264 ﬁ-

636 3313 763 3367 liam
789 3320 845 3367 et
872 3319 1130 3373 matrem;
1161 3308 1213 3362 in
1257 3314 1463 3361 tantum
1499 3314 1560 3360 ut
1598 3311 1742 3358 totus
1767 3301 1915 3359 orbis
1939 3307 2128 3356 contra
2155 3313 2214 3355 se

635 3404 843 3460 divisus
883 3400 1187 3465 desteviret,
1216 3397 1519 3467 multasque
1563 3393 1967 3465 persecutiones
2013 3392 2216 3447 excita-

638 3505 739 3552 ret.
767 3494 1030 3563 Quoniam
1060 3493 1314 3564 Magister
1348 3488 1603 3546 iuetfabili
1647 3486 1859 3543 virtutis
1886 3484 2062 3557 gladio
2094 3497 2217 3555 per-

636 3590 874 3660 tingente
924 3601 1094 3657 usque
1149 3585 1217 3640 ad
1260 3583 1581 3640 divisionem
1633 3579 1849 3645 animai,
1893 3591 2215 3649 compagem

634 3695 849 3750 quoque
872 3686 926 3733 et
961 3675 1338 3740 medullarum,
1363 3682 1556 3729 cuncta
1584 3670 1871 3737 discrevit;
1903 3677 1964 3724 ut
1989 3683 2058 3725 ex
2099 3681 2217 3722 om-

637 3771 795 3825 nibus
825 3769 1119 3839 eligeretur
1140 3779 1245 3821 una
1274 3764 1536 3831 Ecclesia,
1566 3763 1618 3819 in
1646 3778 1752 3834 qua
1782 3776 1886 3833 pax
1913 3759 2218 3831 requiesce—

639 3870 741 3929 ret,
772 3870 823 3914 et
858 3865 1168 3915 secerneret
1203 3856 1386 3926 paleas
1422 3871 1452 3910 a
1497 3854 1787 3909 frumento.
1828 3851 1979 3909 Unde
2012 3862 2215 3919 quaeso,

638 3950 832 4013 lector,
859 3955 916 4003 et
952 3948 1021 4003 ab
1047 3945 1271 4002 exordio
1293 3945 1454 4016 hujus
1476 3942 1851 4006 institutionis,
1870 3955 2034 4012 quam
2061 3938 2220 3995 vehe-

641 4054 794 4094 mens
821 4039 890 4095 sit
916 4051 1116 4101 sermo,
1147 4051 1308 4106 quam
1343 4034 1592 4090 sublimia
1622 4042 1909 4106 praecepta,
1935 4044 2097 4103 quam
2133 4030 2217 4085 ul-

643 4144 747 4185 tra;
779 4145 993 4186 onmem
1043 4128 1433 4199 philosophiam
1491 4127 1696 4190 oratio,
1743 4128 2064 4196 perpendas.
2116 4123 2217 4181 Ubi

639 4220 970 4291 iespondent
993 4219 1183 4290 primis
1210 4219 1465 4283 secunda,
1492 4218 1794 4288 posteriora
1817 4214 2214 4287 superioribus;

637 4311 822 4368 omnia
866 4307 1203 4381 complentur
1231 4308 1509 4371 omnibus,
1558 4309 1603 4363 si
1658 4307 1927 4377 quomodo
1972 4305 2219 4361 Christus

637 4421 804 4465 unum
860 4402 1106 4473 martyrii
1157 4401 1240 4460 sui
1296 4400 1513 4470 expleat
1569 4413 1783 4466 corpus.
1833 4397 1969 4454 llinc
2007 4397 2062 4452 in
2109 4397 2220 4451 sin-

638 4496 778 4568 gulis
816 4494 1098 4550 sententiis
1144 4507 1250 4548 una
1298 4499 1384 4549 est
1425 4490 1594 4546 series
1641 4503 1946 4553 causarum,
1984 4496 2040 4543 et
2088 4502 2215 4542 con-
2247 4474 2296 4533 Ι)

640 4592 818 4640 tenus
853 4584 939 4639 vel
980 4584 1116 4640 ordo
1159 4580 1507 4640 narrationis.
1550 4579 1739 4635 Partes
1791 4592 2006 4649 quoque
2053 4576 2213 4647 hujus

636 4677 896 4731 doctrinae
947 4676 1190 4747 partibus
1237 4676 1613 4739 consentiunt,
1675 4680 1732 4726 et
1786 4671 2045 4726 couniunt
2096 4670 2213 4724 uni-

635 4783 811 4821 versa.
847 4766 922 4821 ita
958 4776 1017 4821 ut
1058 4768 1111 4820 in
1161 4766 1263 4821 hoc
1310 4766 1616 4823 testimonio
1662 4762 1910 4818 videatur
1954 4760 2215 4816 mirabilis

635 4859 854 4923 artifex,
883 4866 1151 4914 scrutator
1185 4867 1517 4923 naturarum,
1548 4858 1713 4915 etiam
1755 4852 2021 4926 profunda
2062 4866 2213 4922 quai-

636 4965 742 5018 que
767 4949 822 5003 in
853 4949 1058 5004 intimis
1090 4949 1289 5004 rimare
1312 4950 1640 5014 visceribus;
1681 4950 1807 5005 dum
1845 4960 1941 5017 per
1978 4943 2212 5016 gladium

634 5041 785 5095 verbi
819 5038 985 5095 ﬁlium
1020 5056 1051 5094 a
1081 5048 1233 5111 patre
1255 5040 1465 5104 dividit,
1492 5050 1545 5093 et
1573 5039 1734 5094 ﬁliam
1762 5055 1792 5091 ιι
1819 5046 2014 5093 matre.
2038 5032 2215 5088 Gran-

638 5133 842 5185 dzevam
878 5146 1093 5202 quoque
1122 5140 1336 5188 aetatem
1373 5131 1653 5195 deserens,
1682 5138 1738 5185 et
1766 5142 1982 5199 semper
2018 5127 2072 5181 in
2114 5125 2217 5179 hoc

639 5218 951 5293 5091000
993 5232 1275 5293 parentum
1318 5220 1561 5292 juniores
1596 5233 1896 5275 assumens.
1951 5216 2215 5272 Nimirum

638 5310 763 5379 quia
793 5312 968 5365 serior
1004 5320 1139 5365 aetas
1187 5308 1518 5379 longioribus
1546 5317 1600 5363 et
1626 5306 1896 5363 diuturnis
1936 5306 2076 5361 male
2121 5319 2216 5363 as—

638 5409 828 5464 sueta,
874 5402 956 5457 vel
989 5401 1261 5471 implicata
1305 5400 1614 5465 erroribus,
1660 5399 1747 5454 vix
1803 5408 1896 5453 aut
1942 5413 2213 5467 nunquam

640 5492 963 5559 absolvitur;
995 5493 1118 5564 quia
1141 5492 1221 5548 sic
1247 5502 1332 5549 est
1350 5494 1503 5563 quasi
1532 5508 1564 5546 a
1600 5500 1790 5547 natura
1821 5491 2069 5561 pessima:
2094 5491 2215 5546 vitm

642 5586 794 5654 longa
836 5587 1184 5665 consuetudo.
1215 5584 1403 5641 iunior
1425 5599 1555 5640 vero
1579 5590 1712 5638 tetas
1751 5581 1963 5638 facilius
1991 5597 2211 5638 revoca-

645 5685 730 5728 tur
749 5676 818 5731 ad
845 5676 1105 5741 tidem,et
1135 5691 1254 5747 qum
1284 5675 1622 5732 rationabilia
1659 5675 1922 5731 docentur
1943 5673 2213 5730 eﬁlcaeias

2312 1324 2492 1371 rentes
2512 1324 2700 1369 contra
2730 1313 3006 1376 ﬁlios,-aut
3030 1329 3198 1370 nurus
3223 1315 3276 1369 in
3312 1328 3549 1380 socrum,
3577 1332 3671 1372 seu
3699 1331 3892 1372 socrus

2311 1417 2498 1464 contra
2534 1422 2750 1472 nurum,
2784 1408 2860 1463 ita
2895 1416 2956 1462 ut
2984 1406 3113 1462 nulli
3146 1407 3219 1462 sit
3248 1415 3363 1462 tuta
3412 1407 3610 1478 ubique
3636 1408 3889 1464 societas.

2314 1498 2442 1559 Vel,
2484 1496 2696 1552 Inimici
2724 1499 2984 1564 hominis,
3032 1498 3083 1552 id
3113 1507 3200 1553 est
3244 1498 3468 1564 Christi,
3509 1501 3603 1570 qui
3631 1509 3717 1555 est
3756 1500 3894 1555 ﬁlius

2313 1589 2550 1645 hominis
2578 1590 2707 1643 ﬁunt
2741 1589 3011 1643 domestici
3046 1588 3197 1660 ejus,
3225 1589 3352 1644 dum
3385 1587 3554 1645 Judaai
3580 1600 3893 1660 apostatan-

2316 1690 2404 1736 tur
2429 1696 2460 1735 a
2491 1680 2618 1745 ﬁde,
2639 1680 2731 1751 qui
2753 1689 2908 1736 erant
2927 1680 3089 1736 amici
3116 1680 3284 1751 prius.
3306 1680 3534 1748 Quidam
3557 1695 3711 1746 vero,
3742 1682 3892 1750 quasi

2314 1768 2563 1824 subtilius
2591 1768 2831 1824 volentes
2848 1768 3200 1840 distinguere,
3226 1770 3427 1825 inimici
3450 1770 3695 1835 hominis,
3721 1771 3893 1840 prius,

2314 1859 2509 1915 deinde
2558 1858 2834 1924 inferunt,
2892 1860 3166 1915 domestici
3214 1860 3331 1930 ejus
3357 1899 3373 1925 ,
3410 1868 3489 1941 ‘ut
3538 1859 3896 1915 subaudiatur

2316 1961 2494 2009 erunt.
2522 1951 2592 2008 Ut
2615 1951 2706 2022 qui
2741 1952 2893 2023 prius
2921 1951 3136 2007 fuerant
3158 1952 3365 2007 inimici
3390 1951 3522 2007 ﬁant
3551 1953 3773 2007 demum
3802 1968 3897 2022 per

2313 2041 2746 2115 praedicationem
2792 2041 2951 2098 Verbi
2991 2042 3269 2097 domestici
3299 2041 3427 2107 Dei,
3472 2043 3614 2097 sicut
3640 2041 3786 2097 facta
3814 2052 3897 2098 est

2314 2132 2780 2204 omnisgentilitas
2812 2131 3072 2204 gentium.
3103 2128 3397 2202 Separatur
3417 2143 3596 2208 autem
3627 2132 3895 2203 spiritali-

2317 2232 2402 2281 ter
2432 2221 2609 2278 omnis
2631 2222 2724 2293 qui
2758 2222 2826 2277 ad
2870 2221 3143 2277 Christum
3190 2222 3340 2278 venit
3382 2238 3413 2276 a
3449 2233 3606 2293 patre
3645 2222 3896 2285 diabolo;

2317 2318 2451 2381 lilia,
2478 2315 2531 2370 id
2556 2324 2640 2371 est
2662 2312 2924 2379 Ecclesia,
2946 2313 3292 2384 agentilitate
3310 2328 3427 2369 sua.
3454 2312 3635 2368 Nurus
3657 2330 3689 2368 a
3715 2329 3897 2378 socru,

2316 2409 2442 2464 dum
2470 2406 2716 2462 Ecclesia
2754 2403 2989 2460 ﬁdelium
3022 2403 3283 2459 dividitur
3308 2419 3338 2459 a
3377 2403 3683 2477 Synagoga.
3714 2406 3900 2461 Potest

2316 2508 2373 2555 et
2435 2496 2710 2552 moraliter
2760 2495 2850 2550 hic
2906 2493 3056 2550 locus
3106 2493 3278 2565 accipi
3322 2512 3336 2548 :
3380 2494 3476 2550 sed
3524 2494 3629 2551 hoc
3676 2494 3900 2551 lectoris

2317 2588 2542 2644 arbitrio
2593 2587 2662 2641 ad
2702 2584 3144 2657 pertractandum
3178 2583 3457 2654 relinquo;
3488 2584 3617 2655 quia
3657 2600 3767 2641 nec
3802 2601 3900 2641 nos

2317 2682 2420 2736 hoc
2476 2677 2820 2750 Evangelium
2882 2677 3162 2747 triplieiter
3216 2677 3594 2750 exponendum
3654 2681 3898 2750 suscepi-

2317 2785 2457 2826 mus.

2389 2862 2494 2929 Qui
2520 2872 2663 2917 amat
2689 2870 2889 2933 patrem
2912 2877 3067 2917 suum
3108 2872 3198 2917 aut
3229 2873 3450 2919 matrem
3473 2880 3633 2930 super
3661 2881 3771 2930 me,
3794 2882 3897 2919 nos

2317 2965 2392 3009 est
2425 2970 2505 3007 me
2533 2953 2743 3023 dignus.
2782 2951 3033 3009 Profecto
3057 2952 3184 3022 quia
3209 2953 3422 3008 dixerat
3449 2971 3463 3007 :
3493 2950 3624 3008 Veni
3651 2970 3901 3024 separare

2317 3045 2486 3114 ﬁlium
2513 3045 2763 3100 adversus
2790 3053 3009 3115 patrem,
3053 3057 3121 3099 ne
3146 3052 3429 3114 putaretur
3448 3043 3549 3099 sibi
3594 3058 3725 3098 esse
3765 3059 3897 3099 con-

2320 3136 2517 3190 trarius
2551 3135 2602 3189 in
2650 3149 2717 3190 eo
2749 3134 2892 3205 quod
2919 3133 3075 3205 jubet
3122 3134 3344 3205 diligere
3378 3144 3588 3204 patrem
3630 3146 3899 3204 temperat

2317 3225 2534 3279 modum
2555 3260 2570 3289 ,
2601 3233 2657 3279 et
2678 3224 2915 3279 ostendit
2942 3222 3087 3293 quod
3124 3238 3230 3279 non
3256 3223 3541 3294 prohibeat
3564 3232 3780 3294 patrem
3823 3224 3901 3279 di-

2317 3314 2482 3386 ligere
2509 3314 2591 3370 vel
2639 3323 2886 3375 matrem,
2932 3329 3026 3370 seu
3055 3322 3284 3370 caitcras
3314 3313 3601 3371 afﬁnitates
3649 3333 3664 3369 :
3701 3316 3801 3372 sed
3846 3327 3904 3369 ut

2319 3422 2481 3462 nemo
2504 3407 2754 3477 pietatem
2786 3415 3071 3477 parentum
3117 3415 3212 3461 aut
3254 3408 3436 3463 carnis
3462 3407 3747 3477 praeferret
3773 3412 3904 3466 reli-

2318 3497 2462 3568 gioni
2489 3497 2834 3561 Christianae,
2860 3498 2986 3566 quia
3018 3496 3379 3562 renascimur,
3412 3506 3467 3553 et
3490 3499 3821 3569 adoptamur
3849 3511 3906 3555 ut

2319 3586 2412 3642 ﬁlii
2438 3586 2531 3640 Dei
2561 3585 2731 3642 simus
2767 3595 2823 3640 et
2851 3586 3212 3641 dominemur.
3254 3586 3421 3644 Docet
3446 3588 3634 3659 itaque
3661 3590 3906 3646 chariss-

2320 3689 2429 3734 tem
2451 3679 2756 3733 ordinatam
2779 3677 3002 3745 habere,
3018 3687 3081 3734 ut
3102 3679 3336 3750 primum
3364 3680 3532 3737 Deum
3553 3696 3621 3737 ex
3647 3692 3765 3738 toto
3782 3684 3909 3740 dili-

2320 3783 2529 3841 gamus,
2556 3768 2751 3824 deinde
2793 3767 3100 3840 proximum
3142 3770 3285 3826 sicut
3327 3772 3711 3842 nosmetipsos.
3743 3773 3910 3844 Quod

2321 3860 2365 3914 si
2400 3859 2452 3913 hi
2478 3859 2584 3914 duo
2605 3873 2820 3915 amores
2841 3858 3000 3914 simul
3024 3860 3194 3916 teneri
3221 3876 3329 3916 non
3363 3872 3611 3932 possunt,
3640 3865 3834 3934 potius
3858 3867 3913 3921 in

2322 3950 2490 4005 Deum
2512 3948 2683 4018 pietas
2708 3948 2937 4004 tenenda
2963 3957 3064 4015 est,
3081 3958 3138 4005 et
3171 3952 3438 4007 servanda
3477 3952 3629 4012 ﬁdes.
3664 3954 3829 4014 Unde
3855 3957 3909 4012 in

2319 4040 2438 4111 lege
2467 4037 2677 4108 iussum
2708 4047 2795 4094 est
2833 4038 3019 4111 (Leuit.
3071 4056 3185 4108 ut,
3227 4040 3282 4111 2)
3329 4057 3397 4097 ne
3441 4046 3701 4102 sacerdos
3738 4064 3911 4119 super

2321 4138 2472 4199 patre
2497 4137 2592 4183 aut
2633 4138 2809 4185 matre
2855 4130 3336 4187 contaminaretur.
3382 4132 3522 4205 Ergo
3547 4136 3602 4190 in
3645 4139 3918 4195 omnibus

2321 4219 2407 4275 his
2441 4218 2617 4273 virum
2646 4219 3011 4290 evangelicum
3046 4221 3292 4292 depingit
3314 4221 3582 4289 Salvator,
3619 4224 3919 4292 informat,

2320 4319 2376 4365 et
2426 4311 2663 4366 instruit.
2710 4310 2835 4366 ideo
2886 4328 2991 4367 non
3039 4327 3259 4370 necesse
3296 4324 3381 4371 est
3426 4331 3547 4386 quae
3605 4326 3923 4375 tractamus

2321 4402 2528 4474 singula
2582 4401 2745 4474 διο
2790 4404 3147 4460 excellentius
3188 4408 3576 4477 magniﬁcare.
3629 4418 3687 4467 et
3740 4412 3927 4469 latius

2321 4497 2665 4564 protrahere:
2698 4496 2823 4565 quia
2865 4496 2978 4567 ipsa
3006 4512 3104 4566 per
3131 4512 3190 4552 se
3238 4506 3366 4553 sunt
3409 4500 3656 4569 grandia.
3690 4511 3749 4557 et
3801 4519 3929 4558 ma-

2323 4601 2480 4658 gnam
2513 4587 2617 4641 vim
2655 4587 2854 4642 habent
2889 4588 3254 4659 cogitantibus
3288 4604 3388 4654 ea,
3412 4591 3482 4645 ita
3514 4600 3572 4645 ut
3606 4593 3679 4647 ab
3710 4594 3927 4650 invidis

2322 4687 2379 4733 et
2418 4678 2631 4734 ieiuniis
2666 4678 2848 4733 divina
2897 4694 3021 4735 esse
3066 4688 3417 4747 censeantur,
3446 4690 3503 4737 et
3539 4666 3932 4756 extorqueant

2322 4781 2542 4823 necesse
2586 4777 2671 4823 est
2712 4768 2959 4824 veritatis
3005 4767 3419 4825 confessionem.
3463 4771 3532 4826 Et
3580 4775 3930 4839 notandum,

2320 4859 2463 4929 quod
2501 4858 2667 4914 ﬁlium
2689 4899 2705 4925 ,
2739 4873 2899 4929 quem
2934 4872 3191 4928 separare
3235 4860 3381 4915 venit
3404 4874 3435 4915 a
3479 4871 3632 4931 patre
3661 4903 3681 4928 ,
3736 4864 3938 4920 adhuc

2321 4957 2524 5014 monet,
2547 4964 2616 5004 ne
2639 4963 2802 5019 super
2830 4947 3001 5004 Deum
3026 4948 3214 5021 diligat
3240 4960 3471 5021 patrem.
3501 4950 3710 5022 Sicque
3753 4954 3938 5011 intel-

2318 5039 2588 5111 ligendum
2613 5048 2718 5104 est,
2747 5048 2802 5093 et
2833 5040 2886 5093 in
2913 5039 3125 5095 ceteris
3162 5039 3439 5109 gradibus,
3460 5054 3529 5096 ne
3553 5041 3765 5112 aliquis
3800 5045 3943 5115 plus

2319 5145 2479 5199 quam
2519 5129 2660 5186 Deus
2691 5129 2967 5197 diligatur.

2390 5220 2458 5273 Et
2492 5220 2582 5291 qui
2610 5235 2712 5273 non
2743 5219 2929 5290 accipit
2977 5236 3184 5276 crucem
3229 5239 3382 5278 suam
3413 5233 3462 5279 et
3507 5225 3759 5297 sequitur
3819 5246 3947 5293 sine,

2320 5329 2425 5367 non
2453 5320 2527 5366 est
2553 5327 2634 5365 me
2661 5311 2870 5381 dignus.
2896 5310 2973 5366 Ne
3000 5312 3140 5368 forte
3168 5323 3389 5385 putares
3409 5325 3617 5379 tantum
3658 5317 3951 5377 sufﬁcere

2318 5411 2526 5475 patrem
2560 5400 2861 5470 reliquisse,
2894 5401 2995 5456 nisi
3027 5401 3182 5459 tollas
3223 5413 3280 5458 et
3316 5420 3559 5471 crucem,
3591 5407 3853 5475 addidit,
3884 5422 3957 5466 ut

2317 5509 2418 5549 uec
2444 5494 2825 5560 crucenrsatis
2851 5508 2974 5549 esse
3004 5496 3255 5551 crederes
3277 5497 3484 5564 tollere,
3515 5506 3621 5556 ntst
3660 5507 3957 5572 scrutaris

2317 5593 2372 5638 et
2398 5583 2691 5639 Christum.
2725 5583 2875 5639 Unde
2904 5593 2959 5639 et
3003 5584 3055 5640 in
3085 5585 3192 5641 alio
3222 5587 3516 5661 Evangelio
3559 5593 3909 5661 reperimus
3938 5617 3955 5649 :

2321 5674 2555 5742 Quincti
2577 5675 2765 5744 accipit
2798 5677 3030 5744 quotidie
3053 5675 3201 5749 (Luc.
3236 5694 3309 5744 ιι,
3341 5681 3434 5750 29)
3455 5726 3469 5746 ,
3510 5685 3783 5751 quoniam
3828 5703 3961 5741 nou
