4004 6362
145 364 233 419 ιδδ

937 360 1295 418 EXPOSITIO
1333 361 1397 414 ΙΝ
1441 357 1873 413 MATTlIJﬁUH.
1917 389 1983 397 —
2023 358 2146 411 LIB.
2195 358 2277 420 Vl,
2320 360 2471 413 CAP.
2519 359 2582 411 Χ.

3270 359 3374 415 ιιι

145 476 290 535 semel
322 473 517 530 sullictt
545 476 789 530 ardorem
821 476 941 529 ﬂdei
989 475 1300 545 concepisse
1320 515 1334 538 ,
1362 475 1455 528 sed
1483 489 1696 542 semper
1727 480 1768 532 Α
1801 470 1972 524 lorum
2001 486 2323 540 magnopere
2351 469 2569 524 exhibet
2616 469 2834 537 ιη’ωιηίιι
2868 471 3213 534 meritorum,
3248 472 3375 528 dum

143 587 252 629 crux
279 567 501 621 feranda
522 575 752 637 estopost
781 567 1077 631 Christum,
1107 577 1165 620 ιιι
1191 582 1406 636 semper
1433 568 1694 621 amandus

144 661 396 713 doceatur.
461 655 597 710 Nam
664 667 792 710 sunt
866 658 1083 727 quidam
1142 658 1544 728 hypocritarum
1604 659 1694 727 qui

143 764 333 805 crucem
382 748 530 802 ferre
579 747 867 811 videntur,
911 763 1016 802 non
1069 757 1246 802 tamen
1294 747 1570 802 Christum
1612 764 1698 802 se-

143 849 388 912 quuntur;
420 840 550 909 quia
570 854 674 893 non
705 855 826 893 eum
855 839 1017 893 corde
1043 839 1281 906 perfecto
1304 854 1486 894 amare
1513 840 1699 894 viden.

145 945 229 996 tur,
256 933 381 985 dum
415 931 565 986 aliud
613 931 891 1000 requirunt
935 945 1094 999 quam
1141 930 1434 985 Christum.
1487 931 1702 986 Duobus

143 1028 295 1093 itaque
322 1021 506 1078 modis
526 1038 656 1077 crux
684 1022 908 1086 tollitur,
937 1037 1058 1077 cum
1085 1033 1178 1076 aut
1199 1037 1293 1092 per
1319 1022 1698 1077 abstinentiam

143 1113 372 1183 atiligitur
434 1128 668 1182 corpus,
721 1121 815 1165 aut
861 1127 958 1180 per
1001 1113 1428 1182 compassionem
1472 1113 1701 1182 proximi

142 1206 262 1258 intus
293 1201 534 1257 adicitur
567 1204 800 1256 animus.
838 1200 1107 1269 Quoniam
1145 1202 1233 1258 ille
1265 1218 1366 1273 pro
1398 1203 1554 1258 nobis
1582 1218 1703 1257 cru-

139 1297 308 1352 cilixus
326 1305 436 1360 est,
457 1304 514 1350 et
535 1310 634 1350 nos
663 1311 758 1365 pro
785 1295 874 1349 illo
900 1295 1299 1366 cruciﬁgamur,
1319 1311 1426 1350 non
1450 1295 1627 1350 minus
1650 1295 1701 1350 in

141 1387 348 1452 occulto,
363 1402 533 1456 quam
555 1395 610 1439 et
632 1385 685 1440 in
706 1384 1006 1440 manifesto.
1023 1385 1276 1454 Alioquin
1295 1401 1395 1438 non
1428 1395 1502 1438 est
1525 1402 1605 1438 me
1624 1385 1714 1440 di-.

142 1493 276 1546 guns,
305 1478 357 1531 id
381 1485 468 1532 est
494 1486 551 1530 ut
573 1476 842 1546 passionis
868 1491 999 1530 mea:
1020 1475 1301 1530 victoriam
1325 1483 1701 1544 consequatur.

146 1568 268 1622 Hine
293 1584 503 1638 quoque
523 1567 814 1638 Apostolus
842 1566 1074 1632 ait:Qui
1110 1576 1229 1619 sunt
1257 1565 1474 1629 Christi,
1497 1581 1707 1619 carnem

149 1677 286 1713 suam
313 1660 674 1724 cruci/iurant
702 1677 818 1712 tum
859 1661 994 1712 vitiis
1023 1669 1069 1713 et
1100 1658 1525 1725 concupiscentiis
1562 1657 1703 1729 (Gal.

150 1751 310 1818 κει).
329 1752 588 1817 Quoniam
617 1750 865 1819 indignus
891 1758 977 1804 est
1004 1749 1198 1818 gratia,
1221 1749 1311 1817 qui
1345 1764 1449 1802 non
1489 1763 1705 1804 crucem

1800 561 1876 615 ait
1907 579 1919 613 :

1871 650 1974 717 Qui
1998 651 2171 720 recipit
2199 668 2284 705 vos
2322 668 2400 704 me
2431 651 2642 720 recipit,
2675 662 2718 704 et
2764 651 2852 719 qui
2899 650 3074 722 recipit
3122 667 3202 705 nte
3245 653 3380 706 reci—

1799 742 1871 812 pit
1899 757 2016 794 eum
2042 743 2130 810 qui
2161 758 2240 794 me
2276 743 2431 794 misit.
2465 741 2538 794 Ita
2572 742 2716 796 enim
2747 741 2879 796 dicit
2926 741 2978 794 in
3021 741 3379 812 suscipiendis

1800 830 2076 901 apostolis,
2121 830 2374 900 quoniam
2428 833 2666 885 membra
2703 840 2829 885 sunt
2853 831 3076 895 Christi,
3125 842 3184 886 ut
3215 851 3379 888 umis-

1803 921 2031 990 quisque
2077 921 2412 977 credentium
2470 922 2746 977 Christum
2792 938 2850 977 se
2903 924 3206 994 suscepisse
3251 942 3379 996 gau-

1803 1012 1946 1066 deat.
1992 1011 2096 1066 Sed
2127 1012 2254 1081 quia
2280 1011 2432 1066 fuere
2481 1012 2912 1082 pseudoapostoli
2959 1022 3015 1067 et
3056 1015 3380 1084 pseudopro-

1805 1104 1996 1174 phette,
2044 1104 2127 1158 vel
2156 1103 2275 1159 falsi
2324 1105 2641 1169 Christiani,
2685 1107 2923 1161 occurrit
2969 1107 3384 1178 cogitationibus

1804 1194 2208 1262 suscipientium
2253 1196 2297 1249 si
2327 1198 2664 1265 nequiverint
2693 1197 3026 1262 discernere,
3052 1199 3211 1267 quive
3238 1196 3380 1262 falsi,

1806 1285 1968 1354 quive
1997 1285 2172 1340 idonei
2220 1284 2287 1339 ad
2330 1302 2425 1341 eos
2469 1288 2678 1342 venturi
2729 1295 2942 1352 essent,
2984 1297 3189 1342 tantum
3236 1289 3383 1342 utin

1810 1375 2025 1429 nomine
2061 1376 2172 1430 veri
2212 1374 2480 1447 discipuli,
2517 1392 2612 1433 eos
2660 1378 2975 1450 suscipiant.
3019 1377 3153 1434 Hinc
3200 1379 3384 1449 sequi-

1811 1476 1899 1521 llll‘
1925 1484 1938 1520 ἶ

1881 1557 1949 1610 Et
1974 1559 2062 1626 qui
2101 1559 2275 1628 recipit
2312 1561 2612 1630 prophetam
2660 1562 2715 1615 in
2762 1563 2968 1616 nomine
2994 1561 3288 1631 prophetia,
3337 1571 3384 1614 et

1802 1649 2005 1718 justum
2029 1650 2082 1703 in
2106 1652 2313 1704 nomine
2333 1651 2488 1722 justi,
2514 1653 2800 1707 mercedem
2829 1653 3092 1722 propheta:
3120 1662 3168 1707 et
3195 1669 3386 1706 merce-

1809 1741 1926 1794 dem
1963 1743 2096 1811 justi
2151 1743 2388 1812 accipiet.
2440 1743 2788 1814 Nequaquam
2835 1745 2978 1798 enim
3017 1744 3082 1799 de
3125 1745 3384 1815 propheta

141 1858 296 1906 suam,
323 1843 376 1894 in
403 1856 513 1910 qua
535 1841 892 1909 compatiuntur
911 1847 966 1892 et
989 1838 1708 1906 commorimUr,consepeli-
1739 1829 1783 1888 Β
1813 1833 1894 1886 vel
1923 1833 1987 1886 de
2011 1833 2176 1902 justo,
2211 1833 2305 1887 sed
2337 1834 2427 1902 qui
2477 1835 2666 1904 recipit
2688 1835 2890 1904 justum
2925 1834 3006 1887 vel
3046 1835 3384 1904 prophetam.

142 1949 242 1984 mur
258 1945 478 2000 quoque
508 1937 562 1983 et
583 1928 1287 1999 consurgimus,accipiens,
1316 1926 1707 1997 quodammodo

142 2023 379 2076 imitando
408 2021 690 2075 Christum
718 2019 882 2074 fuerit
921 2029 1153 2081 secutus,
1184 2019 1326 2088 quod
1346 2027 1430 2074 est
1460 2019 1513 2073 in
1553 2018 1706 2073 novi-

141 2125 230 2168 tate
268 2116 400 2168 vita
445 2111 748 2166 ambulare.
786 2110 1034 2176 Attende,
1082 2110 1310 2181 diligens
1357 2109 1566 2173 lector,
1614 2125 1710 2178 per

136 2202 356 2272 singulas
388 2201 691 2256 sententias
721 2215 880 2268 quam
912 2198 1310 2269 pulcherrimus
1337 2198 1470 2253 ordo
1519 2197 1709 2266 prtedi-

137 2293 269 2346 candi
301 2293 598 2355 doceatur,
615 2291 703 2345 ubi
732 2289 874 2344 nulla
904 2290 1184 2345 evidenter
1209 2289 1446 2345 insinuat
1471 2289 1707 2360 pericula

138 2385 408 2453 praesentis
455 2385 578 2438 vita:
609 2383 978 2449 formidanda,
1023 2396 1346 2452 omnemque
1373 2380 1708 2437 affectionem

95 2535 98 2538 ,
137 2475 295 2530 carnis
327 2473 585 2542 religioni
608 2473 856 2544 subjicit;
890 2488 1082 2528 aurum
1105 2482 1161 2529 et
1196 2473 1437 2543 pecuniae
1465 2483 1709 2545 sumptus

138 2562 192 2616 ad
232 2565 518 2634 integrum
573 2562 734 2617 toilit.
792 2562 1083 2634 Propterea
1129 2579 1197 2619 ne
1245 2562 1385 2620 forte
1440 2565 1712 2620 videretur

137 2651 272 2706 alicui
303 2651 628 2720 hujusmodi
669 2651 1121 2722 evangelistarum
1152 2653 1332 2724 gravis
1370 2653 1629 2718 conditio,
1657 2666 1714 2709 et

138 2750 393 2809 quareret
422 2741 665 2807 timidus,
702 2743 843 2798 unde
867 2751 1136 2813 sumptus,
1165 2743 1306 2799 unde
1327 2752 1382 2799 et
1407 2746 1710 2800 necessaria

143 2831 331 2886 victus?
391 2832 787 2887 Austeritatem
844 2842 1236 2903 prmceptorum
1291 2840 1555 2904 temperat
1617 2851 1712 2905 spe

141 2921 545 2987 promissorum,
561 2931 618 2976 et
643 2920 973 2977 beatitudine
997 2929 1214 2977 mterna:
1242 2923 1707 2978 remunerationis.

146 3010 274 3068 Uade
309 3014 569 3084 sequitur
591 3030 604 3067 :

210 3103 313 3169 Qui
359 3105 562 3159 invenit
614 3107 845 3160 animam
899 3123 1048 3162 suam
1089 3108 1263 3178 perdet
1309 3108 1488 3171 illum,
1535 3118 1581 3161 et
1621 3111 1710 3178 qui

1805 1922 1936 1992 justi
1968 1937 2061 1976 seu
2116 1923 2392 1992 propheta:
2425 1924 2728 1979 mercedem
2779 1925 3029 1993 accipiet.
3081 1923 3386 1980 Secundum

1807 2017 1950 2086 quod
1982 2017 2269 2086 Apostolus
2308 2017 2385 2071 ait
2418 2037 2429 2070 :
2474 2018 2579 2084 Qui
2630 2019 2720 2072 dat
2768 2033 2940 2073 semen
2990 2020 3197 2083 serenti,
3226 2030 3272 2073 et
3298 2037 3390 2088 pa-

1811 2124 1925 2161 nem
1963 2108 2032 2160 ad
2080 2108 2504 2163 manducandum
2553 2110 2842 2177 priestabit,
2870 2119 2919 2164 et
2971 2111 3178 2180 augebit
3221 2111 3389 2164 incre-

1809 2207 1980 2250 menta
2026 2197 2235 2269 frugum
2267 2198 2489 2268 justitia:
2519 2199 2602 2267 (11
2645 2199 2767 2254 Cor.
2822 2217 2899 2263 tx,
2935 2200 3042 2271 10).
3097 2199 3202 2256 Sed
3233 2200 3278 2255 si
3317 2201 3389 2255 Ie-

1809 2297 1927 2343 ctor
1952 2289 2111 2344 altius
2161 2290 2291 2344 velit
2333 2290 2703 2355 considerare,
2739 2291 2920 2345 omnia
2964 2291 3077 2345 haec
3109 2291 3160 2344 iu
3191 2291 3388 2359 quibus

1813 2381 2153 2449 hospitalitas
2185 2381 2539 2436 humanitatis
2590 2383 3020 2443 commendatur,
3054 2397 3307 2451 magnum
3334 2394 3391 2435 et

1807 2472 2027 2528 evidens
2044 2473 2333 2528 ostendunt
2345 2481 2761 2528 sacramentum.
2777 2471 2895 2528 iam
2912 2476 3055 2527 enim
3081 2491 3238 2543 supra
3256 2475 3390 2543 peri-

1811 2563 1989 2617 culum
2019 2577 2125 2617 non
2149 2562 2516 2632 recipientium
2539 2578 2632 2617 eos
2687 2563 3002 2633 protulerat,
3029 2580 3148 2617 cum
3175 2563 3386 2616 excussi

1812 2650 2046 2722 pulveris
2103 2651 2412 2706 testimonio
2458 2652 2763 2706 denuntiari
2811 2653 3012 2722 jussit;
3068 2670 3210 2708 nunc
3259 2667 3391 2707 vero
3465 2693 3484 2709 .

1814 2741 2181 2812 recipientium
2222 2742 2470 2797 meritum
2517 2741 2656 2796 ultra
2701 2743 2899 2814 sperati
2948 2743 3106 2798 oﬂlcii
3137 2745 3390 2816 gratiam.

1812 2834 2150 2888 commendat
2174 2833 2334 2904 512
2363 2844 2416 2889 et
2457 2835 2617 2890 docet
2639 2835 2691 2890 in
2719 2850 2778 2890 se
2803 2837 3101 2891 consistere
3129 2837 3388 2892 mediato-

1813 2927 1888 2982 ris
1917 2925 2147 2981 ollicium
2171 2927 2262 2997 qui
2305 2942 2427 2982 cum
2459 2929 2534 2982 sit-
2574 2935 2821 2997 receptus
2847 2943 2878 2983 a
2926 2929 3080 2982 nobis
3109 2938 3271 2998 atque
3298 2928 3387 2982 illo

1811 3019 1934 3090 quia
1969 3027 2202 3072 natusex
2227 3018 2336 3075 Deo
2360 3019 2426 3073 ad
2454 3033 2550 3074 nos
2571 3019 2734 3083 venit,
2753 3019 2894 3075 Deus
2913 3035 3010 3091 per
3038 3020 3183 3074 illum
3210 3030 3389 3073 trans-

1813 3107 1966 3164 fusus
2001 3108 2056 3162 in
2087 3124 2184 3163 nos
2205 3123 2325 3164 esse
2357 3110 2617 3165 creditur.
2644 3110 2780 3166 Hinc
2811 3111 2990 3182 itaque
3028 3112 3117 3181 qui
3171 3119 3388 3181 aposto-

144 3197 412 3260 perdiderit
439 3198 677 3249 auiinam
719 3214 867 3252 suam
905 3208 1114 3269 propter
1155 3215 1265 3262 me,
1294 3199 1513 3252 inveniet
1541 3197 1707 3252 illaut.
1737 3185 1782 3246 C
1815 3199 1893 3251 los
1931 3205 1983 3252 et
2022 3208 2240 3252 sanctos
2267 3197 2358 3254 Dei
2398 3199 2680 3255 ministros
2724 3199 2933 3270 recipit,
2983 3199 3254 3254 Christqu
3303 3215 3389 3252 re-

146 3282 266 3338 Nihil
297 3287 470 3356 igitur
510 3287 682 3355 magis
723 3287 884 3341 habet
912 3288 1076 3343 homo
1102 3288 1229 3358 quid
1274 3295 1602 3359 agat,quam
1655 3296 1714 3344 ut

143 3377 366 3430 animam
396 3394 553 3432 suam
583 3393 683 3446 pro
717 3378 934 3434 Christo
979 3387 1034 3434 et
1085 3379 1333 3450 proximo
1389 3380 1705 3449 impendat:

143 3482 240 3520 non
262 3469 440 3522 solum
467 3477 528 3522 ut
567 3484 808 3530 carnem,
853 3467 1008 3539 511
1048 3470 1102 3524 in
1133 3469 1435 3540 passionem
1466 3470 1712 3539 pro.ipso

143 3562 360 3622 tradat;
393 3576 575 3614 verum
594 3563 754 3616 etiam
779 3571 842 3616 ut
863 3563 1096 3616 animam
1117 3578 1238 3632 qua:
1260 3562 1538 3632 magiscest
1551 3577 1712 3632 quam

144 3663 296 3713 caro,
324 3649 572 3704 amittere
614 3652 1096 3722 impraesentiarum
1121 3651 1374 3722 gaudeat.
1403 3650 1528 3708 Hice
1563 3667 1714 3705 nam.

141 3753 244 3806 que
276 3748 362 3793 est
388 3740 500 3808 ipsa
526 3756 674 3807 crux,
711 3759 874 3812 quam
906 3744 1047 3798 ferre
1075 3741 1424 3813 jubeLusque
1451 3743 1502 3800 in
1529 3744 1709 3810 linem,

145 3838 200 3878 ιιι
237 3828 419 3882 salvus
462 3828 575 3882 fiat.
608 3829 778 3884 Porro
823 3831 1003 3885 anima
1031 3831 1439 3901 quamiuvenit
1481 3833 1714 3887 carnalis

144 3920 397 3988 quisque,
444 3936 685 3989 pnesens
735 3923 840 3976 vita
889 3929 1003 3987 est;
1053 3937 1216 3992 quam
1271 3922 1541 3978 invenisse
1577 3923 1716 3980 bene

145 4012 351 4075 dicitur,
383 4015 507 4082 quia
551 4015 692 4068 scire
734 4015 896 4068 aliam
945 4030 1050 4069 non
1094 4015 1324 4068 curavit.
1361 4013 1511 4070 Hanc
1541 4014 1712 4070 solam

142 4104 238 4158 sibi
260 4105 516 4160 sutiicere
538 4107 736 4171 credit,
762 4107 899 4160 hanc
929 4106 1265 4176 accepisseet
1290 4106 1560 4161 invenisse
1580 4123 1711 4176 gau-

145 4195 248 4257 det;
281 4212 452 4266 quam
475 4195 683 4250 mavult
699 4195 851 4265 juxta
879 4196 1090 4250 arbitaii
1108 4195 1189 4250 sui
1214 4195 1514 4251 libertatem
1542 4198 1713 4261 abuti,

141 4301 285 4352 quam
313 4301 418 4354 pro
438 4286 658 4340 Christo
689 4286 950 4356 cruciilgi.
969 4285 1034 4340 Et
1053 4286 1348 4341 notandum
1369 4289 1514 4357 quod
1537 4287 1715 4341 anima

145 4377 359 4432 diversis
393 4377 601 4431 dicitur
649 4379 850 4442 modis;
901 4379 996 4433 sed
1025 4377 1374 4434 nil‘inferius
1424 4379 1476 4433 in
1519 4395 1583 4434 ea
1631 4391 1716 4436 est

142 4480 285 4532 quam
318 4469 462 4531 vita,
489 4483 595 4536 qua
627 4469 838 4522 vivitur.
863 4469 1384 4524 solummodocum-
1404 4470 1614 4526 bestiis.
1650 4473 1714 4526 Et

1812 3288 1976 3358 cipit;
2015 3289 2106 3358 qui
2138 3304 2265 3343 vero
2295 3288 2567 3344 Christum
2597 3291 2882 3359 receperit.
2907 3289 3122 3344 Patrem
3155 3289 3387 3368 Domini.

1812 3377 1904 3447 qui
1935 3377 1988 3434 in
2014 3377 2153 3433 Filio
2183 3388 2285 3444 est,
2312 3380 2520 3448 recipit.
2557 3380 2695 3447 Quia
2725 3398 2829 3434 non
2861 3379 3004 3438 aliud
3033 3381 3083 3433 iu
3133 3380 3389 3448 apostolis

1815 3468 2007 3538 recipit
2029 3485 2191 3540 quam
2211 3469 2356 3539 quod
2392 3470 2446 3524 in
2477 3471 2695 3526 Christo
2723 3481 2834 3534 est,
2882 3485 3054 3541 neque
3084 3471 3135 3525 in
3175 3472 3391 3526 Cirris."

1815 3559 1958 3614 aliud
2010 3570 2116 3624 est,
2145 3576 2307 3630 quam
2351 3562 2492 3630 quod
2528 3563 2580 3616 in
2609 3561 2718 3616 Deo
2752 3571 2867 3626 est;
2907 3577 3002 3632 per
3046 3577 3164 3630 qua:
3209 3563 3389 3616 omnia

1814 3665 1919 3704 non
1953 3649 2094 3703 aliud
2132 3660 2216 3705 est
2241 3651 2513 3722 apostolos
2558 3652 2947 3707 velministros
2973 3652 3068 3709 Dei
3102 3655 3389 3723 recepisse,

1812 3755 1972 3808 quam
2002 3740 2167 3795 Deum
2206 3742 2332 3811 quia
2373 3752 2427 3797 et
2463 3743 2515 3797 in
2548 3742 2651 3798 illis
2687 3742 2955 3809 Christus,
2989 3752 3041 3798 et
3074 3744 3126 3798 in
3172 3743 3390 3798 Christo

1817 3829 1958 3884 Deus
1986 3845 2107 3885 esse
2144 3833 2399 3888 creditur.
2435 3832 2634 3904 Sicque
2683 3835 2742 3888 tit
2795 3844 2855 3889 ut
2892 3834 3150 3890 Mediator
3197 3835 3288 3888 Dei
3339 3847 3393 3889 et

1816 3921 2094 3976 hominum
2139 3924 2299 3978 homo
2317 3923 2568 3980 Christus
2591 3925 2750 3981 .lesus
2774 3927 2954 3981 omnia
2989 3927 3040 4000 ip
3090 3941 3147 3981 se
3176 3927 3389 3981 habeat.

1816 4011 1985 4066 Deum
2011 4013 2221 4070 scilicet
2258 4024 2422 4086 caput
2447 4023 2504 4071 et
2533 4017 2773 4072 membra
2801 4017 3042 4088 corporis
3083 4017 3186 4078 sui,
3215 4028 3269 4072 et
3297 4034 3391 4088 per

1817 4103 1918 4158 hoc
1954 4104 2006 4158 in
2049 4095 2309 4162 membris
2353 4107 2466 4161 suis
2509 4108 2630 4178 jure
2677 4110 2789 4178 ipse
2820 4110 3095 4180 recipitur.
3127 4111 3231 4164 Sed
3261 4111 3304 4163 si
3338 4111 3390 4164 in

1815 4193 2074 4263 Apostolo
2110 4195 2226 4265 ipse
2282 4198 2577 4267 recipitur,
2625 4214 2720 4254 eos
2761 4188 2972 4252 tantum
3020 4198 3174 4268 quasi
3227 4199 3396 4270 digito

1817 4287 2226 4351 demonstravit,
2258 4303 2381 4342 cum
2422 4290 2544 4343 ait:
2576 4288 2678 4356 Qui
2726 4304 2820 4344 vos
2866 4290 3088 4358 recipit;
3141 4298 3394 4344 ca‘terum

1817 4389 2008 4429 omnes
2065 4373 2202 4429 alios
2261 4376 2510 4431 exclusit.
2567 4377 2830 4444 Quoniam
2882 4379 2933 4432 in
2987 4377 3227 4448 apostolo
3284 4380 3398 4448 ipse

1818 4462 2067 4520 Christus
2104 4467 2413 4537 suscipitur,
2446 4468 2500 4522 in
2547 4469 2804 4538 propheta
2861 4483 3072 4524 merces
3121 4471 3395 4538 propheta:

144 4530 248 4612 ideo
265 4561 362 4628 qui
390 4530 538 4613 ιιάηξ
568 4568 787 4630 partem,
817 4560 1048 4614 noluerit
1071 4561 1324 4621 amittere
1350 4578 1447 4632 pro
1472 4561 1710 4631 Christo,
1747 4530 1790 4589 ί)
1819 4555 2227 4624 repromittitur,
2251 4530 2314 4612 ac
2339 4558 2382 4612 si
2402 4530 2582 4612 honor
2604 4530 2795 4613 horum
2822 4556 3100 4612 duodecim
3121 4530 3395 4628 apostolo-

140 4663 228 4713 qua
248 4651 462 4704 vivitur
484 4665 610 4702 cum
639 4650 957 4720 pecoribus,
1006 4653 1195 4720 perdet
1231 4651 1376 4706 illam
1396 4694 1410 4717 ,
1457 4668 1560 4722 qua
1591 4671 1714 4725 per-

143 4738 232 4792 frui
261 4743 448 4810 potuit
494 4741 547 4796 in
578 4741 794 4796 Christo
830 4757 954 4796 cum
997 4743 1221 4812 angelis.
1267 4744 1502 4798 Perdere
1535 4754 1714 4799 autem

139 4845 245 4884 eam
297 4834 442 4888 dicit
493 4833 550 4885 iu
597 4831 814 4896 futuro,
867 4848 988 4888 cum
1032 4831 1144 4901 jam
1179 4847 1284 4888 non
1340 4849 1438 4888 suo
1490 4835 1716 4893 arbitrio

139 4923 470 4988 perfruetur,
502 4925 596 4977 sed
639 4924 972 4980 cruciatibus
999 4925 1216 4979 aeternis
1259 4924 1395 4980 male
1433 4925 1714 4980 damnabi-

139 5019 235 5064 tur.
268 5012 374 5078 Qui
404 5027 538 5064 vero
567 5012 858 5080 perdiderit
886 5011 1055 5076 illam,
1086 5021 1139 5067 et
1166 5028 1382 5068 erucem
1413 5028 1563 5066 suam
1597 5028 1719 5083 por-

141 5105 349 5165 taveril,
387 5103 637 5156 inveniet
685 5117 805 5155 eam
836 5103 1001 5157 vitam
1029 5143 1042 5164 ,
1085 5117 1204 5171 quae
1248 5101 1486 5171 angelica
1534 5112 1635 5163 est,
1668 5109 1721 5155 et

139 5194 354 5257 praemia
381 5192 738 5260 sempiterna.
767 5191 938 5248 Porro
965 5190 1183 5260 quidam
1227 5190 1386 5246 aliter
1411 5191 1618 5252 dixere,
1662 5201 1720 5243 ut

139 5284 220 5346 qui
269 5282 490 5336 invenit
537 5283 772 5336 animam
821 5297 976 5338 suam
1020 5291 1077 5336 et
1120 5283 1235 5336 vult
1285 5297 1435 5335 suam
1486 5282 1716 5344 salvare,

138 5373 326 5438 perdat
365 5387 515 5436 eam,
539 5387 605 5428 ac
623 5373 668 5427 si
697 5373 1010 5443 imperativo
1037 5373 1196 5427 modo
1231 5370 1509 5440 legendum
1540 5370 1628 5435 sit,
1663 5380 1719 5423 ιιι

137 5465 426 5536 cruciﬁgat
465 5479 607 5518 eam.
658 5464 726 5518 Et
789 5464 906 5533 ipse
941 5462 1147 5518 invenit
1186 5477 1305 5516 eam
1329 5502 1342 5525 ,
1384 5461 1475 5530 qui
1514 5462 1565 5514 in
1619 5462 1720 5516 hoc

139 5556 341 5610 mundo
368 5555 687 5625 perdiderit,
728 5555 856 5610 dum
898 5555 1220 5612 detrimento
1252 5554 1428 5607 brevis
1475 5554 1593 5607 vitze
1644 5553 1718 5606 fe-

140 5659 236 5694 nus
290 5645 721 5701 immortalitatis
759 5646 1088 5715 acquisierit.
1133 5645 1250 5699 lam
1304 5645 1556 5713 deinceps
1604 5659 1718 5696 om-

145 5751 261 5786 nem
295 5738 671 5793 austeritatem
712 5745 972 5806 temperat
1007 5735 1399 5794 mandatorum,
1430 5743 1480 5787 et.
1513 5743 1721 5801 apustn-

1821 4661 1936 4699 rum
1964 4647 2389 4712 commendetur,
2421 4663 2557 4717 quos
2587 4647 2815 4702 vicarios
2841 4646 3042 4702 Christi
3086 4647 3209 4716 jure
3237 4664 3392 4703 voca-

1820 4752 1958 4798 mus,
1983 4737 2365 4806 prophetarum
2404 4752 2531 4792 vero
2561 4738 2979 4807 suscipientibus
3007 4754 3216 4793 merces
3241 4738 3395 4806 juxta

1818 4824 2054 4881 ofﬁcium
2105 4825 2377 4894 prophetae
2412 4827 2823 4894 repromittitur,
2853 4837 2907 4881 et
2946 4827 3076 4898 justi
3123 4829 3393 4889 similiter,

1819 4917 1971 4985 quasi
2001 4918 2440 4985 cooperatoribus
2463 4919 2843 4987 prophetarum
2875 4928 2930 4974 et
2949 4920 3236 4989 iustorum.
3260 4920 3392 4975 Cum

1819 5014 1996 5073 potest
2020 5005 2135 5060 fieri
2167 5015 2224 5060 ut
2256 5006 2738 5076 pseudopropheta,
2773 5017 2828 5064 et
2846 5008 3023 5077 justus
3067 5011 3154 5079 qui
3187 5009 3396 5064 videtur

1820 5114 1924 5152 non
1941 5097 2138 5166 justus,
2175 5098 2268 5152 sed
2300 5099 2463 5153 falsus
2498 5109 2554 5154 et
2596 5114 2794 5170 pravus
2837 5101 3159 5156 inveniatur.
3191 5101 3392 5156 Tamen

1818 5191 1862 5244 si
1903 5189 2042 5244 ultra
2079 5191 2355 5246 duodecim
2391 5193 2752 5261 apostolorum
2799 5209 3080 5248 numerum
3119 5209 3276 5249 nemo
3316 5209 3395 5248 ro-

1819 5280 2096 5349 cipiendus
2155 5290 2328 5345 esset,
2391 5298 2548 5336 nemo
2611 5285 2912 5352 apostolum
2967 5283 3189 5338 Paulum
3247 5299 3395 5341 rece-

1819 5371 2024 5441 pisset,
2079 5381 2134 5424 et
2193 5371 2237 5426 si
2290 5387 2394 5427 non
2456 5375 2558 5429 nisi
2620 5390 2778 5430 verus
2826 5375 3085 5445 propheta
3129 5385 3187 5430 et
3233 5391 3395 5432 verus

1816 5459 2030 5529 justus,
2078 5477 2266 5532 magna
2322 5462 2610 5518 difﬁcultas
2657 5477 2816 5519 esset.
2868 5464 3020 5520 Nunc
3069 5476 3247 5522 autem
3294 5469 3396 5523 hoc

1826 5566 1932 5605 uno
1992 5551 2308 5620 temperavit
2363 5553 2623 5607 vocabulo
2681 5569 2800 5607 eum
2867 5554 2940 5608 ait
3001 5575 3011 5608 :
3079 5555 3142 5611 In
3190 5560 3396 5612 nomine

1825 5641 2119 5709 prophetat,
2187 5649 2278 5693 aut
2339 5642 2392 5692 in
2453 5642 2658 5694 nomine
2715 5643 2888 5709 justi,
2951 5645 3228 5701 insinuans
3290 5662 3393 5700 non

1828 5750 2083 5803 personas
2141 5733 2508 5799 suscipit-mlas
2561 5749 2716 5792 esse,
2774 5736 2865 5786 sel
2923 5737 3137 5790 nomina
3191 5736 3394 5793 oilieiea
