4004 6362
645 321 751 374 435
1453 323 1508 378 S.
1553 325 1905 382 PASCHASII
1942 328 2285 384 llADBEIlTl
2326 332 2616 390 ABBATIS
2653 333 3098 390 CORBEIENSIS
3788 331 3878 391 436

645 445 796 496 rum,
828 443 883 486 et
928 438 1232 489 mercedem
1277 450 1381 490 non
1433 435 1655 505 perdere
1704 437 2046 507 suscipientis
2093 439 2218 494 licet
2248 445 2291 502 A
2391 444 2539 514 (Car.
2572 445 2684 516 XI.)
2720 445 2788 500 Et
2825 463 2943 501 cum
2971 459 3376 502 consummasset
3402 446 3557 503 Iesus
3595 451 3879 520 prwcipiens

645 523 896 594 indignus
943 523 1106 578 fuerit
1149 525 1243 595 qui
1288 535 1570 596 susceptus
1623 536 1738 590 cst,
1795 530 1966 582 donec
2016 531 2219 584 zizania
2324 535 2618 590 duodecim.
2645 535 3040 593 Perfectionem
3064 538 3369 607 apostolicae
3387 539 3644 594 doctrina:
3663 541 3878 594 insinua'

643 615 804 670 mista
833 629 954 669 cum
995 614 1193 679 tritico,
1226 631 1417 686 magna
1454 626 1634 672 tamen
1658 619 1970 673 exhortatio
1993 620 2116 674 data
2138 629 2221 674 est
2322 628 2392 682 ab
2431 643 2496 683 eo
2538 627 2656 684 loco
2699 629 2790 683 ubi
2839 631 2954 684 ait;
2984 629 3169 685 Μεεεξε
3213 632 3419 702 quidem
3458 631 3644 696 multa,
3675 635 3883 699 ορενοήτ

641 706 1081 777 suscipientibus.
1119 706 1290 762 Porro
1337 709 1406 763 de
1450 709 1706 778 apostolis
1757 724 1862 764 non
1912 711 1988 764 ait
2024 713 2076 765 in
2126 728 2222 766 no-
2322 731 2494 774 autem
2536 721 2693 791 pauci
2730 721 2946 791 (Matth.
2980 739 3073 787 ιιι,
3104 723 3214 793 57).
3264 724 3404 794 Ergo
3446 725 3585 794 quod
3630 727 3883 795 sequitur,

642 797 784 852 mine
834 796 1078 866 apostoli,
1113 807 1206 851 aut
1236 798 1289 852 in
1315 799 1531 854 nomine
1571 798 1806 864 Christi,
1839 803 2092 870 quoniam
2123 818 2216 858 su-
2324 809 2551 865 Transiit
2575 812 2714 878 inde,
2739 813 2790 867 id
2820 821 2904 868 est
2927 829 2957 868 a
2977 816 3136 869 domo
3161 815 3212 868 in
3245 797 3351 884 qua
3379 816 3532 885 longe
3562 832 3724 886 supra
3763 818 3882 873 duo-

637 885 899 978 Ρθτθυυῖη
929 899 1090 943 εδδθί·
1121 887 1255 943 Nam
1301 890 1573 960 ³Ρο³ῑο¹υε
1591 890 1779 947 Gm’ce
1809 893 2000 948 Latine
2025 895 2216 950 minus
2319 903 2491 958 decim
2523 905 2696 959 sanati
2725 913 2850 960 sunt
2874 915 2932 960 ut
2959 909 3172 963 doceret
3199 917 3256 962 et
3283 910 3597 978 praedicaret
3623 885 3676 964 in
3703 911 3880 966 civita-

617 977 871 1044 dicitur;
917 979 1116 1034 missus
1153 989 1332 1035 autem
1383 980 1587 1036 Christi
1618 997 1777 1036 nemo
1809 994 1958 1039 recte
1993 985 2182 1039 dicitur

2318 995 2462 1050 tibus
2487 1011 2694 1050 eorum.
2719 996 2799 1052 Ad
2827 997 2925 1052 has
2953 998 3117 1069 igitur
3138 977 3556 1054 veniticivitates
3577 1017 3714 1070 quas
3736 1004 3874 1071 paulo

634 1071 738 1126 nisi
770 1087 800 1126 a
825 1072 1042 1128 Christo
1073 1073 1144 1128 sit
1168 1073 1386 1138 missus,
1429 1074 1568 1128 unde
1592 1075 1684 1144 qui
1719 1077 2015 1146 apostolum
2045 1078 2213 1132 susci-

617 1163 733 1232 pit,
774 1178 896 1217 eum
927 1164 1112 1232 utique
1149 1163 1427 1233 suscipita
1457 1179 1564 1232 quo
1608 1165 1804 1220 missus
1843 1174 1958 1232 est;
1991 1174 2045 1220 et
2069 1167 2210 1230 ideo,

633 1252 686 1305 in
729 1254 943 1308 nomine
970 1254 1169 1309 Christi
1203 1268 1326 1308 eum
1375 1255 1498 1324 quia
1549 1255 1762 1310 venisse
1810 1257 2014 1320 crealit,
2067 1265 2213 1311 recte

614 1341 806 1410 ipsum
855 1345 1154 1414 suscepisse
1179 1343 1405 1408 dicitur,
1445 1332 1666 1414 propter
1691 1360 1848 1415 quem
1876 1363 1995 1400 cum
2029 1362 2212 1409 susce-

632 1433 733 1502 pit,
767 1445 819 1488 ct
845 1435 897 1489 in
930 1451 1088 1504 quem
1114 1437 1304 1492 credit.

702 1523 1026 1596 Quicunque,
1061 1525 1252 1594 inquit,
1277 1538 1455 1596 potum
1494 1527 1691 1581 dederit
1747 1527 1836 1581 uni
1865 1543 1930 1580 e1:
1975 1527 2207 1582 minimis

629 1621 742 1676 istis
763 1619 977 1674 calicem
999 1637 1149 1691 aqum
1172 1621 1399 1692 frigidm,
1417 1630 1621 1697 tantum
1636 1621 1689 1674 in
1713 1622 1920 1674 nomine
1939 1621 2202 1691 discipuli,

2315 1094 2436 1154 post
2453 1085 2716 1156 increpat,
2739 1095 2795 1142 et
2817 1088 3011 1157 quibus
3030 1091 3339 1158 exprobrat,
3362 1100 3484 1159 post
3513 1091 3873 1161 interpolatam

2313 1171 2558 1239 Joannis,
2599 1191 2663 1231 ac
2693 1177 2738 1232 si
2770 1177 3000 1232 fabulam
3029 1179 3171 1249 quod
3220 1178 3382 1252 514
3426 1196 3533 1234 non
3563 1183 3873 1238 crediderint

2313 1266 2380 1319 ad
2425 1267 2576 1336 signa
2623 1277 2675 1321 et
2722 1270 2963 1340 prodigia
3003 1285 3122 1339 qua:
3164 1270 3304 1325 facta
3351 1282 3476 1326 sunt
3509 1272 3562 1326 in
3594 1272 3696 1338 eis,
3725 1284 3779 1329 et
3819 1275 3873 1329 ad

2312 1355 2747 1424 pra:dicationem
2773 1357 2939 1427 ipsius
2959 1358 3274 1415 Salvatoris.
3309 1359 3565 1432 Sequitur
3591 1381 3604 1416 :

2378 1446 2608 1500 Joannes
2637 1458 2810 1502 autem
2837 1464 2954 1502 cum
2975 1449 3204 1504 audisset
3229 1451 3282 1505 in
3307 1452 3529 1506 uinculis
3555 1469 3712 1521 opera
3737 1451 3872 1508 Chri-

2308 1539 2394 1592 sti.
2428 1538 2563 1606 Quia
2591 1539 2842 1595 Christus
2864 1556 2987 1595 cum
3016 1542 3255 1596 audisset
3283 1543 3425 1611 quod
3462 1542 3699 1599 Joannes
3726 1546 3872 1599 tradi-

2309 1637 2397 1685 tus
2435 1641 2610 1694 esset,
2641 1632 2864 1687 secessit
2907 1633 2959 1686 in
3005 1632 3300 1698 Galilaeam,
3343 1635 3408 1688 ad
3458 1651 3620 1706 quem
3663 1637 3776 1706 jam
3819 1639 3872 1692 de

614 1729 779 1766 tamen
819 1713 936 1767 dico
969 1714 1130 1779 vobis,
1162 1731 1263 1768 non
1313 1715 1489 1784 perdet
1531 1714 1820 1769 mercedem
1868 1731 2039 1768 suam.
2091 1715 2205 1771 Hoc
2307 1736 2524 1778 carcere
2578 1722 2796 1778 mittens
2837 1723 3127 1795 discipulos
3170 1739 3296 1780 suos
3343 1725 3419 1779 ait
3468 1726 3582 1779 illi:
3612 1724 3691 1780 Tu
3717 1743 3772 1780 es
3796 1731 3868 1794 qui

611 1805 822 1881 quippe
869 1814 950 1860 est
982 1807 1124 1876 quod
1153 1821 1314 1876 supra
1355 1807 1566 1860 dixerat
1596 1825 1608 1860 :
1641 1806 1944 1876 cuicunque
1991 1807 2198 1862 dederit
2231 1801 2277 1863 Β
2307 1821 2548 1866 venturus
2586 1828 2671 1875 es,
2715 1829 2783 1866 an
2825 1812 2990 1867 alium
3036 1813 3432 1883 exspectamus?
3460 1813 3576 1868 Non
3611 1816 3755 1884 quod
3799 1816 3870 1871 ille

624 1905 832 1950 tantum
873 1885 1100 1948 fideliter
1142 1895 1194 1949 in
1239 1897 1454 1950 nomine
1483 1909 1622 1949 vera:
1653 1895 2042 1965 religiositatis,
2077 1897 2199 1966 quia
2301 1900 2574 1956 Christum
2603 1902 2895 1972 ignoraret,
2925 1917 3084 1973 quem
3110 1903 3359 1959 omnibus
3383 1905 3550 1975 digito
3571 1909 3869 1963 ostenderat

604 2002 728 2041 non
766 1986 954 2056 perdet
1005 1987 1304 2040 mercedem
1335 2002 1476 2041 vera:
1514 1987 1813 2056 religionis.
1873 1985 2024 2042 Unde
2075 2003 2200 2042 cum
2298 1993 2484 2049 dicens
2520 2012 2532 2046 :
2562 1993 2696 2048 Ecce
2721 1995 2899 2064 Agnus
2926 1995 3023 2049 Dei
3067 1994 3250 2066 (Joan.
3283 2012 3320 2060 ι,
3349 1996 3438 2061 29,
3468 1996 3590 2066 36),
3624 2005 3679 2052 et
3725 2014 3870 2068 super

621 2077 688 2131 de
712 2077 959 2130 maximis
979 2085 1364 2145 prmceptorum
1395 2077 1631 2139 mandat,
1659 2077 1904 2144 pervenit
1928 2093 2098 2146 nsque
2132 2079 2198 2132 ad
2296 2095 2455 2148 quem
2486 2081 2694 2137 viderat
2734 2081 2994 2152 Spiritum
3037 2084 3091 2137 in
3136 2083 3316 2154 specie
3360 2083 3623 2139 columbae
3659 2087 3870 2141 descenv

622 2167 780 2238 513
823 2168 1125 2230 minimum,
1153 2169 1205 2221 id
1246 2177 1330 2223 est
1367 2182 1538 2237 usque
1574 2167 1641 2222 ad
1680 2175 1864 2237 potum
1891 2178 1946 2222 et
1975 2169 2195 2224 calicem

620 2274 774 2329 aqua:
816 2257 1043 2328 frigidae.
1080 2257 1194 2324 Qua
1233 2259 1373 2313 sicut
1397 2258 1617 2313 obviant
1652 2258 1705 2311 in
1735 2258 1960 2328 singulis
1987 2258 2195 2312 calum-

617 2353 889 2412 niatorum
921 2349 1218 2412 fraudibus,
1256 2351 1327 2404 ita
1351 2357 1405 2405 et
1431 2349 1485 2404 in
1519 2350 1620 2403 hoc
1645 2359 2025 2404 excusatorum
2057 2365 2194 2419 prte-

615 2442 761 2522 repit
782 2440 1203 2506 defensionibus,
1220 2456 1286 2496 ne
1308 2439 1446 2496 forte
1469 2440 1663 2510 aliquis
1689 2441 1892 2496 diceret
1919 2458 1931 2494 ε
1958 2438 2192 2510 Pauper-

613 2541 722 2587 tate
736 2531 1046 2602 prohibeor,
1064 2531 1296 2592 tenuitas
1313 2545 1490 2585 rerum
1515 2546 1602 2585 me
1624 2530 1818 2585 retinet
1838 2539 1896 2584 ut
1909 2529 2191 2599 hospitalis

609 2639 728 2680 esse
758 2638 1048 2694 nequeam;
1083 2637 1242 2692 quam
1266 2623 1668 2678 excusationem
1700 2621 1974 2675 levissimo
1995 2619 2192 2675 delevit

605 2726 898 2788 prazcepto,
921 2717 1046 2772 dum
1079 2716 1314 2771 insinuat
1335 2715 1556 2772 calicem
1588 2729 1742 2784 aqua:
1772 2713 1978 2785 frigida:
2007 2727 2190 2783 prom-

607 2811 855 2880 ptissimo
883 2809 1264 2880 porrigendum
1309 2807 1510 2867 animo.
1544 2805 1685 2862 Hinc
1726 2819 1941 2876 quoque
1980 2803 2187 2874 frigida:

607 2903 758 2967 dicit,
783 2910 838 2959 et
882 2916 987 2955 non
1035 2899 1220 2952 calida:
1239 2939 1253 2962 ,
1277 2898 1402 2968 quia
1433 2897 1484 2952 in
1513 2896 1686 2952 calida
1730 2895 1976 2951 fortassis
2006 2894 2184 2964 aliqua

605 2992 883 3048 excusatio
926 3005 1046 3046 esse
1089 2998 1270 3059 posset
1318 2987 1683 3057 paupertatis,
1714 3003 1855 3043 nunc
1900 2999 2078 3043 autem
2128 2987 2182 3042 in

608 3082 894 3136 manifesto
923 3088 1024 3144 est,
1047 3079 1190 3149 quod
1223 3079 1275 3132 in
1301 3077 1446 3133 nullo
1471 3079 1717 3133 excusari
1745 3086 1923 3148 potest
1946 3076 2177 3135 ofﬁcium

605 3172 991 3228 benevolentiae
1011 3142 1079 3225 et.
1104 3171 1339 3240 pietatis.
1369 3169 1504 3236 Quia
1535 3169 1672 3224 Deus
1701 3142 1804 3223 non
1833 3171 2106 3235 irridetur,
2130 3183 2176 3225 ct
2206 3142 2250 3204 Ο

604 3278 924 3332 qua'cunque
967 3262 1296 3314 seminaverit
1325 3261 1501 3323 homo,
1529 3259 1640 3313 hinc
1678 3269 1724 3312 et
1751 3267 1904 3312 metet
1930 3258 2071 3331 (Gal.
2104 3277 2178 3326 vt,

605 3353 680 3423 7).
715 3351 847 3406 Mira
875 3350 1260 3421 omnipotentis
1289 3349 1382 3406 Dei
1417 3349 1660 3405 doctrina
1687 3349 1766 3404 sic
1793 3350 1972 3404 omnia
2001 3365 2182 3418 perse-

603 3443 808 3516 quitur,
832 3451 892 3496 ιιι
919 3443 972 3496 in
1005 3441 1151 3495 nullo
1194 3439 1546 3496 defraudatur
1572 3453 1782 3494 merces
1809 3439 1933 3494 boni
1977 3441 2176 3510 operis,

603 3535 658 3589 in
696 3532 841 3588 nullo
869 3531 1146 3587 excusatio
1179 3531 1376 3599 habeat
1406 3531 1580 3585 locum
1631 3529 2098 3600 impossibilitatis,
2133 3533 2178 3586 si

603 3636 708 3685 non
753 3621 914 3676 fuerit
941 3620 1214 3690 prmstitus
1256 3619 1428 3674 honor
1455 3619 1658 3675 nomini
1687 3619 1933 3689 discipuli
1978 3620 2177 3676 Christi

601 3713 846 3782 quamvis
888 3713 1118 3766 minimi.
1162 3712 1295 3778 Quia
1345 3712 1541 3780 probra
1575 3712 1640 3765 de
1675 3727 1733 3766 se
1781 3711 2034 3777 fallentis,
2070 3730 2177 3767 non

599 3804 799 3858 laedunt
839 3802 1026 3858 officiis
1050 3803 1138 3871 pie
1162 3803 1539 3872 obsequentis;
1570 3817 1692 3854 cum
1742 3817 1948 3856 merces
1991 3819 2178 3858 secun-

601 3877 727 3953 dum
770 3897 950 3952 dantis
988 3896 1144 3948 fidem
1183 3903 1622 3964 recompensatur
1652 3908 1682 3946 a
1708 3892 1955 3958 Domino,
1986 3904 2040 3948 et
2070 3911 2176 3950 non

600 3991 896 4047 secundum
922 3985 1236 4056 accipientis
1255 3985 1619 4040 mendacium.
1637 3983 1702 4038 Et
1721 3985 2011 4039 notandum
2033 3987 2174 4055 quod

597 4096 697 4155 per
743 4077 967 4136 calicem
1009 4091 1163 4144 aqua:
1206 4072 1434 4144 frigidae,
1466 4087 1572 4127 non
1617 4073 1795 4127 inania
1839 4073 2174 4130 demonstrat

597 4184 716 4224 esse
744 4167 978 4238 singula,
1009 4166 1254 4235 quamvis
1291 4164 1559 4218 levissima
1591 4165 1808 4242 pietatis
1847 4164 2018 4221 otiis-ia
2045 4186 2057 4219 :
2083 4183 2174 4220 vc-

599 4277 717 4316 rum
753 4261 895 4314 sicut
929 4267 1054 4314 sunt
1083 4272 1292 4312 summa
1334 4265 1738 4326 recompensata
1769 4271 1886 4326 quae
1918 4259 2052 4313 fiunt
2075 4275 2173 4329 pro

597 4351 822 4404 Domino
849 4349 902 4403 in
930 4348 1188 4412 summis;
1218 4347 1290 4402 ita
1313 4347 1476 4402 etiam
1500 4355 1554 4401 et
1576 4347 1797 4402 minima
1830 4347 1883 4400 in
1911 4349 2170 4415 minimis,

595 4444 670 4497 ita
698 4452 756 4496 ιιι
786 4442 838 4495 in
876 4441 1018 4495 nullo
1057 4447 1348 4496 evacuetnr
1375 4455 1583 4497 merces
1623 4441 1748 4500 boni
1791 4441 1988 4512 operis.
2022 4441 2173 4508 Licet

595 4534 814 4602 quidam
859 4532 1024 4586 velint
1064 4530 1403 4586 solummodo
1440 4531 1492 4585 iu
1523 4531 1780 4586 membris
1821 4531 2044 4598 Christi,
2076 4530 2213 4592 hos'.

595 4623 840 4688 diversos
861 4620 1156 4677 officiorum
1197 4620 1397 4690 gradus
1427 4620 1596 4690 accipi
1622 4619 1840 4686 debere,
1861 4636 1959 4692 pro
1983 4621 2178 4694 quibus

596 4716 1039 4786 susceptis,aiunt
1054 4713 1422 4767 tantummodo
1436 4713 1796 4766 remuneratio
1809 4713 2172 4782 promittatur;

597 4807 664 4863 de
695 4805 953 4876 improbis
981 4818 1114 4859 vero
1141 4812 1198 4858 et
1227 4803 1376 4858 falsis
1403 4801 1662 4857 fratribus
1698 4803 1946 4872 quamvis
1975 4801 2176 4858 ofﬁcio-

593 4896 803 4950 sissime
844 4893 1108 4964 susceptis
1151 4894 1323 4958 aiunt,
1353 4893 1496 4963 quod
1549 4892 1692 4947 nulla
1743 4892 1814 4948 sit
1865 4894 2167 4953 retributio.

595 4985 746 5042 Unde
771 4985 1054 5042 Dominum
1086 4984 1139 5038 in
1164 4983 1368 5055 judicio
1414 4984 1683 5040 dicturum
1728 4983 1995 5038 affirmant
2027 4988 2164 5056 quod

589 5078 682 5132 uni
707 5093 770 5131 ea:
790 5077 1018 5130 minimis
1039 5079 1164 5130 meis
1188 5077 1402 5145 fecistis,
1426 5077 1553 5129 mihi
1580 5076 1775 5145 fecistis
1797 5074 2011 5144 (Matth.
2037 5093 2159 5137 xxv,

587 5169 699 5239 40).
747 5168 900 5235 Quod
947 5170 1031 5223 hic
1076 5169 1208 5232 satis
1238 5169 1478 5237 apertius
1521 5168 1763 5223 declarat
1785 5185 1907 5223 cum
1942 5170 2165 5237 quilibet

587 5277 652 5313 ex
685 5259 788 5314 fide
814 5259 869 5314 in
896 5261 1114 5313 nomine
1159 5259 1449 5330 suscipitur
1473 5261 1772 5330 propheta,
1801 5268 1894 5312 aut
1917 5258 2047 5326 justi
2082 5261 2160 5312 vel

587 5350 853 5420 discipuli,
887 5351 1011 5419 quia
1043 5366 1148 5403 non
1180 5333 1369 5419 perdat
1397 5351 1700 5406 mercedem
1738 5350 1983 5420 justitize,
2005 5349 2158 5417 juxta

589 5442 713 5496 illud
743 5441 1040 5498 Psalmista:
1071 5461 1082 5493 :
1121 5441 1391 5512 Dispersit,
1422 5443 1563 5498 dedit
1596 5442 1926 5514 pauperibus,
1949 5443 2158 5511 justitia

584 5533 697 5601 ejus
722 5543 891 5586 manet
919 5533 972 5586 in
990 5532 1238 5586 saeculum
1261 5533 1441 5586 saeculi
1463 5529 1636 5604 (Psaf.
1657 5547 1768 5597 cxt,
1789 5532 1866 5602 9).
1891 5532 1977 5587 Fit
2004 5549 2154 5586 nam-

586 5637 690 5689 que
715 5621 943 5692 quisque
961 5621 1140 5690 justus
1171 5636 1234 5675 ex
1268 5623 1472 5679 horrore
1495 5622 1734 5692 iustitiae,
1759 5623 1881 5677 dum
1911 5639 2156 5683 consum-

589 5701 763 5779 matur
791 5714 999 5784 justitia
1031 5715 1082 5771 in
1113 5716 1327 5768 nomine
1352 5714 1481 5783 justi
1515 5731 1576 5772 ex
1611 5713 1735 5768 fide-

2295 2172 2510 2226 dentem
2535 2181 2588 2226 et
2604 2180 2932 2229 manentem.
2953 2171 3062 2226 Nec
3075 2187 3179 2226 non
3196 2181 3250 2227 et
3267 2173 3334 2227 de
3355 2187 3462 2243 quo
3481 2173 3761 2228 audierat:
3783 2175 3869 2228 Hie

2291 2272 2368 2317 est
2402 2261 2572 2317 Filius
2605 2279 2750 2318 meus
2793 2264 3011 2319 dilectus
3037 2265 3092 2318 in
3114 2281 3218 2334 quo
3255 2263 3381 2317 mihi
3428 2265 3552 2317 bene
3586 2265 3868 2334 complacui

2293 2353 2508 2424 (Matth.
2526 2369 2640 2418 xvi,
2655 2354 2730 2424 5).
2754 2355 2858 2410 Sed
2877 2355 3016 2410 sicut
3033 2355 3086 2410 in
3099 2355 3286 2410 Gnaeo
3300 2354 3603 2424 reperimus
3624 2357 3768 2424 quod
3785 2372 3868 2410 no-

2290 2445 2388 2500 stri
2405 2461 2508 2500 non
2527 2445 2727 2502 habent
2747 2448 2982 2510 codices,
2997 2461 3118 2502 cum
3136 2447 3432 2517 tingeretur
3451 2447 3608 2516 aquis
3633 2445 3866 2502 Jordani-

2290 2534 2392 2599 cis,
2409 2535 2521 2602 lux,
2537 2537 2726 2606 inquit,
2739 2552 2930 2608 magna
2946 2536 3376 2593 circumfulsitde
3390 2552 3550 2606 aqua,
3565 2536 3638 2591 ita
3655 2547 3715 2591 ut
3732 2538 3867 2592 time-

2289 2634 2411 2680 rent
2431 2639 2639 2689 omnes,
2668 2626 2720 2680 id
2741 2636 2825 2682 est
2847 2627 3279 2682 circumstantes.
3303 2625 3381 2682 Ex
3406 2627 3602 2696 quibus
3623 2629 3863 2682 omnibus

2286 2716 2420 2771 satis
2454 2715 2722 2788 colligitur
2756 2732 2862 2772 non
2895 2732 3018 2773 eum
3050 2718 3350 2787 ignorasse,
3395 2732 3554 2786 quem
3579 2727 3860 2772 venturum

2286 2805 2456 2873 prius,
2481 2817 2539 2859 ut
2558 2821 2736 2876 praeco
2757 2808 3064 2874 nuntiarat;
3098 2809 3470 2863 advenientem
3495 2816 3550 2862 et
3572 2811 3862 2864 consisten-

2287 2904 2392 2949 tem
2443 2895 2585 2950 inter
2629 2896 2814 2951 turbas
2842 2905 2902 2950 ut
2937 2898 3197 2967 propheta
3231 2907 3558 2968 agnoverat,
3589 2901 3854 2962 ostendit;

2284 3001 2447 3056 porro
2489 2986 2774 3040 adeuntem
2811 2995 2869 3041 ut
2908 2987 3183 3042 confessor
3210 2997 3496 3042 veneratus
3531 2996 3638 3053 est,
3664 2988 3736 3043 de
3765 3004 3858 3058 quo

2282 3077 2492 3130 dixerat
2521 3093 2532 3128 :
2562 3072 2686 3130 Post
2725 3093 2807 3130 me
2847 3079 2980 3132 venit
3020 3078 3118 3141 vir,
3149 3078 3240 3148 qui
3280 3087 3398 3131 ante
3442 3093 3522 3131 me
3553 3077 3733 3146 [actus
3771 3089 3854 3144 est,

2282 3168 2434 3238 cujus
2472 3183 2573 3221 non
2611 3183 2727 3220 sum
2769 3167 2959 3238 dignus
2988 3168 3267 3238 corrigiam
3295 3167 3632 3222 cafceamenti
3663 3169 3854 3224 solvere

2281 3257 2463 3330 (Joan.
2497 3258 2670 3329 1,27).
2703 3257 2856 3314 Unde
2885 3259 3050 3330 igitur
3073 3269 3177 3314 tam
3208 3259 3501 3314 abundanti
3532 3261 3654 3330 ejus
3687 3263 3854 3317 scien-

2282 3348 2370 3402 tia:
2392 3364 2548 3405 error
2571 3349 2831 3420 obrepsit,
2863 3360 2922 3403 ut
2952 3351 3186 3405 nesciret
3203 3365 3365 3420 quem
3396 3360 3473 3405 tot
3502 3351 3742 3415 indiciis,
3770 3355 3855 3407 do-

2280 3449 2437 3496 cente
2480 3442 2622 3496 intus
2662 3440 2865 3512 Spiritu
2913 3451 3101 3496 sancto
3142 3443 3428 3513 cognovit,
3474 3452 3530 3497 et
3573 3446 3854 3513 praeconiis

2279 3531 2571 3587 declaravit
2599 3551 2612 3584 :
2637 3533 2742 3587 nisi
2772 3533 2911 3587 forte
2954 3534 3148 3603 spiritu
3181 3534 3476 3603 prophetia:
3504 3549 3570 3588 ex
3598 3544 3756 3604 parte
3783 3544 3852 3588 ta-

2278 3629 2398 3676 ctus
2428 3620 2547 3687 fuit,
2579 3630 2636 3676 ut
2663 3637 2784 3676 eum
2819 3622 2911 3676 Dei
2949 3621 3144 3678 Filium
3175 3624 3357 3686 sciret,
3389 3631 3446 3677 et
3473 3623 3638 3677 multa
3671 3625 3741 3678 de
3769 3625 3850 3679 illo

2279 3713 2539 3777 nesciret;
2576 3723 2631 3768 et
2672 3721 2823 3784 parte
2862 3728 2993 3769 vero
3023 3713 3250 3769 necdum
3286 3722 3460 3769 tactus
3483 3723 3624 3776 erat,
3651 3725 3711 3768 et
3739 3715 3852 3769 ideo

2278 3804 2344 3858 de
2378 3803 2470 3858 illo
2511 3803 2740 3859 fideliter
2771 3805 3070 3876 interrogat
3099 3805 3350 3860 nonnulla
3391 3821 3512 3875 quae
3554 3807 3850 3861 nesciebat.

2277 3891 2520 3963 ﬂincque
2543 3893 2821 3965 signanter
2843 3895 2920 3950 ait
2945 3913 2958 3948 :
2993 3894 3070 3948 Tu
3095 3912 3148 3950 es
3175 3897 3265 3965 qui
3292 3905 3540 3950 uenturus
3563 3914 3638 3958 es,
3667 3906 3726 3952 et
3753 3912 3852 3952 non

2276 3984 2374 4050 ait,
2401 3985 2493 4054 qui
2520 3985 2731 4039 venisti.
2777 3984 2894 4039 Non
2932 3986 3074 4040 enim
3105 3986 3386 4055 ignorabat
3421 4002 3480 4042 se
3521 3987 3617 4043 Dei
3660 3987 3850 4043 Filium

2275 4075 2593 4144 haptizasse,
2619 4076 2714 4130 sed
2759 4075 3044 4147 ignorabat
3070 4075 3208 4130 forte
3227 4117 3242 4141 ,
3283 4078 3327 4131 si
3360 4077 3472 4147 ipse
3498 4090 3596 4148 per
3625 4087 3852 4134 mortem

2275 4168 2531 4222 mundum
2578 4167 2951 4238 redempturus
2979 4177 3156 4233 esset,
3187 4177 3240 4222 et
3267 4170 3333 4223 ad
3362 4169 3569 4224 inferna
3610 4185 3712 4240 pro
3747 4170 3853 4224 suis

2273 4258 2648 4313 descensurus.
2678 4259 2744 4312 Et
2771 4260 2890 4314 ideo
2915 4259 2990 4313 ait
3016 4276 3029 4312 :
3059 4261 3138 4312 Αιι
3164 4259 3329 4316 alium
3357 4270 3718 4330 exspectamus
3735 4263 3761 4315 .’
3781 4263 3853 4314 Ac

2275 4347 2318 4402 si
2361 4347 2600 4403 diceret:
2627 4347 2780 4402 Sicut
2817 4356 2871 4404 te
2915 4349 3213 4418 praedicans
3243 4351 3558 4404 annuntiavi
3588 4351 3641 4404 in
3672 4351 3849 4408 terris.

2277 4448 2453 4494 utrum
2485 4439 2564 4494 sic
2599 4440 2665 4494 ad
2701 4440 2908 4495 inferna
2950 4442 3123 4497 iturus
3150 4443 3408 4497 nuntiabo
3442 4442 3562 4504 illis,
3601 4452 3660 4497 ut
3690 4452 3746 4497 te
3768 4457 3853 4497 ex-

2275 4538 2519 4600 spectent
2561 4533 2882 4602 quandoque
2907 4547 3027 4588 esse
3069 4542 3378 4588 venturum.
3411 4533 3661 4602 Alioquin
3705 4533 3851 4588 credi

2275 4635 2379 4675 non
2427 4628 2602 4688 potest
2654 4622 2796 4689 quod
2826 4623 2880 4676 in
2909 4637 3129 4677 carcere
3175 4624 3381 4692 positus
3427 4637 3526 4691 pro
3557 4621 3772 4690 iustitia
3799 4629 3853 4676 et

2273 4711 2520 4776 veritate,
2553 4709 2785 4781 Spiritus
2815 4714 2985 4767 sancti
3018 4715 3212 4784 gratia,
3251 4729 3354 4784 qua
3387 4713 3624 4782 repletus
3649 4713 3848 4776 fuerat,

2273 4801 2343 4855 sit
2390 4802 2662 4872 privatus;
2691 4817 2815 4857 cum
2862 4803 3121 4872 apostolis
3167 4805 3310 4859 idem
3355 4801 3591 4872 Spiritus
3629 4814 3852 4857 sanctus

2273 4892 2487 4948 virtutis
2531 4909 2641 4949 sua:
2678 4893 2858 4949 lumen
2903 4903 3048 4950 esset
3091 4896 3144 4949 in
3193 4909 3412 4951 carcere
3454 4893 3711 4949 similiter
3757 4909 3853 4965 pro

2268 4983 2484 5039 Christo
2525 4983 2748 5053 positis,
2783 4984 3142 5040 ministratus.
3177 4985 3557 5040 Verumtamen
3601 4983 3853 5054 quamvis

2269 5075 2340 5129 ita
2386 5084 2530 5132 recte
2570 5074 2739 5144 accipi
2791 5075 2961 5143 possit
2988 5083 3047 5130 ut
3083 5076 3519 5140 monstravimus,
3549 5073 3772 5130 Domini
3800 5081 3852 5126 et

2268 5167 2563 5223 Salvatorls
2594 5167 2894 5235 responsio,
2927 5167 3071 5221 aliud
3111 5167 3410 5238 intelligere
3435 5182 3534 5222 nos
3561 5167 3734 5237 cogit,
3761 5164 3850 5235 qui

2269 5274 2372 5313 non
2405 5259 2472 5312 ad
2497 5272 2559 5316 ea
2581 5257 2856 5327 respondit
2878 5259 3074 5327 quibus
3100 5259 3461 5326 interrogatur
3478 5257 3684 5313 verbis.
3714 5255 3852 5313 Hinc

2267 5349 2470 5418 liquido
2491 5355 2719 5415 constat,
2747 5349 2872 5418 quia
2900 5348 3135 5404 Joannes
3161 5365 3264 5407 non
3306 5350 3404 5404 sibi
3435 5358 3651 5404 tantum
3684 5349 3854 5404 inter-

2268 5447 2417 5508 rogat
2447 5445 2703 5506 quantnm
2751 5438 3026 5507 discipulis
3053 5455 3190 5508 quos
3218 5439 3283 5494 ad
3308 5437 3584 5495 Christum
3628 5437 3849 5510 dirigit.

2265 5531 2344 5584 sic
2387 5529 2581 5599 quippe
2625 5529 2943 5601 interrogat,
2985 5530 3255 5599 quomodo
3282 5528 3442 5602 515
3471 5527 3738 5584 Salvator
3767 5527 3852 5584 ubi

2265 5621 2469 5688 positus
2489 5620 2560 5675 sit
2581 5619 2837 5686 Lazarus,
2860 5631 2917 5677 ut
2939 5622 3028 5689 qui
3057 5621 3231 5676 locum
3255 5619 3486 5690 sepulcri
3508 5619 3852 5679 indicabant.

2265 5711 2452 5766 saltem
2500 5712 2577 5765 sic
2623 5720 2944 5781 pararentur
2975 5713 3040 5765 ad
3072 5711 3231 5766 fidem
3262 5725 3381 5765 cum
3421 5709 3678 5773 viderent
3714 5727 3860 5767 mor-
