4004 6362
168 323 253 379 ι57

960 314 1322 373 EXPOSITIO
1363 314 1425 369 IN
1463 313 1894 369 MATTIIJ'LUM.
1935 346 1999 354 —
2036 316 2162 370 LIB.
2205 318 2286 381 VI,
2329 316 2479 373 CAP.
2518 315 2605 370 XI.

3284 313 3391 375 458

166 449 294 492 tuum
325 442 714 505 resurgentem.
750 432 982 487 Noverat
1006 434 1146 487 enim
1183 448 1486 504 priocnrsor
1510 440 1564 488 et
1587 447 1731 517 pro-I
1748 440 1790 496 Α
1820 432 2039 485 αιιιιὲιικι
2060 473 2074 495 ,
2104 448 2169 487 ex
2210 450 2318 504 quo
2366 435 2626 504 sequitur.
2653 437 2774 505 quin
2807 437 3084 490 surdorum
3115 452 3269 491 eum
3295 452 3391 508 pa-

166 529 302 599 pbeta
344 523 555 578 Domini
596 522 743 591 quod
788 522 1035 594 discipuli
1080 522 1198 594 ejus
1228 523 1487 580 hactenus
1528 538 1715 593 snper-

167 620 317 677 birent
337 617 603 672 adversus
627 613 930 678 Dominum,
954 624 1009 670 et
1034 616 1291 671 haberent
1314 614 1513 685 aliquid
1533 622 1718 670 contra

166 725 266 763 eum
300 704 700 767 mordacitatis,
741 719 806 759 ex
841 704 1007 760 livore
1045 714 1100 759 et
1142 705 1363 770 invidia,
1390 706 1533 775 quod
1561 720 1753 777 supra.

146 808 411 851 ostensum
444 805 567 859 est,
611 794 937 865 evangelista
985 794 1288 850 referente:
1326 794 1489 859 Tunc,
1529 797 1722 866 inquit,

164 899 465 944 accesserunt
503 886 748 958 discipuli
777 887 1021 953 Joannis,
1046 889 1273 943 dicentes
1300 901 1318 939 :
1351 886 1527 953 Quare
1557 904 1650 943 nos
1674 897 1723 942 et

169 982 398 1035 Pharisa't'
447 979 752 1049 iejunamus
795 979 1112 1049 frequenter,
1140 978 1385 1050 discipuli
1427 987 1601 1031 autem
1646 977 1725 1031 tui

165 1089 247 1124 non
269 1070 519 1139 jejunant
573 1068 792 1139 (.Ilattlt.
829 1085 904 1133 tx,
931 1068 1011 1137 4).
1066 1069 1132 1124 Ει
1163 1069 1289 1123 alibi
1318 1088 1331 1123 :
1366 1068 1618 1138 Magister
1639 1068 1724 1122 cui

164 1174 207 1215 tn
229 1162 531 1231 per/libuisti
553 1160 901 1215 testimonium
921 1161 990 1213 ad
1009 1159 1318 1224 Iordanem,
1340 1176 1455 1214 ecce
1483 1157 1725 1228 discipuli

164 1252 256 1321 ejus
276 1250 546 1319 baptizant
569 1258 616 1301 et
641 1248 816 1319 plures
838 1249 1044 1304 ueniunt
1065 1248 1134 1303 ad
1156 1265 1273 1302 eum
1299 1248 1480 1317 (Joan.
1506 1263 1592 1315 tu,
1608 1246 1724 1318 εδ),

166 1339 302 1405 Quasi
350 1337 614 1399 dixerint,
656 1336 853 1391 invidia
900 1335 1181 1402 Stimulati,
1215 1352 1313 1392 nos
1353 1336 1650 1392 deserimus
1672 1343 1729 1390 et

166 1432 221 1484 ad
264 1430 406 1484 illum
463 1429 621 1484 turba
675 1428 970 1484 concurrit.
1026 1427 1155 1496 Qum
1198 1429 1376 1484 omnia
1421 1427 1729 1498 plenissime

166 1521 325 1597 sciens
346 1519 537 1573 beatus
567 1534 894 1590 pnecnrsor,
927 1518 1201 1583 formavit,
1228 1535 1332 1574 non
1359 1519 1482 1584 sibi,
1507 1528 1566 1573 ut
1593 1517 1727 1585 dixi,

171 1614 253 1669 sel
278 1612 402 1677 illis,
430 1627 494 1666 ac
515 1612 558 1666 si
586 1610 851 1677 fabulose,
878 1612 1355 1683 interrogationem
1385 1611 1605 1666 mittens
1631 1626 1730 1683 per

175 1702 371 1756 eosdem
413 1716 544 1770 quos
579 1702 951 1757 obctecaverat
976 1699 1111 1758 livor
1141 1701 1387 1766 invidize,
1415 1710 1474 1754 nt
1499 1699 1729 1771 amplior

1818 522 2013 577 tebunt.
2036 522 2203 578 Porro
2222 525 2362 594 quod
2387 527 2496 580 ait:
2528 524 2787 595 Pauperes
2816 524 3261 594 euangelizantur.
3288 526 3393 597 ipsi

1821 615 2002 685 utique
2027 631 2307 686 properes,
2321 616 2387 670 de
2415 617 2608 686 quibus
2630 617 2830 671 dictum
2853 624 2969 671 erat
2988 633 2999 668 :
3018 614 3395 686 Euangelisare

1820 706 2131 775 pauperibus
2175 705 2313 759 misit
2361 723 2439 760 me
2468 704 2621 776 (Luc.
2672 721 2745 770 tv,
2794 706 2914 776 i8);
2967 713 3027 761 ut
3071 705 3394 774 intelligeres

1822 793 2024 863 inopes,
2049 809 2166 861 seu,
2188 794 2330 864 quod
2352 794 2521 863 magis
2541 795 2908 865 accipiendum
2930 804 3035 860 est,
3051 795 3241 864 spiritu
3263 812 3396 867 pau-

1822 895 2009 952 peres;
2041 893 2101 936 ut
2142 881 2284 937 nulla
2325 882 2598 937 videretur
2626 884 2877 939 distantia
2906 885 3229 955 praedicandi
3256 887 3396 943 inter

1823 970 2029 1027 nobiles
2056 981 2111 1027 et
2141 972 2425 1043 ignobiles,
2451 973 2595 1028 inter
2615 974 2807 1031 divites
2833 984 2888 1031 et
2914 990 3130 1049 egenos.

1895 1063 1963 1117 Et
1989 1064 2191 1131 beatus,
2215 1065 2405 1134 inquit,
2434 1066 2523 1136 qui
2566 1082 2669 1121 non
2712 1066 2871 1137 fuerit
2908 1068 3297 1129 scandalisatus
3341 1069 3398 1124 in

1826 1172 1931 1211 me.
1970 1154 2209 1226 Ipsorum
2254 1170 2405 1227 ergo,
2436 1166 2496 1213 ut
2539 1158 2684 1222 dixi,
2709 1158 3093 1217 conscientiam
3141 1159 3394 1229 percutit.

1825 1246 1906 1300 vel
1937 1263 2122 1303 eorum
2171 1249 2410 1304 omnium
2452 1249 2544 1318 qui
2574 1249 2642 1304 de
2688 1258 2860 1305 morte
2899 1248 3100 1306 Christi
3129 1248 3396 1313 dubitant,

1824 1336 1949 1405 quia
1983 1337 2084 1393 etsi
2125 1346 2369 1394 mortuus
2394 1346 2478 1394 est
2514 1353 2579 1393 ex
2630 1338 2943 1396 inﬁrmitate
2975 1338 3155 1395 carnis
3195 1345 3257 1394 ut
3283 1337 3399 1408 ipse

1824 1426 2012 1493 voluit,
2042 1428 2172 1483 vivit
2210 1436 2384 1484 tamen
2425 1445 2491 1485 ex
2530 1429 2727 1485 virtute
2763 1429 2879 1485 Dei.
2927 1428 3133 1486 Idcirco
3163 1438 3274 1484 tam
3305 1444 3400 1485 eos

1826 1516 1918 1587 qui
1947 1518 2097 1573 missi
2124 1517 2355 1586 fuerant,
2388 1535 2550 1589 quam
2574 1536 2762 1577 omnes
2782 1519 2897 1576 vult
2925 1535 3121 1577 sanare
3143 1521 3213 1576 ab
3237 1535 3397 1577 scan-

1828 1607 1950 1661 dalo
1985 1607 2341 1676 inﬁdelitatis;
2369 1611 2562 1680 quibus
2589 1612 2634 1666 si
2679 1626 2785 1667 non
2811 1610 3015 1668 fuerint
3050 1611 3398 1668 scandalizati

1827 1697 2099 1754 beatitudo
2138 1701 2546 1770 repromittitur.
2599 1702 2848 1772 Alioquin
2881 1702 2936 1758 in
2978 1702 3065 1759 his
3108 1702 3270 1758 dictis
3316 1703 3402 1758 vel

167 1792 523 1863 intelligentia,
549 1800 607 1847 et
628 1788 864 1847 eliicacia
915 1791 1084 1861 major
1124 1791 1418 1846 sentiretur
1449 1791 1502 1845 in
1535 1790 1725 1844 eodem
1757 1774 1803 1833 Β
1830 1786 1987 1844 factis
2013 1789 2258 1860 discipuli
2286 1788 2510 1845 Joannis
2540 1791 2658 1862 plus
2684 1792 2937 1847 admirari
2968 1800 3218 1862 poterant
3239 1807 3401 1863 quam

164 1882 284 1936 facto
306 1897 594 1951 expressa,
624 1890 888 1950 quatenus
933 1881 1047 1952 ipse
1089 1870 1346 1951 propheta
1384 1881 1437 1935 in
1462 1881 1564 1936 hoc
1591 1894 1725 1935 con-

163 1975 355 2031 ditionis
402 1991 519 2030 sua:
563 1990 762 2044 genere
811 1977 1186 2046 prophetaret,
1240 1984 1313 2041 et
1341 1973 1724 2045 discipulorum

162 2082 356 2121 suorum
386 2082 453 2121 ac
478 2066 523 2120 si
552 2066 807 2136 providus
845 2065 1097 2137 Magister
1143 2075 1362 2122 sanaret
1392 2064 1723 2126 vecordiam.

158 2161 273 2228 Qaia
298 2162 351 2214 in
390 2161 513 2229 ipso
534 2158 740 2215 Joanne
763 2158 934 2214 forma
962 2159 1097 2231 legis
1120 2170 1256 2226 erat,
1289 2160 1371 2216 ch
1404 2160 1549 2214 enim
1577 2158 1728 2215 Chri-

160 2264 281 2306 ειυιιι
308 2252 765 2319 ιιιιιιιιιιιὶιινὶιιθι
808 2251 1181 2307 remissionem
1209 2251 1264 2305 in
1294 2266 1360 2307 eo
1389 2250 1504 2320 ipso
1530 2249 1726 2320 praedi-

159 2342 301 2405 cavit,
329 2354 681 2415 regnumque
705 2340 962 2396 calorum
989 2338 1292 2410 Spopondit.
1320 2336 1456 2395 Nam
1487 2347 1542 2394 et
1568 2334 1729 2392 Joan-

159 2448 240 2489 nes
281 2433 392 2488 boc
440 2439 616 2486 totum
664 2446 799 2507 opus
845 2430 977 2501 legis
1013 2428 1440 2500 explevit;_hiuc
1482 2435 1729 2485 cessante

157 2522 247 2591 iam
269 2524 413 2594 lege,
440 2537 564 2593 qua:
590 2537 690 2592 pro
726 2521 963 2592 peccatis
989 2520 1222 2590 plebium
1261 2518 1478 2575 inclusae
1507 2518 1726 2574 teneba-

160 2624 249 2677 tur,
276 2624 327 2670 et
366 2613 565 2686 populi
600 2613 779 2668 vincta
828 2613 1003 2679 vitiis,
1046 2628 1114 2668 ne
1153 2610 1404 2667 Christus
1448 2611 1619 2683 possit
1650 2611 1731 2665 in-

161 2706 322 2777 teliigi,
346 2704 520 2774 quasi
550 2702 780 2763 vinculis
822 2712 879 2757 et
918 2717 1135 2758 carcere
1166 2711 1374 2758 retrusa
1420 2702 1725 2757 tenebatur.

160 2797 434 2866 Propterea
482 2810 615 2867 ergo
655 2794 722 2849 ad
768 2793 1055 2865 Evangelia
1106 2793 1409 2849 contuenda
1449 2793 1534 2849 lex
1566 2792 1733 2848 mittit

160 2891 275 2945 duos
295 2907 363 2946 ex
391 2888 677 2957 discipulis
697 2888 829 2950 suis,
852 2886 1061 2943 scilicet
1086 2886 1308 2942 Scribas
1327 2893 1382 2941 et
1405 2884 1729 2949 Pharisaeos,

159 2991 209 3035 ut
231 2981 535 3037 inﬁdelitas,
555 2979 715 3035 ﬁdem
744 2995 847 3034 non
872 2979 1051 3034 minus
1072 2977 1332 3035 factorum
1361 2992 1522 3048 quam
1563 2976 1732 3033 dicto-

163 3089 264 3126 rum
292 3071 720 3140 contempletur,
750 3080 808 3125 ut
846 3069 990 3139 quod
1040 3070 1180 3125 intra
1224 3082 1343 3123 eam
1387 3075 1731 3139 peccatorum

162 3161 329 3220 fraude
348 3165 429 3219 sit
458 3163 794 3234 colligatum,
818 3177 914 3230 per
960 3160 1367 3232 intelligentiam
1409 3158 1731 3231 evangelica:

165 3253 411 3309 libertatis
458 3253 732 3309 abluatur.
779 3251 895 3306 Tali
935 3252 1101 3322 igitur
1125 3249 1361 3315 Joannes
1386 3249 1651 3321 exemplo,
1678 3255 1734 3303 ct

161 3348 379 3402 mirabili
409 3346 733 3417 magisterio
762 3344 997 3415 Spiritus
1025 3343 1199 3400 sancti
1225 3357 1376 3409 usus,
1410 3342 1567 3413 quasi
1593 3341 1731 3396 arti-

162 3440 269 3495 ﬁcis
296 3440 540 3509 ingenio.
569 3448 625 3493 et
669 3437 1006 3508 prophetiam
1050 3436 1181 3491 texit
1209 3437 1261 3491 in
1287 3435 1462 3502 facto,
1487 3444 1544 3491 et
1571 3435 1732 3492 disci-

158 3533 410 3598 pulorum
432 3530 661 3585 consulit
684 3530 1026 3602 ignorantite,
1058 3538 1115 3583 ut
1137 3529 1340 3584 scirent
1368 3544 1472 3583 non
1506 3528 1669 3584 alium
1697 3543 1732 3583 a

162 3636 223 3675 se
254 3622 598 3689 praedicatum
638 3637 799 3691 quam
846 3621 1034 3676 Deum.
1078 3619 1280 3675 Idcirco
1322 3618 1389 3673 ad
1418 3634 1581 3689 opera
1616 3618 1733 3688 ejus

156 3714 459 3767 cnntuenda
492 3712 777 3784 discipulos
801 3727 932 3767 suos
962 3712 1128 3777 misit,
1160 3720 1220 3766 ut
1247 3710 1623 3766 auctoritatem
1648 3709 1732 3764 di-

157 3806 254 3859 ctis
294 3805 465 3867 illius,
494 3813 549 3858 et
577 3804 862 3874 prmeoniis
907 3801 1046 3872 ejus,
1088 3818 1250 3873 opera
1301 3801 1630 3865 conferrent,
1665 3815 1733 3854 ne

157 3895 396 3952 Christus
429 3892 547 3962 jam
591 3894 731 3950 alius
772 3901 1215 3965 exspectaretur,
1240 3906 1401 3961 quam
1449 3891 1536 3946 cui
1584 3890 1734 3945 testi-

162 3987 388 4040 monium
430 4002 598 4057 opera
633 3984 859 4041 Deitatis
887 3983 1287 4055 prmstitisscnt.
1333 3981 1485 4037 Unde
1530 3980 1734 4051 plenis-

154 4076 285 4133 sime
309 4078 474 4132 datur
506 4076 734 4146 intelligi
766 4076 909 4145 quod
935 4076 1119 4131 eodem
1147 4074 1339 4145 spiritu
1362 4071 1597 4128 Joannes
1617 4078 1739 4126 erat

157 4168 351 4237 plenus,
381 4170 482 4239 qui
528 4183 696 4239 super
741 4168 1014 4224 Christum
1067 4166 1408 4235 requieverat
1449 4171 1632 4230 totus,
1681 4172 1737 4219 et

154 4260 261 4319 Ideo
286 4262 554 4319 Christus
585 4272 755 4317 totum
783 4249 1093 4332 praenoscit,
1124 4259 1193 4314 ad
1226 4259 1369 4330 quod
1396 4258 1619 4314 miserat
1643 4274 1738 4314 eos

155 4352 398 4421 loarmes,
430 4364 485 4410 et
512 4353 752 4411 Joannes
798 4354 932 4408 nihil
971 4352 1238 4408 dubitavit
1263 4352 1331 4407 de
1374 4352 1612 4419 Christo,
1640 4352 1731 4419 cui

1828 1879 2211 1946 scandalizari;
2260 1896 2433 1951 neque
2455 1882 2566 1952 jam
2595 1882 2792 1951 aliquid
2825 1882 2879 1938 in
2920 1882 3137 1941 Christo
3162 1892 3283 1939 erat
3305 1899 3402 1954 ge-

1827 1981 1970 2028 stum
2004 1972 2145 2029 unde
2168 1971 2402 2029 Joannes
2427 1973 2906 2039 scandatizaretur,
2937 1982 2997 2030 ut
3021 1973 3069 2029 ei
3100 1973 3226 2029 talia
3250 1988 3399 2028 man-

1828 2064 2000 2119 daret.
2048 2064 2299 2132 Quinimo
2335 2066 2536 2121 eisdem
2578 2065 2814 2136 loquitur
2853 2065 3130 2137 discipulis
3168 2066 3235 2121 ad
3269 2079 3406 2135 quos

1829 2156 1978 2212 missi
2012 2154 2227 2211 fuerant
2265 2167 2325 2211 ut
2352 2165 2706 2212 sanarentur:
2731 2172 2836 2212 non
2862 2156 3036 2217 solum
3069 2155 3191 2227 ipsi,
3218 2171 3403 2213 verum

1828 2245 1989 2299 etiam
2035 2260 2224 2302 omnes
2271 2246 2466 2317 quibus
2512 2246 2879 2318 cvangelizata
2921 2255 3040 2304 erat
3074 2262 3104 2302 a
3143 2246 3423 2317 principio.

1828 2338 2042 2394 decursi
2088 2339 2354 2394 sermonis
2378 2354 2524 2396 mors
2550 2338 2749 2394 Christi
2790 2347 2844 2393 et
2870 2338 3049 2409 passio
3089 2339 3296 2401 crucis.
3327 2338 3407 2394 sic

1829 2429 1907 2485 ait
1930 2448 1943 2483 :
1970 2428 2074 2495 Qui
2097 2414 2379 2500 perdiderit
2405 2430 2637 2485 animum
2661 2445 2810 2489 suam
2830 2440 3041 2501 propter
3059 2446 3164 2495 me,
3185 2429 3406 2487 inueniet

1829 2538 1968 2587 eam,
2000 2531 2048 2575 et
2074 2522 2163 2592 qui
2192 2538 2296 2576 non
2338 2522 2523 2591 accipit
2556 2538 2762 2579 crucem
2801 2538 2951 2577 suam
2971 2532 3017 2576 et
3041 2522 3275 2591 sequitur
3303 2535 3423 2582 nte..

1830 2630 1933 2668 non
1952 2623 2027 2668 est
2042 2630 2122 2669 nae
2138 2613 2325 2684 dignus
2346 2612 2561 2685 (Matth.
2585 2631 2639 2679 x,
2663 2615 2753 2679 58,
2774 2614 2885 2685 59).
2908 2613 2965 2668 1η
2987 2614 3182 2684 quibus
3203 2613 3330 2684 quia
3353 2614 3406 2667 in

1832 2706 2057 2763 Domino
2099 2705 2424 2762 universitas
2451 2706 2760 2775 passionum
2789 2708 3119 2773 conveniret,
3149 2715 3206 2763 et
3230 2707 3427 2761 futura.

1830 2803 1974 2850 esset
2001 2810 2132 2850 crux
2156 2795 2273 2866 ejus
2296 2795 2546 2867 plurimis
2579 2795 2632 2851 in
2659 2797 2991 2862 scamlaium,
3021 2805 3305 2869 prepterea
3331 2797 3411 2853 eis

1831 2882 1922 2953 qui
1968 2883 2437 2952 perseveraverint
2467 2885 2520 2940 in
2551 2884 2656 2941 llde
2697 2886 3110 2955 sineacandalo,
3139 2887 3411 2957 beatitudo

1833 2974 2244 3044 repromittitnr.
2314 2974 2463 3030 Unde
2526 2975 2738 3043 videtur
2800 2976 3016 3047 eosdem
3073 2978 3290 3043 nuntios
3341 2977 3413 3033 ab

1833 3065 2056 3121 exordio
2122 3065 2379 3135 praeteriti
2422 3067 2691 3122 sermonis
2746 3067 2903 3129 inter.
2933 3066 3224 3138 discipulos
3255 3068 3413 3124 Chri-

1834 3155 1902 3210 sti
1936 3171 2152 3226 semper
2185 3155 2370 3222 fuisse,
2424 3158 2514 3213 ubi
2542 3214 2547 3219 ,
2573 3159 2720 3237 prius
2762 3159 2897 3225 eieci
2939 3169 3065 3217 sunt
3106 3158 3412 3225 .illuminati

1832 3256 1888 3302 et
1935 3246 2133 3311 claudi,
2170 3262 2270 3303 nec
2313 3264 2419 3303 non
2445 3258 2516 3315 et
2554 3264 2817 3319 pauperes
2857 3251 3230 3322 evangelizati,
3258 3259 3315 3305 et
3344 3251 3413 3305 ad

1834 3339 2152 3411 perferenda
2198 3340 2377 3396 omnia
2422 3356 2591 3413 usque
2625 3340 2693 3397 ad
2729 3351 2956 3409 utentem
2997 3342 3304 3413 plenissime
3332 3342 3415 3396 in-

1834 3428 2046 3484 structi.
2096 3429 2203 3484 Sed
2237 3445 2358 3500 qua:
2399 3428 2915 3500 interrogatasunt,
2937 3444 3122 3498 quaeve
3157 3445 3412 3500 responsa

1835 3538 1904 3578 ne
1953 3529 2174 3593 possent
2221 3521 2446 3583 Joannis
2473 3522 2758 3592 suspicari
2806 3521 2965 3593 517
3011 3521 3287 3578 infamiam
3330 3524 3443 3591 vel,

1835 3615 2216 3684 suspicionem,
2247 3622 2503 3684 tanquam
2543 3614 2810 3685 inaliquo
2841 3613 3238 3671 scandalizatus
3270 3624 3414 3675 esset

1835 3707 1903 3763 de
1927 3707 2163 3772 Christo,
2186 3707 2275 3776 ait,
2291 3706 2711 3778 benignissimus
2727 3705 2884 3767 Jesus
2908 3706 2976 3761 ad
3003 3704 3190 3762 turbas
3214 3705 3280 3762 de
3308 3721 3409 3773 eo:

1908 3797 2049 3864 Quid
2068 3798 2258 3865 existis
2278 3843 2289 3861 _.
2307 3800 2367 3855 ia
2382 3798 2591 3863 deserto
2640 3798 2848 3854 videre?
2895 3798 3207 3854 arundinem
3261 3810 3413 3853 vento

1836 3891 2131 3962 agitatam?
2156 3890 2223 3945 Et
2253 3892 2354 3947 hoc
2399 3891 2551 3961 quasi
2606 3890 2848 3947 fabulose
2873 3890 3131 3962 loquitur.
3155 3890 3291 3948 Nam
3318 3906 3414 3963 per

1837 3984 2106 4044 desertum
2146 3991 2314 4047 certe,
2342 3992 2435 4041 aut
2480 3982 2594 4053 ipse
2633 3981 2783 4039 locus
2821 3983 2875 4037 in
2925 3999 3032 4053 quo
3067 3984 3441 4049 erant,.desi-.

1839 4084 2056 4147 guatur,
2100 4083 2211 4137 aut,
2247 4076 2406 4143 forte,
2446 4077 2570 4145 quia
2620 4076 2721 4146 ipsi
2759 4075 2963 4146 Spiritu
3017 4086 3204 4134 sancto
3261 4077 3415 4137 vacui

1837 4151 2098 4235 erant,in
2121 4181 2229 4235 quo
2271 4164 2536 4231 habitatio
2563 4164 2656 4221 Dei
2689 4164 2793 4219 ulla
2825 4165 3051 4225 necdum
3092 4173 3228 4222 erat.
3266 4164 3437 4222 Unde.

1841 4259 2169 4330 increpantis
2194 4257 2390 4321 affectu
2439 4259 2640 4329 potius.
2679 4274 2844 4329 quam
2885 4259 3257 4316 conﬁrmando
3300 4259 3421 4315 haec

1838 4352 2096 4424 loquitur.
2124 4352 2266 4409 Acsi
2291 4352 2498 4409 diceret
2525 4367 2540 4406 :
2566 4351 2637 4413 Ut
2662 4353 2797 4431 quid
2814 4351 3008 4411 existis
3035 4353 3214 4409 videre
3248 4353 3420 4408 homi-

151 4448 316 4502 ornnia
357 4447 559 4503 cordis
594 4454 804 4503 secreta
839 4454 1043 4516 patent.
1076 4446 1212 4502 Hinc
1236 4460 1473 4516 quoque,
1504 4454 1565 4509 ut
1601 4446 1735 4511 dixi,
1768 4481 1816 4541 ι)
1843 4459 1963 4501 nem
1991 4443 2314 4515 cogitatione
2342 4443 2437 4500 Dei
2467 4458 2719 4510 vacuum,
2749 4443 2990 4501 et-veluti
3006 4443 3292 4509 calamum,
3318 4444 3418 4500 im-

153 4553 243 4593 Bou
270 4541 337 4594 ad
370 4538 552 4594 verba
597 4537 761 4610 516
803 4538 1250 4609 interrogantium
1300 4538 1578 4609 respondit
1600 4577 1613 4602 ,
1646 4538 1740 4593 sed

148 4629 287 4699 signa
314 4629 568 4689 Deitatis
595 4630 854 4686 ostendit.

210 4721 307 4787 Ite,
334 4720 552 4791 inquit,
571 4719 726 4775 dicite
746 4721 943 4776 Joanui
968 4738 1084 4791 qua:
1105 4721 1329 4777 audistis
1350 4730 1401 4779 et
1423 4721 1642 4779 vidistis.
1674 4719 1743 4775 Ut
1768 4776 1775 4783 ,

147 4810 239 4878 ipsi
271 4812 379 4866 sibi
416 4818 592 4864 testes
618 4819 799 4866 essent
844 4811 1074 4881 propriae
1110 4810 1475 4876 conscientiie,
1505 4811 1573 4878 ad
1599 4810 1744 4880 quod

147 4915 232 4955 eos
257 4901 538 4973 magister
557 4915 745 4955 eorum
773 4900 1023 4967 miserat;
1052 4902 1250 4972 quibus
1276 4901 1741 4963 arhiter.omnium

147 5003 511 5057 secretorum,
545 5009 652 5047 non
678 4993 746 5049 ad
786 4995 950 5049 verba
972 5036 988 5058 ,
1019 4995 1112 5050 scd
1141 4994 1207 5049 ad
1236 4993 1584 5057 intentionem
1612 4993 1740 5048 mit-

148 5084 323 5148 tentis,
354 5093 423 5139 et
460 5083 528 5136 ad
557 5084 869 5141 scandalum
896 5084 1204 5139 nuntiorum
1248 5084 1527 5154 respondit
1556 5102 1568 5138 :
1602 5083 1743 5140 Circi

147 5174 334 5240 rident,
368 5190 447 5230 ac
468 5175 513 5228 si
544 5175 781 5231 diceret:
811 5177 907 5240 Ite,
941 5176 1102 5231 dicite
1128 5173 1320 5233 Joanni
1344 5177 1471 5246 quia
1496 5191 1596 5246 ego
1623 5192 1740 5233 sum

145 5264 205 5317 de
230 5280 347 5334 quo
369 5265 649 5335 propheta
672 5264 886 5320 dicebat
911 5284 924 5318 :
956 5266 1095 5321 Dens
1118 5267 1281 5322 ueniet
1310 5267 1418 5337 ipse
1444 5276 1492 5321 et
1519 5266 1741 5322 saluauit

147 5360 402 5429 nosUsa.
444 5375 606 5423 xxxv,
634 5358 723 5429 4);
759 5367 814 5414 et
836 5360 962 5415 alibi
998 5377 1010 5412 :
1046 5360 1517 5431 Ipscinﬁrmitates
1538 5370 1742 5415 nostras

142 5452 371 5513 portabit
418 5449 560 5519 (ιω.
593 5465 711 5513 LIII,
743 5449 799 5520 4)
830 5471 841 5500 :
873 5466 973 5507 nec
1007 5466 1114 5506 non
1148 5461 1203 5508 et
1236 5451 1365 5507 illud
1396 5469 1409 5507 ε
1447 5451 1590 5506 Tunc
1615 5467 1742 5521 ape-

147 5541 352 5594 rientur
378 5540 530 5595 oculi
572 5556 831 5595 ca'corum
854 5559 873 5606 ;
900 5542 1079 5597 claudi
1113 5543 1383 5598 ambulant
1417 5542 1550 5611 Usa.
1576 5558 1741 5608 xxxv,

144 5628 214 5691 Si.
240 5631 389 5698 Quia
409 5633 467 5686 in
490 5632 681 5688 eodem
707 5635 965 5703 propheta
983 5636 1183 5690 dictum
1210 5647 1294 5691 est
1309 5634 1440 5704 (Isa.
1470 5636 1701 5705 xxxv,6)
1728 5651 1739 5685 :

147 5718 288 5774 Tunc
336 5722 501 5775 saliet
545 5723 769 5777 claudus
810 5727 942 5778 sicut
980 5743 1177 5781 cerrus.
1213 5726 1287 5780 Ac
1318 5726 1548 5782 deinde:
1583 5725 1743 5779 Surdi

1845 4532 2164 4599 mundorum
2200 4533 2483 4607 spirituum
2516 4532 2646 4601 ﬂatu
2677 4533 2783 4588 huc
2816 4532 3050 4603 illucque
3096 4536 3421 4606 vagantem?

1847 4624 1972 4683 llzec
2005 4625 2208 4683 ideirco
2250 4624 2323 4687 ita
2358 4624 2557 4689 dixisse
2576 4625 2839 4691 creditur,
2868 4634 3005 4682 utet
3027 4624 3288 4683 Joannem
3312 4629 3416 4683 mi-

1847 4714 2170 4783 risetl‘erret
2222 4713 2491 4782 laudibus,
2523 4724 2577 4769 et
2596 4730 2723 4781 eos,
2763 4731 2992 4785 quorum
3040 4720 3203 4774 corda
3260 4719 3424 4773 intro-

1847 4816 2115 4878 spexerat,
2146 4806 2425 4876 redigeret,
2443 4806 2510 4859 ad
2561 4792 2887 4863 soliditatem
2940 4808 3058 4863 ﬁdei
3103 4806 3170 4865 de
3190 4807 3419 4872 Joanne.

1849 4899 1992 4969 quod
2019 4914 2122 4953 non
2173 4899 2393 4952 lenitate
2432 4898 2628 4953 mentis
2660 4898 2729 4957 de
2770 4915 2837 4956 eo
2889 4900 3208 4973 ambigeret,
3258 4918 3419 4971 quem

1849 4999 2006 5046 antea
2032 4990 2383 5060 praedicaret;
2411 4999 2505 5046 aut
2526 4989 2667 5048 forte
2700 4994 2853 5049 vanis
2870 5008 3057 5050 eorum
3078 4994 3421 5065 cogitationi»

1849 5087 1949 5141 bus
1968 5083 2278 5155 respondit:
2313 5099 2381 5139 ne
2411 5085 2686 5142 videretur
2708 5086 2924 5143 invidiae
2952 5086 3183 5142 stimulis
3229 5094 3416 5142 contra

1848 5177 2118 5234 Christum
2144 5178 2371 5249 agitari,
2403 5180 2650 5249 quaside
2679 5180 3059 5250 praedicatione
3083 5193 3179 5233 sua
3226 5194 3420 5235 vanam

1848 5278 2152 5326 sectaretur
2200 5268 2451 5340 gloriam.
2505 5272 2890 5329 Verumtamen
2939 5270 3196 5341 quidquid
3254 5272 3422 5326 turbae

1848 5361 2208 5432 cogitaverint
2227 5361 2296 5417 de
2313 5360 2540 5428 Joanne,
2565 5362 2715 5418 miris
2740 5377 2862 5416 eum
2889 5362 3284 5417 circumscribit
3309 5361 3423 5416 lau-

1853 5454 2025 5517 dibus,
2058 5452 2199 5522 qnod
2231 5467 2331 5507 nec
2383 5452 2592 5507 calamo
2615 5451 2804 5507 similis
2847 5459 2989 5506 esset
3030 5452 3169 5505 inter
3216 5452 3425 5507 medios

1854 5540 2066 5605 fluctus,
2091 5549 2145 5594 et
2174 5555 2430 5594 aurarum
2459 5539 2758 5604 anfractus,
2791 5538 2984 5594 utuIIis
3012 5540 3421 5609 impulsionibus

1856 5631 1975 5685 lidei
2004 5640 2325 5693 moveretur,
2353 5644 2450 5683 nec
2476 5644 2675 5685 vacuus
2699 5630 2843 5684 intus
2865 5640 3001 5686 csscl
3050 5648 3168 5688 rore
3192 5631 3426 5701 Spiritus

1855 5725 2048 5789 sancti,
2079 5740 2250 5793 neque
2278 5722 2523 5778 mollibus
2552 5722 2794 5778 vestitus.
