4004 6362
548 317 654 372 439

1359 314 1418 371 S.
1460 315 1816 372 PASCHASII
1854 315 2199 373 RADBERTI
2238 315 2527 373 ABBATIS
2563 315 3008 374 CORBEIENSIS

3699 319 3810 380 αο

588 472 593 479 .
619 429 882 497 Quantam
901 443 1047 501 ecce,
1081 390 1275 497 inquit,
1293 430 1416 499 equi
1447 429 1692 484 mollibus
1729 432 2035 492 vestiuntur,
2063 430 2119 483 in
2149 430 2195 488 Α
2221 437 2505 497 putaretur
2530 444 2692 500 quam
2721 429 2899 496 homo,
2925 445 3087 501 quam
3117 445 3225 486 non
3252 439 3370 487 erat
3421 432 3526 488 nisi
3552 433 3646 503 qui
3676 434 3809 490 mis-

545 519 788 576 domibus
809 534 988 588 regum
1006 528 1148 572 sunt.
1171 517 1336 584 Quasi
1365 518 1607 575 diceret:
1638 519 1754 576 Νοιι
1775 535 1842 575 ex
1862 519 2121 590 praedica-

546 615 696 671 tione
719 627 816 668 sua
843 626 1035 667 vanam
1059 619 1242 683 captat
1268 611 1517 682 gloriam,
1539 627 1713 682 neque
1731 614 1857 668 vitae
1875 610 2121 667 saeculari

544 703 836 770 blanditur,
858 712 918 758 ut
936 702 1185 759 mollibus
1205 704 1485 769 vestiatur,
1515 704 1610 759 sed
1638 704 1816 774 potius
1840 719 1939 765 vos
1967 718 2120 774 quae-

544 795 638 860 rit,
668 796 760 865 qui
786 795 939 864 quasi
969 793 1178 849 arundo
1199 793 1343 849 intus
1358 794 1535 859 vacui,
1570 794 1810 849 exterius
1833 794 1941 849 huc
1969 793 2122 848 illuc-

542 897 651 955 que
672 882 935 941 ﬂexibiles
962 883 1195 955 fulgetis.
1221 882 1355 939 Nam
1382 891 1615 953 quatuor
1645 883 1821 939 modis
1847 884 1901 937 in
1930 882 2118 954 Scrip-

541 976 681 1031 turis
707 975 879 1031 sacris
908 974 1115 1029 arundo
1154 974 1238 1029 vel
1286 974 1527 1029 calamus
1553 974 1769 1029 dicitur.
1816 972 2120 1043 Aliquando

540 1066 743 1120 dicitur
770 1080 870 1135 pro
908 1065 1074 1120 verbo
1101 1064 1244 1121 sacri
1282 1064 1506 1135 el’oquii,
1534 1063 1679 1133 quod
1729 1070 1914 1118 manat
1938 1070 1993 1117 et
2039 1062 2117 1117 in-

538 1156 677 1220 ﬂuit,
701 1166 760 1211 ut
782 1167 867 1213 est
886 1176 897 1210 :
926 1157 1125 1226 Lingua
1147 1173 1261 1210 mea
1287 1155 1521 1209 calamus
1543 1154 1708 1210 scribe
1722 1153 1963 1209 uelociter
1985 1154 2117 1208 scri-

540 1248 708 1302 bentis
755 1246 925 1317 (Psal.
978 1262 1124 1310 xuv,
1162 1248 1240 1316 ‘2).
1289 1245 1592 1315 Aliquando
1633 1243 1871 1299 doctoris
1923 1243 2117 1313 peritia

540 1338 876 1407 designatur,
900 1346 958 1390 ut
986 1343 1070 1391 est
1095 1354 1107 1390 :
1144 1335 1208 1390 In
1234 1335 1491 1389 cubilibus
1514 1335 1569 1388 in
1594 1332 1784 1404 quibus
1816 1334 1964 1402 prius
1993 1332 2118 1386 dra-

539 1443 693 1481 coner
706 1428 1031 1492 habitabant,
1055 1428 1253 1481 orietur
1274 1428 1414 1481 uiror
1454 1424 1647 1479 calami
1684 1424 1821 1496 (Ira.
1846 1440 2009 1489 xxxv,
2037 1425 2113 1493 7).

538 1516 841 1586 Aliquando
880 1517 1023 1571 nitor
1069 1516 1254 1587 gloriae
1302 1524 1637 1580 sanctorum,
1689 1526 1788 1570 ut:
1819 1513 2115 1586 Fulgebunt

535 1608 688 1678 iusti,
711 1618 760 1662 et
776 1610 908 1663 sicut
930 1606 1174 1663 scintilla:
1204 1609 1260 1662 iu
1281 1608 1595 1663 arumlineto
1624 1607 1924 1662 discurrant
1953 1605 2110 1678 (Sap.

538 1712 627 1763 ιιι,
659 1698 734 1769 7).
766 1698 917 1765 Quod
940 1698 1322 1754 arundinetum
1352 1698 1451 1768 ipsi
1479 1704 1638 1753 erant
1665 1697 1733 1751 ad
1759 1696 1902 1766 quod
1928 1696 2113 1753 Domi-

2225 534 2320 574 sus
2348 520 2402 574 in
2431 520 2607 590 angeli
2648 529 2916 592 potestate
2942 521 3087 576 viam
3136 523 3366 592 parabat
3417 522 3623 578 homini
3671 521 3805 580 Deo.

2225 611 2607 667 Verumtamen
2656 621 2803 668 recte
2834 613 3011 668 adhuc
3034 614 3294 682 quatritur
3338 614 3384 669 si
3435 614 3610 684 major
3642 616 3809 673 fuerit

2223 700 2459 761 Joannes
2490 704 2629 772 Elia,
2652 705 2706 760 in
2728 703 2883 774 cujus
2931 705 3124 774 spiritu
3156 712 3210 761 ct
3244 705 3444 761 virtute
3479 707 3696 763 venisse
3721 708 3806 763 di-

2223 792 2383 848 citur.
2410 794 2515 849 Aut
2560 794 2607 850 si
2656 793 2831 863 major
2879 795 3183 851 credendus
3232 797 3304 852 sit
3334 795 3559 861 Elisteo,
3608 799 3665 853 in
3699 815 3807 870 quo

2222 886 2415 957 duplex
2439 887 2821 958 spiritus.Elia3
2849 888 3183 959 requievisse
3206 889 3405 944 dicitur
3431 888 3538 961 (IV
3579 891 3712 963 Reg.
3740 908 3801 959 tt,

2222 976 2299 1049 9).
2365 977 2517 1046 Quod
2561 979 2716 1036 valde
2763 996 2793 1035 a
2823 982 2979 1038 nobis
3017 983 3367 1037 temerarium
3396 991 3481 1039 est
3535 983 3799 1047 delinire.

2224 1066 2326 1122 nisi
2353 1066 2492 1123 forte
2523 1068 2642 1124 ideo
2670 1070 2845 1141 major
2865 1068 2991 1139 jure
3025 1070 3225 1125 dicitur
3248 1070 3364 1126 Elia
3388 1071 3471 1127 vel
3499 1071 3696 1129 Elisteo
3710 1075 3801 1144 qui

2221 1159 2493 1227 praecedit,
2520 1161 2576 1216 in
2602 1160 2790 1231 spiritu
2818 1170 2866 1215 et
2894 1161 3082 1216 uirtute
3105 1160 3242 1215 Elite
3274 1160 3425 1232 (Luc.
3482 1179 3519 1227 ι,
3556 1163 3668 1234 17),
3697 1180 3807 1235 quo

2223 1246 2311 1303 ille
2331 1258 2593 1306 venturus
2616 1258 2699 1305 est
2721 1251 2774 1305 in
2802 1250 2962 1306 linem
2987 1249 3153 1325 519
3176 1250 3381 1307 saeculi.
3404 1250 3535 1306 Nam
3567 1267 3634 1308 eo
3646 1255 3805 1309 modo

2223 1336 2398 1408 major
2425 1338 2658 1397 fortasse
2697 1341 2976 1411 accipitur.
3038 1342 3191 1399 Unde
3235 1357 3341 1398 non
3374 1343 3471 1407 ait,
3524 1354 3802 1414 sequetur,

2220 1427 2348 1484 licet
2377 1429 2522 1486 Elius
2549 1441 2675 1487 ante
2708 1431 2891 1499 fuerit,
2932 1433 3026 1489 sed
3054 1434 3357 1503 prmcedet;
3388 1435 3481 1504 qui
3508 1434 3647 1491 forte
3678 1452 3800 1491 cum

2219 1521 2450 1586 venerit,
2481 1529 2632 1577 tanto
2657 1523 2918 1593 majorem
2968 1537 3133 1593 quam
3167 1523 3320 1592 prius
3366 1523 3600 1595 gratiam
3629 1524 3800 1579 habe-

2220 1607 2320 1678 bit,
2354 1620 2559 1681 quanto
2604 1620 2660 1667 et
2689 1626 2915 1684 agonem
2937 1610 3222 1668 habiturus
3246 1624 3329 1668 est
3380 1612 3681 1667 fortiorem.
3716 1612 3801 1669 ln-

2221 1706 2372 1756 terea
2399 1715 2504 1781 non
2533 1716 2657 1757 cum
2687 1702 2964 1772 prophetis
2995 1709 3051 1758 et
3085 1703 3444 1773 patriarchis,
3478 1703 3560 1758 vel
3590 1705 3803 1760 cunctis

536 1804 641 1844 nus
668 1789 989 1860 loquebatur
1031 1788 1373 1855 ﬂuctuantes.
1420 1788 1631 1845 interea
1679 1803 1801 1860 qua).
1832 1788 1982 1859 prius
2010 1804 2110 1843 au-
2140 1783 2188 1843 B
2217 1790 2467 1848 Salvator
2493 1793 2730 1864 pratulit
2754 1794 3084 1860 hominibus,
3109 1796 3203 1851 sed
3234 1795 3535 1866 exzequavit
3568 1806 3800 1855 caeteros

537 1882 753 1938 dierant
781 1900 811 1938 a
833 1881 1061 1947 Joanne,
1089 1890 1144 1938 et
1168 1891 1362 1937 cetera
1389 1896 1508 1950 qute
1553 1880 1623 1937 de
1648 1894 1714 1935 eo
1765 1879 1951 1936 multis
1986 1896 2112 1951 pro-

536 1974 736 2031 tulerat
760 1974 1065 2046 przeconiis.
1089 1974 1156 2029 Et
1175 1989 1318 2029 nunc
1335 1973 1627 2029 audiebant
1649 1972 2068 2041 interrogantem
2093 1988 2107 2025 :

538 2064 620 2120 Tu
640 2082 694 2121 es
718 2067 807 2137 qui
832 2075 1079 2122 uenturus
1102 2083 1175 2131 es,
1200 2082 1269 2120 an
1296 2065 1462 2121 alium
1481 2073 1839 2135 exspectamus
1854 2064 1881 2116 Ξ
1902 2062 2112 2131 Ergone

534 2157 592 2213 in
616 2156 702 2213 his
723 2156 974 2213 ﬂuctibus
999 2157 1272 2213 auditores
1303 2156 1503 2212 Christi
1538 2163 1901 2221 remanerent,
1931 2153 2113 2211 firmat

533 2262 630 2305 eos
654 2247 817 2303 etiam
842 2248 909 2304 de
932 2246 1157 2304 Joannis
1182 2246 1448 2317 ειειιιριο,
1472 2246 1617 2317 quod
1642 2262 1747 2302 non
1774 2246 2002 2303 interius
2021 2262 2114 2304 va-

535 2353 693 2403 cuus,
714 2340 857 2408 quod
881 2353 985 2393 non
1029 2337 1271 2392 exterius
1317 2337 1511 2399 siccus,
1560 2337 1703 2407 quod
1729 2352 1835 2393 non
1874 2344 2115 2409 sectatur

535 2427 804 2494 mollitiei,
829 2438 883 2483 et
908 2428 1156 2483 adulator
1197 2441 1384 2498 regum
1406 2425 1572 2498 518
1607 2435 1950 2482 terrenorum
1996 2424 2113 2481 fue-

534 2522 625 2579 rit.
648 2520 873 2591 Insuper
895 2521 1101 2577 addidit
1121 2521 1264 2592 quod
1292 2519 1467 2589 majus
1488 2528 1572 2576 est
1605 2538 1617 2572 :

563 2652 567 2656 ι
605 2613 707 2667 Aut
749 2614 875 2684 quid
921 2614 1099 2668 existis
1124 2613 1299 2669 videre
1321 2616 1346 2667 Ρ
1400 2610 1759 2682 Propltetam?
1804 2611 1922 2665 dico
1972 2610 2113 2665 rubis

532 2704 689 2758 etiam
711 2703 826 2775 plus
841 2720 999 2775 quant
1020 2706 1344 2775 prophetam.
1364 2702 1654 2772 Postquam
1672 2702 1834 2771 igitur
1846 2701 1914 2756 ab
1927 2714 2114 2756 errore

535 2795 703 2851 animi
732 2811 828 2851 eos
857 2796 1151 2861 revocavit,
1174 2811 1298 2851 mox
1333 2794 1530 2858 infert,
1560 2794 1830 2864 quomodo
1859 2794 1941 2850 vel
1987 2809 2115 2863 qua-

531 2886 639 2941 lem
670 2902 792 2942 eum
819 2889 1043 2943 credere
1085 2887 1365 2942 deberent.
1395 2886 1554 2941 Prius
1606 2885 1871 2954 siquidem
1909 2884 2114 2955 depulit

531 2993 797 3043 errorem,
838 2989 950 3036 tum
978 2981 1195 3039 demum
1239 2979 1487 3035 adhibuit
1512 2979 1821 3034 veritatem.
1870 2977 1937 3032 Et
1967 2978 2111 3048 quod

2212 1879 2428 1938 Joanni.
2458 1882 2597 1940 Hinc
2621 1898 2752 1953 ergo
2771 1891 2855 1940 est
2875 1885 3016 1955 quod
3033 1886 3306 1956 sequitur:

2285 1972 2391 2039 Qui
2407 1977 2581 2028 minor
2598 1983 2698 2041 est,
2729 1974 2924 2045 inquit,
2948 1975 3004 2030 in
3031 1992 3187 2046 regno
3216 1976 3487 2041 ctelorum,
3527 1977 3706 2048 major
3722 1987 3799 2031 est

2210 2062 2324 2117 illo.
2351 2063 2608 2130 Quamvis
2630 2076 2756 2121 eum
2781 2066 3030 2138 angelum
3058 2067 3278 2133 dixerit,
3306 2075 3487 2123 tamen
3515 2069 3692 2138 major
3719 2078 3800 2124 est

2213 2152 2323 2218 illo,
2350 2153 2405 2207 in
2439 2168 2607 2223 regno
2631 2154 2916 2222 caelorum,
2947 2156 3037 2226 qui
3078 2165 3202 2226 post
3223 2171 3421 2228 agones
3468 2167 3523 2214 et
3551 2157 3695 2213 bella
3723 2161 3799 2229 pii

2211 2247 2557 2314 certaminis,
2580 2245 2695 2316 jam
2744 2262 2868 2303 cum
2922 2248 3155 2313 Deoest,
3178 2257 3235 2303 et
3281 2249 3454 2304 victor
3504 2250 3574 2308 ad
3625 2250 3799 2306 celos

2211 2340 2473 2404 ascendit,
2496 2339 2758 2408 istiusque
2778 2340 2904 2396 vita:
2936 2340 3102 2396 variis
3123 2341 3297 2397 evasit
3324 2341 3589 2407 ludibriis,
3628 2358 3795 2413 quam

2212 2428 2299 2484 his
2324 2428 2416 2499 qui
2441 2428 2618 2484 adhuc
2640 2429 2781 2484 inter
2802 2430 2996 2486 dubias
3021 2431 3103 2486 sui
3129 2431 3317 2503 agonis
3341 2446 3568 2502 pugnas,
3595 2433 3797 2488 dubius

2212 2519 2429 2587 militat,
2450 2518 2745 2575 etdesudat
2765 2535 2833 2575 ex
2848 2531 3066 2576 eventu.
3091 2520 3369 2588 Nonnulli,
3390 2522 3515 2591 quia
3537 2522 3797 2592 angelum

2211 2625 2335 2666 eum
2362 2611 2592 2677 dixerat,
2648 2612 2715 2666 de
2768 2611 2976 2682 angelis
3022 2611 3079 2669 id
3128 2614 3331 2668 dictum
3359 2613 3529 2684 accipi
3574 2614 3799 2681 debere,

2211 2702 2482 2759 dixerunt.
2512 2703 2590 2759 Ac
2616 2704 2663 2759 si
2695 2703 2941 2771 dicatur,
2987 2704 3134 2775 quod
3188 2703 3412 2776 angelus
3457 2703 3690 2774 quilibet
3738 2705 3797 2760 in

2211 2808 2378 2864 regno
2408 2793 2688 2860 caelorum,
2745 2794 2993 2867 quamvis
3033 2795 3213 2850 minor
3240 2810 3350 2865 pra:
3388 2795 3622 2861 caeteris,
3668 2796 3800 2867 quia

2219 2886 2367 2940 videt
2397 2885 2590 2941 faciem
2645 2885 2846 2951 Patris,
2877 2885 3051 2955 major
3094 2892 3180 2941 est
3206 2884 3437 2951 Joanne,
3477 2885 3580 2941 etsi
3616 2897 3805 2942 extre~

2213 2989 2335 3030 mus
2376 2975 2430 3031 in
2476 2974 2652 3032 cilicio
2693 2976 2764 3032 sit
2813 2992 2846 3032 a
2886 2986 3101 3032 natura.
3137 2976 3290 3034 Unde
3342 2985 3490 3033 recte
3534 2979 3808 3049 quaeritur

534 3083 668 3140 ergo
693 3068 815 3140 plus
836 3084 998 3140 quam
1026 3072 1287 3140 propheta
1311 3067 1481 3124 fuisse
1503 3068 1723 3135 dicitur,
1763 3067 2108 3123 manifestum
2215 3065 2341 3133 quia
2392 3066 2615 3138 angelus
2649 3076 2839 3123 natura
2897 3067 3198 3138 antecellit,
3251 3078 3430 3124 utrum
3479 3070 3696 3127 meritis
3752 3080 3806 3128 et

531 3168 619 3216 est
662 3175 830 3245 quare
886 3162 1117 3217 dicatur.
1167 3160 1303 3229 Quia
1352 3160 1456 3231 ipsi
1510 3160 1726 3217 licuerit
1782 3160 2107 3231 prophetare
2134 3142 2179 3204 (Σ
2211 3159 2381 3229 gratia
2408 3160 2717 3216 hominibus
2745 3161 2948 3220 sanctis
2971 3160 3189 3217 demum
3213 3162 3659 3234 coaequabiturin
3687 3164 3799 3235 glo-

531 3248 828 3321 Cbristum,
857 3251 1050 3306 deinde
1077 3250 1220 3320 quod
1241 3248 1371 3305 nulli
1398 3248 1555 3305 alteri
1582 3249 1994 3320 prophetarum,
2028 3248 2108 3302 vi-

531 3340 681 3409 dere,
707 3349 763 3396 et
781 3340 952 3411 digito
979 3341 1373 3406 demonstrare,
1399 3356 1499 3397 nec
1529 3357 1639 3398 non
1666 3341 1831 3397 etiam
1858 3340 2108 3397 manibus

528 3430 848 3500 baptizare:
885 3432 1028 3487 unde
1066 3447 1170 3487 non
1213 3433 1391 3489 minus
1415 3447 1581 3505 opere
1604 3448 1766 3504 quam
1793 3441 1850 3488 et
1890 3433 2109 3488 nomine

521 3520 648 3590 jure
676 3522 794 3594 plus
825 3538 984 3594 quam
1007 3526 1266 3596 propheta
1293 3534 1397 3582 est.
1427 3526 1691 3593 Quoniam
1712 3525 1991 3597 prophetat
2025 3522 2107 3579 of-

530 3617 713 3672 ﬁcium
743 3625 829 3673 est
854 3615 1032 3672 futura
1061 3618 1376 3688 praedicere,
1418 3618 1507 3697 hic
1529 3626 1730 3685 autem,
1778 3632 1938 3688 quem
1994 3631 2113 3688 pre-

530 3710 668 3764 tlixit
690 3721 997 3776 venturum,
1021 3720 1341 3781 praesentem
1369 3720 1590 3767 extensa
1639 3727 1800 3766 manu
1847 3714 2104 3767 ostendit.

527 3798 718 3856 Nonne
745 3814 876 3855 vero
895 3814 1059 3871 quam
1087 3816 1311 3873 magnus
1343 3802 1434 3866 sit,
1464 3817 1595 3857 voce
1624 3802 1804 3857 divina
1856 3802 2106 3857 insinua-

528 3901 643 3956 tur,
672 3905 795 3945 cum
824 3891 901 3946 ait
926 3909 938 3943 :
970 3891 1103 3946 Ecce
1131 3893 1277 3946 mitto
1303 3892 1549 3961 angelum
1575 3907 1747 3947 meum
1781 3902 1901 3946 ante
1920 3892 2107 3961 facient

529 3992 674 4036 tuam
705 3979 861 4051 (Mal.
893 3997 954 4047 ιι,
982 3981 1058 4054 7).
1082 3980 1188 4037 Sed
1237 3990 1291 4037 et
1319 3980 1611 4037 Malachias
1657 3996 1725 4036 ex
1753 3979 1980 4037 Hebraeo
2015 3982 2108 4052 qui

531 4072 749 4143 angelus
775 4072 1185 4143 interpretatur,
1235 4074 1377 4128 hunc
1412 4075 1743 4143 praenuntiat
1793 4074 1846 4127 in
1877 4089 2110 4144 persona

533 4164 767 4236 Spiritus
806 4165 979 4219 sancti
1031 4165 1278 4235 angelum
1318 4179 1437 4220 esse
1482 4162 1720 4219 futurum
1749 4204 1764 4226 ,
1820 4160 1926 4218 non
1967 4166 2110 4235 quod

530 4256 768 4312 Joannes
787 4255 1008 4327 angelus
1033 4255 1213 4317 fuerit,
1250 4257 1301 4310 iu
1351 4265 1560 4310 natura:
1594 4257 1879 4322 societate,
1926 4258 2019 4311 sed
2043 4273 2108 4312 ex

531 4346 692 4402 olllcii
719 4347 1146 4418 participatione.
1184 4346 1318 4401 Natu
1348 4358 1404 4402 et
1429 4347 1738 4417 angelorum
1785 4361 1980 4403 nomen
2001 4363 2107 4404 non

532 4448 758 4500 naturae,
794 4438 888 4494 sed
914 4437 1075 4494 olllcii
1120 4447 1220 4494 est.
1250 4437 1420 4493 Porro
1449 4436 1615 4493 facies
1644 4437 1846 4493 Christi
1873 4436 1989 4507 ejus
2019 4454 2110 4495 co-

532 4533 701 4601 gnitio
734 4543 835 4593 est,
868 4534 1006 4587 sicut
1027 4542 1081 4587 et
1115 4531 1364 4588 Christus
1386 4532 1554 4588 facies
1579 4531 1779 4598 Patris,
1814 4548 1912 4604 per
1948 4548 2109 4605 quem

533 4623 697 4678 Pater
726 4625 1087 4694 cognoscitur,
1105 4632 1230 4679 ante
1257 4623 1410 4693 cujus
1434 4621 1628 4679 faciem
1643 4622 1881 4680 Joannes
1901 4624 2107 4688 venire,

534 4725 595 4787 ut
622 4725 978 4787 cognoscatur
1006 4715 1253 4771 Christus
1282 4715 1437 4786 longe
1465 4725 1591 4771 ante
1619 4716 2034 4786 praenuntiatum

605 4809 771 4867 Amen
790 4810 907 4863 dico
933 4809 1090 4871 vobis,
1121 4825 1224 4863 non
1243 4811 1468 4863 surrexit
1488 4811 1623 4863 inter
1645 4821 1793 4864 natos
1830 4809 2107 4863 mulierum

530 4899 705 4969 major.
726 4898 937 4953 Joanne
966 4896 1229 4968 Baptista.
1255 4897 1525 4954 Fortassis
1543 4912 1693 4968 ergo,
1721 4907 1782 4953 ut
1821 4898 1953 4962 dixi,
1980 4898 2106 4967 quia

539 4991 742 5046 missus
769 4998 852 5046 est
877 5004 944 5044 ex
966 4987 1141 5044 ollicio
1183 4989 1405 5059 angelus
1432 4998 1558 5044 ante
1599 4987 1796 5052 Deum,
1859 5003 1928 5043 ne
1968 4986 2109 5044 forte

531 5081 938 5137 existimaretur
991 5094 1153 5149 super
1219 5078 1510 5139 humanam
1577 5086 1825 5132 naturam
1878 5092 1999 5133 esse
2056 5086 2111 5132 et

531 5174 655 5244 plus
679 5189 842 5243 quam
875 5174 1059 5236 homo,
1093 5174 1213 5227 ideo
1238 5187 1364 5231 mox
1395 5171 1716 5242 temperavit
1763 5170 2111 5248 sententiam,

532 5277 589 5320 et
614 5267 756 5320 inter
777 5273 930 5319 natos
956 5264 1239 5319 mulierum
1299 5278 1423 5319 eum
1469 5261 1866 5316 annumeravit.
1904 5260 1981 5314 Ita
2029 5270 2112 5314 ta-

533 5373 658 5410 men
685 5365 743 5409 ut
769 5358 910 5410 inter
941 5369 1037 5410 eos
1056 5355 1224 5409 etiam
1252 5352 1584 5422 intelligatur
1611 5351 1706 5421 qui
1728 5367 1795 5407 ex
1826 5352 1924 5405 viri
1954 5349 2111 5406 temi-

536 5460 726 5515 nzeqnc
747 5446 892 5501 coitu
921 5453 1269 5514 generantur,
1317 5451 1373 5497 et
1429 5457 1535 5497 non
1563 5441 1781 5498 Christo
1802 5442 1897 5510 qui.
1937 5450 2021 5497 est
2045 5457 2112 5497 ex

535 5537 740 5605 virgine
762 5539 879 5591 siue
904 5537 1184 5607 complexu
1219 5537 1318 5590 viri
1365 5535 1600 5605 genitus,
1652 5544 1983 5603 cozequetur.
2022 5533 2113 5590 Sic

528 5627 734 5696 quippe
768 5627 979 5682 divinus
1015 5627 1235 5691 arbiter,
1276 5627 1418 5682 inter
1462 5635 1752 5694 utrumqtte
1787 5626 2113 5680 sententiam

542 5720 879 5801 temperavit.
913 5728 963 5773 et
994 5730 1046 5785 ut
1071 5726 1466 5774 monstraretur
1488 5718 1615 5788 quid
1653 5726 1774 5771 erat
1801 5726 1854 5772 et
1886 5733 1951 5772 ue
1975 5717 2111 5771 ultra

2212 3248 2314 3315 ria,
2351 3265 2659 3320 quanquam
2681 3252 2770 3307 hic
2793 3251 2973 3307 trullas
3025 3252 3222 3308 audeat
3264 3266 3596 3323 praesumere
3624 3251 3699 3308 de
3718 3269 3799 3321 se,

2211 3340 2314 3397 nisi
2338 3341 2500 3396 etiam
2526 3356 2713 3396 eorum
2744 3342 2982 3413 indigeat
3018 3341 3310 3413 suﬂragiis,
3334 3356 3566 3411 quorum
3593 3342 3798 3414 ubique

2211 3433 2546 3504 protegimur
2574 3433 2809 3490 auxiliis.
2845 3433 2998 3490 Unde
3020 3433 3184 3488 David
3212 3432 3267 3487 in
3298 3431 3515 3487 Psalmo
3544 3449 3560 3486 :
3592 3430 3802 3488 Immit—

2210 3534 2281 3579 tet
2307 3525 2517 3597 angelos
2543 3525 2768 3592 Domini,
2792 3527 2985 3597 inquit,
3014 3527 3071 3580 in
3092 3518 3317 3580 circuitu
3338 3525 3635 3579 timentium
3656 3541 3803 3591 eum,

2209 3617 2466 3686 eteripiet
2511 3633 2599 3672 eos
2630 3616 2801 3688 (Psal.
2842 3632 3038 3682 χχχιιι,
3068 3617 3145 3688 8).
3190 3614 3283 3670 ille
3332 3615 3519 3691 utique
3543 3655 3559 3680 ,
3618 3616 3802 3686 magni

2210 3704 2415 3760 consilii
2464 3705 2679 3775 angelus
2714 3746 2730 3771 ,
2798 3706 2965 3760 mittit
3023 3704 3515 3760 administratorios
3563 3705 3802 3776 spiritus

2184 3812 2357 3863 suos,
2393 3804 2447 3853 et
2475 3796 2600 3852 facit
2622 3812 2716 3853 eos
2738 3797 2956 3869 angelos
2980 3796 3108 3852 dum
3144 3797 3214 3852 ad
3243 3812 3343 3853 nos
3369 3797 3615 3861 veniunt,
3640 3811 3807 3869 prop-

2209 3895 2294 3943 ter
2324 3902 2419 3943 eos
2444 3888 2537 3957 qui
2571 3888 2939 3943 hatreditatem
2979 3895 3106 3942 sunt
3141 3887 3415 3958 accepturi
3450 3886 3663 3942 salutis.
3693 3885 3807 3942 Sed

2209 3979 2277 4034 de
2302 3979 2405 4034 lim:
2436 3986 2642 4035 temere
2666 3978 2914 4047 judicare
2957 3994 3064 4035 non
3119 3987 3370 4051 oportet,
3396 3979 3481 4034 vel
3530 3988 3804 4049 quantum

2210 4062 2312 4139 ipsi
2340 4068 2483 4123 inter
2510 4082 2571 4125 se
2614 4068 2890 4136 diﬂerunt,
2915 4069 3002 4126 vel
3056 4070 3230 4125 etiam
3277 4078 3537 4141 quantum
3594 4070 3805 4130 summi

2210 4150 2522 4214 sanctorum
2546 4173 2733 4215 eorum
2757 4159 2988 4214 debeant
3007 4161 3276 4230 coaequari
3306 4159 3659 4216 sublimarive
3706 4175 3800 4213 so-

2211 4249 2424 4319 cietate.
2484 4247 2867 4305 Verumtamen
2908 4251 3065 4319 beata
3111 4259 3166 4305 et
3222 4251 3462 4321 gloriosa
3492 4251 3657 4322 Virgo
3692 4251 3809 4305 Ma-

2212 4339 2325 4405 ria,
2355 4339 2466 4410 jam
2511 4353 2576 4393 ex
2621 4341 2943 4394 auctoritate
2991 4339 3364 4395 ecclesiastica
3407 4350 3465 4395 et
3506 4341 3697 4393 traditi
3722 4356 3811 4393 me

2216 4438 2524 4497 sanctorum
2563 4429 2808 4493 Patrum,
2851 4430 3050 4499 ubique
3100 4429 3320 4484 canitur
3362 4437 3420 4482 ct
3471 4429 3813 4498 praedicatur

2218 4536 2382 4590 super
2405 4522 2600 4583 choros
2627 4520 2940 4589 angelorum
2971 4520 3362 4591 gloriosissime
3404 4522 3667 4576 exaltata.
3719 4523 3810 4577 lu-

2218 4627 2365 4674 terca
2397 4618 2479 4687 (ut
2503 4618 2572 4671 ita
2607 4616 2801 4688 fatear)
2832 4632 2939 4672 non
2977 4626 3195 4680 natura,
3222 4616 3317 4671 sed
3358 4615 3500 4671 dono
3542 4626 3601 4671 et
3634 4619 3809 4686 ιιι-ενι-

2217 4708 2357 4779 legio
2376 4709 2571 4763 divinte
2595 4709 2804 4778 gratiae,
2829 4708 3082 4778 quoniam
3108 4707 3299 4763 eodem
3322 4708 3489 4762 verbo
3511 4723 3623 4778 quo
3653 4709 3807 4769 ctuti,

2218 4799 2429 4855 ﬁrmata
2458 4807 2562 4861 est,
2592 4809 2647 4852 et
2667 4799 2857 4856 eodem
2891 4798 3094 4873 Spiritu
3124 4798 3346 4869 repleta,
3382 4813 3489 4868 quo
3515 4799 3696 4855 virtus
3717 4814 3810 4853 eo-

2218 4905 2337 4945 rum
2366 4898 2422 4943 et
2446 4898 2704 4958 potestas,
2741 4890 2967 4960 amplior
2988 4890 3329 4960 praedicatur.
3357 4889 3583 4957 Quidam
3615 4892 3810 4946 dixere

2214 4980 2341 5050 quia
2362 4978 2631 5044 Christus,
2652 4979 2745 5048 qui
2778 4987 2904 5033 tunc
2933 4989 3094 5045 aetate
3125 4978 3302 5034 adhuc
3327 4987 3382 5034 et
3427 4978 3571 5033 fama
3624 4980 3814 5034 minor

2215 5069 2496 5126 videbatur
2525 5071 2577 5124 in
2609 5070 2795 5135 carne,
2826 5070 3000 5140 major
3052 5079 3172 5148 erat
3218 5068 3309 5125 illo
3344 5069 3399 5123 in
3442 5083 3608 5139 regno
3639 5070 3811 5125 celo-

2217 5175 2361 5225 rum,
2393 5161 2446 5215 in
2474 5161 2725 5231 praesenti
2754 5161 2963 5216 scilicet
2992 5160 3260 5235 Ecclesia,
3298 5174 3420 5230 qua:
3439 5158 3553 5229 jam
3579 5168 3707 5214 erat
3753 5159 3810 5213 in

2218 5253 2475 5323 apostolis
2503 5263 2652 5308 certe
2703 5261 2796 5307 aut
2814 5269 2978 5322 qttam
3023 5253 3136 5323 ipse
3160 5268 3325 5327 supra
3351 5250 3571 5324 regebat
3599 5251 3656 5306 in
3688 5265 3811 5307 cu:-

2217 5348 2304 5404 lis.

2290 5441 2537 5495 Adiebus
2561 5449 2734 5495 autem
2756 5439 2980 5495 Joannis
3024 5439 3277 5512 Baptista:
3323 5457 3484 5515 usque
3536 5457 3688 5497 nunc
3733 5459 3817 5499 re-

2218 5548 2375 5601 gnum
2408 5531 2654 5586 cmlorum
2680 5532 2778 5587 vim
2801 5533 3021 5603 patitur,
3044 5543 3090 5585 et
3119 5531 3327 5586 violenti
3356 5529 3522 5602 520
3542 5531 3819 5602 diripiunt

2222 5625 2371 5678 illud.
2425 5624 2660 5696 Singulae
2706 5623 3074 5694 benignissimi
3126 5621 3424 5679 Salvatoris
3491 5627 3821 5695 sententia,

2221 5718 2343 5787 quia
2376 5725 2499 5770 sunt
2526 5716 2756 5787 gravidae
2781 5714 3048 5789 mysteriis
3066 5722 3121 5769 et
3144 5714 3315 5786 plena:
3333 5725 3827 5790 sacramentorum
