4004 6362
165 372 248 432 μί

945 358 1309 417 EXPOSITIO
1343 356 1410 412 IN
1451 353 1892 410 MATTlleUM.
1932 383 1999 393 -α
2039 352 2167 407 LIB.
2207 352 2294 416 Vl,
2333 349 2484 405 CAl’.
2527 349 2618 402 XI.

3301 344 3408 398 με

164 474 421 540 doctrinis,
451 471 667 528 decrevi
724 468 790 524 de
819 466 1042 539 singulis
1081 473 1438 536 pertractare.
1467 461 1572 518 Sed
1599 463 1723 531 quia
1753 464 1801 526 Α
1830 460 2010 515 futura
2059 457 2369 515 scandalum
2423 466 2541 512 erat
2608 469 2743 526 pene
2792 455 3062 510 omnibus.
3116 453 3408 524 Pr0phetia

165 566 362 623 materia
401 564 574 619 vincit
604 559 852 631 loquendi
887 559 1162 630 peritiam,
1195 557 1323 628 quia
1350 571 1417 611 ex
1473 555 1724 610 omnibus

165 675 250 714 non
275 671 491 727 possum
520 653 828 724 petentibus
859 650 1183 720 condignum
1206 663 1341 718 opus
1363 645 1600 710 allicere,
1623 644 1725 699 sal-

165 760 251 805 tem
277 746 593 802 brevissime
642 745 928 816 imaginem
961 740 1202 795 veritatis
1229 739 1529 793 ostendam.
1562 738 1626 792 Et
1677 737 1723 792 si

161 839 428 909 nequirem
452 835 802 907 principalem
825 835 891 888 de
912 831 1163 886 omnibus
1185 845 1345 899 quam
1361 828 1722 882 authenticam

162 937 328 983 vocant
355 936 622 996 prmstare
672 924 1032 985 vocationem,
1062 919 1283 974 elaboro
1329 928 1509 972 tamen
1555 927 1613 971 ut
1640 916 1725 971 vel

162 1018 276 1072 scire
313 1014 663 1085 cupientibus
712 1027 928 1067 sensum
967 1008 1332 1080 evangelistae,
1396 1007 1576 1062 verbis
1622 1007 1723 1062 etsi

160 1109 454 1172 ineruditis,
518 1105 813 1161 absolvam.
870 1103 1022 1159 Unde
1075 1118 1196 1156 cum
1251 1099 1522 1170 perpendo
1581 1099 1725 1170 quod

163 1200 336 1254 dictum
367 1207 460 1251 est
490 1211 506 1250 :
536 1196 581 1247 Α
620 1195 800 1248 diebus
845 1192 1072 1246 Joannis
1103 1208 1262 1263 usque
1324 1207 1462 1244 nunc
1505 1207 1723 1260 regnum

159 1291 375 1344 «elatum
405 1290 514 1342 vim
537 1288 758 1357 patitur,
793 1286 958 1339 miror
981 1284 1136 1338 valde
1167 1283 1294 1353 quid
1313 1284 1441 1338 velit
1471 1283 1720 1336 innuero.

160 1382 273 1448 Quia
293 1379 393 1433 etsi
418 1379 492 1433 ab
521 1393 590 1432 eo
611 1377 909 1446 baptismus
933 1384 989 1430 et
1021 1374 1336 1444 paenitentia
1369 1389 1465 1443 per
1491 1388 1610 1442 quae
1642 1387 1726 1426 re-

157 1485 298 1540 gnum
341 1467 606 1522 caelorum
649 1465 942 1535 diripitur,
993 1463 1226 1534 primum
1284 1461 1570 1532 praedicata
1618 1467 1722 1524 est,

160 1561 274 1633 quid
299 1560 368 1615 sit
392 1559 533 1629 quod
557 1558 636 1612 ait
663 1575 676 1586 ο
707 1555 882 1631 Usque
907 1571 1066 1620 nunc,
1095 1557 1230 1615 satis
1278 1555 1569 1608 obscurum
1616 1561 1718 1606 est.

163 1651 288 1718 Quia
309 1665 429 1705 cum
457 1649 557 1703 ait:
582 1665 615 1700 a
633 1647 814 1700 diebus
839 1645 1066 1700 Joannis
1090 1643 1343 1714 Baptista:
1366 1660 1527 1713 usque
1559 1659 1720 1707 nunc,

162 1742 300 1812 quasi
329 1740 462 1794 duos
496 1737 624 1792 illud
652 1737 895 1812 rapiendi
950 1737 1129 1811 posuit
1160 1736 1440 1790 terminos.
1493 1735 1646 1802 Quod
1676 1734 1721 1789 si

1825 551 2047 607 Joannis
2093 552 2296 605 linitur.
2344 549 2451 604 Lex
2498 549 2550 602 in
2603 547 2818 602 Christo
2871 545 3191 616 ampletur,
3216 545 3409 601 deinde

1824 641 2138 710 praedicatio
2204 637 2559 694 concluditur.
2643 635 2811 691 Porro
2885 637 3110 705 spiritus
3155 635 3282 690 Elia:
3354 636 3408 691 in

1824 732 2048 786 Joannis
2092 746 2222 786 voce
2267 731 2630 800 praemittitur.
2660 729 2715 784 ln
2765 729 2853 784 illo
2879 725 3070 784 vetera
3111 730 3408 784 terminan-

1827 832 1932 885 tur,
1975 839 2114 877 nova
2149 823 2433 894 incipiunt.
2470 821 2619 877 Unde
2662 823 2822 876 velim
2858 821 3154 893 perpendat
3183 823 3411 892 quisque

1827 915 2000 969 lidelis
2029 929 2275 984 quaenam
2335 915 2418 970 vis
2466 913 2637 982 major
2687 929 2806 968 esse
2859 922 3053 984 potest,
3097 929 3259 984 quam
3291 928 3411 982 quae

1826 1008 1965 1063 facta
1992 1017 2096 1072 est,
2125 1010 2250 1062 dum
2278 1007 2525 1062 Christus
2550 1006 2747 1062 Judmis
2775 1006 3122 1076 praedicatur,
3143 1014 3197 1059 et
3225 1021 3345 1061 mox
3379 1020 3410 1058 a

1826 1101 2089 1158 Gentibus
2131 1101 2424 1171 suscipitur
2477 1108 2532 1156 et
2576 1099 2937 1170 cognoscitur.
2969 1097 3168 1153 Iudaeis
3196 1099 3410 1168 quidem

1827 1195 2088 1257 nascitur,
2121 1203 2178 1248 et
2205 1193 2447 1264 diligitur
2474 1207 2503 1246 a
2531 1192 2797 1262 gentibus.
2831 1191 2926 1245 Sui
2965 1205 3088 1244 eum
3130 1197 3410 1258 respuunt,

1827 1285 1987 1340 alieni
2012 1285 2295 1354 diripiunt.
2330 1284 2537 1354 Proprii
2581 1285 2936 1347 insectantur,
2982 1281 3412 1352 complectuntur

1829 1376 2053 1432 inimici.
2081 1375 2460 1430 "nereditatem
2484 1373 2758 1444 gentilitas
2780 1388 2809 1426 a
2839 1374 2949 1426 Deo
2975 1372 3148 1426 aliena
3173 1371 3409 1440 expetit;

1829 1466 2272 1534 l'amilia'rejecit.
2312 1467 2355 1522 Ο
2386 1467 2519 1521 mira
2560 1466 2653 1521 Dei
2688 1465 2899 1519 virtus!
2933 1463 3413 1533 Quamincompre-

1826 1554 2101 1610 hensibiles
2126 1565 2247 1609 sunt
2271 1555 2365 1610 vim
2391 1555 2538 1623 ejus!
2569 1552 2744 1625 (Rom.
2769 1551 2973 1623 XI,53.)
3005 1552 3411 1606 Testamentum

1827 1646 2108 1717 promissa:
2135 1645 2466 1698 hmreditatis
2489 1643 2581 1697 lilii
2620 1643 2920 1712 repudiant,
2952 1649 3008 1696 et
3044 1643 3183 1696 servi
3214 1655 3280 1695 ex
3309 1639 3414 1694 lide

1828 1742 2210 1806 promerentur
2253 1732 2380 1786 illud
2413 1733 2677 1803 accipere.
2705 1730 2841 1784 Hinc
2871 1730 3033 1800 igitur
3057 1739 3142 1784 est
3164 1728 3304 1798 quod
3334 1727 3414 1782 di-

154 1848 242 1887 nec
261 1840 401 1902 post,
439 1845 543 1884 nec
570 1837 718 1893 ante,
743 1829 1008 1899 quispiam
1037 1827 1163 1882 illud
1185 1827 1409 1896 diripuit
1432 1826 1554 1891 lide,
1588 1841 1724 1880 vana
1759 1826 1800 1885 Β
1829 1826 1992 1890 citur,
2043 1825 2170 1893 quia
2209 1822 2437 1898 Regnum
2475 1822 2722 1876 caelorum
2759 1821 2857 1874 vim
2883 1821 3104 1890 patitur,
3133 1827 3181 1872 et
3205 1817 3414 1872 violenti

154 1923 238 1977 luit
257 1922 433 1977 omnis
462 1921 896 1991 patriarcharum
918 1928 972 1973 et
999 1919 1385 1992 prophetarum
1416 1933 1558 1988 spes,
1587 1933 1722 1972 vana

154 2015 262 2071 etin
287 2015 516 2070 Christo
541 2023 759 2068 aeternae
781 2013 904 2067 vitae
935 2012 1303 2082 repromissio.
1349 2011 1546 2067 Verum
1577 2009 1724 2081 quod

152 2114 256 2160 ante
281 2105 732 2174 praedicationem
761 2103 1094 2174 paenitentia:
1129 2119 1294 2174 quam
1337 2100 1573 2157 Joannes
1627 2118 1724 2156 an-

153 2195 431 2257 nuntiavit,
472 2209 576 2248 nec
603 2203 728 2248 ante
750 2194 1075 2263 baptismum
1100 2208 1260 2262 quem
1290 2193 1558 2258 exhibuit,
1584 2191 1726 2247 ullus

149 2297 445 2341 sanctorum
475 2299 700 2356 regnum
740 2284 1002 2338 caelorum
1033 2284 1311 2354 percepit,
1353 2285 1630 2353 quoniam,
1654 2286 1728 2339 si-

149 2388 224 2433 cut
249 2376 510 2432 Salvator
531 2377 646 2431 ait:
674 2375 796 2430 Nisi
829 2375 944 2446 quis
985 2385 1197 2430 renatus
1227 2376 1383 2444 fuerit
1413 2393 1478 2430 ea:
1514 2394 1650 2448 aqua
1678 2387 1727 2431 et

151 2466 350 2538 Spiritu,
384 2485 492 2523 non
523 2477 690 2538 potest
711 2468 931 2521 introire
958 2467 1012 2520 in
1036 2483 1248 2537 regnum
1270 2467 1513 2520 caelorum
1543 2466 1724 2539 (Joan.

150 2579 220 2626 Ill,
241 2563 291 2633 5)
317 2581 329 2616 :
364 2562 520 2616 unde
542 2552 745 2629 liquido
774 2569 1005 2624 constat,
1022 2558 1166 2628 quod
1185 2573 1252 2614 ex
1276 2574 1342 2614 eo
1370 2573 1592 2628 regnum
1621 2573 1734 2612 cm-

151 2652 300 2706 lomm
332 2652 667 2706 violentiam
696 2665 913 2720 passum
937 2657 1042 2716 est,
1068 2664 1135 2703 ex
1159 2665 1266 2718 quo
1299 2649 1647 2706 credentibus
1676 2648 1730 2702 in

149 2757 214 2808 se,
226 2743 481 2805 Christus
486 2739 711 2808 januam
727 2739 958 2811 paradisi
974 2737 1244 2812 patefecit.
1261 2737 1366 2793 Sed
1381 2737 1732 2808 qumrendum

150 2833 258 2902 quid
270 2842 352 2887 est
375 2831 532 2902 quod
559 2831 730 2885 dicit:
759 2827 932 2900 Usque
959 2830 1138 2890 nunc?
1164 2828 1317 2883 Nunc
1330 2837 1510 2884 autem
1532 2828 1733 2885 scimus

149 2923 258 2992 quia
279 2920 610 2977 adverbium
651 2919 932 2990 praesentis
971 2918 1229 2990 temporis
1283 2928 1386 2973 est.
1419 2919 1574 2986 Quod
1605 2920 1652 2975 si
1701 2934 1733 2974 a

152 3013 318 3070 diebus
360 3012 600 3069 Joannis
631 3026 854 3083 regnum
896 3011 990 3066 Dei
1035 3024 1207 3081 usque
1247 3011 1314 3065 ad
1361 3010 1490 3066 illud
1521 3021 1733 3082 tempus

151 3106 274 3163 hanc
297 3107 624 3163 violentiam
656 3121 874 3176 passum
902 3116 984 3160 est
1007 3106 1224 3176 quando
1245 3106 1493 3162 Christus
1521 3106 1732 3164 hasclo-

1829 1919 2082 1988 diripiunt
2130 1915 2262 1971 illud
2289 1914 2505 1972 (Matth.
2554 1930 2632 1978 xt,
2665 1914 2772 1981 ll).
2802 1912 2958 1978 Quia,
2993 1920 3051 1964 ut
3072 1911 3290 1979 quidam
3314 1908 3413 1971 ait,

1828 2011 1997 2083 gloria
2028 2009 2189 2064 Israel
2235 2008 2478 2078 patribus
2504 2006 2683 2060 debita
2708 2047 2720 2069 ,
2759 2021 2787 2057 a
2821 2003 3096 2074 prophetis
3140 1999 3409 2063 nuntiata,

1829 2117 1860 2156 a
1886 2101 2104 2156 Christo
2137 2100 2338 2165 oblata,
2368 2098 2472 2151 lide
2493 2097 2732 2172 gentium
2776 2100 3075 2162 occupatur
3103 2100 3159 2144 et
3188 2089 3412 2159 rapitur.

1904 2192 2122 2257 Omnes,
2148 2191 2339 2262 inquit,
2367 2189 2629 2259 prophetae
2675 2196 2724 2241 et
2749 2186 2832 2239 lex
2861 2200 3022 2254 usque
3061 2182 3128 2235 ad
3157 2180 3414 2235 Joannem

1829 2281 2295 2352 prophetaverunt,
2344 2279 2487 2348 quod
2532 2293 2634 2330 non
2654 2277 2876 2329 surrexit
2923 2274 3096 2343 major
3139 2272 3274 2325 inter
3317 2287 3416 2324 na-

1831 2381 1910 2425 tos
1955 2371 2255 2424 mulierum.
2301 2369 2506 2423 Idcirco
2533 2368 2654 2437 jure
2705 2367 2860 2420 limes
2889 2376 2974 2419 est
3030 2365 3142 2435 ipse
3193 2363 3324 2432 legis
3362 2368 3418 2415 et

1831 2462 2146 2532 prophetiae,
2189 2475 2256 2514 ex
2285 2475 2393 2530 quo
2421 2458 2583 2513 etiam
2614 2457 2766 2526 quasi
2795 2456 3015 2525 proprio
3053 2450 3221 2508 utitur
3247 2451 3418 2523 privi-

1833 2549 1991 2621 legio.
2019 2550 2085 2604 Et
2113 2549 2403 2602 notandum
2428 2547 2569 2616 quod
2593 2546 2669 2599 ait
2698 2563 2711 2598 :
2745 2544 2937 2600 Omnes
2969 2543 3250 2612 prophetia.
3271 2537 3419 2593 Nun-

1834 2641 1960 2714 quid
2007 2652 2063 2695 et
2099 2655 2194 2696 eos
2245 2639 2348 2694 hoc
2377 2639 2544 2693 verbo
2575 2635 2952 2705 complectitur
3001 2633 3092 2703 qui
3149 2639 3272 2702 post
3323 2632 3419 2685 ad-

1833 2741 2053 2786 ventum
2103 2729 2322 2784 fuerunt
2359 2727 2603 2783 Christi?
2659 2725 2765 2781 Sed
2801 2724 3020 2795 proprie
3075 2723 3140 2778 de
3192 2723 3423 2792 prophe-

1835 2823 2074 2879 tantibus
2141 2821 2344 2877 Christi
2397 2820 2690 2875 adventum
2731 2817 2893 2883 dicit;
2943 2831 3254 2886 quanquam
3279 2824 3336 2870 et
3363 2813 3422 2869 hl

1835 2914 1926 2992 qui
1953 2922 2074 2984 post
2129 2912 2280 2967 luere
2326 2927 2431 2966 non
2473 2910 2574 2965 nisi
2603 2923 2771 2979 usque
2819 2906 2886 2962 ad
2933 2905 3206 2962 Christum
3251 2914 3307 2960 et
3353 2905 3423 2959 de

1835 3005 2050 3062 Christo
2085 3005 2563 3077 prophetaverunt.
2606 3000 2764 3071 Legis
2805 3010 2984 3053 autem
3014 3013 3179 3052 unutn
3210 3005 3294 3051 est
3325 3009 3424 3050 no-

1838 3111 1984 3162 men,
2013 3096 2106 3150 sed
2139 3094 2465 3165 tripartitam
2493 3092 2655 3146 habet
2684 3089 3125 3159 intelligentiam;
3157 3087 3284 3156 quia
3314 3085 3426 3156 pri-

153 3202 423 3270 quebatur,
485 3209 545 3254 et
591 3215 697 3255 non
727 3198 951 3253 ulterius
971 3239 986 3264 ,
1030 3213 1160 3263 ergo
1209 3214 1399 3254 omnes
1438 3199 1669 3254 exclusit
1709 3213 1740 3257 a
1768 3191 1815 3254 C
1845 3206 1930 3245 ma
1959 3206 2083 3261 pars
2106 3189 2239 3258 legis
2262 3196 2345 3243 εει
2373 3188 2440 3242 de
2459 3187 2591 3251 Deo,
2633 3185 2867 3240 secunda
2895 3198 3023 3238 vero
3045 3197 3170 3252 pars
3199 3179 3316 3248 ejus
3342 3185 3429 3234 est

153 3306 300 3362 regno
318 3292 417 3346 Dei
441 3291 539 3360 qui
570 3299 696 3344 ante
717 3289 801 3344 vel
825 3298 947 3358 post
974 3290 1026 3343 iu
1059 3288 1336 3344 Christum
1367 3290 1731 3346 crediderunt.

151 3383 252 3439 Nisi
280 3384 424 3440 forte
447 3385 632 3454 aliqua
669 3383 1012 3454 intelligenda
1037 3391 1119 3437 est
1154 3381 1436 3447 violentia,
1468 3397 1589 3452 quae
1607 3391 1735 3438 tunc

153 3477 406 3544 temporis
430 3475 620 3543 viguit,
681 3489 782 3528 nec
819 3483 998 3528 tamen
1040 3473 1148 3527 alio
1196 3474 1252 3528 in
1317 3481 1580 3542 tempore,
1612 3487 1734 3527 cum

148 3568 272 3621 hac
293 3566 570 3630 violentia,
601 3565 743 3641 nulla
786 3566 888 3621 nisi
934 3566 1068 3621 lides
1098 3566 1152 3621 in
1201 3563 1441 3629 Christo,
1471 3563 1604 3631 Qua:
1646 3579 1738 3634 per

151 3657 487 3710 dilectionem
517 3667 752 3724 operatur
786 3654 931 3728 (Gal.
978 3673 1031 3721 v,
1086 3656 1164 3723 6),
1195 3655 1298 3710 alia
1348 3655 1468 3709 l'uit.
1528 3654 1736 3710 Idcirco

149 3750 293 3818 quod
321 3746 459 3801 dicit
491 3744 776 3800 Salvator:
813 3745 988 3817 Usque
1030 3763 1187 3810 nunc,
1237 3746 1422 3815 utique
1469 3759 1640 3814 usque
1670 3745 1736 3800 ad

153 3840 356 3895 seillud
392 3848 606 3908 tempus
654 3838 882 3908 intelligi
913 3837 1098 3900 voluit,
1142 3837 1269 3907 quia
1319 3835 1435 3906 ipse
1499 3850 1735 3905 semper,

152 3931 285 3992 beri,
317 3940 369 3986 et
393 3930 580 3994 hodie,
636 3929 688 3984 id
736 3937 820 3984 est
858 3935 914 3983 et
945 3943 1090 3982 nunc
1128 3928 1254 3981 dum
1298 3941 1536 3996 praesens
1571 3940 1740 3980 saecu-

150 4017 259 4075 lum
296 4022 493 4086 cnrrit,
519 4030 575 4074 et
608 4019 730 4074 ideo
773 4033 872 4074 nec
912 4027 1034 4072 ante
1066 4018 1238 4088 ipsum
1292 4032 1453 4086 quem
1501 4013 1738 4070 Joannes

148 4112 462 4180 praedicavit
517 4121 574 4166 et
603 4110 840 4166 ostendit
867 4109 1054 4179 digito,
1099 4122 1202 4161 nec
1245 4115 1366 4177 post
1410 4106 1609 4174 ipsum,
1643 4105 1738 4174 qui

150 4218 352 4274 semper
433 4205 487 4257 in
562 4213 804 4273 tempore
873 4185 1111 4272 praesens
1171 4208 1255 4255 est
1319 4199 1518 4269 ubique
1596 4198 1738 4254 idem

147 4309 359 4363 regnum
429 4293 696 4349 ccelorum
751 4293 842 4349 ulli
898 4293 1156 4364 aperitur.
1214 4290 1423 4346 Interea
1480 4289 1738 4344 violentia

147 4386 306 4454 qualis
350 4394 682 4466 quantaque
748 4386 838 4447 sit,
891 4399 995 4454 qua
1043 4382 1264 4438 violenti
1323 4397 1545 4452 regnum
1575 4379 1734 4450 521

144 4477 406 4532 (telorum
472 4476 754 4545 diripiunt,
805 4473 928 4541 jure
993 4473 1292 4542 qumritur,
1342 4472 1469 4540 quia
1519 4471 1739 4526 omnino

1838 3282 1893 3340 in
1928 3281 2210 3352 przeceptis
2261 3278 2420 3350 522
2459 3276 2680 3349 agenda:
2730 3276 2893 3330 vitm:
2926 3273 3120 3328 deinde
3170 3272 3328 3327 tertia
3371 3272 3424 3325 in

1838 3371 2135 3428 neomeniis
2168 3379 2224 3425 et
2253 3371 2499 3434 sabbato,
2531 3370 2584 3422 in
2621 3366 2763 3422 escis
2791 3365 2957 3419 variis
2981 3374 3036 3418 et
3057 3362 3431 3419 circumcisio-

1836 3475 1926 3526 ne,
1945 3475 2045 3514 nec
2069 3474 2173 3513 non
2195 3467 2252 3513 et
2280 3459 2334 3512 in
2361 3457 2528 3512 variis
2552 3454 2857 3511 sacriﬁciis.
2873 3453 3045 3520 Quam
3063 3467 3194 3507 sane
3214 3459 3427 3522 partem

1839 3551 1971 3606 dicit
1986 3565 2084 3619 pro
2102 3555 2212 3602 toto
2229 3563 2397 3617 usque
2414 3547 2481 3601 ad
2493 3544 2755 3600 Joannem
2770 3543 3122 3614 prophetasse
3139 3557 3153 3605 ;
3172 3540 3426 3610 quoniam

1839 3640 2101 3711 quidquid
2131 3639 2183 3694 in
2213 3637 2415 3694 eisdem
2464 3645 2549 3691 est
2595 3633 2881 3705 prmceptis
2925 3642 2980 3686 et
3031 3628 3431 3702 aenigmatibus,

1839 3747 1945 3787 non
1976 3730 2078 3784 nisi
2114 3729 2416 3783 futurorum
2453 3725 2733 3796 prophetia
2765 3731 2866 3777 est.
2901 3720 3128 3791 Reliqua
3159 3731 3288 3774 vero
3311 3731 3430 3772 om-

1839 3823 1929 3890 nia
1954 3820 2088 3892 legis
2117 3819 2269 3874 venit
2293 3817 2544 3872 Christus
2572 3831 2681 3870 non
2713 3813 2941 3877 solvere,
2968 3811 3061 3867 sed
3111 3808 3430 3878 adimplere.

1840 3911 2135 3981 Implentur
2186 3917 2366 3963 autem
2393 3907 2481 3962 illa
2513 3922 2632 3976 quae
2657 3903 2954 3973 semiplena
2981 3909 3142 3967 sunt,
3174 3909 3236 3955 ut
3290 3899 3433 3955 Deus

1841 4001 2076 4058 Trinitas
2101 4016 2168 4056 ex
2197 4000 2314 4070 lege
2354 3997 2715 4068 intelligatur;
2763 4003 3031 4066 praecepta
3060 4009 3188 4048 vero
3210 3991 3432 4064 agenda:

1841 4095 1986 4161 vitae,
2019 4102 2077 4148 ut
2106 4092 2337 4163 amplius
2366 4090 2762 4160 compleantur,
2792 4088 2932 4142 sicut
2970 4095 3074 4150 est,
3099 4101 3205 4140 non
3237 4085 3438 4139 irasce-

1841 4186 1940 4251 ris,
1967 4195 2070 4240 etc.
2102 4181 2492 4252 hujuscemodi.
2528 4179 2730 4235 Ultima
2761 4193 2890 4233 vero
2912 4192 3038 4246 pars
3066 4173 3434 4245 signiﬁcanda:

1842 4278 1966 4332 vita:
2012 4285 2140 4331 tunc
2175 4274 2395 4345 impleta
2439 4281 2545 4339 est,
2589 4287 2713 4327 cum
2741 4270 2990 4326 Christus
3037 4268 3126 4338 qui
3176 4282 3273 4337 per
3317 4280 3439 4321 eam

1845 4369 2029 4442 ﬁguris
2054 4378 2109 4424 et
2137 4365 2515 4437 aanigmatibus
2542 4363 2902 4434 repromissus
2933 4369 3038 4425 est,
3069 4358 3178 4426 iam
3221 4357 3439 4413 venisse

1846 4463 1898 4517 in
1937 4477 2120 4524 carne,
2155 4475 2251 4530 per
2275 4474 2394 4514 eam
2427 4457 2624 4526 ubique
2667 4453 3046 4526 praellguratus
3076 4457 3433 4505 monstratur.

149 4581 332 4636 magna
425 4576 480 4620 et
539 4542 799 4619 mirabilis
852 4573 954 4621 est.
1019 4562 1153 4617 Mira
1209 4561 1473 4631 siquidem
1532 4562 1612 4614 vis
1663 4571 1746 4614 est
1778 4561 1822 4620 D
1853 4555 1916 4609 Et
1947 4557 2236 4608 notandam
2267 4553 2390 4621 quia
2419 4550 2501 4605 lex
2537 4548 2817 4620 prophetia
2861 4555 2976 4611 est;
3016 4544 3270 4614 quoniam
3301 4542 3441 4597 sicut

147 4671 199 4715 ut
264 4671 544 4734 peccator
599 4661 780 4725 homo,
836 4672 1059 4728 regnum
1108 4669 1464 4726 supernorum
1529 4653 1747 4717 civium,

149 4761 281 4825 quod
309 4774 437 4814 non
469 4757 660 4810 habuit
698 4770 794 4824 per
822 4763 1091 4814 naturam,
1125 4749 1454 4818 adipiscatur
1500 4762 1595 4816 per
1625 4762 1749 4815 gra-

148 4857 304 4920 tiam;
340 4865 410 4910 et
444 4853 610 4906 homo
634 4861 881 4904 terrenus
905 4848 970 4902 de
998 4846 1128 4899 limo
1151 4853 1306 4899 terrae
1330 4842 1594 4896 formatus
1623 4855 1751 4894 con-

145 4957 410 5016 sequatur
463 4952 725 4998 aeternam
776 4950 832 4996 et
885 4939 1183 5009 angelicam
1227 4936 1415 4991 vitam.
1460 4934 1596 5004 Quid
1625 4947 1752 5002 ergo

142 5039 448 5092 violentius
483 5049 610 5089 esse
657 5038 837 5101 potest
871 5044 1035 5100 quam
1083 5026 1277 5082 emtum
1324 5023 1607 5094 acquirere
1658 5035 1754 5092 per

142 5131 434 5191 virtutem,
496 5124 642 5198 quod
682 5137 953 5193 nunquam
1008 5119 1278 5176 tenuimus
1315 5132 1412 5188 per
1462 5113 1751 5170 naturam?

143 5218 269 5276 Nam
303 5230 370 5276 ut
399 5232 596 5273 rerum
639 5214 809 5286 exigit
840 5220 1029 5268 natura
1074 5211 1251 5278 potior
1277 5222 1490 5277 semper
1533 5205 1641 5260 vim
1673 5205 1754 5262 in-

144 5311 258 5376 lert,
294 5322 354 5367 et
387 5310 579 5367 rninor
603 5315 715 5370 est,
745 5305 832 5361 cui
866 5304 947 5358 vis
978 5302 1226 5356 infertur.
1263 5298 1400 5353 Hinc
1444 5312 1657 5368 quoque
1686 5295 1752 5350 ab

141 5407 371 5462 exordio
422 5401 698 5456 sermonis
721 5398 920 5454 Christi
946 5393 1279 5450 construitur
1309 5391 1430 5445 lidei
1462 5404 1669 5451 murus,
1700 5394 1756 5444 et.

143 5494 566 5568 propugnacula
605 5503 1000 5562 praeparantur,
1051 5486 1247 5554 quibus
1297 5482 1472 5538 omnis
1503 5478 1755 5535 violentia

141 5592 262 5644 ﬁdei
309 5596 597 5650 armatur,
628 5595 684 5638 ut
719 5583 952 5652 diripere
987 5579 1174 5648 possit,
1209 5574 1375 5646 gratis
1421 5573 1563 5644 quod
1593 5571 1753 5623 ollcr-

142 5693 248 5733 tur.
275 5681 566 5735 Caeterum
597 5674 838 5745 apostolo
863 5672 1168 5726 Judzrurum
1205 5664 1395 5721 Joanui
1445 5679 1547 5717 non
1579 5661 1756 5716 credi-

141 5785 244 5830 tur.
284 5774 696 5830 Auctoritatcm
730 5769 928 5824 Christi
954 5781 1114 5834 opera
1142 5779 1244 5816 non
1285 5765 1577 5815 umt‘cnlur.
1612 5755 1755 5809 Crux

1856 4645 2051 4700 Paulus
2092 4645 2168 4698 ait
2211 4643 2277 4697 ad
2308 4641 2564 4696 liebrteos
2599 4657 2612 4692 :
2644 4636 2942 4706 Multifarie
2967 4635 3242 4705 multisque
3273 4632 3440 4686 modis

1855 4739 1978 4793 olim
2004 4737 2143 4793 Deus
2170 4735 2404 4808 patribus
2435 4736 2488 4787 in
2536 4733 2800 4804 prophetis
2849 4730 3052 4783 locutus
3083 4736 3156 4781 est
3181 4724 3365 4796 (Hebr.
3401 4739 3439 4784 ι,

1857 4833 1931 4901 l).
1957 4831 2128 4885 Aliter
2179 4839 2375 4883 tamen.
2403 4827 2589 4890 rebus,
2620 4823 2778 4877 alites
2807 4821 3002 4876 verbis.
3058 4817 3163 4873 Sed
3195 4815 3356 4870 rebus
3388 4823 3446 4867 et

1857 4923 2041 4976 verbis
2070 4937 2174 4974 una
2220 4918 2419 4973 dicitur
2448 4917 2588 4970 facta
2618 4914 2920 4968 futurorum
2964 4923 3134 4978 usque
3178 4907 3244 4960 ad
3280 4903 3441 4958 Joan-

1861 5029 1983 5070 nem
2010 5012 2310 5083 prophetia.

1932 5106 2084 5172 Quod
2110 5106 2153 5158 si
2175 5103 2354 5167 vultis,
2384 5100 2577 5170 inquit,
2600 5099 2754 5161 scire,
2781 5095 3014 5150 Joannes
3037 5093 3144 5160 ipse
3167 5097 3245 5144 est
3267 5085 3438 5142 Elias.

1860 5199 2004 5266 Quas.
2030 5195 2281 5250 nimirum
2311 5191 2577 5247 sententia
2610 5187 2713 5244 nisi
2745 5195 2888 5241 esset
2918 5183 3102 5239 multis
3131 5188 3442 5235 sanctorum

1862 5291 2083 5345 Patrum
2133 5287 2244 5358 jam
2308 5279 2792 5339 declamationibus
2856 5281 3104 5331 serenata
3171 5269 3444 5324 videretur

1861 5383 2015 5436 valde
2040 5380 2293 5443 obscura,
2337 5376 2390 5431 in
2423 5383 2630 5428 tantum
2653 5379 2713 5425 ut
2743 5367 2960 5438 quidam
3003 5379 3108 5419 non
3138 5361 3313 5416 minus
3339 5359 3445 5412 ha:-

1860 5463 2152 5528 reticOrum
2200 5483 2361 5539 quam
2407 5463 2845 5536 pbilosophormn
2876 5456 3142 5512 voluerint
3175 5466 3441 5514 asserere,

1859 5563 2069 5617 animas
2097 5561 2292 5615 iterum
2323 5557 2390 5611 ad
2439 5569 2665 5623 corpora
2695 5549 2892 5612 redire,
2921 5557 2975 5602 et
3005 5562 3102 5616 per
3129 5545 3338 5599 diversa
3386 5558 3444 5595 se.

1863 5655 2092 5710 invicem
2168 5649 2412 5707 comitari
2487 5645 2704 5701 debere.
2786 5639 2937 5708 Quod
2991 5654 3119 5694 sane
3181 5634 3444 5691 catholica

1866 5749 1996 5802 lidcs
2055 5763 2160 5801 non
2239 5741 2443 5811 recipit.
2513 5737 2802 5806 l’r0pterca
2892 5749 2996 5787 non
3073 5731 3122 5783 in
3217 5739 3444 5795 persona
