4004 6362
623 258 733 312 μᾰ

1423 253 1478 308 S.
1523 253 1879 311 P.-\SCH.\Sll
1920 255 2271 317 RADRERTI
2308 259 2603 317 ABBATIS
2642 260 3090 317 CORBEIENSZS
3730 277 3808 334 tu

623 368 844 425 Joannis
896 366 1038 421 idem
1095 367 1185 435 qui
1235 365 1378 420 Elias
1407 407 1421 430 ,
1472 367 1563 421 sed
1638 365 1689 419 in
1734 366 1937 435 Spiritu
1983 377 2037 421 et
2079 384 2203 438 gra-
2236 376 2278 433 Λ
2307 382 2528 442 pr0pter
2567 372 2819 427 duritiam
2863 373 3042 428 cordis
3090 373 3332 438 videtur,
3381 384 3533 433 totum
3566 383 3623 435 ad
3649 384 3813 447 ludam

625 460 697 514 tia
742 473 908 513 unum
948 465 1073 512 sunt
1110 456 1275 547 aliam
1313 465 1367 510 et
1407 456 1460 511 in
1504 458 1773 526 pra-conio
1810 457 2067 511 veritatis.
2103 456 2201 511 Se-

623 548 807 619 quitur
830 565 843 601 :

696 640 800 707 Qui
836 640 987 693 liabet
1028 655 1181 692 aures
1233 636 1482 691 audiendi
1524 637 1729 689 audiat.
1765 635 1935 703 Quam
1964 636 2204 706 profectu

622 732 947 787 sententiam
1001 728 1307 798 ubicunque
1364 724 1599 796 Spiritus
1651 736 1868 781 sanctus
1922 727 2201 796 proponit,

620 825 905 896 mysticam
950 831 1132 878 monet
1178 822 1453 890 requirere
1500 820 1940 891 intelligentiam,
1982 830 2089 876 tam
2151 823 2203 877 in

619 915 910 986 Evangelia
962 930 1122 984 quam
1167 914 1220 968 in
1269 913 1587 984 Apocalypsi
1625 912 1866 969 Joannis.
1920 914 2205 985 Spiritalcs

618 1007 883 1077 siquidem
907 992 1067 1060 aures
1092 1004 1343 1075 requirit,
1368 1002 1494 1058 dum
1526 1004 1656 1059 dicit
1686 1022 1699 1059 :
1731 1003 1833 1071 Qui
1864 1005 2015 1060 habet
2050 1024 2202 1062 aures

617 1097 868 1152 audiendi
900 1096 1082 1150 audiat
1125 1096 1309 1167 (Apoc.
1345 1111 1407 1161 η,
1431 1096 1539 1167 l7).
1563 1095 1695 1163 Quis
1721 1096 1883 1168 igitur
1904 1106 2011 1151 tam
2038 1098 2205 1168 impe-

619 1188 757 1242 ritus
787 1187 953 1243 idiota
991 1196 1045 1241 et
1069 1184 1336 1251 indoctus,
1384 1186 1474 1255 qui
1526 1185 1730 1240 nesciat
1768 1186 2038 1241 hominem
2066 1187 2203 1243 intc-

619 1278 818 1333 riorem
846 1293 967 1333 esse
995 1285 1051 1334 et
1086 1277 1432 1342 exteriorem,
1465 1277 1557 1346 qui
1585 1277 1792 1332 nesciat
1837 1278 2076 1335 animum
2116 1281 2200 1334 in-

620 1377 707 1423 tus
749 1368 950 1425 habere
985 1382 1147 1423 aures
1176 1365 1396 1422 cordis?
1433 1364 1564 1420 Nam
1614 1382 1716 1421 vox
1747 1368 1985 1422 exterior
2013 1384 2201 1423 aurem

615 1458 797 1529 pulsat
825 1457 1088 1528 corporis,
1124 1472 1246 1512 cum
1278 1455 1449 1526 tangit
1474 1465 1531 1511 et
1550 1455 1804 1510 verberat
1828 1470 2010 1510 aerem
2034 1456 2201 1526 ﬁtque

619 1564 746 1614 vox,
774 1558 830 1602 et
852 1546 1026 1602 inﬂuit
1046 1547 1326 1619 tangitque
1355 1562 1536 1611 aures,
1566 1557 1627 1602 ut
1647 1556 1926 1603 moveatur
1953 1549 2196 1605 auditus:

616 1642 802 1709 sicque
828 1638 1137 1710 proferente
1170 1637 1375 1710 Spiritu
1422 1648 1612 1695 sancto
1655 1654 1776 1709 qua:
1823 1641 2004 1695 divina
2052 1650 2195 1705 sunt,

2306 471 2359 517 et
2408 463 2475 518 ad
2524 462 2794 519 Christum
2854 465 2919 518 ad
2963 466 3270 535 prophetas
3333 477 3382 521 et
3428 473 3693 539 apostolos,
3742 484 3809 548 qui

2305 554 2456 622 pueri
2509 561 2799 620 vocantur,
2848 564 3067 626 propter
3120 556 3496 621 iniimenliam.
3536 561 3812 622 referendum

2307 651 2408 697 est.
2438 642 2700 710 Quoniam
2727 644 2879 714 pueri
2906 645 2993 699 isti
3030 645 3120 715 qui
3143 646 3333 701 sedent
3360 647 3409 702 in
3440 649 3560 715 foro,
3587 651 3618 704 ii
3643 663 3743 707 sunt
3760 657 3809 710 de

2305 735 2501 803 quibus
2534 733 2698 790 Isaias
2726 735 2963 806 loquitur
2986 751 3049 792 ex
3077 752 3304 807 persona
3331 737 3515 794 Christi
3545 759 3557 794 :
3585 740 3698 796 Ecce
3720 762 3808 815 ego,

2308 824 2513 895 inquit,
2543 834 2592 879 et
2634 826 2783 895 pueri
2818 826 2940 892 mei,
2994 844 3121 898 quos
3159 828 3285 881 milii
3337 829 3472 882 dedit
3521 828 3665 904 52‘,
3703 832 3808 888 Dm

2308 915 2442 988 (Isa.
2466 916 2673 983 vnn-18
2689 936 2702 982 ,
2720 916 2894 976 Hebr.
2921 933 2982 983 ιι,
3007 917 3117 989 15).
3141 917 3206 971 Ει
3223 918 3273 972 in
3295 918 3511 974 Psalmis
3535 937 3548 973 :
3571 918 3645 974 Ex
3660 937 3731 975 ore
3749 924 3811 976 in-

2308 1005 2532 1075 fantium
2558 1017 2606 1061 et
2626 1005 2933 1060 laetantium
2959 1005 3220 1077 ρει-[θείειὶ
3245 1006 3447 1063 laudem
3467 1006 3622 1080 (Psal.
3642 1012 3807 1081 vm,5).

2308 1094 2415 1152 Sed
2439 1105 2491 1150 et
2522 1096 2650 1151 illud
2680 1113 2693 1149 :
2721 1095 3093 1150 Testimonium
3133 1097 3342 1152 Domini
3381 1098 3526 1167 ﬁdele
3559 1100 3811 1169 sapientiam

2304 1195 2560 1257 prastans
2579 1186 2807 1257 parvulis
2825 1185 2995 1258 (Psal.
3011 1202 3166 1253 xvm,
3183 1188 3256 1259 8).
3276 1187 3365 1243 Isti
3382 1204 3507 1260 ergo
3524 1198 3637 1243 sunt
3653 1191 3813 1259 parvuli

2305 1291 2399 1332 seu
2427 1276 2616 1347 pueri,
2649 1278 2700 1331 in
2735 1276 2850 1333 foro
2884 1276 3133 1333 sedentes
3158 1278 3248 1349 qui
3273 1278 3473 1333 venalia
3496 1278 3634 1334 lucra
3656 1278 3813 1334 Christi

2305 1374 2578 1423 exercent.
2624 1366 2724 1435 Qui
2770 1368 3090 1438 margaritas
3118 1369 3171 1423 in
3220 1367 3338 1423 foro
3380 1367 3555 1423 ferunt
3589 1378 3640 1424 et
3660 1368 3816 1439 lapides

2304 1458 2603 1529 pretiosos,
2631 1460 2722 1530 qui
2769 1476 2958 1514 aurum
2990 1468 3044 1515 et
3091 1469 3372 1531 argentum
3402 1460 3706 1530 eloquiorum
3731 1461 3816 1526 Dei,

2305 1551 2493 1609 venale
2542 1560 2873 1624 proponunt.
2932 1552 3173 1620 Denique
3216 1551 3301 1608 lac
3347 1561 3402 1609 et
3452 1553 3655 1618 vinum,
3694 1554 3817 1607 etiam

2305 1642 2423 1700 sine
2468 1654 2712 1716 argento,
2758 1653 2811 1699 et
2860 1644 2977 1700 sine
3022 1645 3132 1700 ullo
3173 1645 3350 1716 pretio
3388 1644 3661 1716 juvenibus
3696 1645 3819 1714 gratis

615 1746 772 1786 mens
816 1739 999 1786 nostra
1025 1730 1170 1784 intus
1191 1728 1351 1784 simul
1389 1729 1537 1783 audit
1574 1739 1629 1785 et
1654 1729 1818 1785 videt.
1850 1728 2015 1799 Cujus
2042 1730 2202 1786 nimi-
2230 1728 2279 1789 Β
2302 1734 2555 1792 oﬂ‘erunt.
2599 1736 2731 1793 Nam
2770 1737 2858 1791 ubi
2910 1736 3099 1800 Latine
3141 1737 3340 1792 dicitur
3385 1738 3439 1791 in
3491 1735 3820 1806 foro,Crzcus

615 1838 734 1877 rum
765 1821 967 1886 videre,
1019 1819 1372 1892 intelligentia
1414 1830 1527 1886 cst;
1582 1829 1637 1876 et
1685 1820 1983 1894 intelligere
2032 1831 2193 1887 recte,

614 1929 805 1969 sensus
826 1923 910 1969 est
932 1923 1361 1969 consummatus.
1391 1914 1456 1969 Et
1478 1915 1619 1970 sicut
1639 1915 1877 1970 exterior
1897 1931 1997 1970 vox
2025 1917 2199 1971 homi-

615 2019 739 2059 nem
782 2014 1062 2074 permovet
1095 2004 1161 2059 ad
1191 2004 1431 2059 auditum
1459 2024 1471 2059 :
1506 2005 1579 2060 ita
1619 2006 1797 2061 divina
1829 2006 2055 2063 interius
2083 2007 2199 2061 ani-

614 2110 760 2149 mam
798 2095 958 2150 docet
995 2103 1050 2149 et
1079 2095 1256 2150 erudit
1282 2094 1441 2167 523
1468 2112 1591 2152 cum
1646 2096 1759 2153 suis
1800 2098 1911 2169 ipsa
1958 2114 2078 2170 qua:
2104 2097 2198 2153 Dei

614 2194 761 2250 sunt,
801 2185 1027 2257 percipit
1059 2185 1301 2241 auribus.
1341 2185 1446 2240 Sed
1491 2187 1616 2257 quia
1659 2187 1767 2242 rari
1799 2196 1926 2242 sunt
1960 2186 2051 2257 qui
2100 2186 2199 2241 has

612 2276 758 2331 intus
783 2276 1018 2331 habeant
1059 2291 1240 2342 aures,
1271 2277 1473 2333 ideirco
1499 2278 1784 2350 vigilanter
1808 2278 2034 2348 requirit
2057 2279 2200 2335 inter

590 2369 928 2441 innumeros
954 2384 969 2422 :
997 2367 1066 2422 Ut
1087 2369 1177 2439 qui
1202 2368 1349 2423 habet
1386 2387 1537 2425 aures
1554 2370 1803 2425 audiendi
1828 2371 2031 2425 audiat.
2053 2370 2198 2441 Quas

609 2476 769 2516 nemo
799 2461 999 2516 habere
1023 2460 1241 2531 poterit,
1290 2461 1393 2515 nisi
1432 2461 1517 2516 eui
1564 2462 1747 2516 datum
1798 2470 1881 2521 est
1905 2477 1999 2518 eas
2020 2462 2198 2517 utha-

608 2551 751 2605 beat.
782 2549 889 2608 Sed
934 2552 1056 2608 talis
1083 2551 1262 2607 videat
1305 2553 1469 2607 etiam
1497 2569 1567 2608 ne
1596 2553 1648 2607 in
1696 2569 1920 2609 vacuum
1967 2553 2196 2624 gratiam

607 2642 703 2700 Dei
735 2644 1041 2715 percepisse
1075 2644 1339 2708 videatur,
1370 2644 1509 2700 sicut
1534 2645 1587 2699 bi
1617 2643 1881 2707 fecerunt,
1907 2644 1972 2701 de
2001 2643 2197 2714 quibus

608 2733 856 2788 subditur
879 2752 892 2787 :

679 2822 779 2877 Cui
817 2833 991 2877 autem
1028 2822 1330 2878 assimilabo
1362 2826 1742 2894 generationem
1774 2826 1970 2880 istam?
1995 2824 2202 2885 Similis.

606 2924 702 2980 est,
750 2913 945 2985 inquit,
975 2915 1149 2984 pueris
1180 2916 1475 2970 sedentibus
1509 2918 1563 2970 in
1611 2916 1751 2985 foro,
1781 2917 1872 2987 qui
1910 2916 2197 2972 clamantes

605 3003 956 3075 corrqttalibus
985 3006 1095 3059 suis
1125 3005 1305 3060 dicunt
1329 3019 1347 3057 :
1372 3004 1666 3060 Cecinimus
1708 3006 1847 3061 robis
1872 3017 1919 3060 et
1949 3023 2052 3061 non
2089 3006 2196 3061 sal-

2303 1823 2466 1879 habet
2489 1824 2539 1880 iv
2563 1826 2726 1900 iii-yoqu
2755 1825 2897 1895 quod
2925 1824 3319 1897 significantius
3356 1824 3567 1893 dicitur,
3597 1826 3660 1879 ita
3702 1833 3839 1879 etest.

2303 1913 2452 1969 locus
2480 1914 2568 1968 ubi
2616 1914 2782 1968 multa
2834 1915 3043 1970 venalia
3092 1924 3237 1973 sunt.
3289 1916 3357 1981 Et
3401 1915 3640 1987 quoniam
3685 1913 3821 1983 populi

2300 2001 2628 2066 Judazorum,
2652 2019 2863 2077 semper
2885 2007 3105 2061 auribus
3125 2006 3475 2078 praegravati,
3496 2004 3665 2067 audire
3685 2003 3823 2058 nolue-

2301 2104 2450 2160 runt,
2485 2096 2605 2161 ideo
2637 2112 2743 2151 non
2781 2106 2987 2152 tantum
3019 2097 3180 2153 locuti
3230 2107 3357 2153 sunt
3386 2098 3453 2169 ad
3486 2112 3574 2153 eos
3609 2096 3823 2165 propheta:

2299 2195 2354 2242 et
2369 2186 2619 2257 apostoli,
2636 2201 2819 2241 verum
2837 2186 3001 2241 etiam
3020 2187 3399 2242 exaltaverunt
3413 2202 3475 2241 ac
3491 2187 3533 2240 si
3559 2185 3667 2239 tuba
3684 2198 3821 2237 vocem

2300 2290 2483 2341 suam,
2518 2284 2574 2330 et
2619 2275 2986 2331 clamaveruut
3025 2277 3273 2331 dicentes
3301 2295 3312 2330 :
3342 2273 3622 2331 Cerinimus
3654 2272 3763 2327 vobis
3788 2279 3823 2324 et

2299 2379 2403 2418 non
2426 2364 2658 2419 saltastis
2684 2363 2900 2436 (Matth.
2929 2381 3006 2430 xx,
3037 2363 3149 2434 l7),
3172 2365 3232 2419 id
3254 2374 3338 2419 est
3364 2363 3735 2436 provocavimus
3754 2374 3823 2413 vos

2298 2453 2365 2509 ad
2379 2462 2620 2509 nostrum
2647 2454 2938 2520 canticum,
2963 2463 3018 2510 et
3045 2455 3181 2509 nihil
3200 2471 3373 2525 opere
3399 2468 3638 2509 manuum
3656 2464 3823 2520 respou-

2298 2545 2471 2601 distis.
2511 2546 2926 2602 Prmdicavimus
2947 2546 3230 2602 Christum
3256 2556 3536 2603 venturum
3558 2546 3605 2599 in
3633 2556 3765 2598 carne
3780 2549 3822 2594 et

2296 2654 2404 2694 non
2445 2639 2767 2694 credidistis.
2806 2640 2871 2693 Et
2899 2641 3192 2695 notandum
3229 2641 3373 2712 quod
3402 2640 3573 2695 omnia
3613 2638 3816 2693 virtutum

2295 2729 2713 2799 prsedicamenta
2740 2745 2842 2784 una
2870 2731 3150 2785 harmonia
3180 2742 3295 2798 est,
3326 2740 3382 2786 et
3405 2747 3505 2786 una
3528 2728 3722 2785 melodia
3743 2725 3823 2781 dul

2296 2817 2500 2873 cissimi
2528 2827 2748 2886 cantus;
2782 2836 2880 2875 nec
2912 2835 3018 2875 non
3040 2830 3097 2875 et
3120 2822 3410 2891 prophetia
3437 2821 3498 2875 de
3520 2817 3707 2874 Christo
3731 2814 3820 2869 tuba

2297 2909 2505 2964 salutis.
2557 2908 2862 2965 Lamentati
2916 2927 3102 2966 sumus
3157 2920 3217 2965 et
3275 2926 3372 2967 vos
3424 2911 3489 2965 ad
3519 2905 3820 2980 paenitentiam

2297 3001 2737 3070 provocavimus;
2802 3017 2901 3056 nec
2955 3002 3058 3058 hoc
3113 3001 3342 3072 quidem
3396 2987 3569 3056 facere
3613 2995 3820 3061 voluistis.

606 3095 778 3159 lastis,
816 3093 1234 3159 lamentavimus,
1265 3105 1312 3149 et
1335 3112 1437 3149 non
1470 3094 1768 3165 planxistis.
1795 3096 1870 3152 De
1898 3096 1983 3152 his
2013 3108 2193 3153 autem
2221 3076 2266 3140 Ο
2299 3091 2591 3161 Sprevistis
2625 3092 2805 3162 itaque
2841 3101 3127 3164 utramque
3165 3093 3622 3163 praedicationem.
3643 3098 3730 3143 iam
3750 3085 3822 3158 Pii”

606 3185 821 3240 videtur
846 3186 1049 3252 dicere,
1082 3187 1321 3242 remissis
1347 3185 1413 3240 ad
1435 3185 1694 3243 Joannem
1723 3188 1930 3242 duobus
1958 3186 2195 3258 discipu-

605 3275 693 3341 lis,
718 3275 784 3330 ad
816 3291 951 3346 quos
970 3276 1327 3331 continuatim
1362 3275 1734 3334 dubitantibus
1757 3278 1821 3332 de
1849 3276 1958 3343 illo,
1987 3278 2196 3334 locutus

603 3379 704 3427 est.
734 3370 987 3436 Quinimo
1034 3371 1087 3425 in
1128 3387 1316 3427 eorum
1348 3372 1548 3442 specie,
1589 3387 1748 3427 omne
1787 3387 1957 3442 genus
1983 3371 2194 3428 Judan-

604 3475 725 3516 rum
758 3476 989 3532 quorum
1018 3461 1205 3527 corda,
1250 3461 1414 3517 nimia
1443 3463 1829 3532 premebantur
1855 3462 2191 3531 inﬁdelitate,

603 3551 873 3621 culpatur.
905 3539 1291 3609 Verumtamen
1317 3554 1381 3609 de
1406 3554 1530 3610 ludo
1569 3570 1858 3626 puerorum
1889 3562 1945 3609 et
1989 3555 2194 3611 lamen-

605 3644 833 3700 tantium
903 3646 1329 3713 consuetudine,
1392 3648 1583 3701 miram
1634 3648 1884 3719 egregius
1938 3646 2194 3720 Magister

604 3735 998 3804 proverbialem
1070 3738 1323 3807 proponit
1374 3736 1804 3792 similitudinem.
1868 3737 1963 3791 Est
2011 3747 2192 3793 autem

604 3822 923 3892 quibusdem
970 3824 1023 3877 in
1049 3822 1182 3880 locis
1203 3826 1555 3888 consuetudo,
1586 3835 1646 3880 ut
1684 3826 1855 3890 aiunt,
1886 3826 2020 3881 duos
2048 3827 2194 3882 inter

602 3925 660 3966 se
705 3912 1035 3968 constituere
1079 3914 1338 3974 ordines,
1384 3915 1578 3983 quibus
1624 3913 1861 3968 vicissim
1906 3914 2193 3984 aliquando

601 4001 743 4071 quod
773 4001 958 4055 volunt
986 4001 1226 4068 laudant,
1278 4002 1566 4073 aliquando
1618 4002 1840 4056 threnos
1895 4002 2191 4067 inculcant,

602 4093 714 4149 suis
751 4092 1152 4171 conciamantes
1184 4093 1501 4165 aequalibus.
1531 4092 1686 4148 Unde
1738 4093 2004 4148 Dominus
2050 4094 2192 4148 hanc

602 4183 714 4240 suis
739 4183 1077 4239 auditoribus
1104 4199 1396 4255 congruam
1429 4185 1634 4240 invexit
1668 4184 2027 4254 correptionis
2066 4199 2189 4238 scn-

603 4275 845 4329 tentiam.
878 4273 1014 4342 Quia
1062 4282 1205 4329 totus
1233 4275 1322 4330 hic
1368 4289 1570 4340 sermo,
1621 4271 1954 4328 infidelitatis
1996 4288 2190 4343 oppro-

601 4366 777 4420 brium
831 4374 945 4428 est,
997 4375 1051 4421 et
1100 4366 1165 4421 de
1213 4365 1403 4422 atl'ectu
1459 4365 1754 4436 superioris
1811 4362 2184 4436 querimoniae,

603 4459 881 4514 descendit
906 4475 1064 4529 quam
1104 4460 1328 4529 pulchre
1352 4460 1418 4514 ad
1448 4459 1781 4514 cantantium
1810 4473 1969 4513 voces
1998 4459 2188 4513 modus

601 4558 820 4619 aptatur
863 4551 1216 4618 saltantium,
1270 4562 1324 4607 et
1391 4554 1459 4608 ad
1508 4552 1741 4608 lamenta
1794 4551 2183 4624 plangentium,

593 4640 749 4710 juxta
778 4641 1173 4712 simplicitatem
1202 4660 1412 4699 sensus.
1441 4643 1573 4711 Quia
1603 4652 1658 4699 et
1687 4643 1936 4698 cantibus
1965 4641 2187 4713 plausus

598 4732 853 4786 convenit
878 4731 1096 4797 lzctitite,
1124 4743 1179 4787 et
1223 4733 1495 4800 lamentis,
1526 4734 1771 4804 planctus
1810 4733 2182 4803 compunctio-

597 4823 701 4878 nis.
734 4821 849 4879 Non
882 4825 935 4879 in
965 4825 1230 4889 lamentis,
1259 4837 1315 4880 et
1341 4827 1477 4881 bona
1508 4826 1805 4881 recitantur
1832 4841 2019 4880 eorum
2047 4840 2182 4894 quos

596 4915 876 4986 plangunt,
904 4926 959 4971 et
986 4933 1144 4973 casus
1168 4919 1300 4972 dirae
1324 4917 1673 4981 infelicitatis,
1722 4918 1863 4972 sicut
1889 4915 2177 4971 Jeremiam

597 5004 791 5061 fecisse
818 5007 1046 5078 legimus
1073 5008 1125 5061 in
1152 5009 1646 5065 Lamentationibus
1671 5008 1801 5063 suis.
1830 5008 1896 5062 Et
1921 5009 2181 5078 propheta

598 5094 734 5149 alius
758 5094 1157 5151 lamematrices
1189 5096 1344 5165 jubet
1377 5112 1605 5152 evocare
1634 5098 1699 5151 ad
1730 5098 2024 5166 planctum,
2063 5113 2183 5166 quae

596 5185 828 5255 majores
868 5187 921 5240 in
967 5187 1163 5256 populo
1208 5188 1444 5242 excitent
1500 5186 1675 5241 ﬂetus.
1726 5186 1895 5241 Porro
1923 5185 2066 5254 quod
2115 5186 2181 5240 ad

591 5283 809 5331 cantum
852 5275 1048 5330 saltare
1093 5277 1396 5341 conveniat,
1427 5275 1587 5330 docet
1630 5276 1823 5341 David,
1864 5275 1987 5329 dum
2019 5275 2169 5330 chori

592 5364 719 5418 hinc
760 5364 882 5418 inde
923 5364 1158 5436 psalmos
1202 5366 1480 5429 dicerent,
1538 5371 1593 5419 et
1646 5365 1759 5435 ipse
1814 5372 1940 5418 ante
1988 5378 2168 5419 arcam

591 5452 896 5518 subsiliens,
920 5457 1079 5509 etiam
1111 5454 1283 5509 nudus
1312 5452 1551 5509 saltaret.
1578 5452 1728 5509 Unde
1756 5453 1948 5518 dehis,
1971 5468 2075 5506 non
2104 5453 2171 5508 li-

590 5544 718 5598 bera
744 5543 893 5598 nobis
921 5546 1075 5598 datur
1106 5546 1332 5601 facultas
1362 5545 1747 5614 intelligentiat.
1780 5544 1885 5599 Sed
1910 5544 2170 5615 quidquid

592 5634 788 5689 dicitur
834 5634 896 5688 de
926 5638 1104 5704 pueris
1146 5646 1197 5689 et
1256 5638 1633 5705 generatione,
1684 5652 1842 5704 quam
1887 5638 2172 5705 ulijurgarc

2297 3182 2688 3237 exhortationis
2745 3183 2810 3236 ad
2866 3183 3121 3249 virtutes,
3172 3199 3347 3253 quam
3398 3182 3699 3256 ptenilentiaa
3737 3183 3824 3249 post

2295 3283 2534 3344 peccata.
2561 3273 2699 3342 Quid
2744 3274 2886 3329 enim
2924 3274 3109 3330 durius
3145 3275 3197 3329 in
3251 3287 3481 3346 utroque
3520 3288 3711 3346 genere,
3733 3283 3821 3323 cum

2296 3381 2395 3419 nec
2448 3380 2601 3419 mens
2667 3364 2822 3419 bouis
2888 3374 3213 3435 provocatur
3269 3368 3335 3421 ad
3397 3366 3618 3430 melius,
3663 3356 3821 3417 blandi-

2295 3455 2522 3518 mentis.
2572 3471 2673 3510 nec
2724 3456 3143 3511 comminatione
3199 3472 3528 3528 pmnarmu,
3579 3448 3824 3523 expavescit

2295 3556 2353 3601 ut
2405 3555 2740 3608 revertatur.
2804 3562 2870 3601 ne
2939 3546 3081 3602 forte
3146 3548 3414 3619 deinceps
3474 3548 3683 3619 obligata
3730 3553 3820 3612 pec-

2294 3649 2453 3705 cato,
2520 3638 2660 3693 male
2701 3638 2845 3692 vivat
2897 3641 2949 3693 in
3008 3639 3204 3708 poenis.
3267 3642 3440 3708 Quam
3493 3655 3613 3694 sane
3656 3643 3821 3692 senten-

2296 3733 2424 3787 tiam
2480 3732 2748 3797 Salvator,
2796 3732 2862 3787 ad
2910 3731 3037 3802 quid
3080 3735 3476 3803 proposuerit,
3521 3730 3730 3803 apertius
3763 3725 3821 3777 lno

2294 3826 2492 3880 sinuat.

2373 3912 2542 3979 Venit,
2559 3914 2750 3985 inquit,
2767 3913 3023 3982 Joannes,
3042 3932 3143 3969 non
3159 3920 3494 3972 manducans
3510 3930 3657 3982 neque
3675 3909 3824 3965 bibens.

2293 4001 2359 4056 Et
2379 4003 2482 4058 hoc
2508 4012 2589 4059 est
2616 4003 2758 4074 quod
2773 4003 2868 4069 ait,
2884 4003 3333 4063 Lamenlavimus
3345 4008 3518 4072 vobis,
3534 4005 3647 4076 quia
3666 3997 3828 4056 habitus

2294 4091 2435 4147 illius
2459 4102 2513 4148 et
2534 4094 2866 4165 parcimonia
2900 4095 3094 4160 victus,
3125 4096 3268 4151 nihil
3309 4096 3457 4153 aliud
3484 4109 3637 4167 quam
3657 4083 3825 4146 lamenti

2293 4182 2466 4239 forma
2503 4194 2558 4241 et
2589 4185 2920 4257 paenitentiae
2966 4185 3086 4240 fuit.
3116 4186 3240 4243 Non
3275 4190 3419 4259 quod
3461 4205 3564 4244 non
3591 4181 3827 4240 manduca-

2291 4275 2427 4331 verit
2465 4272 2695 4331 Joannes
2732 4283 2787 4331 et
2818 4275 3049 4343 biberit,
3086 4276 3201 4331 sine
3248 4280 3449 4349 quibus
3496 4267 3829 4347 impraasenlia-

2290 4380 2409 4418 rum
2440 4380 2598 4420 nemo
2624 4365 2774 4432 vivit,
2804 4365 2897 4421 sed
2921 4366 3045 4437 quia
3070 4382 3401 4425 communes
3430 4367 3693 4424 hominum
3718 4357 3831 4415 cibos

2292 4463 2347 4510 et
2371 4455 2668 4525 superﬂuos
2696 4470 2760 4510 ac
2790 4470 2895 4509 non
2929 4458 3272 4513 necessarios
3298 4460 3427 4513 vita:
3479 4466 3730 4525 nunquam
3760 4461 3829 4501 σου

2293 4545 2477 4599 medit.
2525 4543 2749 4614 insuper
2775 4544 2959 4598 vinum
2988 4554 3043 4599 et
3077 4545 3317 4601 siceram
3350 4563 3460 4601 non
3511 4545 3657 4603 bibit,
3685 4536 3759 4609 qui
3782 4533 3832 4586 ab

2289 4637 2437 4691 omni
2486 4646 2611 4707 potu
2657 4652 2764 4707 quo
2816 4635 3072 4691 inebriari
3122 4646 3309 4708 potest
3355 4637 3635 4693 abstinuit.
3675 4626 3832 4686 θείηάο

2288 4727 2435 4780 venit
2465 4726 2607 4782 ﬁlius
2649 4726 2885 4803 hominis
2926 4727 3166 4781 habitum
3220 4728 3430 4785 Iretitia:
3459 4729 3686 4790 habens,
3724 4713 3833 4788 quod

2288 4825 2368 4870 est
2400 4816 2577 4871 dicere
2606 4815 2899 4870 cecinimus
2928 4814 3099 4869 vobis.
3128 4813 3293 4871 Venit
3347 4815 3611 4887 siquidem
3647 4805 3831 4866 mandu-

2284 4921 2415 4961 cans
2447 4921 2568 4960 cum
2616 4905 2916 4975 publicanis
2961 4915 3017 4959 et
3051 4909 3444 4973 peccatoribus
3468 4949 3482 4972 ,
3518 4907 3570 4961 in
3619 4892 3835 4958 conviviis

2284 5000 2524 5053 omnium
2573 4998 2815 5053 ciborum
2879 4997 3127 5053 alimenta
3178 5000 3468 5055 vobiscum
3539 5006 3754 5053 sumens,
3794 4991 3836 5036 ει

2285 5100 2462 5145 tamen
2518 5091 2597 5145 sic
2646 5105 2751 5143 non
2799 5088 3007 5158 placuit
3037 5090 3211 5155 vobis,
3264 5100 3326 5146 ut
3373 5091 3443 5145 ad
3495 5088 3611 5157 ejus
3662 5079 3837 5140 ωηιίω

2284 5177 2443 5249 525
2473 5177 2690 5243 lmtitim,
2716 5192 2938 5248 operam
2961 5178 3164 5234 daretis
3190 5179 3296 5248 piae
3337 5175 3712 5248 jucunditatis,
3730 5182 3783 5223 ac
3801 5163 3836 5217 εί

2284 5276 2533 5339 patenter
2555 5268 2698 5323 dicat
2725 5285 2738 5321 :
2771 5267 2924 5334 Quod
2949 5268 2992 5322 si
3015 5268 3201 5338 jejnnii
3228 5256 3444 5324 niteror
3471 5276 3528 5324 et
3551 5255 3836 5321 abstinentia

2274 5362 2450 5416 victus
2502 5360 2699 5431 placet,
2733 5376 2829 5416 cur
2875 5358 3110 5416 Joannes
3139 5360 3422 5429 displicuit
3467 5358 3655 5415 vobis?
3704 5352 3762 5407 Et
3799 5344 3836 5399 si

2278 5451 2483 5517 laetitia,
2518 5461 2680 5520 atque
2721 5451 2801 5506 uti
2830 5451 3081 5506 omnibus
3117 5451 3273 5514 cibis,
3333 5468 3438 5507 cur
3466 5451 3709 5507 Christus
3749 5452 3833 5496 I10"

2279 5542 2478 5612 placuit
2511 5542 2700 5597 vobis?

2350 5633 2647 5702 Justiﬁrala
2679 5643 2775 5698 est,
2800 5633 2993 5701 inquit,
3042 5633 3300 5701 sapientia
3323 5652 3356 5686 (ι
3377 5634 3505 5703 ﬁliis
3531 5632 3653 5685 suis.
3710 5625 3773 5678 Ac
3802 5615 3837 5671 εί
