4004 6362
173 313 270 370 με

979 310 1343 368 EXPOSITIO
1375 311 1442 366 ΙΝ
1485 304 1922 363 ΜΑΤΤΠᾸΞΗΜ.
1959 342 2028 350 -
2067 314 2191 368 LIB.
2232 317 2318 382 V'l,
2360 267 2510 371 CAP.
2556 317 2644 370 XI.

3313 320 3418 376 M6

172 436 386 496 diceret,
416 431 541 500 quia
571 445 666 484 vos
696 429 940 484 noluistis
971 428 1216 498 recipere
1255 428 1610 496 disciplinam,
1640 443 1740 498 ego
1770 430 1816 488 Α
1845 431 2100 498 prteccpit
2131 449 2141 484 :
2175 431 2238 485 In
2265 433 2396 485 viam
2424 435 2650 503 gentium
2675 452 2736 488 ne
2764 436 3013 500 abieritis,
3045 447 3092 490 et
3116 455 3167 491 m
3195 438 3421 493 cititati-

173 523 254 593 qui
279 521 367 575 Dei
394 519 592 574 summi
621 517 882 588 sapientia
916 533 1057 578 sum,
1109 519 1491 585 comprobatus
1541 526 1595 570 et
1650 533 1742 570 ac-

175 623 344 682 ceptus
375 628 496 667 sum
544 612 612 664 ab
639 611 898 681 apostolis
943 610 1079 664 meis
1102 618 1156 663 et
1185 610 1478 680 discipulis.
1535 610 1616 664 Ab
1662 610 1746 663 his

173 705 364 758 scilicet
389 703 483 771 qui
518 703 626 755 vim
672 701 946 764 facientes,
1002 716 1225 770 regnum
1269 700 1526 754 cmlorum
1571 701 1742 770 ipsum

173 795 289 848 illud
317 793 602 862 diripiunt,
640 792 743 845 ﬁde
772 790 1070 860 justiﬁcali.
1107 790 1172 843 Et
1197 791 1397 844 idcirco
1418 791 1542 860 quia
1569 792 1620 844 in
1653 807 1745 846 sa-

173 885 358 954 pientia
399 893 532 937 sunt
575 882 767 945 renati,
813 880 938 948 jure
993 881 1086 934 ﬁlii
1139 881 1398 935 dicuntur
1445 882 1740 951 sapientiae.

174 974 346 1042 Operae
368 972 608 1042 pretium
632 980 716 1025 est
744 986 876 1040 ergo
907 971 959 1023 in
1009 970 1111 1024 hoc
1151 969 1269 1023 loco
1319 970 1577 1023 virtutem
1615 971 1742 1024 dicti

173 1064 515 1134 perpendere.
579 1063 883 1131 Iusti/irata
916 1071 1012 1126 est,
1050 1061 1242 1129 inquit,
1287 1061 1541 1129 sapientia
1567 1078 1598 1113 a
1618 1061 1744 1130 filiis

172 1157 286 1214 uis,
317 1154 383 1207 de
415 1168 478 1207 se
503 1152 690 1222 utique
726 1152 913 1206 volens
939 1152 1070 1206 illud
1104 1152 1310 1206 dictum
1362 1150 1608 1221 intelligi,
1659 1159 1745 1205 est

173 1245 300 1299 enim
328 1244 444 1313 ipse
474 1242 740 1311 sapientia
776 1242 867 1296 Dei
911 1241 1104 1295 Patris.
1156 1240 1272 1296 Non
1297 1241 1545 1296 accidens
1565 1257 1630 1295 ex
1663 1255 1746 1296 re-

173 1351 281 1388 rum
305 1333 631 1396 efﬁciendis,
660 1332 755 1388 sed
781 1348 847 1386 ex
879 1341 1093 1386 natura.
1141 1332 1247 1387 Res
1270 1333 1413 1387 enim
1443 1333 1622 1388 omnis
1645 1333 1744 1386 ha-

173 1428 255 1481 bet
276 1435 596 1497 potestatem
627 1441 739 1481 suae
766 1434 992 1488 natum,
1023 1425 1296 1496 negotium
1332 1439 1462 1480 vero
1507 1433 1746 1495 potesta-

174 1518 240 1572 tis
265 1516 484 1572 eﬂectus
512 1525 626 1581 est;
660 1517 785 1585 quia
808 1531 913 1570 non
945 1515 1084 1570 idem
1112 1524 1196 1570 est
1222 1530 1359 1585 opus
1374 1515 1585 1570 virtutis
1600 1514 1744 1584 quod

178 1618 257 1661 est
277 1608 390 1677 ipsa
423 1608 606 1661 virtus.
646 1606 878 1660 Tantum
907 1605 1072 1676 igitur
1097 1605 1444 1669 discernitur,
1503 1602 1741 1659 efﬁciens

177 1701 338 1753 virtus
379 1715 477 1768 per
502 1713 662 1768 quam
693 1696 922 1752 edicitur
949 1697 1091 1767 quod
1141 1695 1390 1752 eﬂ'ectum
1425 1705 1528 1761 est,
1571 1709 1742 1765 quan-

1849 521 1942 573 bus
1977 519 2432 576 Samaritanorum
2455 542 2516 577 ne
2535 527 2850 581 intraveritis
2875 527 3088 597 (Matth.
3108 544 3161 588 Χ,
3188 529 3264 600 5).
3283 530 3425 599 Ergo

1847 613 2156 668 civitatibus
2208 615 2513 670 Judaeorum
2545 660 2559 681 ,
2616 636 2750 688 quas
2801 623 3091 690 exprobrat
3144 623 3426 690 Dominus,

1848 703 1966 756 ideo
2011 706 2359 773 praedicatum
2391 718 2474 763 cst
2509 710 2853 781 Evangelium
2891 721 2944 766 et
2991 714 3142 782 signa
3186 725 3422 778 ostensa,

1847 801 1901 844 ut
1931 793 2325 850 inexcusabiles
2352 808 2554 851 essent.
2609 799 2664 852 In
2709 801 2905 869 quibus
2957 802 3196 872 proferto
3244 807 3424 859 verbis

1847 881 2104 937 Dominus
2127 884 2282 940 Jesus
2311 886 2473 942 altius
2512 890 2666 944 nobis
2712 894 3026 961 mysterium
3079 895 3425 962 praedestina-

1845 969 2008 1025 tionis
2029 973 2277 1036 ostendit,
2307 991 2429 1030 cum
2468 986 2521 1030 et
2548 978 2653 1032 illis
2681 982 3002 1049 praedicatur
3021 985 3240 1038 verbum
3305 985 3423 1048 Dei,

1845 1075 2073 1130 quorum
2097 1078 2191 1117 cor
2209 1065 2552 1131 obduratum,
2591 1076 2645 1122 et
2671 1084 2829 1123 aures
2855 1081 3206 1139 prtegravatae
3231 1082 3419 1138 erant;

1845 1160 1902 1206 et
1925 1152 2026 1207 illis
2055 1169 2159 1208 non
2190 1157 2534 1226 praedicatur,
2593 1161 2732 1216 inter
2760 1177 2894 1230 quos
2919 1162 2964 1216 si
2991 1163 3148 1217 facta:
3173 1163 3421 1226 fuissent.

1845 1241 1972 1296 olim
2003 1242 2055 1297 in
2088 1244 2272 1301 cinere
2302 1256 2357 1301 et
2376 1249 2555 1304 cilicio
2578 1251 2952 1320 pteniteutiam
2997 1253 3233 1325 egissent
3283 1253 3425 1309 sicut

1846 1347 1904 1386 se
1927 1333 2126 1388 habent
2149 1335 2360 1405 eloquia
2389 1341 2650 1396 veritatis.
2687 1342 2888 1397 Tamen
2915 1344 2967 1397 in
3003 1345 3089 1398 die
3126 1345 3310 1413 judicii
3368 1353 3423 1399 et

1845 1423 1961 1479 ista:
1989 1427 2281 1494 punientur
2301 1431 2601 1495 remissius,
2631 1435 2880 1503 quamvis
2911 1436 3117 1490 minore
3137 1437 3420 1505 supplicio,

1843 1522 1898 1567 et
1927 1513 2029 1566 illae
2055 1516 2288 1583 gravius,
2321 1519 2372 1572 in
2403 1521 2598 1588 quibus
2616 1523 2757 1576 facta
2784 1531 2908 1578 sunt
2932 1525 3195 1580 mirabilia
3255 1539 3306 1579 et
3354 1527 3425 1579 si-

1844 1619 1944 1674 gna
1980 1604 2048 1658 ab
2075 1605 2190 1676 ipso
2225 1608 2474 1678 Domino,
2519 1622 2741 1682 propter
2774 1617 3170 1670 contumaciam
3210 1626 3263 1670 et
3309 1618 3420 1670 ino-

1843 1695 2170 1750 bedienliam
2199 1714 2360 1767 quam
2386 1704 2655 1770 przescivit
2689 1706 2852 1759 etiam
2908 1706 3167 1762 Dominus
3216 1708 3423 1762 habitu.

174 1803 276 1845 nim
302 1789 536 1845 Greater
559 1807 589 1844 a
613 1801 885 1845 creatura.
917 1789 984 1844 Et
1009 1790 1128 1844 ideo
1151 1790 1202 1847 in
1230 1790 1333 1844 hoc
1362 1788 1506 1843 dicto
1548 1796 1608 1843 ut
1653 1788 1741 1858 ju-
1771 1781 1815 1838 Β
1844 1797 1954 1849 ros,
1981 1795 2267 1856 antequam
2300 1789 2350 1842 in
2381 1792 2460 1845 eis
2489 1793 2645 1848 facta:
2684 1794 2932 1850 fuissent.
2981 1796 3282 1868 Utrumque
3317 1799 3418 1869 igi-

167 1882 386 1936 stiﬁcata
415 1884 489 1936 sit
513 1883 774 1952 sapientia
798 1897 827 1936 a
853 1881 976 1936 ﬁliis
999 1883 1110 1936 suis
1141 1896 1276 1951 quos
1308 1881 1493 1950 genuit
1541 1889 1602 1934 ut
1653 1895 1741 1934 sa-

165 1975 355 2041 pientes
405 1974 538 2038 sint,
597 1974 776 2042 potius
820 1981 1011 2027 natura
1062 1973 1340 2043 sapientia:
1394 1969 1738 2039 intelligenda

162 2072 424 2132 estquam
459 2061 748 2118 efﬁcientia
790 2072 844 2116 et
868 2078 1003 2133 opus
1029 2063 1261 2117 virtutis.
1296 2061 1559 2128 Quoniam
1585 2060 1740 2116 Chri-

161 2162 262 2206 stus
289 2169 317 2206 a
353 2161 556 2207 natura
580 2168 706 2208 vere
743 2153 835 2208 Dei
864 2153 1035 2208 virtus
1059 2153 1124 2208 ab
1146 2153 1403 2223 Apostolo
1423 2161 1478 2208 et
1505 2168 1628 2208 vera
1653 2167 1739 2208 sa-

160 2245 343 2312 pientia
381 2244 480 2299 Dei
517 2244 696 2299 Patris
723 2245 1063 2314 pnedicatur.
1112 2245 1176 2298 Et
1203 2244 1288 2299 hic
1313 2245 1548 2314 seipsum
1575 2259 1735 2315 aper-

162 2333 348 2387 tissime
378 2335 709 2403 sapientiam
736 2335 1082 2404 nuncupavit,
1110 2335 1574 2404 essentialiterque
1598 2335 1738 2405 seip-

158 2441 259 2476 sum
284 2425 620 2494 sipientiam
651 2441 771 2480 esse
799 2425 1052 2481 ostendit.
1107 2425 1220 2480 l-loc
1257 2427 1454 2496 quippe
1504 2425 1735 2480 ﬁliorum

158 2518 316 2587 magni
339 2527 436 2571 est
465 2518 593 2571 doni
632 2519 992 2588 privilegium,
1028 2528 1086 2573 ut
1135 2518 1205 2572 ita
1254 2532 1376 2572 eum
1436 2518 1740 2589 intelligant

157 2607 453 2668 sinceriter,
479 2609 608 2677 quia
642 2610 999 2677 reprobarunt
1033 2624 1151 2662 eam
1175 2607 1265 2662 ﬁlii
1297 2608 1460 2679 regis,
1511 2617 1570 2662 ut
1612 2624 1737 2679 pos-

159 2697 214 2749 sit
234 2698 514 2768 sapientia
546 2707 694 2752 recte
717 2698 1010 2767 justilicata
1055 2696 1338 2766 praedicari
1370 2712 1398 2750 a
1425 2697 1549 2751 ﬁliis
1599 2695 1733 2762 suis,

157 2795 202 2839 et
233 2789 322 2856 ipsi
349 2789 560 2843 exinde
581 2787 635 2842 in
672 2789 1010 2859 adoptionem
1042 2787 1273 2842 ﬁliorum
1300 2789 1549 2843 transire.

223 2879 306 2933 Va!
336 2881 464 2940 tibi.
498 2877 800 2942 Corozaim,
830 2896 904 2934 υω
934 2880 1045 2943 tibi,
1069 2879 1387 2942 Bethsaida;
1416 2882 1539 2951 quia
1583 2882 1630 2934 si
1678 2881 1732 2934 in

162 2969 278 3039 Tyro
304 2982 353 3024 et
402 2971 608 3026 Sidone
633 2971 787 3039 factte
813 2971 1031 3042 fuissent
1061 2972 1272 3025 virtutes
1300 2988 1415 3042 qua?
1438 2971 1592 3040 factte
1611 2981 1733 3026 sunt

158 3065 287 3128 inte,
308 3073 420 3118 etc.
456 3064 609 3118 Inter
639 3064 894 3135 reliquas,
927 3064 1172 3134 superius
1202 3079 1338 3132 quas
1378 3064 1576 3118 dicitur
1627 3063 1732 3119 cir-

1847 1883 1937 1928 tur
1981 1879 2257 1946 praescivit
2301 1881 2559 1938 Dominus
2594 1893 2649 1939 et
2691 1885 2826 1940 istos
2867 1886 3136 1958 abnegare
3182 1889 3420 1956 seipsum

1842 1983 1963 2022 cum
1996 1971 2203 2034 ﬁerent,
2228 1981 2283 2025 et
2321 1973 2437 2026 illos
2467 1976 2730 2043 poenitere
2766 1986 2820 2031 et
2839 1978 3107 2042 conﬁteri,
3131 1979 3173 2032 si
3206 1979 3414 2034 ﬁerent.

1841 2055 1994 2123 Quod
2021 2067 2071 2112 et
2105 2071 2286 2129 postea
2326 2063 2378 2115 in
2410 2064 2791 2131 praedicatione
2823 2066 3183 2134 apostolorum
3201 2067 3412 2130 fecisse.

1842 2149 2181 2205 manifestum
2231 2163 2330 2208 est.
2393 2153 2543 2210 Unde
2582 2173 2649 2211 ne
2694 2175 2903 2227 quaeras
2949 2168 3158 2229 tempus
3205 2162 3419 2229 quando

1838 2239 2041 2296 factum
2071 2244 2160 2306 sit,
2200 2261 2321 2298 cum
2347 2246 2605 2302 intuearis
2640 2250 2869 2304 salutem
2921 2252 3280 2316 credentium,
3319 2255 3413 2308 sed

1840 2332 2076 2387 curistis
2109 2336 2386 2390 remissius
2409 2339 2571 2391 etiam
2599 2355 2703 2393 non
2750 2341 3104 2397 credentibus
3149 2345 3318 2412 prius,
3362 2354 3416 2397 et

1837 2423 1946 2479 illis
1966 2426 2182 2497 gravius
2206 2428 2403 2497 quibus
2436 2431 2780 2498 praedicatum
2805 2442 2906 2495 est,
2932 2443 2984 2485 et
3011 2434 3076 2487 ad
3107 2450 3241 2502 quos
3272 2436 3416 2488 venit

1839 2513 2120 2580 Dominus,
2168 2517 2362 2584 quibus
2401 2518 2550 2588 signa
2600 2528 2655 2573 et
2712 2520 2978 2579 mirabilia
3019 2531 3234 2577 ostensa
3286 2533 3415 2576 sunt

1838 2605 2040 2666 divina.
2081 2606 2423 2660 manifestum
2463 2618 2564 2663 est.
2607 2610 2742 2676 Quia
2780 2610 2883 2663 illa:
2917 2612 3163 2667 civitates
3205 2612 3412 2681 absque

1836 2695 1946 2750 Deo
1974 2706 2130 2750 erant
2153 2713 2284 2752 vero
2313 2699 2452 2754 sicut
2481 2700 2658 2754 omnis
2705 2700 2999 2776 gentilitas,
3049 2703 3166 2756 sine
3223 2703 3410 2756 notitia

1834 2787 1968 2858 legis
1999 2798 2052 2844 et
2077 2791 2462 2860 prophetarum
2501 2800 2705 2846 tantum
2767 2791 2935 2861 legem
2987 2801 3188 2848 natura:
3236 2802 3416 2847 trans-

1833 2892 2049 2947 gressae.
2109 2877 2289 2933 Judaia‘
2341 2897 2470 2935 vero
2510 2891 2562 2936 et
2613 2882 2860 2937 civitates
2909 2899 3040 2952 quas
3091 2883 3401 2953 exprobrat.

1835 2967 1994 3039 527
2032 2971 2209 3024 omnia
2241 2981 2698 3042 contempserunt,
2727 2972 2897 3044 legem
2949 2983 3239 3036 uaturaz.et
3282 2990 3410 3042 pro-

1836 3060 2046 3128 phetas,
2078 3059 2246 3132 legem
2269 3077 2365 3131 per
2408 3063 2621 3134 Moysen
2665 3065 2867 3128 datam,
2920 3066 2970 3118 iu
3015 3081 3117 3134 qua
3167 3065 3413 3120 Christus

164 3156 320 3209 misse
351 3157 617 3210 civitates
664 3164 724 3209 υι
769 3156 1093 3225 praedicare;
1145 3155 1493 3223 Evangelium
1555 3156 1728 3228 regni,
1760 3135 1803 3198 C
1836 3160 2094 3204 venturus
2143 3152 2676 3220 pmtnonstrabatur.
2755 3153 2976 3224 Insuper
3019 3155 3181 3208 etiam
3239 3155 3410 3221 ipsum

161 3245 303 3298 etiam
355 3256 413 3298 et
467 3246 588 3299 istis
635 3245 958 3314 prmdicasse
993 3244 1123 3298 nulli
1155 3245 1374 3300 dubium
1427 3253 1530 3299 est.
1579 3243 1732 3310 Quod

161 3335 236 3388 hic
257 3336 545 3390 Matthzeus
583 3352 681 3405 per
718 3337 1146 3391 recordationem
1202 3336 1374 3407 magis
1430 3352 1590 3406 quam
1646 3353 1734 3393 sc-

160 3425 384 3476 cundam
413 3432 622 3478 textum
651 3425 912 3493 posuerit.
945 3423 1078 3478 Nam
1107 3425 1189 3479 ha:
1217 3425 1333 3479 duae
1381 3426 1627 3480 civitates
1678 3427 1730 3479 in

159 3509 374 3564 Calilzea
401 3511 564 3567 fuisse
610 3513 954 3568 manifestum
1004 3522 1120 3578 est;
1169 3514 1262 3567 sed
1289 3529 1422 3584 quas
1477 3515 1734 3570 Dominus

163 3602 391 3656 virtutes
423 3603 475 3655 in
505 3603 579 3656 eis
599 3604 805 3668 fecerit,
841 3619 944 3659 non
971 3606 1104 3660 satis
1141 3615 1384 3675 apparet,
1437 3607 1540 3662 nisi
1593 3604 1731 3661 forte

161 3705 221 3744 eo
252 3691 304 3745 in
329 3699 570 3761 tempore
592 3708 699 3762 qua
748 3694 1016 3748 circuibat
1072 3703 1128 3749 et
1175 3695 1414 3764 reliquas
1460 3695 1730 3759 civitates,

163 3782 345 3836 ibidem
403 3793 530 3838 tunc
575 3785 766 3839 fecerit
793 3785 1054 3856 plurimas
1105 3786 1369 3847 virtutes.
1395 3787 1537 3857 quod
1591 3803 1734 3843 nunc

166 3873 557 3941 recapitulatur.
589 3873 976 3930 Verumtamen
1027 3877 1154 3946 quia
1193 3876 1347 3932 facta;
1392 3886 1539 3943 sunt,
1602 3879 1731 3933 nulli

165 3962 365 4016 dubium
415 3974 505 4020 est
551 3982 566 4031 ;
633 3966 726 4020 sed
776 3965 930 4020 valde
986 3967 1287 4022 resolubilis
1342 3983 1408 4023 ex
1467 3969 1568 4022 hoc
1617 3967 1734 4023 loco

161 4051 311 4124 526
327 4056 564 4124 quaestio
583 4055 845 4122 nascitur,
873 4070 1058 4110 verum
1091 4057 1252 4110 etiam
1281 4065 1337 4112 et
1355 4073 1383 4111 a
1411 4058 1614 4112 sanctis
1640 4073 1734 4128 pa-

164 4145 315 4200 tribus
343 4147 849 4217 itnpertractabiiis,
872 4162 971 4202 cur
997 4163 1104 4202 non
1145 4148 1300 4204 facta:
1353 4149 1461 4204 sint
1503 4151 1734 4206 virtutes

162 4236 204 4288 in
227 4235 364 4307 Tyro
398 4247 456 4292 et
485 4236 726 4292 Sidone?
753 4237 882 4304 Qute
904 4239 947 4293 si
983 4237 1136 4293 factae
1166 4238 1394 4293 fuissent
1416 4238 1570 4306 juxta
1611 4239 1732 4294 Sal-

161 4330 339 4383 vatoris
367 4343 589 4394 vocem,
624 4329 994 4398 paenitentiam
1017 4330 1084 4384 ad
1122 4329 1560 4398 praedicationem
1613 4329 1731 4398 ejus

159 4422 406 4490 egissent.
439 4420 594 4474 Nunc
626 4435 776 4483 vero,
807 4421 930 4490 quia
960 4421 1305 4490 praedicatum
1335 4435 1440 4475 non
1493 4429 1576 4476 est
1627 4423 1728 4486 eis,

1835 3242 2120 3296 Dominum
2171 3252 2510 3312 przesentcm,
2570 3245 2737 3314 signis
2761 3252 2814 3298 et
2842 3245 3129 3298 virtutibus
3171 3244 3411 3298 declara-

1836 3339 1969 3394 tum,
2004 3331 2321 3400 rejeccrunt.
2381 3333 2446 3387 Et
2501 3335 2619 3388 ideo
2675 3343 2732 3387 ut
2777 3333 3164 3389 incxcusabilcs
3206 3347 3407 3399 essent,

1833 3421 1946 3475 lucc
1982 3420 2217 3474 exhibita
2254 3431 2378 3476 sunt
2425 3422 2504 3476 eis
2543 3433 2756 3476 ostensa
2805 3426 2955 3492 signa
3021 3424 3260 3476 Deitatis.
3315 3425 3412 3478 Ve.-

1835 3519 2134 3565 rumtamen
2188 3527 2254 3565 ex
2298 3512 2381 3566 his
2428 3513 2676 3566 omnibus
2734 3521 2970 3566 nostrum
3015 3522 3095 3566 cst
3143 3513 3408 3575 conﬁteri,

1834 3603 1956 3671 quia
2006 3603 2104 3656 etsi
2155 3603 2361 3657 occulta
2407 3613 2532 3658 sunt
2567 3620 2685 3674 quae
2734 3604 3003 3666 dicuntur,
3060 3620 3183 3656 vcra
3230 3604 3411 3672 utique

1833 3701 1956 3745 sunt
1981 3690 2188 3758 etjusta
2217 3707 2334 3760 quae
2366 3694 2498 3746 ﬁunt
2522 3708 2551 3746 a
2573 3695 2695 3747 Deo.
2716 3692 2864 3748 Unde
2883 3692 3408 3746 canituriuPsahuo:

1832 3780 2045 3835 Iudicia
2069 3782 2164 3836 Dei
2183 3785 2397 3853 abyssus
2419 3786 2582 3837 multa
2629 3783 2796 3852 (Psal.
2824 3801 2986 3848 xxxv,
3008 3786 3082 3851 7).
3131 3785 3194 3838 Et
3225 3804 3237 3838 :
3275 3785 3409 3839 Uni-

1833 3891 1991 3928 νει-σω
2011 3876 2108 3929 ria:
2134 3875 2343 3930 Domini
2364 3878 2716 3930 misericordia
2750 3889 2796 3931 et
2844 3879 3029 3931 raritas
3081 3876 3249 3946 (Psal.
3299 3894 3408 3941 κη’,

1836 3965 1944 4032 Η),
1982 3967 2233 4034 quoniam
2261 3983 2364 4022 non
2393 3977 2477 4022 est
2505 3968 2756 4038 iniquitas
2779 3970 2916 4038 apud
2947 3968 3112 4024 Deum
3144 3986 3241 4024 nec
3269 3970 3409 4038 inju-

1836 4057 1981 4111 stitia
2012 4057 2134 4110 ulla.
2161 4057 2309 4113 Licet
2353 4060 2567 4128 quidam
2617 4061 2916 4130 disputator
2963 4062 3259 4118 catholicus
3305 4080 3410 4117 non

1836 4149 2083 4221 ignobilis
2117 4151 2259 4205 hunc
2286 4151 2558 4222 Evangelii
2600 4152 2774 4206 locum
2819 4153 2898 4223 sic
2941 4154 3266 4222 exposuerit,
3321 4169 3413 4208 vo-

1836 4240 1950 4294 lens
1980 4238 2215 4310 ell'ugcre
2257 4240 2671 4310 profunditatem
2722 4243 3051 4310 quaastionis,
3102 4252 3159 4297 ut
3210 4244 3415 4298 diceret

1833 4329 2110 4398 przescisse
2155 4329 2319 4383 Deum
2361 4329 2550 4400 Tyrios
2578 4339 2631 4383 et
2657 4329 2904 4385 Sidonios
2927 4347 2955 4385 a
2983 4333 3082 4386 ﬁde
3112 4341 3295 4401 postea
3330 4347 3414 4385 re-

1833 4433 2102 4480 cessuros,
2134 4434 2255 4472 cum
2288 4418 2444 4472 factis
2474 4419 2610 4488 apud
2643 4434 2700 4474 sc
2732 4420 3002 4474 miraculis
3031 4421 3407 4485 credidissent;

162 4527 314 4580 neque
333 4515 502 4583 signa
529 4512 916 4566 miraculorum
939 4520 1318 4581 perceperunt,
1348 4511 1599 4565 videntur
1625 4527 1731 4566 non
1761 4483 1810 4542 Β
1839 4508 1964 4566 hinc
1991 4507 2412 4561 misericorditer
2438 4509 2635 4577 potius,
2667 4524 2770 4562 non
2803 4525 2923 4563 eum
2965 4509 3068 4564 illic
3096 4512 3416 4580 praedicasse

158 4614 258 4655 esse
285 4605 335 4656 in
365 4602 559 4670 culpa,
583 4602 707 4670 quia
742 4616 845 4655 non
870 4601 1236 4656 crediderunt.
1264 4599 1519 4667 Quinimo
1540 4601 1731 4656 vitium

159 4692 332 4747 silentii
358 4695 425 4747 in
466 4707 534 4744 eo
587 4700 688 4754 est,
743 4693 834 4760 qui
895 4692 1098 4746 acturis
1141 4691 1513 4760 paenitentiam
1562 4693 1734 4747 noluit

159 4783 466 4848 praedicare,
498 4782 639 4849 quod
664 4797 823 4836 nemo
860 4781 1097 4836 ﬁdelium
1147 4783 1305 4836 audet
1358 4783 1537 4836 dicere
1591 4801 1604 4835 :
1649 4783 1732 4838 Id-

159 4868 308 4930 circo,
341 4877 412 4922 ut
449 4869 585 4932 dixi,
612 4868 678 4921 ab
711 4869 960 4923 omnibus
1007 4869 1208 4922 sanctis
1253 4869 1562 4924 doctoribus
1603 4884 1730 4925 vera

158 4967 200 5012 et
226 4958 405 5015 facilis
467 4967 554 5012 est
603 4961 885 5028 responsio
930 4960 1191 5029 valdeque
1243 4970 1448 5026 aperta,
1487 4975 1546 5014 se
1583 4962 1732 5032 igno-

157 5065 266 5104 rare
286 5051 504 5121 judicia
529 5050 644 5112 Dei,
678 5062 733 5103 et
767 5050 1098 5120 singularum
1123 5051 1581 5120 dispensationum
1614 5050 1732 5118 ejus

159 5152 497 5198 sacramenta
533 5142 763 5196 nescire.
838 5139 989 5196 Unde
1016 5139 1212 5194 Paulus
1247 5141 1523 5211 apostolus
1552 5143 1734 5196 excla-

162 5249 301 5289 mans
342 5235 494 5289 dixit
533 5251 545 5286 :
577 5232 749 5298 Quam
787 5231 1322 5301 incomprehensibilia
1363 5242 1484 5285 sunt
1531 5233 1739 5302 judicia

161 5321 265 5387 Dei,
293 5335 341 5377 et
367 5320 759 5390 inrestigabiles
792 5321 887 5375 via:
910 5320 1066 5388 ejus!
1093 5319 1272 5391 (Rom.
1310 5337 1382 5384 χι,
1416 5321 1530 5392 55.)
1560 5323 1740 5391 Siqui-

161 5411 270 5464 dem
295 5411 642 5481 propositum
670 5409 848 5464 fuerat
873 5410 1100 5464 Domino
1141 5408 1339 5464 Iudaeae
1390 5411 1525 5466 ﬁnes
1574 5413 1741 5466 inter-

164 5499 279 5554 dum
307 5517 420 5555 non
441 5500 732 5564 excedere,
767 5515 836 5554 ne
868 5500 1068 5568 justam
1117 5500 1403 5555 Pharisatis
1449 5503 1742 5557 calumnia-

167 5593 366 5648 toribus
415 5601 470 5647 et
519 5592 920 5655 sacerdotibus,
964 5593 1300 5646 occasionem
1350 5595 1742 5661 persecutionis

166 5683 397 5750 primum
421 5684 591 5740 daret.
628 5682 776 5737 Unde
827 5692 881 5734 et
941 5682 1194 5752 apostolis
1260 5692 1382 5736 ante
1440 5684 1737 5751 passionem

1837 4597 1918 4652 vel
1944 4597 2170 4650 virtutes
2215 4595 2425 4661 fecisse,
2469 4598 2720 4666 quoniam
2742 4600 2974 4668 graviori
3010 4613 3167 4668 paena
3197 4601 3413 4654 obnoxii

1837 4686 2026 4764 ﬁerent
2057 4725 2072 4749 ,
2117 4685 2372 4764 si_ﬁdem
2427 4701 2587 4754 quam
2648 4696 3032 4757 susceperant,
3084 4689 3415 4758 rcjecissent.

1838 4777 2098 4832 Utrumne
2119 4777 2191 4830 sit
2217 4777 2316 4831 ista
2339 4777 2602 4831 exsolutio
2628 4794 2775 4843 vera,
2811 4779 3043 4847 prudens
3068 4781 3236 4835 lector
3261 4781 3417 4834 intelo

1835 4869 1984 4938 ligat.
2043 4867 2228 4921 Potest
2258 4875 2435 4921 tamen
2469 4868 2594 4922 hinc
2638 4869 2870 4938 objicerc
2911 4869 3022 4938 jam
3068 4872 3190 4941 quia
3248 4871 3418 4940 pictas

1841 4959 1941 5013 fuit
1967 4958 2263 5013 Salvatoris
2291 4959 2343 5012 in
2372 4959 2450 5014 eis
2475 4974 2609 5028 quos
2653 4959 2839 5015 maluit
2883 4977 2987 5014 non
3044 4962 3298 5015 accedere
3352 4961 3418 5014 ad

1843 5051 2021 5114 ﬁdem,
2048 5065 2209 5118 quam
2235 5065 2354 5104 cum
2406 5051 2610 5105 scelere
2649 5052 2816 5106 multo
2863 5052 3091 5121 graviori
3144 5052 3418 5106 discedere

1845 5158 1874 5195 a
1907 5142 2031 5204 lidc,
2061 5156 2159 5195 cur
2198 5155 2302 5194 non
2337 5140 2513 5210 potius
2534 5142 2732 5194 factum
2769 5151 2852 5194 est
2875 5141 3310 5203 clementissime,
3362 5147 3421 5193 ut

1845 5230 2127 5285 crederent
2151 5229 2321 5299 prius,
2345 5229 2537 5283 deinde
2561 5237 2906 5298 prmstaretur
2925 5229 3004 5282 eis
3045 5242 3140 5296 per
3191 5229 3419 5298 gratiam

1850 5320 1969 5374 fidei
2006 5336 2166 5391 quam
2192 5330 2542 5390 perceperant
2571 5321 2727 5373 ﬁdem
2759 5335 2825 5374 ne
2874 5319 3278 5388 relinquerent?
3317 5319 3423 5373 Aut

1848 5423 2132 5482 antequam
2161 5428 2279 5467 eam
2312 5412 2696 5480 relinquerent.
2744 5426 2808 5464 ex
2838 5411 2938 5465 hac
2966 5411 3072 5464 vita
3110 5412 3417 5481 migrarent,

1849 5519 1916 5557 ne
1945 5503 2166 5566 malitia,
2204 5504 2345 5557 sicut
2371 5503 2628 5569 scriptum
2654 5510 2736 5554 est
2769 5502 2834 5554 de
2857 5501 3196 5568 quibusdam,
3250 5510 3423 5556 muta-

1849 5600 1928 5645 ret
1955 5593 2112 5645 corda
2140 5608 2346 5645 eorum.
2402 5591 2476 5644 Ac
2509 5605 2601 5659 per
2626 5591 2726 5644 hoc
2754 5597 2934 5644 manet
2970 5590 3096 5644 illud
3145 5591 3238 5646 Dei
3282 5590 3424 5658 judi-

1849 5683 1989 5736 cium
2031 5684 2080 5736 in
2108 5684 2345 5750 utrisque
2391 5683 2676 5745 occultum,
2719 5681 2810 5736 scd
2831 5681 3036 5748 justum
3060 5682 3108 5736 in
3133 5684 3418 5738 omnibus-
