4004 6362
572 304 676 358 447

1383 301 1440 356 S.
1484 301 1836 356 PASCHASII
1883 299 2223 354 llADBEll'l‘l
2263 300 2552 354 ABBATIS
2592 299 3041 357 CORBEIENSIS

3720 301 3812 354 ιιι

568 431 813 486 quamvis
842 415 1051 485 plurimi
1073 421 1138 469 ex
1171 415 1270 469 hoc
1302 416 1496 470 multas
1541 425 1862 472 eoacervent
1898 416 2148 486 qnzestio-
2175 417 2222 474 Α
2251 425 2351 473 est.
2382 416 2503 484 quia
2527 429 2630 468 non
2660 430 2828 482 usque
2853 413 2989 468 adeo
3012 421 3389 482 peccaverunt,
3429 412 3655 466 necdum
3702 429 3815 480 per-

569 523 686 571 nes,
719 516 774 561 et
817 507 1088 562 involvant
1129 507 1373 562 incautos
1412 508 1839 579 syllogismorum
1900 508 2144 562 nexibus.

574 597 726 653 Unde
749 613 953 668 quaeso,
987 598 1113 667 quia
1149 596 1358 652 diflieile
1395 607 1498 661 est,
1553 607 1755 652 tantam
1806 598 1858 651 in
1908 613 1993 652 me
2031 613 2164 660 esse

571 691 936 760 praistantiam
969 699 1022 743 et
1060 689 1374 744 facilitatem
1397 690 1676 753 doctrinae,
1703 699 1764 742 ut
1791 689 2040 742 omnibus
2062 703 2150 740 ar-

573 784 717 837 tibus
747 791 800 836 et
826 781 1015 836 ofIieiis
1042 781 1371 835 satisfaciam
1397 781 1736 850 eloquentize,
1778 793 1834 836 et
1875 781 2148 836 absolvam

572 875 997 946 impenetrabilia
1025 875 1326 929 divinorum
1356 875 1640 930 verborum
1664 873 1924 944 profunda
1948 883 2148 944 myste-

573 968 651 1021 ria
679 981 747 1022 ne
771 976 1010 1021 nostram
1041 975 1229 1021 notent
1255 967 1610 1036 ignorantiam
1632 966 1686 1019 in
1718 966 1801 1020 bis
1844 980 1963 1034 qua:
2009 965 2150 1020 Deus

572 1055 906 1111 solummodo
935 1056 1036 1110 sibi
1065 1065 1190 1110 nota
1217 1055 1386 1110 voluit
1406 1055 1694 1111 reservari.
1725 1054 1963 1121 Quorum
1987 1054 2147 1110 velim

572 1163 679 1202 non
710 1149 780 1202 sit
804 1148 983 1217 iniqua
1009 1149 1356 1218 reprehensio
1379 1148 1433 1202 in
1461 1164 1568 1213 me,
1595 1148 1688 1219 qui
1733 1149 1930 1204 debent
1967 1148 2152 1218 utique

575 1239 710 1308 grati
742 1253 884 1302 esse,
915 1246 972 1292 et
998 1246 1275 1306 acceptum
1303 1236 1466 1302 ferre,
1488 1238 1744 1307 quidquid
1773 1246 1954 1292 noster
1998 1237 2153 1292 labor

574 1339 632 1384 et
653 1329 913 1385 industria
944 1330 1160 1400 dignum
1183 1328 1326 1394 ﬁdei,
1353 1337 1531 1384 etnon
1552 1328 1868 1398 eloquentia:
1890 1329 2148 1398 percepit.

576 1417 712 1474 Nam
743 1435 840 1474 nos
868 1420 1090 1489 grandia
1119 1429 1170 1474 et
1209 1419 1540 1474 incredibilia
1583 1434 1720 1488 pene
1748 1434 2030 1482 conamur,
2081 1429 2152 1473 te-

578 1525 714 1566 nues
738 1511 974 1580 ingenio,
993 1519 1048 1563 et
1073 1510 1270 1580 exigui.
1303 1509 1428 1563 Plus
1448 1509 1491 1563 si
1516 1509 1732 1579 quidem
1759 1523 1822 1562 ex
1855 1507 1964 1562 Deo
1984 1508 2151 1562 aude-

579 1615 717 1663 mus,
744 1607 798 1651 et
828 1599 1222 1668 praesumimus,
1263 1614 1422 1667 quam
1450 1599 1527 1653 uti
1578 1612 1854 1653 meremur
1882 1607 1936 1652 et
1965 1613 2152 1667 possu-

581 1704 721 1742 mus.
752 1688 952 1742 Tamen
977 1705 1079 1742 non
1101 1697 1186 1742 est
1211 1687 1478 1753 inefficax,
1502 1687 1749 1756 quisquis
1767 1689 1833 1742 de
1849 1687 2013 1757 528
2043 1686 2153 1741 Deo

2249 517 2400 575 cepta
2428 507 2546 576 lege
2570 506 2772 561 divina.
2807 507 3011 560 Tamen
3063 507 3114 560 in
3164 505 3248 559 bis
3299 505 3551 559 omnibus
3587 509 3818 561 ostendi-

2249 605 2339 651 tur
2367 597 2662 652 diff’erentia
2702 597 3081 666 suppliciorum
3114 598 3164 650 in
3191 596 3390 660 futuro,
3422 597 3560 651 sicut
3582 595 3746 667 529
3771 609 3822 653 et

2249 688 2461 742 diversa
2489 688 2720 756 qualitas
2746 687 3080 740 meritorum.

2322 776 2386 830 In
2414 777 2504 831 illo
2533 789 2758 846 tempore
2776 817 2791 840 ,
2828 782 3140 845 respondens
3168 777 3324 832 Jesas
3353 777 3485 831 dixit
3511 792 3528 829 :
3561 777 3823 845 Conﬁteor

2251 869 2366 930 tibi,
2398 869 2615 922 Domine
2633 866 2794 922 Pater
2819 869 2933 922 caeli
2954 879 3001 922 et
3032 880 3203 934 terrm,
3233 873 3355 940 quia
3376 871 3700 924 abscondisti
3721 873 3824 924 Im'c

2250 957 2568 1025 sapientibus
2594 968 2641 1012 et
2671 958 3036 1027 prudentibus,
3060 968 3106 1012 et
3139 960 3375 1014 reuelasti
3397 977 3458 1014 ea
3487 960 3748 1029 parvulis,
3774 969 3826 1014 ct

2251 1056 2466 1103 uetera.
2503 1047 2774 1115 Quaeritur
2799 1058 3002 1112 autem,
3031 1064 3137 1103 non
3169 1050 3531 1122 interrogatus
3558 1052 3827 1120 quomodo

2253 1141 2597 1210 respondisse
2620 1141 2850 1195 dicitur?
2878 1139 2993 1195 Non
3021 1141 3162 1194 enim
3188 1142 3524 1211 praemissum
3551 1151 3660 1206 est,
3688 1143 3830 1211 quod

2252 1241 2375 1282 eum
2405 1228 2599 1298 aliquis
2627 1229 3037 1299 interrogaverit
3057 1270 3071 1292 ,
3103 1230 3188 1285 vel
3228 1231 3357 1301 quid
3393 1231 3826 1302 interrogaverit.

2252 1317 2404 1385 Quod
2431 1333 2600 1388 genus
2623 1317 2906 1373 locutionis
2939 1329 2994 1374 et
3023 1319 3076 1373 in
3103 1319 3422 1390 Apocalypsi
3444 1320 3694 1391 legimus.
3725 1321 3830 1376 Sed

2253 1420 2432 1467 utrmu
2477 1413 2544 1465 ad
2572 1413 2830 1482 mysticos
2859 1427 3050 1468 sensus
3091 1414 3392 1483 pertineat,
3421 1429 3487 1468 an
3518 1423 3670 1469 certe
3699 1415 3828 1469 sim-

2253 1501 2466 1572 pliciter
2495 1502 2610 1556 haee
2642 1501 2839 1557 locutio
2865 1503 3174 1572 accipienda
3210 1504 3316 1568 sit,
3353 1504 3570 1558 lectoris
3604 1505 3834 1559 arbitrio

2255 1590 2589 1661 derelinquo.
2619 1590 2731 1646 Nisi
2754 1592 2880 1662 quia
2905 1602 3028 1646 sunt
3050 1593 3232 1647 divina
3254 1593 3482 1648 interius
3502 1610 3623 1663 quae
3651 1595 3836 1649 vident

2255 1679 2448 1744 sancti,
2469 1688 2524 1733 et
2548 1680 2771 1734 audiunt
2796 1681 2972 1736 adhuc
3001 1681 3052 1734 in
3072 1697 3256 1746 carne,
3285 1683 3479 1752 quibus
3506 1699 3671 1752 quam
3694 1701 3836 1753 srepe

580 1777 684 1834 ﬁde
711 1794 832 1832 vera
865 1779 983 1848 plus
1006 1777 1285 1848 praesumit
1330 1793 1490 1848 quam
1521 1788 1764 1832 meretur
1817 1787 1912 1832 aut
1965 1777 2154 1847 possit.
2190 1776 2236 1836 Β
2262 1770 2589 1839 respondere
2618 1770 2886 1835 videntur,
2911 1780 2964 1825 et
2996 1771 3193 1841 alloqui
3229 1790 3241 1825 :
3274 1781 3478 1842 quanto
3511 1773 3684 1842 magis
3720 1773 3839 1828 Sal-

579 1867 750 1934 Quam
783 1868 940 1923 ﬁdem
977 1885 1108 1922 sane
1152 1870 1274 1938 quia
1299 1867 1534 1938 praefata:
1561 1868 1722 1923 urbes
1775 1867 2013 1936 recipere
2065 1883 2161 1922 no-

577 1955 809 2019 luerunt,
861 1959 1021 2012 etiam
1050 1957 1448 2027 Capharnaum,
1481 1957 1534 2010 in
1565 1972 1667 2026 qua
1700 1957 1789 2012 diu
1817 1965 2166 2012 conversatus

579 2057 681 2113 est,
710 2049 1016 2113 denotatur,
1045 2057 1099 2102 et
1124 2047 1481 2103 comminatus
1511 2056 1592 2102 est
1621 2048 1693 2102 ei.

651 2177 754 2241 Tu,
779 2177 1169 2248 Capharnaant,
1193 2179 1388 2246 inquit,
1426 2178 1660 2247 nunquid
1681 2178 1734 2230 in
1757 2176 1938 2230 caelum
1963 2175 2164 2229 exalta-

581 2269 714 2322 beris
737 2270 762 2322 ?
796 2267 968 2338 Usque
995 2269 1064 2321 ad
1087 2269 1346 2338 infernam
1369 2268 1666 2323 descendes.
1746 2266 1851 2321 Sed
1874 2267 1927 2321 in
1971 2265 2161 2321 Grzeco

581 2358 782 2414 habet:
817 2359 879 2413 Et
921 2368 996 2423 tu,
1046 2357 1442 2429 Capharnanm,
1491 2374 1612 2428 qua:
1647 2373 1816 2426 usque
1863 2359 1914 2410 in
1964 2356 2160 2411 etelum

579 2451 814 2506 exaltata
839 2467 922 2516 es,
950 2467 1120 2521 usque
1150 2451 1202 2504 in
1235 2451 1504 2505 infernum
1531 2449 1842 2504 deseendes.
1881 2447 1986 2502 Sed
2016 2447 2164 2502 vide-

581 2552 671 2600 tur
701 2545 895 2615 duplex
929 2545 1298 2616 intelligentia.
1339 2544 1431 2597 Vel
1457 2543 1575 2598 ideo
1603 2543 1669 2596 ad
1705 2542 1913 2596 inferna
1940 2540 2162 2594 descen-

582 2634 696 2700 des,
723 2635 848 2704 quia
870 2645 1056 2689 contra
1080 2635 1515 2705 prcedicationem
1551 2646 1726 2686 meam
1775 2629 2162 2700 superbissime

583 2729 852 2792 restitisti,
885 2730 968 2783 vel
1007 2730 1132 2798 quia
1159 2728 1392 2783 exaltata
1425 2742 1596 2796 usque
1648 2725 1715 2780 ad
1767 2723 1986 2788 coelum,
2040 2738 2161 2777 meo

586 2819 820 2886 hospitio
847 2829 901 2872 et
935 2819 1068 2872 meis
1094 2819 1262 2888 signis
1287 2826 1450 2887 atque
1473 2816 1784 2884 virtutibus,
1817 2823 2024 2866 tantum
2070 2813 2161 2866 ha-

583 2906 716 2960 bens
745 2907 1078 2977 privilegium
1105 2906 1394 2974 majoribus
1420 2905 1671 2976 plecteris
1705 2903 2008 2974 suppliciis,
2030 2903 2157 2973 quia

585 2997 671 3051 his
696 2999 918 3052 credere
946 2997 1180 3052 noluisti.
1210 2997 1432 3067 Legitur
1481 3010 1714 3065 namque
1744 2994 1886 3064 quod
1924 2991 2161 3061 Caphar-

485 3133 488 3138 .
585 3087 916 3157 nantnjuxta
955 3096 1198 3157 stagnum
1227 3087 1391 3142 fuerit
1439 3086 1778 3141 Genezareth
1834 3084 1887 3138 in
1941 3081 2158 3136 Gatilaea

585 3178 846 3248 gentium,
869 3189 922 3232 et
948 3178 999 3231 in
1033 3177 1226 3232 ﬁnibus
1250 3177 1488 3232 Zabulon
1533 3185 1588 3230 et
1622 3173 1962 3245 Nephtbalim
1993 3190 2007 3225 :
2039 3170 2160 3225 villa

585 3269 800 3338 quidem
830 3269 1210 3338 pulcherrima,
1241 3270 1336 3324 sed
1357 3278 1616 3338 quantum
1652 3267 1864 3322 videtur
1915 3265 1966 3318 in
2019 3279 2163 3318 com-

589 3359 884 3414 minatione
931 3358 1046 3426 ejus
1093 3359 1387 3414 Jerusalem
1443 3359 1688 3428 culpatur
1732 3358 1874 3427 quod
1922 3372 2013 3412 rea
2059 3358 2164 3420 sit,

584 3449 724 3503 sicut
749 3459 802 3504 et
830 3450 953 3504 alibi
985 3451 1052 3504 ad
1078 3465 1195 3504 eam
1218 3451 1434 3512 dicitur.
1469 3451 1592 3520 quia
1615 3448 1904 3519 justiﬁcata
1954 3456 2036 3502 est
2064 3462 2166 3514 ,εο-

587 3533 790 3595 ιδιιιιιι
848 3541 1080 3596 Sodoma
1115 3557 1182 3595 ex
1219 3550 1288 3606 te,
1334 3551 1394 3594 ut
1428 3549 1683 3610 appareat
1733 3538 1848 3607 ejus
1893 3538 2167 3608 turpitudo

587 3633 924 3699 deliciarum,
951 3645 1007 3692 et
1037 3637 1215 3689 nimia:
1258 3635 1507 3691 elationis
1534 3634 1804 3704 superbia,
1852 3642 2013 3703 atque
2062 3631 2164 3686 fte-

588 3726 727 3782 ditas
758 3728 1029 3782 vitiorum.
1063 3726 1215 3782 Unde
1242 3727 1354 3781 ait:

665 3859 802 3924 Quia
825 3863 868 3914 si
900 3864 953 3914 in
981 3861 1224 3917 Sodomis
1250 3863 1405 3930 factm
1436 3863 1652 3931 fuissent
1691 3863 1902 3916 virtutes
1928 3875 2045 3931 qua:
2086 3861 2168 3929 fa-

591 3959 689 4001 cta:
711 3952 905 4003 suntin
931 3963 1002 4015 te,
1048 3954 1355 4006 mansissent
1401 3969 1561 4021 usque
1587 3955 1639 4006 in
1666 3955 1803 4006 hunc
1852 3953 2010 4006 diem.
2071 3951 2169 4005 Ubi

593 4038 826 4107 primum
853 4042 1141 4095 notandum
1175 4051 1259 4098 est
1296 4043 1419 4111 quia
1465 4043 1670 4097 scelera
1723 4051 1778 4096 et
1823 4041 2021 4112 ﬂagitia
2075 4041 2172 4095 bo-

597 4127 801 4181 minum
851 4144 1228 4198 nonnunquam
1288 4133 1451 4186 vitam
1503 4132 1742 4186 minuant
1791 4131 2173 4201 imprzesentia-

596 4232 736 4270 rum.
764 4216 840 4272 Ac
863 4219 907 4271 si
935 4219 1146 4273 dicatur
1172 4221 1238 4273 de
1265 4222 1344 4274 eis
1376 4239 1388 4274 :
1420 4221 1462 4275 si
1494 4237 1596 4274 non
1629 4229 1943 4289 peccassent
1967 4229 2024 4274 et
2045 4235 2174 4274 con-

597 4316 678 4360 tra
704 4307 868 4363 Deum
893 4325 996 4363 non
1023 4310 1281 4379 egissent,
1321 4311 1644 4364 mansissent
1670 4311 1856 4379 utique
1913 4326 2082 4378 usque
2119 4310 2171 4363 in

595 4396 740 4452 hunc
765 4399 926 4464 diem,
961 4400 1167 4454 scilicet
1189 4401 1239 4453 in
1261 4417 1368 4468 quo
1395 4400 1732 4470 loquebatur.
1788 4402 2168 4455 Verumtamen

2263 1874 2437 1922 vator.
2464 1865 2555 1930 qui
2583 1863 2761 1917 omnia
2787 1878 2907 1933 quas
2948 1863 3174 1922 interius
3204 1872 3327 1920 sunt
3357 1873 3411 1920 et
3437 1865 3617 1919 divina
3646 1868 3842 1934 agebat

2262 1968 2384 2008 eum
2413 1952 2573 2010 Patre
2594 1994 2609 2015 ,
2641 1962 2694 2008 et
2734 1956 3094 2024 respondebat
3120 1956 3356 2010 exterius
3381 1971 3501 2024 qua!
3531 1956 3677 2010 intus
3714 1974 3844 2011 con-

2263 2042 2530 2100 tuebatur.
2564 2042 2713 2097 Unde
2736 2042 2911 2099 Lueas
2939 2063 2951 2097 :
2985 2043 3052 2098 In
3078 2045 3170 2098 illa
3196 2046 3348 2109 liora,
3383 2046 3579 2114 inquit,
3608 2049 3842 2106 exsulto-

2261 2133 2328 2186 vit
2359 2133 2413 2186 in
2440 2132 2639 2203 Spiritu
2661 2143 2843 2188 sancto
2871 2133 3025 2204 (an.
3057 2151 3110 2199 x,
3138 2135 3252 2205 2f),
3280 2137 3532 2204 quoniam
3561 2139 3677 2206 ipse
3704 2153 3847 2193 sem-

2261 2237 2358 2293 per
2385 2239 2504 2278 cum
2528 2223 2638 2278 Deo
2664 2223 2822 2279 Patre
2845 2225 2990 2280 intus
3020 2226 3070 2280 in
3095 2225 3301 2295 Spiritu
3329 2237 3518 2282 sancto
3536 2236 3677 2282 erat.
3707 2229 3844 2284 Nam

2261 2313 2404 2382 quod
2441 2314 2542 2368 iste
2573 2313 2647 2368 ait
2681 2331 2694 2367 :
2732 2312 2798 2368 In
2849 2323 3075 2384 tempore
3122 2315 3245 2380 illo,
3293 2325 3349 2370 et
3393 2316 3567 2372 Lucas
3596 2319 3648 2371 in
3679 2319 3844 2378 hora.

2262 2417 2428 2456 unum
2457 2411 2559 2457 est.
2593 2401 2699 2458 Sed
2727 2404 2793 2458 de
2822 2419 2929 2473 quo
2955 2412 3198 2474 tempore
3229 2406 3310 2461 vel
3335 2407 3468 2462 hora
3489 2408 3725 2472 dicatur,
3753 2409 3846 2464 alii

2261 2503 2546 2564 postquam
2585 2494 2928 2562 exprobravit
2965 2495 3213 2551 civitates
3245 2497 3538 2562 dixerunt,
3569 2500 3656 2565 alii
3699 2512 3847 2569 post-

2261 2599 2421 2654 quam
2439 2583 2775 2654 septuaginta
2789 2583 2892 2638 duo
2907 2582 3152 2654 discipuli
3169 2586 3370 2642 reversi
3385 2595 3530 2651 sunt,
3543 2588 3847 2657 gaudentes

2261 2691 2359 2745 pro
2389 2675 2677 2730 virtutibus
2700 2683 2754 2729 et
2779 2675 2948 2746 signis
2969 2715 2985 2739 ,
3027 2676 3168 2730 unde
3197 2687 3483 2731 monentur
3509 2695 3617 2732 non
3647 2695 3711 2734 se
3738 2681 3845 2736 ele-

2263 2766 2374 2820 vari
2417 2767 2630 2820 debere.
2675 2764 2780 2820 Alii
2810 2781 2938 2821 vero
2980 2766 3033 2820 in
3082 2774 3321 2836 tempore
3343 2777 3399 2822 et
3425 2767 3543 2822 loco
3587 2770 3850 2826 dixerunt

2259 2853 2374 2909 inec
2403 2870 2525 2908 eum
2550 2853 2770 2919 dixisse,
2793 2855 2881 2908 ubi
2905 2855 3108 2910 dictum
3127 2865 3210 2911 est
3238 2874 3251 2910 :
3275 2854 3378 2915 Hic
3402 2867 3474 2911 est
3501 2855 3546 2909 F
3549 2858 3672 2912 ilius
3702 2877 3847 2913 meus

2259 2945 2478 2998 dilectus
2506 2943 2721 3014 (Matth.
2770 2961 2888 3010 xm,
2920 2945 3010 3012 5),
3042 2947 3129 3002 cui
3178 2948 3412 3004 sermoni
3446 2963 3588 3003 nunc
3623 2964 3850 3018 respon-

2260 3035 2386 3092 dere
2418 3035 2625 3089 videtur
2651 3035 2794 3103 quod
2822 3035 2896 3089 ait
2927 3053 2940 3089 :
2973 3035 3236 3106 Conﬁteor
3268 3039 3381 3107 tibi,
3412 3038 3634 3092 Domine
3661 3039 3846 3096 Pater.

2187 3120 2232 3182 C
2262 3125 2338 3179 Ac
2360 3127 2402 3179 si
2427 3125 2662 3179 diceret:
2693 3124 2908 3181 Gratias
2937 3141 3035 3198 ago
3064 3127 3181 3193 tibi,
3207 3130 3330 3198 quia
3351 3131 3673 3185 abscondisti
3701 3151 3736 3186 α
3765 3151 3852 3188 sa-

2261 3215 2516 3285 pientibus
2543 3215 2746 3280 seaculi,
2777 3226 2824 3269 et
2861 3215 3096 3270 revelasti
3119 3233 3179 3270 ea
3208 3217 3462 3287 parvulis,
3492 3231 3549 3273 ut
3574 3237 3661 3276 me
3691 3223 3852 3278 intel-

2264 3307 2464 3377 ligant,
2491 3317 2548 3361 et
2569 3318 2902 3378 cognoscant
2927 3309 3052 3378 quia
3082 3319 3137 3362 tu
3160 3325 3220 3363 es
3242 3310 3295 3365 in
3324 3326 3408 3364 me
3427 3350 3440 3374 ,
3467 3321 3524 3365 et
3545 3326 3646 3381 ego
3669 3315 3728 3367 in
3765 3326 3817 3369 te
3836 3356 3850 3377 ,

2263 3406 2318 3450 et
2339 3397 2436 3466 ipsi
2467 3406 2523 3450 ut
2545 3397 2750 3468 gratias
2771 3406 2932 3468 agant
2957 3398 3218 3454 conﬁteor
3239 3407 3293 3454 et
3314 3401 3526 3455 exsulto
3553 3402 3607 3455 in
3637 3401 3852 3472 Spiritu

2265 3500 2472 3545 saneto.
2506 3490 2691 3553 Pater,
2734 3491 2959 3545 Domine
2984 3531 2999 3556 ,
3028 3492 3222 3560 inquit.
3253 3493 3390 3562 Apte
3431 3493 3645 3548 Patrem
3696 3508 3855 3552 vocat

2266 3599 2408 3646 eum,
2442 3584 2531 3652 qui
2563 3584 2716 3646 dixit,
2749 3582 2849 3636 llic
2873 3594 2946 3637 est
2976 3582 3149 3638 Filius
3178 3601 3323 3638 meus
3354 3586 3593 3640 dilectus.
3626 3587 3695 3641 Et
3726 3588 3857 3643 facit

2268 3674 2356 3729 hic
2381 3673 2527 3730 locus
2550 3683 2734 3729 contra
2762 3690 2856 3729 eos
2885 3675 2973 3744 qui
3003 3675 3189 3730 dicunt
3213 3675 3486 3731 Christum
3521 3694 3627 3731 non
3661 3691 3854 3733 natum

2268 3780 2407 3828 esse,
2440 3765 2534 3818 sed
2557 3773 2820 3828 creatum,
2844 3765 2968 3834 quia
2992 3764 3209 3822 Patrem
3230 3782 3353 3821 eum
3375 3776 3552 3822 vocat.
3577 3769 3854 3824 Cteterum

2270 3857 2526 3911 Dominus
2553 3868 2635 3911 est
2661 3856 2781 3911 caeli
2807 3867 2862 3910 et
2887 3866 3062 3923 terra,
3093 3859 3217 3914 licet
3252 3869 3308 3914 et
3339 3859 3453 3930 ipse
3482 3860 3717 3915 fortnam
3747 3879 3859 3917 ser-

2273 3948 2322 4001 vi
2354 3949 2644 4018 acceperit.
2676 3948 2800 4003 Ideo
2825 3949 3108 4004 Dominum
3135 3951 3260 4006 coeli
3291 3953 3446 4016 dicit,
3472 3953 3597 4022 quia
3623 3954 3692 4008 de
3720 3955 3863 4009 caalo

2273 4054 2372 4092 vos
2401 4050 2678 4102 sonuerat,
2708 4049 2762 4094 et
2789 4041 2844 4094 in
2879 4042 3036 4096 terris
3063 4045 3466 4099 monstrabatur
3490 4047 3744 4113 paternis
3770 4047 3861 4101 Dei

2273 4127 2442 4182 Filius
2490 4129 2722 4183 iudieiis.
2770 4130 3018 4199 Alioquin
3051 4133 3442 4202 inconsequens
3473 4133 3571 4188 fuit
3599 4175 3614 4199 ,
3649 4151 3766 4189 non
3812 4146 3867 4189 et

2274 4221 2355 4275 sui
2389 4236 2451 4276 ac
2477 4221 2600 4276 ειειί
2631 4232 2685 4275 ει
2725 4230 2884 4278 terra:
2922 4223 3206 4279 Dominum
3238 4225 3323 4279 vel
3364 4235 3572 4294 patrem
3607 4227 3869 4282 similiter

2273 4309 2558 4378 appellare.
2587 4311 2962 4378 Abseondisti,
2992 4313 3194 4384 inquit,
3223 4330 3287 4369 ea
3313 4317 3646 4386 sapientibus
3673 4320 3869 4374 surculi

2275 4400 2341 4455 de
2368 4416 2452 4455 me
2480 4417 2600 4470 qua:
2625 4402 2863 4470 parvulis
2886 4403 3158 4470 revelasti,
3190 4421 3219 4458 a
3245 4408 3441 4475 quibus
3457 4407 3766 4476 justiﬁcatn
3795 4421 3870 4464 est

595 4487 736 4556 quod
759 4489 854 4552 ait,
886 4488 1121 4551 forte,ac
1145 4491 1186 4544 si
1211 4464 1509 4546 dubitantis
1533 4491 1867 4554 adverbium,
1893 4505 1996 4544 non
2023 4493 2168 4560 quod
2202 4464 2250 4523 ί)
2273 4464 2548 4562 sapientia,
2576 4464 2726 4561 quasi
2754 4510 2786 4546 a
2814 4493 2939 4561 [iliis
2969 4496 3076 4550 suis
3108 4464 3318 4564 (dfnttft.
3361 4514 3436 4557 xl.
3457 4464 3670 4567 '19),'et
3700 4516 3816 4555 non
3841 4518 3872 4553 a

598 4578 856 4632 Dominus
885 4579 1156 4648 quidpiam
1181 4579 1468 4645 dubitaret,
1518 4579 1612 4635 sed
1652 4588 1711 4632 ut
1757 4579 1912 4634 liberi
1960 4580 2171 4634 arbitrii

597 4667 817 4722 daretur
844 4667 992 4723 locus
1018 4679 1071 4723 et
1105 4670 1332 4726 facultas
1358 4671 1607 4726 manendi
1639 4670 1681 4724 si
1707 4685 1930 4738 peccare
1971 4670 2171 4724 noluis-

597 4768 734 4824 sent,
767 4776 888 4813 cum
919 4760 1074 4814 ﬁdem
1105 4779 1170 4817 ex
1204 4763 1370 4832 signis
1395 4773 1448 4816 et
1478 4762 1735 4833 prodigiis
1786 4762 2168 4830 suscepissent.

597 4847 732 4902 Nam
759 4850 905 4904 salus
939 4852 1114 4906 omnis
1137 4866 1199 4906 es
1226 4851 1328 4905 ﬁde
1349 4861 1450 4905 est.
1484 4851 1549 4906 Et
1573 4853 1692 4906 ideo
1731 4851 1821 4904 ubi
1878 4861 1958 4906 tot
2006 4853 2172 4904 mira-

599 4939 717 4993 cula
757 4941 868 4995 visa
901 4951 1065 5006 sunt,
1099 4943 1369 4997 debuisset
1403 4958 1506 4996 nou
1536 4943 1706 4998 solum
1735 4953 2003 5011 gestorum
2043 4943 2177 4997 visio

598 5047 794 5088 vocare
814 5033 879 5088 ad
903 5043 1123 5098 metum,
1151 5045 1201 5088 et
1225 5034 1291 5088 ad
1333 5034 1491 5088 fidem
1545 5051 1755 5104 rapere,
1802 5053 1986 5090 verum
2040 5037 2175 5104 ipsa,

598 5121 781 5178 liceta
812 5123 988 5194 longe,
1033 5125 1234 5179 auditio
1278 5125 1528 5179 invitare.
1581 5125 1686 5180 Sed
1730 5125 1968 5180 infelices
2006 5125 2176 5182 Judtei

600 5213 895 5284 interquos
925 5215 1064 5268 facta
1115 5223 1240 5268 sunt
1283 5213 1429 5279 talia,
1477 5224 1532 5269 et
1571 5216 1764 5285 quibus
1817 5217 2176 5286 przenuntiata

599 5312 724 5358 sunt
751 5303 865 5358 inec
922 5304 1142 5369 eximia,
1193 5319 1421 5372 quorum
1470 5304 1775 5360 immanitas
1831 5314 2175 5376 peccatorum

599 5393 744 5464 facit,
780 5405 967 5450 utnon
998 5396 1171 5452 solum
1193 5395 1372 5466 Tyriis
1395 5404 1449 5452 et
1469 5395 1704 5452 Sidoniis
1743 5397 1879 5466 levia
1910 5397 2019 5452 sint
2056 5413 2176 5467 pec-

601 5495 742 5551 cata,
786 5504 970 5543 verum
995 5490 1156 5550 etiam
1185 5489 1538 5544 Sodomorum
1583 5498 1639 5544 et
1681 5488 2171 5552 Gomorrbzeorum,

601 5579 726 5646 quia
750 5578 886 5634 forte
916 5582 1019 5636 illis
1049 5583 1300 5638 credendi
1353 5582 1540 5637 fuisset
1587 5583 1832 5644 affectus,
1888 5584 1930 5635 si
1990 5583 2174 5636 talium

607 5673 863 5724 virtutum
887 5674 1266 5743 contemplatio
1297 5677 1625 5745 contigisset.
1701 5675 1762 5727 Et
1813 5674 1950 5741 qinul
2008 5675 2174 5741 magis

2273 4579 2500 4645 Iudaeis,
2532 4582 2622 4651 qui
2655 4582 2945 4637 noluerunt
2980 4583 3234 4654 plangere
3265 4601 3386 4640 cum
3412 4585 3619 4641 Joanne
3641 4628 3654 4650 ,
3686 4604 3876 4659 neque

2275 4671 2436 4740 530
2463 4671 2662 4726 saltare
2689 4681 2744 4726 et
2783 4673 3016 4742 gaudere
3062 4675 3128 4728 ad
3162 4675 3434 4728 canticum
3477 4675 3572 4728 ﬁlii
3600 4677 3873 4731 beluinis.

2277 4762 2381 4818 Sed
2409 4762 2699 4816 humilibus
2727 4772 2783 4817 et
2812 4763 3049 4833 parvulis
3079 4765 3327 4819 revelasti
3360 4765 3625 4834 profunda
3655 4783 3749 4835 my
3762 4777 3874 4821 ste-

2277 4853 2376 4913 ria.
2401 4868 2521 4922 quce
2543 4854 2875 4921 sapientibus
2905 4863 2960 4907 et
2988 4853 3195 4909 Scribis
3217 4855 3569 4910 abscondisti.
3599 4855 3880 4925 Alioquin

2281 4945 2381 4998 nisi
2411 4944 2490 4998 eis
2535 4943 2844 4998 abscondita
2873 4954 3056 5000 essent
3100 4947 3165 4999 de
3193 4944 3409 5000 Christo
3431 4987 3446 5010 ,
3478 4961 3765 5014 nunquam
3799 4953 3882 5001 sic

2279 5035 2642 5089 aberrassent.
2680 5033 2892 5088 Parvuli
2924 5045 3102 5090 autem
3134 5037 3358 5105 apostoli
3379 5077 3393 5102 ,
3423 5037 3506 5091 vel
3531 5051 3731 5092 omnes
3765 5039 3884 5091 dis-

2279 5124 2440 5194 cipuii
2467 5124 2667 5180 Christi
2695 5126 2814 5180 ideo
2843 5136 3125 5192 vocantur,
3146 5129 3270 5197 quia
3297 5144 3326 5182 a
3351 5128 3552 5182 malitia
3575 5138 3708 5182 sunt
3733 5130 3883 5183 alie-

2279 5213 2481 5278 ni;vel
2527 5213 2651 5282 quia
2694 5213 2923 5268 humiles
2972 5224 3127 5269 erant
3157 5225 3210 5270 et
3253 5216 3585 5271 innocentes.
3635 5215 3886 5286 Insuper

2279 5305 2442 5360 etiam
2465 5312 2521 5358 et
2551 5305 2713 5360 rudes
2738 5305 2791 5358 in
2822 5305 3107 5374 sapientia,
3138 5318 3407 5375 quatenus
3431 5309 3497 5361 de
3523 5322 3583 5362 se
3607 5307 3752 5361 nihil
3781 5308 3888 5362 ha-

2279 5398 2508 5461 herent,
2554 5396 2649 5452 sed
2677 5407 2848 5452 totum
2879 5399 3021 5467 quod
3047 5409 3166 5453 erat
3209 5400 3262 5454 in
3295 5399 3375 5454 eis
3396 5440 3410 5463 ,
3443 5415 3510 5454 ex
3538 5400 3648 5453 Deo
3693 5411 3886 5455 esset.

2283 5489 2419 5543 Hine
2446 5503 2660 5557 quoque
2691 5489 3018 5545 blandientis
3042 5489 3234 5545 affectu
3269 5491 3504 5560 loquitur
3526 5491 3592 5543 ad
3618 5490 3888 5554 Patrem,

2281 5598 2344 5636 eo
2367 5581 2507 5650 quod
2534 5579 2800 5634 ineffabile
2821 5592 3216 5635 sacramentum
3241 5581 3498 5650 apostolis
3514 5582 3888 5643 reseraverit,

2283 5684 2328 5726 et
2372 5674 2435 5724 de
2469 5691 2525 5722 se
2557 5674 3003 5739 przrsumeulilms
3026 5713 3038 5736 ,
3075 5673 3212 5726 male
3242 5674 3428 5726 inanes
3459 5670 3746 5737 reliquerit
3775 5712 3793 5732 ,
3825 5681 3890 5721 ut
