4004 6362
201 325 291 380 M9
985 326 1344 383 EXI'OSITIO
1381 329 1445 382 IN
1489 330 1922 387 MATTILEUM.
1964 363 2028 372 --
2073 334 2194 388 LIB.
2239 336 2322 401 VI,
2361 337 2510 392 CAP.
2557 339 2643 393 XI.

3329 339 3435 394 ιδο

199 441 428 495 universa
475 439 850 509 compleantur
889 452 1066 512 empta
1114 444 1164 496 in
1209 445 1465 512 apostolis
1501 445 1763 501 beneﬁcia
1791 455 1839 512 Α
1871 447 2020 503 Unde
2042 451 2412 518 qua-reudum,
2439 452 2482 504 si
2513 452 2738 520 idipsum
2767 452 2834 505 sit
2869 467 2896 504 a
2939 451 3074 506 Filio
3106 453 3349 522 accipere
3381 464 3436 508 et

197 533 411 603 pietatis.
449 530 708 600 Sequitur
737 551 750 584 :

257 624 441 678 Omnia
487 624 617 676 mihi
656 626 852 678 tradita
880 637 1000 680 sunt
1030 644 1061 680 a
1088 625 1247 682 Patre
1289 646 1419 683 meo.
1451 630 1517 684 Et
1545 631 1758 683 tradeno

197 723 288 768 tem
316 711 533 767 Patrem
567 722 622 767 et
651 714 1004 782 accipientem
1032 716 1223 770 Filium
1250 758 1265 782 ,
1310 719 1498 783 lector,
1537 720 1758 789 mystice

195 805 374 871 accipe.
407 803 688 872 Alioquin.
709 805 753 856 si
796 804 946 872 juxta
978 807 1319 874 fragilitatem
1355 817 1594 862 nostram
1635 826 1758 863 sen-

196 899 280 950 tire
307 895 639 956 voluerimus
660 937 673 959 ,
709 914 831 950 cum
874 899 1101 967 cmperit
1134 915 1230 969 pro
1256 911 1407 955 certo
1434 902 1632 956 habere
1665 902 1755 971 qui

194 986 408 1054 accipit,
459 985 648 1054 incipit
694 1002 796 1039 non
833 987 1033 1041 habere
1074 989 1164 1058 qui
1193 989 1422 1046 dederit.
1462 992 1658 1045 Verum
1691 1005 1757 1045 ne

193 1077 302 1144 quid
344 1076 398 1128 in
446 1075 670 1130 Christo
717 1077 893 1130 minus
917 1079 1259 1135 existimares
1287 1097 1448 1150 quam
1480 1083 1532 1135 in
1563 1083 1753 1146 Patre,

191 1168 296 1234 quia
317 1165 652 1220 blandientis
676 1166 865 1220 adectu
889 1184 947 1222 se
968 1170 1314 1236 submiserat,
1337 1173 1432 1235 ait,
1455 1174 1634 1226 omnia
1655 1173 1754 1227 sibi

194 1275 217 1311 a
237 1259 386 1314 Patre
421 1260 622 1313 tradita
651 1275 792 1314 esse.
830 1259 1092 1326 Quoniam
1122 1264 1261 1318 sicut
1299 1265 1363 1316 ad
1394 1265 1612 1319 Patrem
1644 1265 1757 1334 ipse

193 1351 290 1402 ait:
320 1347 516 1402 Omnia
554 1366 668 1402 mea
697 1359 788 1403 tua
813 1362 932 1404 sunt
957 1392 971 1414 ,
1002 1363 1049 1404 et
1077 1362 1168 1406 tua
1197 1371 1310 1408 utea
1337 1353 1489 1424 (Luc.
1522 1371 1612 1418 xv,
1642 1357 1754 1424 5|),

192 1443 409 1496 ostendit
453 1457 616 1496 unam
649 1450 896 1497 naturam
947 1446 1169 1500 Deitatis
1197 1463 1465 1517 unamque
1502 1448 1756 1502 divinita-

194 1541 292 1584 tem
324 1547 339 1586 :
368 1533 442 1584 ita
470 1539 525 1585 et
552 1532 605 1585 in
635 1547 700 1586 eo
720 1574 733 1597 ,
761 1534 884 1588 dum
915 1535 1011 1588 soli
1041 1551 1098 1590 se
1126 1536 1270 1592 Patri
1298 1540 1572 1608 cognitum
1603 1540 1755 1605 dicit,

199 1621 504 1690 Patremque
541 1623 640 1677 soli
675 1625 775 1679 sibi
807 1635 990 1679 notum
1005 1632 1032 1690 ',
1062 1627 1143 1682 vel
1173 1629 1258 1682 cui
1287 1645 1344 1683 se
1375 1631 1489 1700 ipse
1519 1631 1757 1687 revelare

201 1714 428 1768 voluerit.
464 1715 516 1768 In
545 1732 651 1786 qua
671 1731 802 1770 sane
827 1717 1178 1781 revelatione,
1207 1722 1451 1775 eamdem
1479 1722 1756 1791 utriusque

1859 553 1889 591 a
1923 537 2082 593 Patre
2123 542 2450 608 procedere?
2476 544 2618 611 quod
2652 542 2883 612 idipsum
2925 551 3087 612 atque
3117 559 3282 596 unum
3314 559 3434 600 esse

1858 627 2088 692 videtur,
2115 645 2143 681 a
2171 629 2334 684 Patre
2356 632 2650 700 procedere
2674 641 2731 686 et
2756 648 2785 684 a
2810 632 2964 696 Filio,
2996 643 3160 701 atque
3189 635 3434 703 accipere

1858 731 1886 769 a
1925 715 2062 771 Filio
2090 719 2230 772 sicut
2255 729 2311 772 et
2333 736 2362 772 a
2394 720 2586 785 Patre;
2618 723 2742 791 quia
2776 722 2913 776 dixit
2943 725 3008 777 de
3038 740 3158 778 meo
3185 724 3273 778 ille
3295 727 3436 780 acci-

1856 806 2001 874 piet,
2030 817 2084 861 et
2111 809 2290 862 omnia
2333 826 2662 880 quaecunque
2703 814 2863 868 habet
2907 814 3069 868 Pater
3109 832 3226 868 mea
3268 828 3432 882 sunt,

1857 906 2137 965 propterea
2169 899 2304 962 dixi,
2334 901 2461 970 quia
2493 903 2558 956 de
2598 919 2718 957 meo
2759 903 2848 958 ille
2876 906 3124 974 accipiet.
3168 905 3276 960 lloc
3304 922 3434 978 ergo

1857 986 1998 1054 quod
2037 988 2190 1051 dicit,
2222 990 2480 1059 accipiet,
2511 993 2626 1047 sive
2672 1003 2913 1062 potestas
2958 996 3063 1060 sit,
3093 999 3206 1050 sive
3239 999 3433 1063 virtus,

1856 1077 1970 1134 sive
1997 1081 2242 1135 doctrina
2261 1122 2276 1147 ,
2304 1083 2418 1138 sive
2447 1084 2589 1139 aliud
2616 1085 2814 1156 aliquid
2841 1089 2984 1157 quod
3021 1090 3435 1145 annuntiatnrus

1855 1180 1974 1224 erat
1995 1171 2076 1224 eis
2096 1171 2280 1234 Filius,
2304 1187 2334 1225 a
2367 1188 2424 1226 se
2458 1175 2828 1242 accipiendum
2860 1178 3022 1241 dicit;
3055 1189 3110 1232 et
3135 1180 3234 1232 hoc
3261 1179 3432 1248 ipsum

1855 1262 2076 1317 omnino
2096 1263 2162 1329 de
2185 1262 2342 1317 Patre
2363 1265 2734 1336 accipiendmn
2758 1284 2880 1324 esse
2901 1271 3244 1338 signiﬁcavit,
3272 1289 3300 1325 a
3327 1288 3434 1342 quo

1857 1350 2118 1420 procedit.
2148 1352 2282 1405 Cum
2320 1354 2462 1408 enim
2493 1355 2567 1408 ait
2603 1372 2615 1405 τ
2648 1355 2838 1410 Omnia
2877 1360 3072 1412 tradita
3099 1371 3218 1413 sunt
3246 1363 3372 1414 mihi
3402 1379 3435 1415 a

1858 1440 2018 1493 Patre
2044 1457 2176 1503 meo,
2212 1442 2447 1497 insinuat
2471 1445 2610 1513 quod
2635 1447 2813 1500 omnia
2845 1465 2965 1517 qum
2985 1449 3162 1504 Patris
3191 1459 3315 1504 sunt
3335 1467 3429 1504 sua

1856 1539 1998 1584 sunt.
2031 1531 2095 1584 Et
2130 1531 2249 1585 ideo
2280 1548 2399 1602 quas
2429 1549 2459 1587 a
2495 1533 2656 1591 Patre
2681 1539 2992 1606 accipienda
3025 1548 3180 1603 sunt,
3208 1541 3370 1594 etiam
3403 1556 3434 1595 a

1856 1636 1914 1676 se
1939 1623 2128 1690 accipi,
2154 1625 2277 1693 quia
2308 1629 2486 1679 omnia
2511 1642 2631 1696 qua:
2664 1627 2837 1682 Patris
2867 1642 2989 1684 sunt
3013 1648 3107 1684 sua
3132 1641 3277 1695 sunt,
3309 1634 3434 1701 quia

1856 1711 1955 1765 sibi
1978 1727 2007 1766 a
2033 1712 2211 1777 Patre,
2233 1730 2299 1768 eo
2321 1717 2459 1784 quod
2483 1717 2550 1769 ab
2575 1719 2688 1787 ipso
2709 1721 2920 1788 genitus
2942 1728 3043 1781 est.
3071 1722 3264 1774 tradita
3287 1731 3431 1775 sunt.

190 1807 459 1859 immutata
491 1808 593 1861 sibi
629 1809 697 1863 ad
747 1809 975 1864 invicem
1004 1812 1310 1881 cognitione
1337 1854 1351 1877 ν
1395 1814 1750 1869 subslamjam
1785 1800 1828 1859 Β
1857 1804 1971 1858 NOII
2006 1805 2168 1860 habet
2200 1808 2360 1877 igitur
2584 1810 2693 1864 haec
2724 1811 2899 1864 unitas
2921 1812 3306 1876 diversitatem,
3337 1828 3436 1867 nec

187 1911 294 1950 esse
318 1898 502 1952 docet.
545 1897 616 1953 Ut
639 1901 727 1967 qui
753 1900 947 1954 Filium
977 1904 1286 1971 cognoverit
1307 1903 1520 1959 Patrem
1543 1920 1756 1974 quoque

185 2003 470 2058 cognoscat
501 1991 554 2044 in
593 1991 727 2045 Filio
747 2031 761 2054 ,
792 1993 916 2061 quia
945 1994 1123 2046 omnia
1161 1994 1210 2047 ei
1242 2010 1270 2047 a
1302 1994 1461 2049 Patre
1490 2006 1612 2050 sunt
1642 2004 1753 2049 tra-

184 2079 300 2141 dita,
323 2096 457 2134 cum
486 2082 700 2150 genitus
718 2098 786 2136 ex
811 2098 877 2136 eo
901 2091 982 2137 est
1010 2085 1487 2140 consubstantialis
1510 2085 1679 2141 Filius
1703 2086 1754 2141 in

183 2187 277 2239 quo
303 2183 396 2225 est
447 2174 584 2242 ipse.
616 2174 790 2243 Atque
837 2175 908 2228 ita
957 2175 1009 2229 in
1058 2176 1158 2231 hoc
1195 2188 1393 2232 mntnze
1437 2180 1756 2250 cognitionis

181 2273 405 2327 secreto,
440 2264 760 2335 intelligitur
807 2266 857 2318 in
905 2265 1040 2320 Filio
1076 2284 1181 2322 non
1229 2269 1374 2322 aliud
1427 2285 1548 2324 esse
1594 2286 1754 2340 quam

179 2352 304 2418 quod
337 2353 399 2406 in
426 2352 592 2406 Patre
618 2361 731 2416 est;
765 2354 886 2422 quia
917 2356 1028 2424 ipse
1060 2355 1218 2411 Pater
1243 2358 1294 2412 iu
1323 2358 1460 2413 Filio
1484 2369 1586 2422 est,
1619 2361 1758 2416 sicut

179 2451 225 2495 et
248 2441 423 2496 Filius
455 2443 512 2496 in
545 2441 724 2498 Patre.
759 2444 824 2498 Et
853 2461 972 2513 quae
993 2445 1170 2500 Patris
1195 2458 1318 2502 sunt
1349 2450 1528 2504 omnia
1557 2450 1606 2504 ei
1651 2459 1759 2504 tra-

177 2533 274 2586 dita
303 2543 444 2587 sunt
463 2574 478 2596 ,
511 2549 634 2587 cum
674 2537 946 2590 nascendo
972 2537 1118 2592 Patri
1153 2537 1320 2592 Filius
1342 2552 1671 2610 exmquetur,
1700 2551 1758 2594 ut

177 2624 238 2676 sit
262 2626 308 2678 ei
349 2623 587 2694 aequalis
614 2640 708 2694 per
736 2625 936 2688 omnia,
988 2636 1204 2691 natura,
1237 2627 1478 2693 honore,
1514 2645 1578 2684 ac
1612 2639 1759 2700 pote-

177 2722 320 2767 state.
347 2713 702 2783 Quapropter
728 2731 856 2785 rogo
877 2732 979 2769 non
996 2718 1286 2772 Secundum
1313 2720 1621 2790 corporales
1646 2737 1752 2778 mm

179 2805 282 2869 dos,
313 2806 522 2870 lector,
546 2805 748 2860 dictum
773 2807 1052 2863 existimes
1073 2809 1268 2864 Filium
1300 2811 1478 2866 inesse
1501 2812 1553 2866 in
1574 2811 1753 2880 Patre,

178 2896 251 2951 vel
271 2896 498 2952 Patrem
526 2897 579 2951 in
604 2896 766 2963 Filio;
801 2913 866 2953 ne
887 2900 1039 2968 quasi
1064 2900 1180 2956 loco
1201 2901 1342 2956 Deus
1364 2918 1609 2969 manens,
1635 2921 1760 2960 nus-

177 3001 322 3052 quam
355 2986 492 3041 alibi
531 2996 748 3042 exstare
780 2988 1026 3043 videatur
1056 3005 1086 3044 a
1110 3005 1248 3054 sese,
1280 2991 1418 3045 sicut
1447 2991 1634 3059 homo,
1667 3004 1760 3050 aut

179 3078 307 3131 aliud
330 3078 547 3148 aliquid
578 3078 628 3131 ei
659 3079 864 3144 simile;
896 3095 1018 3134 cum
1049 3081 1246 3136 alicubi
1279 3092 1390 3145 est,
1423 3082 1548 3137 alibi
1579 3092 1756 3140 tamen

181 3174 392 3225 omnino
419 3186 535 3226 non
580 3180 681 3227 est.
709 3170 844 3238 Quia
893 3172 944 3226 id
970 3173 1112 3242 quod
1141 3183 1259 3239 est,
1306 3174 1416 3229 illic
1455 3177 1758 3231 continetur

184 3262 260 3313 uhi
289 3262 450 3333 531
488 3272 606 3327 est;
638 3262 778 3318 Deus
805 3272 984 3317 autem
1017 3265 1292 3320 immensas
1329 3266 1543 3320 virtutis
1571 3277 1653 3322 est
1677 3266 1759 3321 vi-

179 3366 301 3404 rcus
345 3351 592 3420 ubique,
640 3360 882 3420 potestas
929 3369 1049 3422 quze
1100 3370 1364 3424 nusquam
1393 3363 1447 3410 et
1486 3371 1757 3425 nunquam

180 3439 361 3502 abem,
400 3443 494 3509 qui
526 3449 670 3495 totus
705 3442 758 3495 in
801 3442 959 3496 Patre
995 3443 1192 3506 Filius,
1227 3452 1283 3497 et
1309 3443 1472 3499 Pater
1499 3445 1550 3499 in
1588 3444 1756 3510 Filio,

181 3545 326 3582 unus
350 3540 409 3584 et
431 3545 586 3585 verus
616 3533 755 3587 Deus
775 3543 878 3587 est.
905 3532 982 3589 Ac
1007 3550 1103 3603 per
1129 3534 1228 3589 hoc
1253 3534 1420 3591 Filius
1448 3551 1567 3590 cum
1591 3536 1755 3590 dicit:

187 3619 384 3675 Omnia
409 3621 536 3674 mihi
563 3625 752 3677 tradita
777 3635 896 3679 sunt
923 3643 954 3678 a
978 3623 1137 3680 Patre
1161 3642 1291 3688 meo,
1321 3634 1374 3680 et
1398 3641 1519 3680 cum
1545 3627 1619 3680 ait
1648 3627 1760 3696 ipse

180 3715 246 3765 ad
277 3712 494 3767 Patrem
522 3731 535 3767 :
564 3713 753 3769 Omnia
785 3733 898 3769 mea
929 3726 1020 3770 tua
1051 3727 1204 3781 sunt,
1239 3727 1286 3769 et
1317 3727 1407 3769 tua
1441 3734 1588 3781 mea,
1629 3717 1760 3787 seip-

179 3818 294 3856 sum
316 3811 372 3856 et
395 3803 609 3858 Patrem
630 3807 985 3860 demonstrat.
1007 3806 1140 3872 Quia
1163 3823 1278 3868 sua,
1305 3823 1409 3861 non
1434 3807 1576 3860 aliud
1598 3823 1758 3876 quam

179 3907 236 3944 se
266 3907 384 3947 csse
413 3909 444 3947 a
468 3892 633 3948 Patre
659 3895 899 3964 genitum
920 3895 1206 3966 signiﬁcat,
1237 3905 1296 3950 ut
1322 3897 1409 3949 ubi
1435 3911 1530 3950 sua
1556 3896 1758 3961 insunt,

185 3980 294 4048 ipse
318 3998 438 4038 esse
487 3994 635 4039 recte
664 3985 1010 4056 intelligatur.
1042 3985 1156 4040 Non
1188 3985 1452 4056 corporali
1493 3986 1760 4066 siquidem

176 4075 352 4138 modo,
379 4077 540 4144 quasi
574 4075 772 4130 alicubi
811 4091 914 4130 non
942 4077 1031 4141 sit,
1062 4085 1117 4130 et
1144 4091 1248 4130 non
1281 4077 1479 4145 ubique
1502 4091 1620 4130 esse
1642 4090 1762 4131 cre-

173 4167 346 4232 datur,
384 4184 514 4222 eum
557 4184 654 4237 per
685 4184 781 4223 sua
807 4209 820 4230 ,
869 4179 920 4223 et
956 4185 1050 4239 pcr
1078 4185 1141 4225 ea
1187 4186 1307 4239 qua:
1351 4170 1548 4224 tradita
1575 4179 1699 4224 sunt
1728 4185 1759 4225 a

171 4255 326 4312 Patre
353 4299 369 4322 ,
411 4259 466 4312 in
517 4259 768 4313 omnibus
798 4275 917 4314 csse
948 4277 1051 4314 nou
1095 4260 1346 4325 desinat,
1399 4261 1490 4330 qui
1523 4270 1665 4314 totus
1707 4261 1759 4314 in

169 4344 320 4402 Patre
346 4358 462 4402 est.
494 4349 575 4402 Ac
603 4364 700 4417 per
739 4350 838 4404 hoc
871 4351 1004 4418 ipse,
1037 4361 1094 4405 ut
1121 4352 1323 4406 dictum
1353 4361 1455 4413 est,
1486 4367 1590 4405 non
1616 4350 1759 4404 aliud

1857 1895 2034 1950 diﬂ‘ert
2068 1913 2097 1948 a
2127 1912 2232 1965 quo
2277 1907 2553 1967 acceptum
2584 1900 2670 1953 sit.
2706 1900 2838 1966 Quia
2881 1902 3021 1969 quod
3069 1901 3250 1954 datum
3279 1911 3362 1956 est
3405 1920 3434 1956 a

1860 1987 2036 2051 Patre,
2061 2004 2089 2040 a
2117 1987 2274 2041 Patre
2296 1998 2400 2052 est,
2430 1989 2720 2058 datumque
2745 1991 2978 2044 refertur
2997 2002 3049 2045 et
3073 2009 3100 2044 a
3129 1992 3282 2055 Filio,
3308 1993 3435 2062 quia

1857 2079 2034 2132 omnia
2077 2094 2196 2148 qum
2229 2079 2383 2133 habet
2421 2079 2601 2143 Pater,
2634 2082 2796 2136 habet
2831 2081 2997 2135 Filius
3023 2123 3038 2146 ,
3086 2084 3208 2152 quia
3242 2083 3435 2137 tradita

1857 2178 1981 2223 sunt
2011 2169 2059 2223 ei
2101 2170 2302 2223 omnia.
2352 2169 2489 2225 lliuc
2534 2171 2698 2242 igitur
2735 2181 2884 2241 patet
2929 2174 3053 2242 quia
3104 2189 3262 2227 nemo
3295 2184 3438 2228 recte

1859 2259 2046 2313 dividit
2073 2271 2320 2313 naturam
2364 2259 2542 2316 Patris
2573 2278 2602 2314 a
2636 2261 2800 2327 Filio,
2832 2277 2992 2318 nemo
3036 2264 3301 2318 catholico
3331 2265 3439 2318 dis-

1858 2358 2020 2404 secat'
2053 2349 2190 2404 hanc
2218 2351 2478 2405 unitatem
2501 2390 2517 2416 ,
2560 2367 2732 2422 neque
2779 2351 2940 2408 infert
2969 2354 3022 2407 in
3053 2353 3160 2406 ullo
3203 2354 3437 2423 aliquam

1858 2438 2370 2503 dissimilitudinem,
2409 2455 2504 2509 per
2533 2455 2694 2509 quam
2724 2440 2893 2496 Filius
2920 2457 3026 2496 non
3054 2443 3124 2495 sit
3153 2443 3204 2495 in
3234 2443 3440 2498 unitate

1859 2537 2066 2582 natura:
2086 2545 2312 2597 quorum
2335 2540 2417 2584 est
2445 2529 2679 2600 Spiritus
2704 2540 2942 2597 sanctus,
2973 2549 3076 2586 una
3104 2534 3434 2596 communio,

1859 2634 1967 2672 una
1995 2619 2233 2673 charitas
2259 2620 2540 2684 naturalis,
2565 2629 2725 2691 atque
2742 2622 2922 2676 unitas
2945 2625 3435 2678 consubstantialis.

1858 2707 2064 2764 Idcirco
2088 2711 2333 2764 universa
2360 2726 2480 2780 qnte
2505 2710 2682 2766 Patris
2704 2720 2851 2775 sunt,
2877 2712 3126 2768 similiter
3147 2729 3208 2766 ea
3234 2724 3289 2767 et
3316 2713 3438 2768 Filii

1859 2810 2002 2864 sunt,
2025 2800 2148 2869 quia
2174 2801 2222 2855 ei
2249 2817 2278 2854 a
2300 2799 2461 2854 Patre
2483 2802 2662 2856 omnia
2690 2803 2881 2857 tradita
2907 2811 3048 2856 sunt.
3080 2803 3145 2856 Et
3167 2804 3285 2857 ideo
3313 2820 3440 2874 pru-

1859 2893 2068 2955 denter,
2094 2901 2152 2946 ut
2182 2893 2290 2946 dixi
2310 2933 2324 2957 ,
2358 2894 2792 2964 distinguendum
2818 2902 2932 2958 est,
2963 2903 3022 2948 ut
3050 2895 3197 2949 dicas
3223 2913 3235 2948 ε
3261 2894 3440 2961 Con/i-

1858 2993 1968 3036 teor
1995 2983 2121 3047 tibi,
2152 2982 2330 3048 Pater,
2362 2983 2555 3037 deinde
2583 2982 2787 3038 inferas
2817 3002 2829 3036 :
2862 2983 3082 3036 Domine
3109 2983 3226 3037 caeli
3253 2994 3300 3037 et
3329 2995 3435 3037 ter-

1862 3092 1932 3130 ra:
1946 3093 1964 3140 ;
1989 3075 2115 3145 quia
2136 3085 2219 3130 est
2242 3091 2338 3146 per
2357 3087 2604 3130 naturam
2631 3077 2806 3140 Pater,
2828 3078 2946 3132 coeli
2970 3087 3148 3132 autem
3175 3093 3240 3131 ac
3264 3087 3439 3141 teme,

1785 3158 1828 3220 C
1861 3166 2118 3222 Dominus
2145 3183 2210 3223 ac
2239 3176 2472 3224 creator.
2505 3169 2569 3223 Et
2608 3170 2719 3223 hmo
2743 3178 2865 3224 sunt
2901 3185 3019 3239 qua:
3048 3171 3288 3225 revelata
3316 3180 3446 3225 sunt

1860 3258 2118 3327 parvulis,
2150 3267 2205 3313 et
2235 3260 2547 3314 abscondita
2590 3260 2926 3328 sapientihus
2955 3260 3133 3314 saeculi
3157 3302 3171 3324 ,
3203 3261 3331 3330 quia
3363 3261 3442 3314 sic

1862 3347 1963 3402 fuit
1992 3347 2243 3417 placitum
2276 3348 2386 3404 Deo
2410 3348 2578 3403 Patri.
2625 3349 2748 3402 llmc
2773 3359 3059 3419 propterea
3095 3351 3354 3412 dixerim,
3383 3359 3445 3403 ut

1861 3440 2096 3510 prudens
2126 3440 2338 3495 animus
2361 3480 2375 3505 ,
2422 3455 2641 3510 semper
2685 3456 2789 3494 una
2833 3458 2954 3494 cum
2987 3441 3242 3510 apostolis
3284 3443 3349 3494 ad
3377 3457 3440 3496 ea

1861 3546 1980 3599 qua:
2011 3531 2187 3584 divina
2217 3539 2342 3585 sunt
2377 3531 2576 3584 δεηείιη
2611 3530 2846 3584 intentus
2883 3531 3273 3584 iutrodncatur.
3303 3529 3439 3595 Quia

1863 3634 2024 3674 nemo
2056 3629 2201 3674 recte
2228 3621 2379 3674 novit
2399 3621 2465 3674 de
2488 3620 2649 3674 Patre
2671 3630 2763 3674 aut
2787 3619 2944 3684 Filio,
2966 3637 3086 3689 qua:
3109 3635 3264 3674 nosse
3283 3636 3442 3690 opor-

1863 3717 1958 3771 tet,
1993 3710 2093 3764 nisi
2126 3711 2211 3763 cui
2236 3709 2454 3764 uoluerit
2485 3708 2657 3764 Filius
2685 3710 2928 3764 revelare.
2965 3711 3146 3779 Neque
3166 3714 3308 3764 enim
3333 3711 3440 3765 ali-

1863 3798 1984 3867 quis
2011 3798 2150 3852 scire
2177 3807 2354 3869 potest
2382 3797 2620 3862 Patrem,
2647 3798 2735 3866 qui
2766 3799 2937 3852 nescit
2967 3797 3160 3868 Filium
3187 3839 3201 3863 ,
3235 3800 3315 3854 sic
3342 3814 3442 3854 nec

1865 3888 2093 3953 Filium,
2125 3889 2214 3958 qui
2257 3889 2425 3942 nescit
2451 3887 2683 3941 Patrem.
2714 3888 2849 3954 Quia
2888 3903 3046 3942 nemo
3071 3888 3297 3943 alterum
3326 3889 3443 3944 sive

1863 3980 2034 4034 altero
2063 3987 2237 4048 potest
2263 3979 2422 4034 scire.
2453 3979 2519 4032 Et
2557 3979 2678 4034 ideo
2709 3979 2786 4032 ait
2819 3979 2884 4032 ad
2911 3978 3124 4034 Patrem
3159 3997 3171 4032 :
3206 3977 3334 4033 liter:
3366 3988 3442 4032 est

1864 4071 1966 4125 rita
1996 4080 2190 4124 (eterna
2229 4079 2285 4122 ut
2327 4080 2640 4139 cognoscant
2666 4081 2714 4122 te
2752 4068 2920 4122 solum
2963 4085 3137 4123 verum
3166 4069 3363 4134 Deum,
3392 4078 3442 4123 et

1862 4178 2015 4232 quem
2043 4161 2227 4214 misisti
2247 4159 2429 4213 Iesum
2453 4161 2715 4214 Christum
2745 4159 2925 4232 (John.
2955 4176 3086 4225 xvu,
3111 4161 3188 4232 '5).
3219 4160 3442 4214 Dixerat

1865 4252 2005 4306 enim
2035 4266 2194 4320 supra
2219 4249 2332 4317 jam
2359 4249 2539 4313 Pater,
2557 4248 2797 4304 clamans
2825 4251 2889 4303 de
2915 4249 3052 4304 coelo
3079 4268 3090 4302 :
3117 4249 3218 4302 llic
3243 4260 3316 4302 est
3348 4247 3443 4302 Fi-

1868 4343 1974 4395 lius
2009 4358 2174 4394 meus.
2205 4339 2343 4394 Dicit
2368 4350 2419 4394 et
2456 4341 2542 4394 hic
2573 4339 2738 4393 Filius
2772 4359 2784 4392 :
2815 4337 3113 4406 Conﬁtebor
3138 4340 3229 4393 tibi
3261 4338 3440 4394 Pater.

166 4447 264 4502 est,
296 4455 473 4508 quam
504 4440 647 4508 quod
678 4449 761 4494 est
789 4441 901 4508 ipse
928 4456 1048 4510 qua:
1084 4457 1179 4496 sua
1208 4451 1365 4503 sunt,
1407 4441 1659 4509 quoniam
1694 4441 1757 4495 ad

1865 4431 2034 4497 Quem
2062 4445 2190 4499 ergo
2219 4445 2373 4483 suum
2402 4429 2595 4482 Filium
2627 4432 2693 4482 de
2724 4429 2862 4483 caelo
2893 4428 3057 4484 Pater
3082 4429 3302 4494 clamat,
3331 4430 3444 4500 ipse

171 4528 374 4582 mnum
409 4543 522 4582 sum
547 4528 951 4598 intelligentiam
976 4531 1087 4584 ικυε
1107 4532 1285 4585 omnia
1311 4530 1587 4585 referenda
1613 4540 1757 4586 sum.
1791 4510 1839 4568 D
1865 4519 2034 4573 Filius
2053 4520 2300 4573 eumdem
2325 4517 2536 4572 Patrem
2560 4533 2715 4571 suum
2746 4533 2866 4573 esse
2893 4518 3199 4582 conﬁtetur,
3228 4518 3443 4574 Patrem

170 4616 316 4672 [inde
348 4635 486 4674 cum
515 4618 808 4685 Apostolus
837 4619 960 4674 alibi
1006 4621 1073 4675 de
1114 4620 1315 4690 Spiritu
1349 4631 1535 4676 sancto
1577 4621 1762 4691 loque-

166 4713 328 4770 retur,
364 4707 454 4760 ait
483 4707 800 4775 (Joan.xvl,
834 4707 912 4770 l2,
945 4709 1066 4777 l5):
1100 4709 1282 4762 Adhuc
1307 4711 1469 4763 multa
1491 4711 1654 4763 habeo
1682 4727 1763 4764 vo—

163 4792 234 4846 lvis
265 4797 457 4850 dicere
483 4836 498 4860 ,
531 4797 621 4848 sed
652 4813 754 4850 non
799 4801 1009 4866 potestis
1047 4799 1139 4851 illa
1168 4810 1378 4868 portare
1422 4801 1598 4853 modo.
1629 4799 1760 4854 Cum

159 4895 335 4939 autem
382 4887 589 4940 venerit
619 4885 707 4940 ille
734 4885 964 4956 Spiritus
992 4891 1240 4953 veritatis,
1271 4889 1378 4954 ille,
1420 4891 1613 4961 diriget
1643 4906 1757 4956 vos,

159 4987 248 5026 seu
279 4975 502 5028 docebit
532 4991 617 5028 vos
651 4991 852 5028 omnem
880 4977 1163 5031 veritatem.
1199 4977 1320 5031 Non
1350 4978 1506 5041 enim,
1540 4979 1645 5041 ait,
1676 4977 1755 5030 lo-

156 5075 349 5128 quetnr
376 5081 422 5116 a
461 5065 759 5133 semetipso,
790 5068 879 5119 sed
906 5083 1225 5137 quacunque
1249 5067 1473 5120 audierit
1501 5067 1758 5137 loquetur,

155 5161 201 5203 et
238 5171 363 5220 qua:
403 5164 624 5207 uentura
657 5167 777 5209 sunt
808 5159 1137 5211 annnntiabit
1169 5158 1329 5211 vobis.
1361 5158 1465 5212 Ille
1494 5176 1573 5212 me
1596 5160 1762 5213 hono-

158 5243 411 5297 riﬁcabit
435 5285 450 5308 ,
499 5244 583 5299 vel
611 5245 751 5300 sicut
781 5245 870 5300 alii
899 5247 1113 5302 codices
1143 5247 1371 5312 habent,
1418 5247 1725 5316 clariﬁcabit
1744 5290 1758 5314 ,

156 5333 278 5398 quia
308 5333 383 5386 de
411 5349 536 5385 meo
562 5335 799 5402 accipiet.
829 5335 1030 5391 Deinde
1062 5338 1239 5391 intulit
1263 5355 1276 5390 :
1302 5336 1493 5391 Omnia
1522 5355 1763 5408 quierun-

153 5437 250 5488 (με
272 5425 444 5477 liabet
474 5424 636 5478 Pater
657 5442 771 5479 meo
793 5440 911 5481 sunt
931 5468 946 5492 ,
975 5445 1019 5481 et
1043 5443 1313 5498 propterea
1334 5430 1446 5482 dixi
1467 5431 1602 5482 vobis
1623 5432 1759 5499 quod

155 5513 218 5565 de
262 5532 390 5568 meo
420 5517 676 5585 accipiet,
714 5529 762 5572 et
794 5521 1124 5574 annuntiabit
1150 5521 1315 5576 vobis.
1359 5521 1403 5575 A
1433 5521 1566 5576 Filio
1601 5523 1761 5592 igitur

153 5607 364 5675 accipit
401 5607 644 5676 Spiritus
673 5621 893 5665 sanctus
917 5653 931 5674 .
963 5613 1090 5681 quia
1135 5612 1251 5680 ejus
1278 5622 1403 5668 sunt
1429 5614 1609 5667 omnia
1639 5631 1760 5682 qua:

155 5693 346 5751 Patris
379 5710 533 5766 sunt,
565 5711 620 5756 et
646 5718 676 5755 a
704 5701 840 5757 Filio
863 5704 1113 5770 mittitur,
1143 5705 1233 5774 qui
1260 5722 1288 5758 ιι
1319 5705 1477 5760 Patre
1499 5706 1756 5774 procedit.

1863 4620 1919 4663 et
1946 4609 2200 4663 insinuat.
2233 4606 2338 4662 Sed
2375 4622 2442 4661 ne
2471 4607 2584 4662 sola
2613 4607 2836 4677 simplex
2865 4608 3137 4664 confessio
3176 4610 3445 4679 intelliga-

1866 4710 1952 4755 tur
1973 4700 2248 4754 nominum
2267 4717 2279 4753 :
2298 4698 2400 4752 llic
2415 4707 2490 4752 est
2513 4697 2685 4752 Filius
2706 4717 2870 4765 muns,
2892 4711 2947 4754 et
2967 4703 3106 4770 quod
3129 4702 3288 4757 dicit:
3309 4703 3445 4755 Con-

1863 4791 2014 4858 ﬁteor
2038 4789 2151 4852 tibi,
2189 4786 2369 4853 Pater,
2397 4803 2463 4842 ne
2487 4786 2625 4842 forte
2652 4788 3012 4859 intelligamus
3040 4793 3194 4859 quasi
3219 4791 3289 4843 sit
3311 4806 3446 4842 ηιιιι-

1863 4881 2144 4951 cupativus
2191 4889 2361 4949 pater,
2398 4879 2480 4934 vel
2525 4880 2808 4948 adoptivus
2839 4881 2977 4934 lilius
2999 4922 3014 4944 ,
3045 4891 3102 4935 et
3128 4883 3198 4936 sit
3227 4880 3444 4934 honoris

1866 4987 2059 5026 nomen
2084 4972 2134 5024 in
2157 4979 2332 5041 patre,
2360 4978 2418 5022 ut
2441 4970 2681 5024 haeretici
2709 4971 2915 5034 volunt,
2939 4982 3222 5042 pmpterea
3247 4968 3446 5038 adjecit

1866 5062 1982 5116 haec
2007 5061 2189 5116 omnia
2220 5061 2286 5115 de
2311 5075 2392 5126 se,
2423 5069 2476 5115 et
2503 5061 2578 5114 ait
2609 5075 2623 5114 :
2658 5061 2850 5116 Omnia
2877 5063 3068 5115 tradita
3110 5071 3230 5116 sunt
3257 5061 3382 5116 mihi
3413 5078 3446 5114 α

1869 5149 2052 5214 Patre,
2074 5162 2122 5202 et
2154 5165 2301 5203 nemo
2325 5151 2463 5204 nouit
2489 5149 2692 5204 Filium
2718 5152 2817 5205 nisi
2843 5151 3018 5213 Pater,
3045 5167 3206 5221 neque
3230 5150 3446 5205 Patrem

1868 5243 1968 5294 nisi
2001 5240 2195 5305 Filius,
2220 5251 2266 5295 et
2299 5242 2384 5294 cui
2413 5243 2632 5295 voluerit
2664 5241 2838 5296 Filius
2866 5243 3094 5298 revelare
3119 5242 3338 5312 (Matth.
3368 5261 3442 5306 xv,

1867 5329 1980 5399 27).
2012 5330 2165 5396 Quod
2198 5342 2376 5384 autem
2403 5331 2564 5386 Pater
2589 5332 2781 5386 Filium
2811 5333 3013 5387 revelet
3035 5333 3119 5386 cui
3150 5333 3282 5396 vult,
3318 5335 3445 5401 quid

1869 5422 2098 5491 amplius
2127 5438 2371 5492 quaerere
2415 5439 2550 5493 opus
2579 5434 2663 5478 est
2687 5465 2700 5487 ,
2733 5440 2856 5478 cum
2900 5425 3012 5494 ipse
3056 5425 3200 5479 dicat
3237 5424 3398 5478 Pater
3427 5441 3439 5475 :

1871 5520 1972 5573 llic
2001 5531 2077 5574 est
2110 5519 2283 5574 Filius
2312 5537 2490 5585 meus;
2519 5530 2574 5574 et
2599 5521 2664 5574 ad
2695 5519 2912 5574 Petrum
2941 5521 3006 5576 de
3034 5520 3196 5574 Patre
3226 5521 3339 5589 ipse
3359 5519 3447 5574 Fi-

1869 5609 1972 5663 lius
1995 5627 2007 5662 ;
2035 5608 2224 5662 Beatus
2253 5628 2324 5669 es,
2360 5610 2542 5662 Simon
2567 5608 2801 5678 Barjona
2822 5650 2836 5672 ,
2866 5612 2990 5680 quia
3017 5627 3139 5664 caro
3167 5621 3213 5665 et
3235 5610 3446 5679 sanguis

1871 5720 1972 5756 non
1989 5703 2228 5757 rcrelnrit
2245 5703 2355 5765 tibi,
2375 5703 2462 5753 sed
2487 5699 2644 5755 Pater
2660 5719 2800 5758 meus
2815 5705 2990 5776 quiest
3010 5705 3063 5758 in
3079 5706 3215 5760 ralis
3233 5705 3308 5774 (3!
3317 5705 3442 5758 atth.
