4004 6362
604 313 701 366 L‘il

1407 307 1464 362 S.
1507 305 1858 362 PASCllASll
1902 307 2244 362 RADBERTI
2288 307 2578 363 ABBATIS
2616 302 3063 363 CORBEIENSIS

3760 313 3859 367 £732

602 440 711 484 xvi,
745 424 854 494 l7).
879 423 955 477 Ex
977 422 1171 491 quibus
1193 421 1434 492 prol‘ecto
1457 420 1634 474 verbis
1655 430 1800 490 patet
1826 435 2036 486 sensus,
2061 435 2181 474 cmu
2209 426 2259 482 Α
2287 436 2354 474 ex
2386 437 2491 490 qua
2517 429 2624 482 est.
2654 420 2898 492 profecto
2933 421 3195 488 nescitur,
3241 423 3368 477 dum
3399 426 3540 480 unde
3569 425 3658 492 sit,
3687 429 3861 484 nesci-

602 515 764 586 533
796 515 908 569 ait:
943 515 1079 580 Quia
1116 530 1265 567 nemo
1291 513 1427 565 novit
1461 509 1660 565 Filium
1685 512 1784 564 nisi
1813 509 1992 575 Pater,
2017 528 2180 581 neque

603 607 888 676 quisquam
919 605 1028 660 ullo
1067 605 1244 666 modo,
1274 612 1331 655 ut
1357 613 1458 667 est,
1484 603 1584 656 nisi
1625 601 1817 656 Filius.
1858 602 1993 671 Quia
2025 619 2182 660 nemo

603 713 792 752 eorum
833 697 932 750 nisi
962 710 1057 764 per
1083 705 1321 748 mutuam
1355 692 1786 748 testiﬁcationem
1815 695 2178 764 cognoscitur,

605 789 658 842 id
685 798 766 842 est
809 802 906 856 per
933 787 1147 840 Patrem
1178 784 1364 845 Filius.
1398 783 1536 837 sicut
1564 792 1618 836 et
1654 798 1750 851 per
1781 784 1973 838 Filium
1998 785 2177 838 Pater.

604 879 737 944 Quia
762 890 870 930 tam
893 876 1297 948 ignorabilisest
1320 875 1487 928 Filius
1508 889 1666 942 quam
1695 873 1988 938 Pater,nec
2011 885 2183 931 nonet

606 970 765 1022 Pater
788 965 1242 1036 ineognoscibilis,
1265 965 1403 1018 sicut
1435 972 1490 1017 et
1524 963 1692 1018 Filius
1713 964 1799 1018 cui
1837 966 2033 1018 tradita
2057 973 2182 1020 sunt.

602 1054 802 1112 omnia.
834 1056 1059 1121 Idcirco,
1079 1055 1272 1110 fratres
1288 1054 1611 1118 charissimi,
1634 1062 1691 1106 ut
1716 1055 1848 1119 dixi,
1867 1057 1980 1109 luce
2001 1056 2180 1110 addita

603 1155 748 1209 sunt,
781 1155 837 1200 ut
872 1146 927 1199 in
954 1145 1205 1200 omnibus
1229 1145 1360 1198 nihil
1384 1143 1710 1213 intelligatur
1727 1153 2008 1213 exceptum
2043 1159 2180 1212 quo-

604 1253 722 1290 rum
741 1245 824 1302 est
844 1251 946 1289 una
961 1245 1172 1299 natura,
1190 1249 1405 1303 unaque
1420 1234 1608 1296 virtus,
1633 1241 1687 1287 et
1701 1249 1800 1286 una
1819 1243 2074 1302 potestas,
2098 1241 2182 1288 at-

601 1343 707 1397 que
721 1344 823 1382 una
841 1327 894 1380 in
905 1326 1153 1381 omnibus
1165 1333 1440 1393 eriequata
1456 1324 1654 1388 Deitas,
1668 1339 1896 1392 quorum
1909 1333 2178 1378 secretum

605 1417 928 1487 cognitionis
969 1416 1037 1469 ad
1084 1415 1313 1469 invicem
1351 1413 1556 1482 :equale
1582 1421 1682 1467 est.
1730 1413 1880 1479 Quod
1915 1412 1958 1467 si
1989 1427 2178 1468 eorum

603 1516 795 1560 natura
821 1505 1043 1574 aequalis
1069 1512 1172 1568 est,
1199 1502 1420 1572 aequalis
1447 1511 1501 1556 et
1528 1502 1719 1562 virtus,
1759 1511 1813 1555 et
1849 1509 2086 1569 potestas
2119 1500 2176 1554 in

601 1594 872 1658 omnibus,
904 1593 1046 1649 nullo
1075 1593 1232 1648 modo
1251 1600 1429 1661 potest
1457 1606 1576 1646 esse
1602 1591 1940 1654 naturaliter,
1969 1599 2026 1644 ut
2069 1607 2175 1645 non

601 1687 709 1740 sint
734 1685 875 1754 quod
907 1695 1166 1739 vocantur
1191 1683 1353 1736 Pater
1375 1691 1428 1736 et
1468 1682 1656 1735 Filius.
1702 1681 1766 1733 Et
1800 1681 1919 1734 ideo
1948 1697 2051 1736 non
2080 1696 2176 1750 po-

2291 520 2394 565 tur.
2443 511 2577 578 Quia
2611 512 2846 581 ignorari
2879 527 2983 566 non
3008 521 3189 582 potest
3227 513 3368 567 unde
3397 515 3484 579 sit,
3517 515 3684 570 etiam
3712 518 3865 586 quid-

2287 604 2414 672 quid
2454 603 2702 659 subsistit
2730 618 2794 657 ex
2825 603 3009 658 nihilo.
3049 603 3153 658 Sed
3203 605 3346 660 hunc
3371 621 3530 662 nemo
3559 607 3714 662 novit
3764 609 3861 664 nisi

2285 692 2432 746 solus
2471 691 2652 757 Pater,
2683 693 2824 747 sicut
2850 701 2904 746 et
2935 692 3148 747 Patrem
3177 709 3338 750 nemo
3373 695 3473 748 nisi
3504 695 3652 750 solus
3677 695 3860 751 Filius.

2286 781 2465 836 llabes
2509 783 2690 852 igitur,
2738 782 2927 848 lector,
2975 785 3360 853 proprietatem
3407 787 3757 856 cognitionis,
3801 789 3862 842 de

2284 871 2612 941 proprietate
2669 872 3071 942 generationis,
3111 872 3163 926 in
3218 889 3324 943 quo
3373 890 3480 928 non
3534 875 3682 930 aliud
3739 887 3859 941 est,

2285 978 2447 1031 quam
2495 965 2638 1032 quod
2681 965 2734 1018 in
2788 964 2978 1029 Patre,
3012 980 3185 1033 neque
3226 966 3292 1019 ad
3325 966 3554 1020 invicem
3593 968 3863 1036 quidpiam

2286 1052 2584 1122 ignorabile
2627 1054 2918 1108 exstitisse.
2969 1053 3120 1109 Unde
3153 1056 3430 1124 quaaritur,
3475 1056 3519 1110 si
3561 1056 3661 1112 soli
3707 1058 3860 1123 Filio,

2284 1151 2344 1195 ut
2386 1151 2472 1196 est
2518 1143 2660 1198 Deus
2697 1143 2858 1198 Pater
2906 1153 3086 1209 notus,
3116 1155 3206 1200 aut
3250 1146 3347 1201 soli
3381 1146 3528 1202 Patri
3566 1148 3737 1204 Filius
3777 1167 3862 1205 co-

2281 1234 2462 1304 gnitus
2506 1244 2620 1301 est;
2654 1237 2781 1304 quid
2825 1245 2910 1292 est
2945 1240 3087 1307 quod
3129 1239 3414 1309 Apostolus
3450 1242 3548 1308 ait,
3579 1243 3739 1298 nobis
3773 1262 3863 1298 au-

2228 1333 2233 1337 ‘
2282 1333 2387 1376 tem
2437 1325 2692 1379 revelavit
2732 1327 2874 1380 Deus
2915 1340 3012 1397 per
3053 1326 3312 1396 Spiritum
3365 1340 3612 1386 sanctum
3653 1335 3862 1388 suum?

2283 1411 2338 1466 Si
2385 1424 2563 1469 autem
2611 1415 2692 1470 eis
2745 1416 3012 1471 revelatus
3057 1426 3143 1473 est
3189 1419 3330 1475 Deus
3378 1420 3560 1486 Pater,
3592 1433 3688 1476 aut
3721 1423 3858 1478 Deus

2279 1500 2466 1566 Filius,
2496 1505 2765 1573 quomodo
2805 1505 2904 1559 soli
2950 1505 3090 1562 Filio
3138 1507 3300 1562 Pater
3356 1519 3516 1565 notus
3552 1522 3640 1566 est
3673 1513 3698 1565 ?
3747 1512 3860 1569 Nisi

2279 1595 2402 1662 quia
2445 1595 2648 1650 addidit
2692 1614 2705 1650 :
2748 1596 2816 1649 Et
2868 1599 2952 1651 cui
3001 1597 3424 1654 volueritFilius
3459 1602 3706 1658 revelare.
3753 1604 3860 1660 Nec

2278 1688 2332 1737 in
2368 1685 2471 1739 hoc
2499 1686 2712 1754 quidem
2743 1685 2835 1740 ulli
2875 1687 3038 1742 etiam
3070 1701 3171 1744 nec
3209 1690 3427 1760 Angelis
3463 1691 3538 1744 ita
3587 1701 3748 1748 notus
3777 1703 3860 1750 est

601 1785 706 1831 test
728 1791 846 1830 esse
871 1783 1075 1828 tantum
1099 1772 1494 1841 nuncupativus
1515 1786 1581 1824 ex
1610 1771 1824 1825 nomine
1846 1770 2064 1834 Christi,
2089 1771 2171 1825 vel
2205 1773 2248 1831 Β
2277 1775 2435 1830 Pater
2479 1786 2572 1832 aut
2609 1778 2796 1845 Filius,
2837 1781 3107 1850 quomodo
3146 1781 3213 1836 ad
3246 1781 3474 1837 invicem
3521 1785 3620 1853 ipsi
3656 1801 3720 1840 se
3761 1803 3855 1842 co-

599 1867 883 1935 adoptivus
903 1874 962 1919 ut
983 1863 1187 1918 novella
1215 1862 1437 1916 haeresis
1461 1861 1713 1915 asseruit.
1744 1861 1878 1928 Quia
1904 1876 2041 1915 unus
2069 1869 2171 1926 est,

601 1971 773 2025 neque
799 1965 855 2010 ut
894 1954 1082 2008 Ariani
1114 1963 1166 2008 et
1191 1951 1371 2006 caeteri
1397 1951 1632 2005 hteretici
1671 1962 1977 2014 senserunt,
2001 1952 2176 2006 minor

603 2062 767 2116 quam
800 2046 979 2109 Pater,
1011 2044 1092 2098 vel
1123 2043 1264 2096 aliud
1295 2057 1454 2109 quam
1485 2041 1626 2109 quod
1657 2039 1815 2094 Pater
1836 2048 1935 2093 est.
1983 2038 2085 2094 Sed
2119 2040 2173 2094 in

599 2136 852 2192 omnibus
880 2135 982 2189 hoc
1003 2142 1086 2188 est
1110 2132 1252 2202 quod
1297 2131 1457 2185 Pater
1482 2147 1497 2196 ;
1527 2139 1583 2184 et
1613 2130 1812 2184 idcirco
1839 2128 1984 2184 solus
2028 2131 2176 2184 novit

601 2226 816 2281 Patrem
853 2224 994 2279 sicut
1018 2231 1073 2278 et
1095 2223 1208 2293 ipse
1233 2238 1263 2275 a
1291 2221 1405 2276 solo
1433 2220 1680 2292 cognitus
1705 2229 1788 2274 est
1813 2219 1993 2274 Patre.
2027 2219 2173 2286 Quo-

602 2333 719 2372 rum
740 2315 831 2384 jus
856 2324 1059 2368 natura:
1078 2313 1284 2383 tequale
1309 2321 1392 2368 est
1416 2313 1469 2366 in
1492 2319 1780 2381 potestate,
1809 2319 1862 2366 et
1889 2311 2175 2367 dillicultas

600 2407 654 2460 in
684 2405 988 2476 cognitione
1016 2412 1197 2458 mutua
1227 2402 1369 2456 nulla
1397 2409 1498 2456 est.
1547 2400 1743 2470 Sicque
1775 2415 1870 2470 per
1911 2400 2025 2455 hate
2057 2401 2174 2455 uni-

597 2498 811 2567 genitus
853 2495 1012 2558 Deus,
1060 2493 1323 2562 sapientia
1372 2491 1465 2546 Dei
1500 2490 1678 2544 Patris
1721 2505 1841 2560 quae
1878 2489 2172 2560 iustiﬁcata

597 2597 680 2642 est
732 2603 763 2642 a
804 2586 928 2640 filiis
977 2584 1128 2648 suis,
1163 2599 1269 2639 non
1317 2582 1551 2638 nominis
1606 2585 1812 2636 tantum
1865 2581 2172 2637 testimonio

597 2677 790 2732 Filium
824 2675 916 2730 Dei
950 2689 1008 2730 se
1033 2675 1190 2730 docet
1215 2688 1352 2736 esse,
1384 2673 1476 2726 sed
1499 2687 1622 2726 vere
1648 2671 1811 2726 etiam
1842 2671 1897 2724 in
1921 2672 2171 2726 erunibus

597 2768 804 2820 unitum
841 2775 895 2821 et
939 2765 1236 2820 naturalem
1279 2765 1469 2827 lilium,
1500 2773 1559 2817 ut
1591 2778 1716 2817 vere
1747 2764 2000 2817 credatur
2027 2763 2171 2833 quod

597 2859 798 2912 dictum
827 2864 911 2912 est
939 2872 969 2909 a
996 2856 1154 2910 Patre
1181 2873 1194 2908 :
1223 2854 1323 2908 Hic
1355 2863 1428 2907 est
1451 2852 1624 2907 Filius
1656 2870 1798 2908 meus
1849 2853 2090 2920 dilectus,
2117 2855 2172 2908 in

596 2965 698 3018 quo
727 2947 854 3000 mihi
880 2947 1001 2999 bene
1033 2943 1322 3014 complacui
1339 2960 1356 3007 ,°
1392 2944 1560 3013 ipsum
1586 2945 1764 2997 audite
1795 2942 2006 3015 (Matth.
2034 2959 2168 3010 xvn,

598 3040 673 3110 5).
723 3039 789 3091 Et
815 3039 938 3106 quia
966 3035 1134 3090 Judaai
1176 3049 1297 3088 eum
1327 3050 1430 3087 non
1480 3035 1551 3086 ita
1584 3048 1704 3088 esse
1740 3033 2048 3096 credebant,
2081 3033 2167 3086 di-

2277 1879 2559 1940 gnoscnnt,
2591 1871 2643 1924 in
2673 1886 2774 1939 qua
2801 1887 2942 1941 saepe
2971 1873 3275 1944 cognitione
3303 1884 3512 1941 mutua,
3541 1878 3709 1931 etiam
3743 1879 3857 1947 ipse

2278 1961 2511 2028 Spiritus
2541 1971 2758 2017 sanctus
2782 1967 3332 2030 connumeratur,ubi
3362 1967 3562 2021 dictum
3593 1978 3701 2031 est,
3731 1971 3855 2038 quia

2276 2051 2511 2122 Spiritus
2538 2064 2758 2108 sanctus
2803 2063 3075 2109 scrutatur
3094 2055 3257 2110 etiam
3286 2055 3548 2125 profunda
3582 2057 3697 2123 Dei,
3726 2074 3860 2127 quo-

2274 2145 2417 2196 niam
2441 2153 2494 2198 et
2518 2145 2630 2213 ipse
2656 2145 2870 2200 deitatis
2901 2146 3062 2200 habet
3092 2157 3362 2201 naturam.
3395 2147 3634 2217 Denique
3671 2150 3775 2204 hoc
3800 2151 3856 2204 in

2273 2236 2392 2291 loco
2426 2238 2698 2292 temeritas
2723 2237 2972 2292 Eunomii
2999 2237 3310 2305 damnatur,
3337 2239 3430 2308 qui
3455 2239 3555 2305 ait,
3574 2242 3720 2310 quod
3744 2252 3859 2295 tan-

2276 2335 2382 2380 tam
2418 2327 2660 2382 notitiam
2690 2326 2867 2382 Patris
2901 2337 2957 2382 et
2982 2326 3104 2382 Filii
3135 2328 3332 2383 habeat
3376 2331 3560 2395 homo,
3587 2342 3854 2400 quantum

2274 2419 2473 2472 habent
2501 2417 2574 2472 illi
2601 2418 2740 2472 inter
2766 2434 2825 2473 se
2863 2419 2930 2472 ad
2959 2418 3208 2484 invicem,
3237 2435 3358 2474 cum
3390 2420 3544 2488 longe
3573 2421 3721 2475 aliud
3761 2424 3855 2488 sit,

2274 2515 2480 2560 natura:
2525 2505 2832 2576 mqualitate
2861 2522 3018 2562 nosse
3053 2506 3197 2577 quod
3247 2508 3478 2575 noveris,
3505 2509 3652 2564 aliud
3696 2526 3853 2565 rete-

2271 2595 2433 2650 lantis
2458 2596 2786 2667 dignatione,
2813 2607 3074 2667 quantum
3104 2599 3320 2653 noveris
3352 2614 3451 2668 pro
3479 2609 3628 2654 certo
3647 2616 3856 2668 cogno-

2273 2701 2442 2741 Scere.
2473 2686 2729 2752 Quaerunt
2760 2687 2958 2742 etenim
2983 2687 3247 2752 nonnulli,
3275 2689 3490 2757 quando
3515 2687 3592 2742 ait
3621 2706 3634 2740 :
3669 2687 3738 2741 Et
3770 2689 3857 2741 cui

2272 2775 2489 2830 coluerit
2522 2775 2691 2830 Filius
2721 2776 2960 2830 revelare.
2993 2776 3170 2843 Quare
3201 2793 3306 2831 non
3339 2777 3535 2831 dixerit
3559 2777 3724 2831 simul
3752 2777 3854 2831 Pa-

2274 2874 2356 2919 ter
2382 2873 2435 2919 et
2483 2865 2672 2930 Filius,
2707 2881 2828 2920 cum
2885 2881 3022 2919 unus
3061 2881 3247 2920 eorum
3295 2866 3411 2921 sine
3447 2866 3640 2931 altero,
3693 2882 3857 2921 nemo

2272 2963 2419 3008 recte
2443 2955 2802 3026 cognoscitur,
2827 2969 2933 3009 non
2960 2955 3364 3010 considerantes
3390 2957 3532 3025 quod
3551 2971 3716 3026 supra
3737 2957 3855 3026 jam

2271 3045 2338 3098 de
2365 3043 2523 3098 Patre
2543 3045 2762 3110 dixerit,
2785 3053 2840 3100 et
2863 3045 3113 3100 revelasti
3136 3061 3197 3100 ea
3223 3045 3478 3116 parvulis.
3508 3047 3586 3101 Ac
3607 3061 3707 3114 per
3729 3048 3854 3112 hoc,

597 3132 753 3184 cebat
793 3129 872 3183 eis
902 3127 1317 3197 benignissimus
1353 3123 1600 3178 Salvator
1633 3139 1645 3175 :
1682 3123 1862 3192 Neque
1892 3139 1972 3176 me
1996 3123 2162 3189 scitis,
2191 3118 2237 3179 C
2267 3150 2495 3204 quorum
2525 3143 2608 3188 est
2635 3151 2737 3188 una
2766 3144 2980 3200 natura,
3011 3151 3115 3190 una
3145 3135 3304 3206 535
3341 3148 3397 3190 et
3422 3139 3672 3206 operatio
3696 3153 3855 3193 ι-ενο-

596 3239 756 3292 neque
783 3221 917 3274 unde
939 3221 1036 3274 sint
1057 3219 1218 3283 scitis,
1249 3232 1348 3271 nec
1376 3217 1516 3270 enim
1549 3215 1741 3284 inquit,
1763 3233 1794 3268 a
1817 3232 1896 3269 me
1917 3216 2050 3281 veni,
2076 3214 2166 3269 sed

595 3323 668 3366 est
694 3328 848 3366 verax
866 3311 955 3380 qui
976 3311 1114 3364 misit
1137 3325 1234 3369 me,
1256 3323 1406 3377 quem
1429 3323 1515 3360 vos
1539 3306 1746 3359 nescitis
1772 3321 1790 3359 :
1814 3305 1903 3359 sed
1927 3321 2017 3375 ego
2048 3305 2168 3358 novi

595 3419 736 3465 cum,
759 3402 1006 3471 quoniam
1033 3399 1096 3452 ab
1119 3415 1178 3453 eo
1204 3414 1340 3462 sum,
1367 3407 1412 3450 et
1442 3397 1549 3466 ipse
1569 3412 1649 3448 me
1671 3396 1807 3449 misit
1834 3394 2012 3465 (Joan.
2046 3409 2160 3458 vm,

596 3496 682 3560 19,
711 3494 823 3565 26).
852 3493 920 3547 Et
944 3493 1062 3546 ideo
1093 3506 1280 3545 verum
1311 3499 1393 3544 est
1422 3487 1547 3557 quia
1580 3487 1795 3542 Patrem
1831 3500 1988 3540 nemo
2018 3485 2167 3541 novit

594 3587 697 3640 nisi
721 3585 910 3647 Filius,
942 3593 996 3638 et
1017 3583 1102 3637 cui
1137 3581 1364 3636 voluerit
1389 3579 1555 3635 Filius
1574 3579 1850 3645 revelare;
1874 3576 2027 3646 cujus
2046 3593 2166 3648 pro-

591 3677 758 3732 fessio
779 3673 960 3746 procul
989 3673 1150 3728 dubio
1173 3681 1452 3742 propterea
1481 3679 1589 3725 tam
1619 3670 1874 3739 frequens
1897 3677 1997 3735 est,
2021 3669 2164 3739 quod

592 3768 764 3824 solum
801 3766 900 3820 sibi
942 3765 1187 3835 cognitus
1219 3771 1334 3828 est,
1373 3763 1496 3832 quia
1523 3763 1590 3816 ab
1617 3777 1682 3817 eo
1705 3761 2023 3816 naturaliter
2047 3769 2160 3825 est;

593 3857 736 3925 quod
757 3856 801 3910 si
817 3856 883 3910 ab
897 3869 961 3909 eo
976 3863 1080 3918 est,
1095 3862 1152 3907 et
1169 3853 1270 3908 sibi
1286 3853 1385 3908 soli
1405 3852 1655 3922 cognitus
1677 3861 1783 3917 est,
1801 3851 2161 3922 interrogandi

595 3955 722 4001 sunt
739 3945 923 3999 Ariani
945 3944 1034 4013 qui
1059 3952 1362 3998 creaturam
1383 3958 1506 3997 eum
1525 3943 1732 4007 dicunt,
1749 3951 1929 3996 utrum
1945 3941 2000 3995 id
2019 3941 2161 4010 quod

595 4039 662 4091 ab
681 4051 747 4090 eo
766 4045 868 4100 est,
893 4049 1027 4105 opas
1048 4035 1336 4088 creationis
1355 4036 1408 4086 in
1430 4047 1494 4087 eo
1515 4041 1616 4096 est,
1637 4047 1704 4085 an
1728 4040 1976 4085 naturam
2003 4045 2162 4100 gene-

596 4128 818 4184 rationis
851 4141 946 4197 per
982 4129 1084 4182 hoc
1134 4126 1422 4182 ostendat?
1452 4125 1507 4179 Si
1537 4140 1666 4194 ergo
1695 4139 1832 4193 opus
1874 4123 2161 4177 creationis

591 4230 695 4285 est,
718 4227 770 4274 et
794 4219 1041 4272 universa
1055 4232 1175 4286 quae
1195 4226 1376 4270 creata
1406 4223 1531 4269 sunt
1551 4229 1581 4268 a
1602 4215 1711 4270 Deo
1731 4221 1876 4278 sunt,
1893 4214 2160 4282 quomodo

590 4313 804 4368 Patrem
851 4326 954 4366 non
985 4310 1234 4364 universa
1277 4316 1561 4371 noverunt,
1591 4307 1824 4360 maxime
1871 4305 2161 4360 rationales

591 4403 887 4460 creaturae?
912 4402 1045 4457 Cum
1088 4400 1336 4455 Christus
1380 4414 1503 4453 eum
1532 4399 1734 4453 idcirco
1760 4399 1942 4467 utique
1987 4399 2156 4464 novit,

589 4503 714 4572 quia
738 4502 804 4555 ab
831 4516 895 4554 eo
921 4499 1139 4555 omnino
1161 4507 1269 4552 est.
1298 4496 1450 4564 Quod
1479 4495 1640 4568 534
1669 4496 1712 4550 si
1739 4504 1957 4552 creatus
1976 4497 2154 4565 potius

588 4607 749 4662 quam
781 4599 936 4644 natus
967 4590 1177 4643 videtur
1207 4589 1258 4642 in
1303 4603 1369 4643 eo
1403 4587 1544 4657 quod
1589 4604 1620 4641 a
1651 4588 1760 4643 Deo
1804 4596 1908 4653 est,
1952 4603 2072 4641 cum
2123 4603 2150 4640 a

589 4684 699 4737 Deo
727 4690 918 4735 cuncta
950 4681 1076 4744 sint,
1107 4679 1374 4749 quomodo
1402 4694 1507 4733 non
1553 4694 1674 4733 cum
1703 4679 1912 4733 cieteris
1940 4677 2151 4732 Patrem

588 4772 840 4843 ignorat?
870 4769 1024 4825 Sicut
1061 4779 1114 4824 et
1139 4770 1318 4825 omnia
1364 4770 1480 4825 sine
1507 4771 1623 4838 ipso
1659 4784 1780 4839 qua)
1819 4769 1888 4824 ab
1917 4784 1984 4823 eo
2028 4776 2153 4823 sunt

587 4865 834 4934 ignorant
868 4877 1011 4915 eum.
1060 4859 1156 4914 Sin
1189 4876 1314 4914 vero
1352 4860 1567 4922 ideirco,
1601 4861 1725 4928 quia
1772 4861 1840 4914 ab
1869 4872 1936 4917 eo
1973 4869 2076 4924 est,
2100 4861 2150 4912 ei

586 4952 859 5022 proprium
884 4960 968 5006 est
1005 4967 1124 5005 eum
1151 4965 1327 5014 nosse,
1351 4950 1617 5018 quomodo
1644 4966 1748 5004 non
1791 4950 1893 5004 hoc
1912 4950 1982 5014 ei,
2010 4949 2153 5019 quod

588 5047 655 5101 ab
683 5059 747 5100 eo
785 5053 886 5106 est,
919 5045 1023 5098 erit
1049 5043 1344 5112 proprium,
1377 5042 1674 5096 scilicetut
1703 5056 1830 5096 vere
1872 5041 2042 5096 Filius
2085 5055 2152 5094 ex

587 5146 778 5190 natura
803 5137 892 5190 Dei
916 5134 1093 5188 Patris
1119 5133 1220 5187 sit?
1245 5131 1414 5198 Quam
1439 5133 1618 5200 itaque
1647 5141 1892 5185 naturam
1915 5140 1969 5184 et
1994 5144 2153 5200 gene-

588 5229 873 5292 rationem,
900 5241 1058 5281 nemo
1103 5225 1238 5278 alius
1284 5223 1382 5277 nisi
1433 5222 1571 5276 Deus
1618 5221 1932 5291 planissime
1980 5221 2150 5274 novit.

585 5319 719 5374 Cum
752 5319 869 5374 ideo
904 5317 1070 5371 Deum
1100 5314 1244 5370 solus
1264 5312 1430 5377 novit,
1463 5311 1586 5380 quia
1617 5327 1646 5364 a
1678 5312 1785 5365 Deo
1811 5311 1970 5364 Patre
2011 5309 2154 5364 solus

586 5419 690 5463 est.
716 5409 963 5478 Alioquin
997 5409 1038 5462 si
1077 5421 1210 5478 opus
1241 5404 1529 5459 creationis
1558 5411 1723 5466 esset,
1754 5401 2022 5471 quomodo
2057 5416 2154 5455 ne-

586 5499 788 5554 scirent
823 5499 989 5554 ]υάξεί
1025 5499 1145 5567 quis
1169 5507 1224 5552 ct
1246 5511 1275 5550 a
1301 5511 1406 5565 quo
1437 5504 1598 5558 esset,
1631 5509 1750 5547 cum
1781 5493 1958 5546 omnia
1989 5507 2019 5545 a
2047 5493 2152 5545 Deo

583 5602 703 5643 esse
746 5589 1071 5657 probantur?
1100 5587 1356 5654 Quamvis
1397 5601 1463 5640 ex
1499 5584 1666 5638 nihilo
1712 5584 1852 5638 facta
1901 5583 2028 5636 sint.
2086 5583 2152 5638 Et

587 5678 786 5734 idcirco
814 5679 864 5732 id
900 5679 1039 5745 quod
1085 5678 1225 5731 unde
1266 5678 1335 5730 sit
1361 5676 1655 5744 ignoratur,
1685 5681 1873 5726 natura
1907 5671 2148 5736 Deitatis,

2267 3224 2486 3278 lationis
2523 3240 2621 3294 per
2674 3224 2936 3294 Spiritum
2983 3236 3248 3291 sanctum,
3280 3227 3333 3280 in
3378 3242 3486 3295 quo
3535 3238 3856 3282 reserantur

2268 3315 2422 3368 nobis
2451 3313 2713 3383 profunda
2759 3315 2984 3370 Deitatis
3014 3326 3372 3371 sacramenta.
3421 3317 3688 3382 Quoniam
3736 3319 3854 3386 ipse

2267 3405 2545 3460 amborum
2590 3407 2811 3478 spiritus
2848 3416 2952 3471 est,
2983 3408 3037 3462 in
3069 3423 3175 3476 quo
3219 3418 3345 3463 sunt
3370 3411 3573 3462 omnia.
3623 3409 3852 3463 Verum-

2268 3504 2446 3551 tamen
2477 3497 2530 3550 in
2563 3499 2663 3552 hac
2684 3499 2968 3552 traditione
2997 3498 3220 3563 aPatre,
3241 3515 3343 3553 non
3371 3500 3586 3565 ctnlum,
3605 3508 3661 3554 et
3677 3510 3850 3563 terra,

2264 3597 2320 3642 et
2344 3589 2612 3644 elementa
2642 3590 2825 3644 nmndi
2856 3590 3198 3660 intelligenda
3223 3598 3367 3655 sunt,
3392 3599 3445 3645 et
3469 3600 3689 3655 czetera,
3723 3608 3848 3662 qua:

2265 3678 2380 3748 ipse
2404 3678 2534 3734 fecit
2557 3689 2611 3733 et
2631 3680 2890 3743 condidit,
2918 3680 3012 3734 sed
3033 3681 3066 3733 ii
3093 3681 3186 3749 qui
3216 3696 3312 3750 per
3331 3680 3523 3735 Filium
3555 3696 3850 3735 accessum

2264 3769 2464 3824 habent
2483 3771 2551 3824 ad
2565 3769 2799 3825 Patrem.
2823 3769 2975 3825 Unde
2997 3771 3124 3825 olim
3141 3771 3340 3826 dictum
3358 3781 3476 3825 erat
3497 3771 3549 3825 in
3573 3770 3810 3827 Psalmis
3835 3788 3851 3824 :

2264 3859 2484 3914 Postulo
2526 3879 2559 3915 a
2586 3879 2686 3926 me,
2717 3872 2763 3917 et
2792 3862 2927 3916 dabo
2967 3863 3058 3916 tibi
3084 3871 3256 3933 gentes
3278 3863 3633 3918 [nereditatem
3673 3873 3852 3929 tuam,

2262 3961 2310 4015 et
2327 3953 2697 4020 possessionem
2723 3964 2868 4007 tuam
2890 3955 3134 4009 terminos
3161 3964 3314 4009 terra:
3339 3952 3508 4025 (Psal.
3542 3971 3603 4019 tt,
3624 3955 3706 4025 8),
3725 3971 3853 4025 quae

2261 4037 2444 4094 omnia
2485 4043 2646 4098 Pater
2675 4060 2796 4098 cum
2824 4044 2971 4099 dedit
2999 4053 3092 4098 aut
3119 4045 3337 4099 tradidit
3378 4061 3483 4099 non
3512 4045 3722 4113 amisit,
3747 4049 3851 4100 sed

2263 4133 2566 4202 acquisivit,
2611 4136 2864 4205 quoniam
2910 4143 3071 4191 antea
3108 4136 3323 4190 inimici
3373 4148 3528 4192 erant
3555 4151 3696 4206 quos
3740 4138 3850 4192 sibi

2262 4224 2403 4279 ﬁlios
2429 4226 2722 4296 adoptavit.
2749 4227 3097 4298 Nequaquam
3140 4229 3300 4300 igitur
3331 4230 3403 4283 ita
3431 4229 3850 4299 intelligendum

2263 4326 2366 4380 est,
2417 4318 2557 4372 sicut
2590 4319 2806 4388 quidam
2860 4319 3000 4374 male
3043 4319 3347 4386 voluerunt,
3390 4320 3541 4389 quasi
3591 4319 3763 4373 Filius
3819 4337 3852 4372 a

2265 4407 2411 4463 nullo
2453 4409 2621 4476 possit
2647 4410 2916 4478 cognosci,
2948 4409 3050 4464 nisi
3093 4425 3143 4464 a-
3165 4419 3317 4479 patre
3363 4411 3500 4475 solo,
3522 4409 3684 4463 Pater
3713 4424 3855 4463 vero

2259 4513 2364 4552 non
2407 4499 2579 4553 solum
2606 4515 2635 4552 a
2664 4499 2818 4562 Filio,
2850 4515 3039 4554 verum
3084 4502 3248 4556 etiam
3285 4503 3352 4556 ab
3383 4502 3462 4555 eis
3501 4501 3699 4571 quibus
3740 4516 3852 4555 vo-

2256 4588 2415 4644 luerit
2457 4589 2623 4644 Filius
2649 4589 2905 4646 revelare.
2934 4589 3186 4656 Quinimo
3215 4591 3292 4645 sic
3321 4589 3749 4660 intelligendum,
3786 4601 3855 4644 ut

2255 4678 2467 4732 Patrem
2489 4686 2542 4732 et
2562 4679 2732 4748 ipsum
2757 4679 2970 4745 Filium,
2987 4695 3083 4750 per
3101 4681 3291 4734 Filium
3307 4680 3528 4735 revelari
3545 4681 3855 4733 credamus

2252 4766 2376 4833 quia
2404 4765 2626 4822 visibilis
2645 4767 2912 4835 apparuit,
2935 4776 2992 4820 ut
3012 4777 3154 4821 esset
3177 4767 3400 4820 interius
3421 4776 3616 4819 nostra:
3641 4765 3859 4818 mentis

2251 4858 2451 4913 lumen.
2481 4857 2679 4913 Tamen
2701 4869 2756 4914 et
2782 4859 2820 4911 F
2825 4859 2948 4913 ilius
2965 4874 2993 4912 a
3022 4858 3180 4912 Patre
3198 4858 3463 4912 revelatus
3483 4866 3587 4920 est,
3613 4866 3672 4909 ut
3699 4857 3855 4918 dixi,

2260 4956 2316 5003 et
2340 4957 2618 5014 ostensus;
2648 4949 2900 5017 quoniam
2931 4964 3088 5004 nemo
3121 4965 3284 5002 unum
3315 4962 3502 5002 eorum
3523 4949 3638 5002 sine
3665 4946 3858 4999 altero

2260 5041 2429 5094 novit.
2455 5041 2594 5111 Ergo
2617 5057 2682 5096 ac
2697 5042 2742 5095 si
2769 5044 2932 5098 verbo
2949 5058 3046 5099 suo
3066 5043 3229 5098 Pater
3253 5057 3311 5098 se
3333 5043 3591 5104 declarat,
3605 5041 3857 5096 verbum

2260 5145 2388 5186 vero
2430 5133 2617 5197 Filius,
2652 5148 2755 5186 non
2784 5134 2956 5188 solum
2981 5135 3032 5188 id
3075 5134 3216 5203 quod
3243 5149 3340 5203 per
3384 5135 3608 5190 verbum
3656 5133 3860 5187 decla-

2262 5229 2433 5285 ratur,
2465 5237 2650 5275 verum
2676 5231 2733 5277 et
2755 5225 2989 5292 seipsum
3024 5225 3188 5278 etiam
3217 5223 3474 5279 declarat.
3524 5223 3679 5278 Unde
3707 5224 3860 5292 quia

2264 5313 2458 5366 tradita
2489 5322 2609 5367 sttnt
2633 5314 2683 5368 ei
2709 5315 2911 5379 omnia,
2941 5314 3132 5368 invitat
3155 5315 3223 5370 ad
3245 5330 3304 5370 se
3325 5329 3533 5380 omnes,
3558 5313 3689 5383 quia
3722 5328 3864 5369 me-

2262 5405 2437 5459 diator
2465 5413 2566 5468 est,
2592 5413 2652 5458 ut
2677 5419 2771 5460 eos
2795 5406 2909 5474 ipse
2938 5404 3174 5476 perferat
3195 5406 3261 5461 ad
3286 5405 3520 5460 Patrem.

2343 5496 2539 5561 Venite,
2570 5499 2762 5568 inquit,
2787 5499 2856 5550 ad
2896 5514 2977 5551 me
3016 5508 3282 5560 omnes,et
3317 5513 3409 5566 ego
3443 5512 3530 5550 vos
3577 5493 3861 5562 reﬁciam.

2261 5585 2455 5641 Tribus
2489 5602 2722 5655 namque
2749 5587 2922 5640 modis
2949 5585 3159 5640 vocatio
3189 5586 3291 5639 ista
3319 5584 3536 5654 legitur,
3562 5598 3687 5638 cum
3717 5583 3808 5636 ait
3839 5601 3861 5637 :

2261 5678 2468 5734 Venite.
2520 5677 2630 5732 Una
2663 5687 2762 5742 est,
2791 5677 2857 5728 de
2899 5692 3000 5746 qua
3035 5676 3121 5729 hic
3147 5675 3378 5729 dicitttr:
3416 5671 3594 5728 Venite
3631 5673 3706 5726 ad
3735 5688 3868 5731 me.
