4004 6362
166 341 253 394 455

920 337 1279 394 EXPOSITIO
1319 338 1384 392 IN
1429 337 1865 392 ΜΑΤΤιιιΕιΜ.
1909 371 1972 376 -μ
2014 339 2138 392 LIB.
2185 339 2269 403 VI,
2311 339 2460 392 CAP.
2510 338 2621 392 XII.

3296 342 3400 395 454

165 461 248 513 alia
279 464 351 511 est
375 471 476 523 qua
508 457 822 517 doceamur,
853 457 994 510 unde
1016 457 1091 510 ait
1121 475 1134 510 :
1171 454 1369 520 Venite,
1395 456 1516 524 ﬁlii,
1546 457 1722 509 audite
1753 463 1795 517 Α
1828 456 2058 520 hricarc,
2085 471 2190 510 non
2230 466 2470 512 mortuos
2505 456 2790 522 suscitare,
2824 472 2926 512 non
2971 460 3198 512 virtutes
3224 457 3400 528 signo-

164 546 516 607 me,‘timorem
563 544 775 598 Domini
812 545 1002 598 docebo
1048 562 1136 598 ros
1168 545 1340 614 (Psal.
1375 561 1564 608 χχχιιι,
1601 544 1719 614 12);

165 636 299 688 tertia
332 650 457 688 vero
487 634 594 687 erit
624 635 674 687 in
707 634 905 698 futuro,
937 636 1157 703 quando
1186 635 1432 689 dicturus
1459 643 1542 689 est
1574 649 1589 688 :
1629 633 1723 688 Ve-

166 728 270 788 uile,
305 725 561 776 benedicti
607 722 785 776 Patris
826 725 957 786 mei,
990 725 1237 792 percipite
1263 739 1475 792 regnum
1509 723 1718 790 (Matth.

165 831 266 875 ην,
289 813 398 883 54).
435 813 606 866 Porro
627 814 769 881 quod
797 814 904 866 ait:

220 904 314 970 Qui
344 904 601 957 laboratis
623 916 671 956 et
702 906 902 958 onerati
926 905 1067 958 estis.
1096 903 1310 959 .lnda'os
1333 905 1492 959 simul
1515 914 1567 959 ct
1595 922 1720 976 gen-
1761 926 1767 932 ·

164 1007 228 1050 tes
247 1010 438 1048 vocare
483 996 720 1058 videtur,
750 996 1003 1065 quoniam
1035 995 1172 1050 alter
1208 1009 1416 1062 eorum,
1448 997 1613 1051 nimio
1643 996 1722 1050 la-

164 1089 268 1140 lzore
292 1085 423 1154 legis
446 1085 566 1139 sine
594 1085 698 1138 ulla
728 1084 1060 1154 profectione
1086 1087 1408 1151 vexabatur,
1435 1088 1572 1141 alter
1595 1102 1723 1141 vero

163 1185 483 1243 peccatorum
533 1176 789 1228 oneribus
830 1185 1220 1245 prtegravatur,
1253 1191 1352 1232 nec
1399 1193 1612 1232 sursum
1653 1177 1720 1231 ad

162 1267 321 1328 Deum,
353 1265 496 1320 idola
545 1265 748 1328 colens,
780 1268 1048 1334 respicere
1078 1267 1308 1321 valebat.
1357 1267 1555 1322 Gravia
1601 1267 1721 1337 qui-

161 1359 261 1410 dem
288 1363 414 1409 sunt
439 1371 606 1409 onera
637 1357 866 1425 peccati.
907 1356 1058 1412 Unde
1087 1357 1376 1413 Zacharias
1399 1359 1548 1425 dicit,
1579 1361 1720 1428 quod

163 1447 394 1514 iniquitas
423 1446 616 1499 sedeat
659 1462 814 1514 super
840 1446 1095 1500 talentum
1115 1447 1313 1516 plumbi
1343 1446 1528 1517 (Zach.
1559 1464 1612 1512 v,
1642 1449 1717 1518 7).

163 1548 208 1590 et
229 1537 388 1590 David
418 1556 433 1589 :
465 1535 729 1600 Quoniam
756 1537 1052 1606 iniquitates
1076 1554 1204 1591 mea:
1229 1554 1575 1608 supergressa:
1597 1548 1719 1592 sunt

165 1637 301 1695 (τιριιι
331 1643 514 1690 meum,
549 1637 597 1680 et
635 1626 770 1679 sicut
813 1643 944 1678 unus
972 1641 1124 1696 graue
1157 1637 1386 1696 gravata:
1415 1640 1534 1681 sunt
1566 1643 1722 1696 super

166 1737 238 1772 me
265 1717 425 1788 (Psal.
474 1735 680 1780 xxxvii,
710 1718 785 1788 5).
841 1717 1029 1772 Sciet
1072 1718 1156 1772 lex
1199 1735 1361 1788 grave
1411 1735 1548 1774 onus
1577 1726 1716 1782 erat,

1826 563 1940 599 rum
1971 546 2168 610 facere,
2202 548 2294 601 sed
2333 548 2562 601 humiles
2591 563 2708 602 esse
2737 556 2791 602 et
2828 549 3004 613 mites,
3028 558 3086 603 ut
3125 550 3396 620 possimus

1822 637 1999 691 omnia
2032 638 2319 693 sustinere.
2373 636 2440 691 Et
2490 638 2784 691 notandum
2814 639 2956 707 quod
2984 639 3098 692 ait:
3129 638 3267 703 Quia
3303 639 3402 691 mi-

1821 729 1886 779 tis
1921 743 2035 778 sum
2083 737 2129 779 et
2178 726 2392 780 humilis
2438 727 2624 791 corde,
2659 726 2938 796 isiquidem
2989 743 3093 781 non
3137 727 3402 781 labiorum

1823 817 1980 887 537
2007 816 2310 886 superﬁcie,
2334 817 2426 871 sed
2447 817 2626 871 cordis
2650 817 2985 887 integritate;
3019 832 3190 887 neque
3215 818 3266 870 in
3295 817 3402 870 ulla

1821 906 2210 975 compositione
2233 906 2315 959 vel
2345 905 2641 975 dejectione
2688 907 2929 969 habitus,
2971 907 3095 960 licet
3118 914 3171 959 et
3199 907 3250 958 in
3276 921 3400 961 cor-

1822 1013 1950 1066 pore
1979 1007 2144 1066 atque
2174 998 2339 1051 verho
2380 998 2452 1051 sit
2494 997 2796 1051 exhibenda
2839 1011 3022 1051 coram
3054 995 3360 1050 hominibus
3388 1036 3402 1056 ,

1821 1090 1916 1144 sed
1947 1090 1999 1143 in
2029 1090 2175 1144 omni
2222 1089 2508 1144 devotione
2537 1098 2701 1158 atque
2732 1087 3034 1156 abjectionc
3081 1088 3294 1140 mentis.
3328 1086 3404 1140 lbi

1822 1195 2052 1248 namque
2080 1181 2313 1249 primum
2343 1177 2566 1232 ferenda
2598 1186 2712 1243 est,
2743 1186 2797 1231 et
2834 1179 3111 1242 habenda,
3141 1177 3230 1230 ubi
3262 1176 3404 1230 Deus

1821 1271 1998 1336 videt,
2043 1272 2236 1326 deinde
2280 1287 2343 1326 ex
2400 1271 2546 1326 l‘onte
2579 1273 2758 1326 cordis
2804 1272 3042 1326 exterius
3069 1271 3401 1334 exhibenda,

1822 1371 1876 1414 ut
1911 1361 2021 1416 Deo
2058 1361 2131 1415 sit
2168 1360 2366 1430 placita
2392 1369 2447 1415 et
2476 1369 2695 1430 accepta
2738 1361 3060 1415 hominibus.
3095 1361 3161 1414 Et
3185 1361 3306 1415 ideo
3329 1360 3403 1414 ibi

1823 1452 2079 1507 discenda
2123 1461 2206 1506 est
2256 1467 2285 1505 a
2319 1451 2410 1521 pio
2438 1452 2688 1515 domino,
2721 1459 2776 1506 et
2806 1451 3065 1520 magistro
3090 1451 3404 1504 clementis-

1821 1542 1989 1603 simo,
2021 1541 2110 1595 ubi
2143 1555 2397 1604 manere,
2427 1541 2572 1594 etde
2601 1555 2707 1609 quo
2731 1555 2954 1594 manare
2985 1541 3154 1609 possit
3189 1541 3254 1593 ad
3283 1555 3404 1594 om-

1821 1647 1938 1686 nes.
1967 1630 2174 1685 Interea
2198 1629 2316 1702 jure
2341 1631 2600 1700 quaeritur
2635 1631 2904 1700 quomodo
2937 1629 3124 1699 jugum
3159 1630 3403 1699 Evange-

1822 1721 1876 1776 lii
1923 1723 2040 1778 leve
2083 1724 2316 1788 dicatur,
2347 1731 2402 1777 et
2428 1732 2696 1792 praecepta
2745 1723 2932 1793 gratiae
2977 1723 3144 1786 levia,
3175 1737 3296 1776 cum
3348 1722 3401 1775 in

159 1811 281 1863 sicut
306 1810 503 1863 Petrus
535 1809 693 1864 docet
721 1826 734 1860 :
764 1807 915 1872 Quod
946 1825 1038 1861 nec
1068 1825 1179 1868 nos.
1211 1809 1397 1878 inquit,
1425 1825 1514 1862 nec
1542 1819 1714 1878 patres
1748 1808 1790 1866 Β
1820 1817 1933 1888 lege
1957 1817 2278 1872 adulterium
2304 1826 2360 1873 et
2387 1819 2440 1872 in
2469 1817 2760 1885 Evangelio
2785 1817 3223 1885 concupiscentia
3250 1817 3370 1870 dam
3398 1844 3404 1850 -

157 1900 298 1952 nostri
310 1908 528 1967 portare
549 1900 811 1967 potuimus
829 1900 965 1966 (Act.
994 1914 1080 1962 xv,
1107 1900 1216 1968 10).
1248 1900 1315 1953 Ει
1343 1900 1462 1954 ideo
1482 1900 1717 1969 graviter

156 1990 411 2044 laboribus
461 1989 746 2059 fatigatos,
786 1988 948 2060 536
995 1989 1080 2044 vel
1129 1990 1388 2044 oneribus
1434 1991 1716 2060 depressos

153 2082 556 2152 benignissimus
585 2080 835 2136 Salvator
876 2083 942 2136 ad
969 2097 1028 2136 se
1065 2093 1240 2146 vocat,
1271 2097 1332 2136 ea
1359 2083 1538 2137 omnia
1570 2082 1716 2137 abla-

154 2182 299 2236 turus,
327 2181 541 2227 tantum
573 2183 628 2226 ut
649 2172 837 2242 jugum
864 2172 978 2240 ejus
1005 2188 1189 2236 suave,
1222 2182 1278 2227 et
1306 2189 1444 2229 onus
1469 2173 1589 2229 leve
1619 2190 1712 2230 su-

153 2265 386 2334 scipiant,
416 2264 573 2334 juxta
601 2265 729 2319 illud
749 2265 900 2319 lsaize
931 2264 1019 2320 ubi
1044 2265 1120 2318 ait
1148 2279 1163 2318 :
1195 2263 1444 2336 Cognovit
1475 2265 1564 2320 bos
1591 2284 1713 2337 pos-

149 2372 383 2410 sessorem
412 2373 568 2409 suum
611 2366 659 2409 et
691 2357 870 2409 asinus
900 2371 1125 2427 presepe
1167 2357 1365 2410 domini
1406 2358 1488 2410 sui
1514 2357 1645 2426 (Isa.
1672 2374 1711 2424 ι,

151 2447 214 2512 5).
257 2446 398 2513 Quia
429 2460 529 2515 per
570 2446 759 2500 bovem
788 2446 1138 2515 designantur
1163 2445 1352 2512 Judaei,
1386 2448 1477 2516 qui
1503 2448 1712 2518 gravis-

149 2540 320 2593 simum
358 2548 649 2593 traxerunt
663 2538 848 2608 jugum
877 2539 1029 2609 legis,
1058 2548 1114 2592 et
1143 2553 1240 2608 per
1265 2539 1498 2602 asinum,
1542 2537 1714 2608 genti-

152 2630 254 2685 litas
275 2641 330 2684 et
363 2629 777 2693 irrationabilis,
803 2630 982 2684 nimiis
1001 2638 1218 2683 onerata
1249 2628 1584 2683 criminibus.
1613 2626 1714 2681 V'o-

148 2733 316 2778 cantur
365 2722 609 2793 primum
644 2731 702 2775 ut
732 2723 951 2776 veniant
992 2722 1058 2775 ad
1107 2722 1287 2785 ﬁdem,
1315 2730 1370 2776 et
1417 2721 1715 2789 suscipiant

150 2814 342 2883 utrique
377 2811 636 2881 speciale,
663 2809 831 2865 Judaei
862 2811 1070 2866 scilicet
1093 2811 1290 2880 laboris
1317 2809 1458 2880 quod
1489 2809 1568 2862 eis
1595 2823 1713 2876 pro-

146 2901 301 2970 prium
335 2911 450 2964 est,
485 2910 540 2954 et
569 2909 758 2970 gentes
784 2916 950 2954 onere
991 2899 1319 2954 camelorum
1349 2898 1611 2967 deposito,
1643 2897 1712 2952 le-

149 2993 349 3048 vitatem
397 2991 832 3046 mansuetudinis
873 2990 1095 3045 Christi.
1145 2989 1258 3044 Hoc
1291 2989 1486 3059 quippe
1524 2987 1708 3058 jugum

145 3091 217 3137 est
240 3085 302 3140 de
327 3100 446 3154 quo
475 3084 728 3153 superius
755 3084 848 3146 ait,
877 3092 932 3137 ut
959 3083 1110 3137 tollat
1134 3082 1500 3150 unusquisque
1521 3098 1706 3136 eorum

151 3177 516 3231 mandatorum
569 3175 662 3229 Dei
710 3184 1000 3245 praecepta,
1048 3191 1152 3228 una
1203 3189 1325 3228 cum
1376 3182 1715 3228 sacramento

149 3262 334 3331 Crucis,
365 3275 431 3320 ut
477 3275 738 3334 sequatur
767 3264 1064 3329 Christum,
1098 3263 1355 3333 quoniam
1387 3263 1608 3317 humilis
1652 3279 1716 3318 ac

151 3355 281 3410 mitis
306 3367 412 3411 est.
474 3356 844 3410 Blandimenta
890 3355 1155 3425 siquidem
1202 3354 1455 3424 proponit
1494 3354 1716 3408 creden-

149 3445 302 3506 tibus,
328 3456 392 3499 ut
413 3447 624 3501 discant
651 3446 922 3500 abstinere
962 3461 992 3499 a
1044 3444 1199 3516 inalis
1239 3455 1293 3498 et
1339 3443 1516 3498 facere
1555 3443 1713 3498 bona.

145 3537 412 3600 Quoniam
455 3538 583 3590 nihil
625 3538 844 3592 suavius
895 3545 979 3591 est
1017 3552 1177 3606 quam
1211 3535 1345 3590 velle
1375 3535 1594 3597 bonum,
1630 3533 1714 3588 ni-

148 3625 334 3694 hilque
360 3626 529 3680 levius
553 3642 706 3696 quam
738 3629 856 3682 sine
892 3627 1118 3680 crimine
1165 3627 1364 3690 vivere,
1392 3639 1576 3678 amare
1603 3639 1718 3678 om-

145 3729 260 3778 nes,
309 3715 491 3770 odisse
527 3716 750 3779 nullum,
781 3724 987 3770 aeterna
1039 3713 1320 3782 consequi,
1355 3712 1711 3782 praesentibus

146 3818 242 3857 non
271 3807 466 3871 teneri,
497 3806 638 3861 nolle
665 3804 862 3861 inferre
887 3805 1044 3860 alteri
1066 3805 1208 3874 quod
1232 3803 1334 3860 sibi
1362 3803 1588 3872 quisque
1611 3817 1716 3857 non

144 3897 250 3950 vult
274 3899 409 3954 ﬁeri.

216 3990 281 4043 Et
320 3993 614 4057 invenietis,
660 3992 868 4062 inquit,
919 3990 1145 4062 requiem
1193 3989 1465 4044 animabus
1513 3988 1713 4071 uestris.

138 4082 430 4140 Animabus
449 4084 702 4154 equidem
722 4083 878 4149 dixit,
894 4093 1072 4138 etnon
1094 4083 1432 4153 corporibus,
1462 4081 1716 4151 quoniam

144 4177 629 4244 imprzesentiarum
675 4190 905 4245 corpora
957 4175 1305 4239 cruciantur,
1337 4183 1398 4228 ut
1442 4173 1638 4227 animae
1685 4187 1717 4226 a

141 4268 272 4323 vitiis
317 4269 677 4336 requiescant
719 4275 772 4322 et
820 4266 1095 4322 laboribus
1141 4262 1301 4333 hujus
1343 4262 1542 4318 sazculi.
1601 4261 1715 4316 Non

139 4359 266 4424 quod
297 4360 352 4413 in
395 4358 584 4413 futuro
615 4361 777 4412 etiam
803 4365 858 4412 et
883 4371 1012 4411 caro
1056 4370 1164 4411 non
1205 4356 1277 4410 sit
1304 4353 1605 4423 reparanda
1650 4349 1718 4405 ad

135 4451 395 4520 requiem,
429 4450 528 4504 sed
548 4457 608 4503 ut
641 4449 819 4503 anima
843 4449 954 4518 jam
986 4447 1074 4502 hic
1098 4448 1153 4502 in
1193 4447 1360 4501 Deum
1388 4445 1716 4514 requiescat,

139 4539 183 4592 in
223 4557 328 4610 quo
369 4557 513 4596 vera
546 4550 632 4595 est
670 4541 886 4610 requies
910 4580 926 4605 ,
967 4548 1022 4594 et
1057 4539 1333 4595 reﬁciatur
1371 4538 1525 4593 bonis
1560 4535 1718 4591 coele'

135 4632 291 4689 stibus
330 4632 615 4704 quotidie,
642 4648 709 4686 ne
736 4631 1011 4686 laboribus
1039 4628 1264 4698 fatigata
1293 4628 1346 4682 in
1375 4627 1463 4680 via
1483 4634 1540 4680 et
1563 4639 1718 4695 pres-

135 4725 260 4779 suris
287 4724 544 4780 deﬁciat.
593 4722 699 4778 Sed
743 4721 910 4777 Judaei
940 4728 996 4778 et
1036 4731 1222 4792 gentes
1253 4717 1412 4774 simul
1437 4731 1602 4770 unum
1628 4714 1716 4786 ju-

129 4830 243 4881 gurn
271 4815 434 4870 ferre
471 4815 752 4884 iubentur,
787 4813 1080 4877 convincti,
1123 4819 1178 4867 et
1223 4809 1475 4873 connexi,
1507 4807 1618 4862 bini
1656 4822 1721 4862 ac

129 4903 250 4970 bini,
283 4907 422 4962 loco
457 4904 762 4968 eharitatis,
788 4912 1055 4974 quatenus
1091 4901 1297 4956 semina
1341 4899 1491 4954 verbi
1536 4897 1721 4954 elabo-

129 5006 302 5053 rantes
343 4999 412 5052 in
471 4995 763 5066 Evangelio
813 4995 1032 5049 uberius
1057 5001 1328 5056 crescant,
1357 4999 1411 5046 et
1458 4997 1719 5060 augeatur

129 5089 316 5144 messis
362 5087 658 5143 Dominica
686 5125 702 5150 ,
732 5101 854 5140 cum
896 5085 1234 5140 incremento
1286 5081 1520 5153 frugum.
1569 5079 1720 5145 Quod

127 5178 380 5235 nimirum
442 5177 727 5233 suavitatis
765 5175 973 5246 jugum,
1008 5191 1140 5229 crux
1175 5181 1282 5237 cst,
1308 5180 1370 5226 ut
1397 5171 1527 5235 dixi,
1554 5169 1723 5239 ipsius

126 5269 455 5327 Salvatoris.
491 5269 664 5337 Quam
687 5276 748 5322 ut
770 5267 910 5322 ferre
937 5266 1207 5337 possimus
1228 5277 1354 5318 mox
1379 5261 1542 5316 infert
1563 5259 1725 5314 disci-

125 5361 321 5429 plinam
355 5361 542 5432 ipsius
569 5358 778 5414 Crucis.

187 5462 425 5524 Discite,
463 5459 664 5529 inquit,
703 5474 737 5510 a
765 5473 846 5511 me
895 5457 1019 5526 quia
1065 5455 1206 5508 mitis
1249 5469 1366 5507 sum
1416 5459 1465 5505 et
1511 5447 1724 5504 humilis

121 5553 292 5608 i-arde.
340 5552 609 5622 Alioquin
635 5563 794 5604 nemo
822 5549 926 5603 nisi
952 5547 1170 5603 humilis
1211 5545 1351 5600 ferre
1375 5550 1554 5615 potest
1582 5539 1723 5609 quod

116 5643 286 5710 jubet,
323 5643 441 5698 nisi
468 5642 619 5696 mitis
649 5641 762 5695 haec
799 5640 981 5695 omnia
1027 5653 1146 5708 qua:
1175 5637 1353 5692 crucis
1400 5641 1529 5689 sunt
1565 5631 1726 5687 susti-

123 5749 265 5789 nere.
295 5734 522 5788 lalcirco
555 5732 764 5786 discere
796 5730 1017 5785 mandat
1045 5745 1073 5783 a
1108 5744 1187 5793 se,
1218 5743 1324 5783 non
1357 5725 1612 5780 mundum
1645 5721 1723 5776 fa-

1821 1917 2014 1972 natur;
2063 1907 2118 1961 in
2144 1921 2252 1976 quo
2291 1921 2392 1962 nec
2421 1907 2579 1961 irasci
2628 1907 2980 1976 permittitur,
3013 1919 3184 1973 neque
3212 1919 3404 1972 repen-

1823 1999 1949 2055 dere
1993 1998 2196 2053 malum
2236 2012 2336 2068 pro
2392 1997 2579 2061 malis;
2625 1997 2867 2065 quinimo
2913 1994 3074 2048 etiam
3115 1995 3252 2048 bona
3305 2007 3406 2063 pro

1822 2090 1978 2144 malis
2005 2088 2346 2157 impendere.
2381 2095 2437 2142 et
2465 2101 2622 2142 orare
2643 2100 2744 2155 pro
2772 2084 3196 2154 inimicisjubet.
3233 2085 3402 2138 Porro

1823 2182 1875 2235 in
1907 2181 2022 2250 lege
2047 2194 2212 2250 opera
2241 2178 2610 2248 requiruntur,
2650 2192 2770 2245 qua:
2797 2174 3088 2245 Apostolus
3118 2175 3247 2229 dicit
3274 2188 3402 2244 por-

1823 2280 1937 2324 tare
1960 2286 2065 2324 non
2105 2269 2344 2339 potuisse
2373 2267 2586 2322 Iudaeos
2623 2284 2636 2319 :
2668 2267 2720 2320 in
2750 2265 3042 2335 Evangelio
3081 2277 3212 2320 vero
3240 2263 3401 2318 etiam

1821 2362 1923 2416 etsi
1949 2360 2198 2415 effectum
2238 2375 2343 2415 non
2376 2358 2655 2421 habuerit,
2688 2357 2801 2427 ipsa
2830 2357 3078 2411 voluntas
3105 2355 3401 2424 requiritur

1825 2455 1875 2507 in
1904 2454 2074 2515 bono,
2105 2466 2224 2518 qua:
2251 2448 2554 2519 periclitata
2595 2456 2648 2500 et
2675 2447 2727 2501 in
2774 2447 2918 2501 malo
2947 2447 3252 2500 damnatur.
3295 2443 3403 2499 Sed

1821 2543 1944 2614 quia
1974 2543 2075 2596 sub
2117 2541 2310 2594 timore
2337 2548 2602 2608 praecepta
2647 2538 2783 2606 legis
2826 2545 3132 2600 servantur,
3177 2543 3234 2588 ut
3259 2535 3406 2588 vivat

1823 2633 1982 2685 homo
2011 2637 2220 2684 tantum
2245 2629 2300 2683 in
2324 2629 2428 2694 eis,
2455 2637 2740 2697 pr0pterea
2763 2627 2942 2696 gravia
2965 2635 3021 2680 et
3047 2623 3405 2694 importabilia

1821 2721 2093 2785 dicuntur,
2122 2719 2471 2791 Evangelium
2499 2734 2632 2773 vero
2649 2717 2762 2786 jam
2796 2717 2920 2770 ﬁliis
2950 2716 3072 2771 data
3097 2715 3268 2785 gratia
3285 2731 3404 2784 quas

1821 2823 1902 2867 est
1926 2813 2211 2868 inChristo
2231 2810 2379 2876 Jesu,
2408 2810 2564 2864 valde
2590 2811 2728 2864 levia
2759 2810 3029 2864 videntur.
3060 2807 3218 2880 Legis
3245 2811 3404 2862 timor

1819 2918 2033 2972 plenam
2058 2904 2238 2969 infert,
2273 2903 2548 2974 Evangelii
2589 2917 2719 2958 vero
2757 2902 2997 2958 charitas
3037 2902 3358 2955 suavitatem
3383 2941 3398 2965 ,

1819 2997 1942 3065 quia
1974 2998 2195 3052 omnino
2232 2995 2493 3065 quidquid
2523 2994 2680 3058 libet,
2724 2994 2896 3064 magis
2921 2993 3115 3064 placet.
3158 2992 3292 3047 Nam
3320 2992 3402 3048 lex

1823 3095 2034 3142 terrena
2062 3087 2389 3158 repromittit
2413 3093 2468 3140 et
2513 3085 2859 3155 temporalia,
2904 3084 3253 3155 Evangelium
3293 3097 3404 3138 οων-

1743 3150 1785 3209 C
1821 3179 1971 3233 lestia
2000 3186 2055 3231 et
2084 3186 2307 3232 aeterna.
2335 3177 2412 3231 lbi
2445 3178 2562 3233 sine
2591 3178 2696 3232 ulla
2728 3179 3077 3234 miseratione
3117 3179 3404 3232 damnatur

1823 3283 1981 3333 rens,
2026 3267 2113 3322 hic
2161 3275 2215 3320 et
2263 3281 2557 3330 converso,
2608 3283 2714 3322 non
2759 3268 2930 3322 solum
2982 3267 3172 3331 venia,
3214 3281 3400 3320 verum

1820 3361 1982 3414 etiam
2029 3357 2200 3430 gratia
2241 3366 2529 3426 praestatur
2559 3366 2614 3412 et
2659 3357 2896 3426 adoptio.
2931 3356 3084 3412 Unde
3113 3356 3234 3425 quia
3265 3355 3398 3409 duo-

1820 3453 1920 3506 bus
1943 3451 2226 3521 praeceptis
2254 3457 2362 3504 tota
2388 3449 2471 3502 lex
2493 3459 2546 3502 et
2568 3448 2844 3517 prOphetm
2883 3445 3261 3514 adimplentur,
3286 3458 3404 3512 per-

1822 3541 1933 3595 licit
1961 3542 2132 3611 gratia
2165 3549 2223 3594 ut
2247 3540 2489 3594 charitas
2516 3537 2592 3607 (in
2635 3552 2740 3605 qua
2771 3537 2951 3591 omnia
2981 3533 3232 3604 pendent)
3267 3533 3401 3585 inte-

1821 3648 1914 3704 gra
1950 3639 2316 3692 conservetur,
2348 3645 2452 3699 qua
2483 3627 2613 3682 nihil
2648 3635 2731 3682 est
2759 3627 3003 3689 dulcius,
3031 3624 3161 3678 nihil
3191 3623 3363 3677 levius
3383 3663 3400 3687 ,

1819 3722 1952 3776 nihil
1983 3722 2232 3784 suavius,
2268 3736 2333 3776 eo
2356 3721 2498 3790 quod
2527 3721 2795 3777 charitate
2832 3719 2925 3773 Dei
2958 3727 3012 3771 et
3037 3717 3268 3785 proximi
3294 3731 3401 3770 non

1819 3811 1990 3868 solum
2034 3811 2329 3881 premimur
2370 3820 2465 3864 aut
2512 3825 2824 3881 gravamur,
2876 3822 3060 3860 verum
3113 3804 3275 3858 etiam
3316 3804 3402 3858 his

1822 3903 2032 3958 duobus
2075 3900 2392 3970 praeceptis,
2434 3908 2495 3954 ut
2538 3907 2818 3954 consortes
2846 3897 3017 3951 simus
3061 3893 3296 3969 angelis,
3335 3894 3402 3947 ad

1819 3993 2015 4049 etelum
2048 4007 2218 4060 usque
2249 3992 2508 4045 levamur.

1893 4081 2259 4157 (CAP.Xll.)In
2273 4083 2364 4136 illo
2377 4092 2603 4151 tempore
2620 4079 2742 4133 abiit
2759 4077 2914 4132 Iesus
2929 4077 3144 4131 sabbato
3160 4094 3252 4146 per
3264 4087 3398 4130 sata.

1820 4178 1970 4244 Quod
1997 4177 2208 4231 Marcus
2237 4184 2292 4230 et
2318 4175 2492 4229 Lucas
2522 4175 2749 4243 idipsnm
2782 4179 3040 4232 narrant,
3075 4171 3168 4223 sed
3201 4168 3270 4221 illi
3301 4169 3402 4221 hoc

1819 4267 2036 4337 speciali
2063 4282 2168 4320 non
2194 4266 2471 4336 assignant
2505 4263 2748 4333 tempori.
2789 4261 2938 4317 Unde
2986 4268 3208 4329 apparet
3260 4257 3402 4328 quod

1822 4356 2102 4410 Matthmus
2142 4356 2227 4410 hic
2274 4355 2521 4409 ordinem
2568 4351 2824 4422 temporis
2868 4351 3137 4412 servavit,
3186 4347 3404 4418 quando

1823 4446 2099 4517 respondit
2144 4445 2301 4502 Jesus
2333 4462 2346 4498 :
2380 4444 2645 4514 Conﬁteor
2693 4443 2806 4508 tibi,
2855 4441 3075 4494 Domine
3125 4438 3300 4502 Pater,
3352 4447 3408 4492 et

1808 4538 2105 4607 deinceps,
2157 4551 2221 4591 ex
2281 4550 2390 4604 quo
2440 4533 2699 4588 narrandi
2737 4530 2981 4586 ordinem
3017 4538 3234 4591 secutus
3285 4537 3403 4592 est,

1820 4638 1873 4685 et
1902 4630 2020 4684 ideo
2049 4627 2328 4698 signanter
2356 4625 2433 4678 ait
2471 4639 2487 4678 :
2526 4622 2590 4677 In
2618 4622 2708 4676 illo
2748 4633 2975 4690 tempore
3009 4619 3134 4673 abiit
3161 4618 3290 4672 Jesu
3315 4634 3407 4687 per

1823 4731 1960 4775 sata.

1899 4807 2152 4878 Discipuli
2192 4816 2364 4860 autem
2419 4805 2532 4874 ejus
2575 4805 2858 4859 esurientes
2912 4810 3171 4870 coeperunt
3220 4799 3405 4853 uellere

1825 4901 1993 4970 spicas
2019 4909 2064 4952 et
2094 4898 2432 4951 manducare.
2468 4895 2564 4949 Ubi
2599 4894 2736 4947 mira
2765 4891 2928 4962 538
2956 4890 3048 4944 Dei
3076 4887 3404 4959 dispensatio

1824 4987 2210 5045 consideranda
2235 4995 2336 5049 est,
2361 4993 2415 5039 et
2435 4992 2706 5054 gestorum
2728 4983 2861 5035 ordo
2881 4978 3216 5034 contuendus
3233 4989 3405 5042 quan-

1825 5080 2110 5150 doquidem
2154 5076 2220 5130 ab
2247 5090 2312 5130 eo
2341 5074 2458 5128 loco
2487 5075 2575 5128 ubi
2608 5073 2684 5126 ait
2710 5091 2722 5126 :
2750 5070 2933 5125 Hessis
2960 5069 3169 5138 quidem
3199 5063 3365 5117 multa
3388 5104 3402 5126 ,

1826 5172 2052 5244 operarii
2071 5179 2243 5223 autem
2263 5167 2416 5238 pauci
2439 5165 2652 5238 (Matth.
2678 5181 2755 5227 ix,
2777 5164 2877 5226 37;
2903 5161 3031 5214 Luc.
3055 5176 3107 5223 x,
3130 5159 3206 5228 2),
3233 5173 3406 5226 usque

1829 5266 1894 5319 ad
1925 5264 2068 5317 hunc
2098 5261 2272 5315 locum
2294 5300 2308 5323 ,
2339 5258 2619 5328 multiplex
2643 5255 2884 5311 doctrina
2911 5253 3174 5306 exuberat
3192 5257 3406 5304 senten-

1831 5357 2046 5411 tiarum.
2077 5356 2221 5422 Quas
2247 5370 2378 5409 sane
2407 5353 2731 5412 sententias,
2765 5357 2924 5420 prout
2963 5345 3141 5417 potui.
3187 5341 3405 5398 brevius

1827 5463 1987 5517 quam
2015 5455 2325 5516 oportuerat
2358 5445 2622 5515 percurri.
2655 5441 2758 5496 Sed
2802 5440 2925 5510 quia
2959 5436 3298 5506 splendorem
3326 5431 3406 5486 di-

1827 5538 1937 5591 vini
1960 5536 2156 5605 eloquii
2207 5536 2433 5595 hahent,
2467 5533 2592 5600 quia
2644 5527 2928 5598 magniﬁca
2954 5535 3009 5581 et
3037 5524 3216 5578 divina
3247 5533 3401 5583 sunt.

1829 5627 2027 5682 nullam
2057 5625 2376 5695 elegantiam
2406 5623 2693 5675 verborum
2734 5619 2952 5672 adhibui
2973 5659 2987 5681 ,
3030 5631 3130 5672 nec
3157 5625 3404 5670 ornatum

1825 5719 2144 5788 eloquentize
2162 5759 2174 5781 ,
2205 5724 2255 5769 ut
2283 5714 2503 5784 pulchra
2527 5720 2669 5766 esset
2691 5708 3046 5765 et'laudabilis
3068 5706 3241 5763 oratio
3263 5718 3407 5774 ιιιιω-
