4004 6362
659 297 769 351 455

1473 291 1530 347 S.
1570 287 1921 347 PASCHASII
1963 287 2308 342 BADBERTI
2347 285 2639 342 ABBATIS
2676 283 3124 342 CORBEIENSIS
3747 302 3822 358 ‘55

649 410 746 465 sivi
769 450 782 472 ,
825 407 920 464 ιιεά
971 415 1210 470 tantum,
1244 417 1302 462 ut
1345 409 1524 463 minus
1549 409 1838 479 capacibus
1869 423 2084 462 sensum
2109 421 2237 475 ape-
2265 413 2312 470 Α
2341 405 2618 470 defensio,
2645 420 2766 474 quae
2789 404 2974 476 jubet,
3006 416 3075 459 ne
3102 412 3306 460 tantum
3352 408 3530 464 exinde
3566 412 3688 470 foras
3710 416 3826 473 ell‘er-

651 503 846 566 rirem;
872 509 926 555 et
955 500 1149 568 quibus
1177 499 1500 554 informatur
1528 500 1799 570 perfectus
1825 499 2031 554 Christi
2059 500 2228 554 disci-

651 592 809 663 pulus
852 591 1180 660 disciplinis,
1225 591 1412 660 paucis
1456 590 1684 646 ostendi.
1744 590 1897 646 Nunc
1942 607 2071 646 vero
2115 598 2235 660 post

652 696 860 739 tantam
905 685 1322 738 immensitatcm
1366 685 1558 738 divinae
1587 684 1898 753 sapientia,
1928 683 2232 757 etfprofnn-

652 777 874 829 ditatem
923 775 1320 844 intelligentiae;
1355 775 1600 829 attendat
1643 775 1868 845 diligens
1910 773 2138 838 auditor,
2169 773 2236 828 ad

651 865 795 936 quod
821 881 957 934 opus
987 872 1260 935 gestorum
1287 865 1406 934 pius
1446 864 1698 936 Magister
1723 879 1818 920 eos
1847 864 2068 927 invitat,
2101 879 2238 934 quos

652 959 864 1012 edocuit
883 957 996 1025 jam
1021 956 1240 1027 jamque
1263 957 1581 1012 esurientes.
1627 957 1696 1014 In
1722 957 1845 1022 illo,
1879 957 2084 1026 inquit,
2112 967 2239 1011 temo

655 1066 810 1118 pore,
842 1064 906 1102 ac
941 1048 983 1102 si
1030 1049 1270 1114 diceret,
1305 1063 1427 1102 cum
1474 1048 1560 1102 his
1603 1048 1832 1102 instituti
1881 1057 2009 1103 sunt
2049 1048 2236 1108 dictis,

654 1140 795 1192 Abiit
833 1140 988 1193 Jcsus
1017 1155 1107 1208 per
1154 1149 1303 1200 sata,
1349 1147 1408 1193 ut
1443 1142 1859 1193 recordarentur
1888 1154 2072 1193 eorum
2119 1153 2241 1207 qua:

658 1230 904 1296 dixerat,
943 1231 1086 1301 quod
1125 1231 1307 1285 messis
1344 1231 1550 1300 quidem
1583 1230 1779 1294 multa,
1814 1239 1869 1285 et
1894 1231 2121 1301 operarii
2150 1245 2240 1285 cs-

656 1332 776 1378 scnt
813 1324 988 1392 pauci.
1042 1322 1125 1376 Ad
1180 1325 1283 1377 hoc
1313 1338 1442 1394 ergo
1495 1339 1588 1378 eos
1637 1324 1942 1388 erudierat,
2001 1331 2059 1376 ut
2102 1337 2243 1378 mes-

657 1427 810 1466 sores
834 1422 1014 1467 essent
1041 1414 1375 1479 animarum;
1411 1421 1466 1468 et
1508 1413 1650 1483 quod
1677 1414 1766 1468 alii
1813 1414 1964 1482 prius
1990 1413 2241 1468 elabora-

656 1511 878 1567 verant,
914 1503 1010 1572 ipsi
1035 1502 1150 1570 jam
1198 1514 1484 1559 meterent.
1538 1505 1690 1560 Unde
1736 1515 1792 1559 et
1834 1505 1931 1575 ipsi
1964 1513 2245 1575 cu‘perunt

655 1593 897 1658 esurire,
926 1603 972 1646 et
1006 1593 1187 1648 vellere
1227 1596 1397 1665 spicas
1424 1595 1806 1664 primitiarum.
1855 1594 2104 1664 Nunquid
2132 1609 2241 1649 non

658 1693 818 1738 antea
842 1699 946 1738 non
977 1685 1283 1739 esurierunt
1304 1725 1318 1750 ,
1345 1687 1471 1755 quia
1502 1694 1611 1739 tam
1637 1687 1914 1756 signanter
1934 1686 2136 1741 dictum
2159 1693 2244 1740 est

659 1780 802 1850 quod
858 1791 988 1836 tunc
1030 1782 1265 1850 primum
1314 1783 1580 1851 coeperint
1625 1782 1872 1836 esurire?
1927 1781 2246 1836 Esurierunt

657 1873 843 1941 plane,
875 1875 966 1928 sed
994 1874 1074 1928 sic
1101 1875 1280 1928 omnia
1307 1875 1479 1946 gerit,
1519 1881 1577 1927 ut
1604 1874 1758 1943 plena
1791 1875 1898 1929 sint
1927 1874 2135 1945 singula
2159 1889 2245 1928 sa-

660 1963 974 2018 cramentis.
1027 1961 1290 2032 Loquitur
1339 1965 1484 2019 enim
1535 1964 1735 2032 ubique
1779 1963 2005 2034 mystice
2032 1962 2244 2028 verbis,

659 2051 898 2121 loquitur
922 2051 1058 2106 locis
1086 2063 1144 2106 et
1185 2053 1548 2121 temporibus,
1583 2052 1822 2122 loquitur
1850 2055 2013 2110 rebus
2047 2063 2101 2108 et
2125 2069 2247 2125 ges—

661 2143 732 2195 tis
755 2141 990 2211 providae
1014 2143 1358 2210 operationis.
1393 2143 1683 2212 Propterea
1731 2153 1785 2198 et
1829 2143 2074 2213 discipuli
2124 2152 2247 2213 post

661 2241 867 2286 tantam
895 2232 1302 2286 exuberantiam
1335 2233 1497 2287 divini
1526 2234 1707 2299 verbi,
1737 2246 1859 2302 post
1890 2243 1999 2288 tam
2026 2235 2246 2306 egregia

662 2331 717 2377 et
745 2321 970 2376 mirifica
1001 2323 1369 2378 doctrinarum
1403 2325 1638 2395 eloquia,
1671 2327 1922 2380 dicuntur
1947 2342 2010 2381 ac
2031 2328 2075 2382 si
2107 2343 2250 2384 mes-

664 2427 847 2477 sorcs,
885 2429 983 2483 per
1027 2422 1177 2478 sata,
1227 2414 1281 2468 in
1322 2414 1414 2469 illo
1461 2423 1728 2485 tempore,
1761 2417 1904 2486 quod
1943 2418 2054 2488 jam
2100 2416 2249 2473 Patri

664 2502 774 2556 Deo
801 2504 1007 2574 gratias
1034 2518 1130 2573 pro
1156 2503 1328 2557 salute
1355 2505 1478 2558 data
1512 2506 1794 2576 gentibus,
1822 2507 2107 2562 confessus
2131 2515 2215 2562 est
2232 2547 2248 2572 ,

661 2603 721 2646 ut
745 2593 884 2648 idem
914 2609 1105 2650 sensus
1130 2595 1408 2664 superiora
1455 2605 1510 2650 et
1539 2597 1820 2666 sequentia
1859 2597 2246 2669 conjungeret,

661 2690 720 2738 ut
773 2685 916 2755 quod
963 2686 1221 2741 docuerat
1276 2687 1525 2757 discipuli
1572 2705 1735 2758 opere
1781 2691 2132 2760 complerent.
2184 2691 2253 2746 Et

662 2774 784 2830 ideo
805 2792 966 2845 quam
987 2778 1355 2848 dispensative
1375 2779 1578 2834 dictum
1601 2791 1685 2835 est
1704 2821 1719 2846 ,
1740 2789 2023 2850 cmperunt
2043 2782 2252 2837 esurire

663 2873 720 2918 et
748 2865 942 2922 vellere
974 2867 1172 2935 spicas.
1205 2867 1516 2938 Perpende,
1545 2869 1671 2938 quia
1707 2878 1834 2924 tunc
1862 2871 2096 2939 primum
2143 2869 2253 2925 fero

664 2969 764 3007 vor
798 2956 1084 3012 charitatis
1129 2959 1184 3012 in
1229 2959 1311 3014 eis
1359 2960 1524 3030 caepit
1553 2959 1912 3016 abundantius
1952 2961 2253 3017 animarum

663 3045 893 3099 salutem
923 3059 1202 3116 appetere,
1237 3063 1301 3104 ac
1328 3049 1556 3104 evellere
1584 3051 1832 3106 homines
1863 3051 1928 3106 de
1955 3054 2174 3119 mundo,
2199 3061 2254 3109 et

665 3136 970 3192 confricare
1015 3153 1110 3193 eos
1158 3139 1419 3195 doctrinis
1448 3139 1632 3205 verbi,
1677 3149 1736 3195 ut
1779 3131 2248 3209 concalescerent,
2279 3121 2325 3184 (ἶ

669 3234 725 3278 ct
750 3224 996 3292 trajicere
1015 3228 1068 3280 in
1093 3243 1287 3298 corpus
1311 3245 1463 3284 suum
1480 3271 1494 3293 ,
1519 3238 1579 3284 ut
1604 3230 1763 3285 simul
1784 3233 2025 3288 membra
2049 3231 2251 3289 Christi

668 3317 879 3372 ﬂerent.
915 3317 1046 3372 Nam
1087 3321 1281 3376 messis
1331 3321 1383 3376 in
1427 3337 1588 3392 agro,
1621 3338 1789 3392 genus
1829 3324 2125 3378 humanum
2168 3333 2255 3380 est

668 3409 723 3462 in
754 3411 969 3465 mundo.
1003 3409 1240 3467 Sabhato
1269 3428 1397 3468 vero
1428 3415 1518 3484 qui
1553 3415 1752 3470 viando
1781 3415 2029 3470 esuriunt
2052 3424 2110 3471 et
2145 3415 2254 3471 vel-

667 3501 788 3555 lunt
811 3502 991 3570 spicas
1011 3540 1026 3566 ,
1052 3503 1221 3556 otium
1245 3511 1330 3558 est
1348 3513 1404 3559 et
1429 3503 1642 3574 requies
1674 3505 1741 3562 ab
1761 3504 1909 3560 omni
1935 3517 2098 3574 opere
2117 3520 2254 3576 prie-

669 3589 840 3644 sentis
854 3589 1055 3645 saeculi.
1081 3589 1244 3662 539
1264 3591 1379 3647 Non
1403 3602 1678 3662 torpentes
1692 3593 1904 3664 ignavia
1923 3591 2251 3659 Iudaeorum,

668 3681 763 3737 sed
797 3682 1008 3737 viantes
1050 3683 1116 3737 ad
1148 3685 1410 3753 patriam,
1442 3686 1853 3756 esurientesilue
1883 3685 2113 3742 salutem
2139 3687 2256 3741 ani-

674 3789 921 3840 marum,
955 3783 1011 3829 ct
1033 3775 1324 3832 evellentes
1349 3793 1444 3832 eas
1474 3794 1504 3832 a
1534 3779 1763 3834 terrenis
1790 3780 1995 3835 actibus
2025 3794 2256 3850 quarum

672 3877 732 3918 se
762 3864 937 3919 salute
958 3864 1206 3933 discipuli
1236 3866 1495 3923 festinant
1524 3869 1746 3924 satiare.
1771 3870 2022 3939 Alioquin
2049 3868 2256 3926 homini

673 3971 782 4010 non
814 3956 948 4009 satis
985 3957 1232 4024 congruit
1260 3958 1411 4012 cibus
1440 3958 1748 4027 spicarum,
1781 3973 1957 4028 neque
2003 3959 2257 4027 decepta-

671 4061 793 4100 rum
821 4059 946 4101 esus
973 4047 1124 4101 utilis
1150 4054 1238 4100 est
1277 4047 1565 4100 aristarum
1583 4087 1598 4112 ,
1627 4049 1720 4103 sed
1751 4047 1908 4101 ﬁdem
1942 4048 2103 4104 futuri
2132 4047 2261 4102 facti

666 4131 784 4205 jam
826 4136 1036 4206 species
1079 4137 1428 4202 exsequitur;
1457 4145 1513 4190 et
1541 4137 1714 4192 virtus
1753 4135 2034 4204 interiecta
2063 4136 2259 4194 verbo-

674 4241 794 4280 rum
838 4233 1236 4282 sacramentum
1276 4227 1590 4281 esuritionis
1617 4238 1670 4282 et
1701 4229 1970 4282 satietatis
2011 4229 2257 4284 absolvit.

671 4317 784 4371 Nec
819 4317 1070 4380 dubium,
1103 4317 1231 4385 quin
1259 4318 1306 4371 si
1331 4318 1530 4386 ipsam,
1563 4333 1684 4386 quae
1711 4317 1843 4372 latet
1873 4319 1924 4372 in
1957 4319 2120 4389 gestis
2145 4319 2262 4374 Sal-

674 4407 905 4470 vatoris,
939 4407 1028 4462 ubi
1051 4408 1134 4461 vel
1158 4409 1279 4473 ubi,
1305 4409 1629 4464 sententiam
1655 4409 1961 4479 diligentius
1995 4412 2258 4480 inSpicere

674 4497 941 4563 volueris,
989 4499 1405 4569 exatninareque
1450 4514 1568 4568 qua:
1606 4500 1678 4554 sit
1723 4501 2013 4571 singularis
2063 4502 2259 4557 intelli-

675 4591 888 4659 gentia,
940 4591 1179 4647 invenies
1227 4609 1334 4647 non
1383 4602 1586 4647 tantam
1617 4608 1738 4648 esse
1769 4608 1882 4648 rem
1912 4610 2032 4663 qua:
2075 4604 2158 4650 est
2205 4595 2258 4649 in

676 4693 810 4735 sono
847 4681 994 4735 vocis
1015 4682 1432 4751 uniuscujusque
1460 4683 1674 4751 generis
1698 4721 1714 4745 ,
1758 4691 1960 4752 quanta
1992 4692 2119 4737 sunt
2146 4697 2261 4752 my-

676 4769 842 4825 steria
885 4785 1002 4838 quzn
1045 4771 1188 4825 intus
1229 4772 1428 4836 latent,
1479 4772 1522 4826 si
1578 4782 1783 4826 remota
1828 4772 1992 4826 vestis
2040 4771 2202 4824 fuerit
2229 4786 2260 4824 a

679 4869 990 4927 tegumento
1033 4862 1255 4926 litterae,
1289 4869 1348 4915 ut
1389 4863 1526 4916 nuda
1560 4861 1728 4916 videri
1778 4869 1832 4915 et
1875 4861 2262 4931 comprehendi

676 4948 848 5016 possit
885 4950 1102 5003 veritas.
1134 4949 1304 5004 Tanta
1331 4951 1528 5020 quippe
1554 4959 1638 5004 est
1673 4950 1895 5005 solertia
1936 4950 2104 5004 divini
2133 4964 2262 5019 ope-

680 5039 792 5102 ris,
831 5049 887 5094 et
927 5041 1190 5109 sapientia
1237 5041 1567 5106 Salvatoris,
1609 5051 1668 5094 ut
1699 5042 1951 5096 omnibus
1997 5043 2158 5097 rebus
2185 5041 2263 5096 lo-

679 5142 876 5200 quatur
902 5143 958 5186 ct
980 5133 1163 5197 factis,
1198 5134 1282 5188 his
1310 5133 1402 5201 qui
1427 5133 1529 5188 sibi
1559 5133 1787 5187 salutem
1816 5133 2144 5201 investigare
2173 5146 2264 5186 cu-

679 5225 864 5293 piunt,
895 5234 951 5279 et
969 5226 1233 5296 accipere.
1271 5225 1648 5280 Verumtamen
1678 5225 1804 5293 quia
1836 5233 2128 5279 vescuntur
2152 5223 2263 5292 spi-

683 5331 868 5370 carum
921 5316 1179 5372 defricata
1235 5317 1517 5381 manibus,
1560 5316 1861 5386 turgentia,
1900 5315 2025 5369 vitae
2082 5323 2263 5369 auste-

683 5409 818 5463 ritas
839 5404 1170 5480 designatur,
1199 5419 1254 5465 et
1276 5411 1533 5465 indicium
1563 5420 1646 5464 est
1678 5408 1894 5462 virtutis
1916 5407 2266 5478 parcimoniae

685 5495 776 5549 ubi
804 5513 908 5551 non
947 5501 1265 5567 praeparatio
1291 5514 1569 5564 escarum,
1603 5497 1696 5552 sed
1719 5497 1990 5567 simplices
2017 5511 2268 5566 qumrun-

688 5597 776 5640 tur
801 5589 926 5644 cibi.
955 5590 1106 5656 Quod
1144 5603 1323 5648 autem
1367 5593 1433 5647 de
1469 5592 1646 5648 alieno
1688 5591 1875 5645 labore
1923 5591 2102 5660 spicas
2137 5604 2266 5660 apo-

686 5679 808 5731 stoli
835 5680 1054 5746 tollunt,
1079 5691 1134 5736 et
1157 5698 1495 5751 nequaquam
1521 5680 2006 5753 reprehenduntur,
2034 5680 2162 5752 legis
2184 5691 2266 5738 est

2285 4463 2335 4522 D

2340 504 2483 550 rent.
2516 493 2625 550 Sed
2671 495 2800 564 quia
2835 495 3080 550 sabbatis
3109 503 3270 561 eunt,
3303 505 3355 550 et
3376 498 3826 562 evelluntetconlri-

2337 594 2494 650 cant,
2524 586 2592 642 ab
2619 585 3026 640 :cmulatoribus
3071 585 3203 656 legis
3241 585 3423 642 littera:
3460 593 3825 652 condemnentur.

2338 678 2402 732 Et
2424 679 2721 733 notandum
2743 680 2884 748 quod
2909 679 2962 733 in
2986 679 3229 736 sabbatis
3251 681 3342 746 ait,
3368 691 3534 738 etnon
3555 685 3604 740 in
3625 689 3824 757 sabbato,

2338 769 2462 839 quia
2496 785 2602 824 non
2633 769 2803 824 semel
2847 770 3052 835 solum,
3081 779 3138 826 et
3165 773 3423 837 secundo,
3456 775 3548 830 hoc
3583 791 3664 832 eos
3687 777 3831 837 fecisse

2341 859 2601 925 declarat,
2637 875 2824 915 verum
2853 861 3018 916 etiam
3048 871 3104 916 et
3123 862 3372 932 amplius,
3401 875 3640 933 quatenus
3659 883 3713 923 ex
3742 871 3830 936 hoc,

2340 960 2460 1022 post
2487 967 2706 1008 omnem
2755 954 3166 1009 instructionem
3216 970 3364 1010 novae
3406 956 3558 1027 legis,
3604 970 3836 1028 putesceret

2342 1046 2486 1114 quod
2538 1046 2800 1102 abolenda
2828 1057 2974 1103 esset
3001 1047 3086 1104 les
3112 1049 3331 1113 littera,
3371 1061 3423 1105 et
3449 1055 3679 1107 cessanda
3701 1057 3836 1112 obser-
3903 1103 3905 1105 ,

2341 1135 2488 1190 vatio
2537 1136 2768 1192 sabbati.
2817 1136 3076 1204 Quaenam
3121 1137 3421 1194 observatio
3461 1143 3726 1197 communis
3757 1156 3839 1200 erat

2343 1225 2549 1281 homini
2575 1241 2697 1280 cum
2721 1227 3102 1297 peccatoribus
3117 1267 3134 1294 ,
3157 1237 3214 1283 ct
3233 1229 3352 1283 ideo
3371 1230 3645 1284 destruitur
3664 1233 3837 1300 primum

2344 1316 2413 1370 ab
2450 1316 2708 1385 apostolis
2728 1356 2742 1380 ,
2769 1318 3024 1386 quoniam
3048 1332 3288 1388 praesens
3307 1326 3422 1373 erat
3441 1319 3675 1388 spiritalis
3692 1331 3736 1374 et
3748 1337 3839 1376 vera

2343 1407 2558 1476 requies
2605 1406 2888 1474 Christus,
2940 1423 3206 1479 verusque
3252 1409 3457 1465 sabbati
3505 1409 3742 1467 Dominus.
3773 1414 3840 1468 Cui

2345 1499 2598 1554 dixerunt
2629 1517 2642 1553 :

2418 1589 2594 1656 Quare
2632 1591 2878 1661 discipuli
2919 1591 2997 1644 tui
3036 1591 3236 1658 faciunt
3277 1591 3414 1661 quod
3447 1607 3544 1644 non
3575 1590 3676 1644 licet
3711 1591 3842 1658 eisfa-

2345 1699 2458 1738 cere
2485 1682 2754 1738 sabbatis?
2784 1684 2836 1738 ld
2875 1693 2960 1739 est
2983 1700 3103 1754 qua:
3128 1700 3290 1756 supra
3321 1684 3428 1738 dixi
3445 1723 3460 1748 ,
3486 1684 3587 1749 ire,
3613 1684 3844 1747 vellere,et

2272 1758 2320 1817 Β
2347 1773 2682 1839 confricare,
2709 1775 2794 1829 vel
2826 1776 3104 1846 quidpiam
3149 1774 3355 1830 facere.
3398 1775 3543 1842 Quod
3565 1775 3673 1844 quia
3707 1774 3844 1844 plurali

2350 1879 2580 1918 numero
2609 1865 2811 1919 dictum
2845 1874 2930 1920 est
2973 1866 3029 1920 in
3076 1865 3350 1930 sabbatis,
3382 1866 3583 1921 videtur
3619 1865 3737 1934 quod
3768 1865 3847 1918 sine

2346 1956 2690 2011 observantia
2736 1957 2872 2026 legis
2891 1998 2906 2023 ,
2936 1958 3185 2028 discipuli
3220 1959 3322 2013 ista
3361 1956 3593 2012 fecerunt
3617 1965 3660 2010 et
3689 1956 3734 2010 in
3765 1954 3848 2008 aliis

2348 2047 2608 2104 sabbatis.
2642 2048 2750 2104 Sed
2779 2049 3041 2105 Dominus
3066 2065 3167 2121 pro
3204 2049 3482 2121 discipulis
3503 2048 3681 2105 Judazis
3705 2046 3848 2101 calum-

2348 2140 2624 2196 niantibus
2649 2141 2928 2213 respondit
2969 2156 2985 2196 :

2419 2228 2503 2284 An
2528 2246 2629 2284 non
2652 2230 2849 2302 legistis
2881 2233 3009 2302 quid
3036 2232 3208 2288 David
3242 2233 3452 2303 fecerit,
3479 2231 3669 2302 quando
3687 2230 3849 2292 curiit,

2349 2330 2398 2375 et
2425 2322 2516 2390 qui
2543 2338 2661 2376 cum
2687 2339 2746 2378 eo
2771 2323 2960 2396 erant];
2988 2324 3254 2396 quomodo
3281 2325 3489 2378 intrauit
3506 2324 3558 2377 in
3577 2323 3752 2376 domum
3771 2319 3850 2382 Dei,

2350 2423 2399 2468 et
2420 2430 2582 2483 panes
2609 2415 2978 2484 propositionis
3017 2415 3240 2469 comedit
3273 2413 3434 2487 διο
3460 2429 3581 2485 quos
3605 2427 3694 2464 non
3722 2409 3852 2462 licebat

2349 2504 2399 2557 ei
2420 2504 2570 2558 edere
2586 2543 2601 2569 ,
2631 2520 2793 2574 neque
2816 2505 2898 2559 Itis
2916 2505 3005 2574 qui
3035 2519 3155 2558 cum
3175 2521 3238 2560 eo
3268 2516 3417 2559 crant
3434 2545 3449 2570 ,
3479 2504 3575 2557 nisi
3600 2500 3708 2555 solis
3727 2513 3852 2552 sacer-

2351 2594 2603 2649 dotibus?
2652 2595 2859 2652 Veteris
2902 2595 3156 2665 objicitur
3196 2595 3336 2652 facti
3367 2595 3672 2658 auctoritas,
3699 2589 3854 2662 quando

2351 2683 2519 2739 David
2548 2685 2758 2758 mgiens
2781 2687 2994 2743 Saulem
3016 2728 3032 2754 ,
3062 2687 3198 2743 venit
3221 2689 3281 2742 in
3309 2687 3458 2742 Nobe
3475 2685 3524 2758 (1
3547 2685 3660 2756 Reg.
3684 2697 3781 2746 xxI,
3802 2680 3854 2745 l),

2352 2775 2444 2830 ubi
2467 2786 2748 2847 susceptus
2774 2779 2842 2833 ab
2865 2777 3182 2834 Abimelech
3209 2778 3492 2834 sacerdote
3530 2772 3776 2846 postulavit
3805 2768 3856 2822 ci-

2351 2865 2514 2932 bum,
2561 2869 2806 2938 quicum
2843 2885 2952 2924 non
3000 2869 3228 2926 haberet
3263 2884 3432 2940 panes
3476 2867 3659 2926 laicos,
3686 2861 3797 2919 dedit
3825 2858 3857 2914 ei

2353 2968 2736 3026 consecratos,
2785 2975 2922 3030 quos
2958 2975 3064 3016 non
3118 2959 3327 3016 licebat
3353 2959 3513 3015 edere
3553 2956 3647 3012 nisi
3678 2951 3781 3009 solis
3800 2963 3858 3002 sa-

2354 3046 2666 3105 cerdotibus
2693 3058 2749 3106 et
2770 3050 2990 3106 Levitis.
3015 3048 3110 3105 Sic
3136 3050 3346 3122 quippe
3367 3050 3421 3104 in
3448 3047 3643 3118 Regum
3662 3040 3861 3098 volumine

2355 3142 2618 3212 scriptum
2651 3141 2912 3212 legimus,
2949 3143 3091 3213 quod
3129 3158 3308 3213 panes
3338 3138 3700 3213 propositionis
3721 3135 3782 3190 eis
3802 3132 3862 3185 de-

2354 3233 2528 3297 derit,
2554 3231 2748 3288 melius
2765 3230 3019 3300 judicans
3046 3233 3307 3289 homines
3334 3234 3546 3303 eripere
3573 3230 3635 3285 de
3657 3226 3864 3291 famispc

2353 3322 2525 3379 riculo
2545 3362 2560 3388 ,
2598 3338 2761 3393 quam
2797 3337 2964 3393 panes
2993 3322 3205 3379 oblatos
3239 3323 3356 3380 Deo
3382 3320 3758 3391 'sibizjsulsque,
3779 3311 3864 3380 quia

2354 3415 2643 3472 sacriﬁcati
2674 3415 2890 3472 fuerant
2909 3458 2923 3483 ,
2949 3432 3303 3474 conservare.
3329 3417 3577 3474 Decrevit
3599 3413 3724 3470 enim
3740 3405 3867 3479 potius

2354 3506 2485 3564 illud
2522 3507 2746 3578 implere
2774 3508 3153 3577 propheticum
3183 3526 3196 3561 :
3233 3507 3649 3564 Misericordia»:
3675 3499 3768 3556 colo
3786 3511 3866 3550 ua-

2354 3598 2432 3669 gis
2453 3614 2608 3670 quam
2641 3598 2962 3666 sacri/icium
2988 3597 3205 3669 (Matth.
3240 3615 3319 3655 xu
3339 3640 3354 3665 ,
3387 3597 3464 3669 7).
3491 3598 3557 3652 Et
3584 3596 3678 3650 hoc
3701 3586 3818 3660 quasi
3833 3584 3872 3638 in

2356 3696 2675 3758 argumento
2742 3703 2959 3752 rerum,
3017 3688 3189 3742 utitur
3239 3690 3428 3745 divina
3478 3679 3747 3756 sapientia,
3781 3674 3873 3729 olim

2356 3777 2498 3846 quod
2521 3788 2730 3848 gestum
2773 3777 2950 3833 fuerat
2983 3778 3037 3832 in
3077 3779 3405 3849 prophetia,
3435 3788 3491 3834 et
3531 3793 3595 3833 ex
3626 3771 3767 3846 ipsius
3783 3778 3874 3837 υπο-

2357 3869 2554 3938 phetiae
2596 3869 2807 3924 ratione
2845 3868 3001 3924 docet
3047 3870 3404 3940 apertissime
3449 3869 3576 3924 illud
3615 3862 3753 3932 hujus
3787 3852 3876 3910 lacti

2357 3957 2662 4036 exemplum
2691 3956 2875 4013 fuisse.
2926 3955 3043 4012 Non
3085 3958 3274 4025 enim,
3326 3960 3376 4015 si
3421 3975 3529 4014 non
3575 3955 3748 4011 licebat
3773 3942 3874 4036 fieri.

2361 4033 2528 4101 David
2549 4055 2772 4103 sanctus
2796 4047 3258 4105 creditur-fecisse
3281 4051 3405 4106 sine
3428 4047 3667 4104 crimine.
3690 4040 3778 4097 Sed
3791 4033 3878 4104 φιίπ

2361 4139 2519 4205 fecit,
2549 4147 2604 4194 et
2635 4139 2753 4195 sine
2780 4141 3026 4196 criminis
3052 4140 3271 4211 piaculo
3301 4141 3540 4212 posteris
3581 4152 3660 4193 res
3699 4137 3816 4205 gesta
3837 4121 3882 4175 ad

2360 4232 2678 4286 memoriam
2731 4233 2980 4298 traditur,
3012 4247 3114 4288 nec
3158 4235 3395 4290 dubium
3444 4234 3573 4304 quin
3620 4220 3884 4304 prophetiam

2362 4321 2534 4391 magis
2561 4319 2758 4387 fuisse,
2791 4331 2850 4376 ut
2870 4321 2984 4392 ipse
3014 4322 3183 4376 David
3215 4339 3347 4378 cum
3373 4303 3489 4378 suis
3523 4317 3734 4392 panibus
3758 4303 3887 4376 CXP‘C’

2365 4419 2514 4464 retur
2556 4411 2961 4480 propositionis.
3009 4411 3324 4468 Ostendens
3365 4413 3640 4469 Christum
3675 4420 3778 4460 cum
3813 4394 3892 4450 suis

2360 4501 2614 4571 apostolis
2642 4502 3130 4572 salutem.gentium
3165 4505 3446 4570 esurissc,
3479 4505 3545 4558 de
3578 4499 3755 4570 quibus
3775 4498 3892 4556 sui)”

2363 4594 2581 4648 dixerat
2607 4609 2620 4646 τ
2657 4592 2844 4647 Messis
2870 4594 3079 4664 quidem
3121 4595 3295 4650 multa
3315 4637 3331 4661 ,
3377 4607 3435 4662 et
3457 4595 3667 4650 easdem
3691 4601 3772 4660 per
3794 4584 3896 4650 ίρθθδ

2363 4683 2417 4738 in
2439 4699 2635 4754 corpus
2655 4684 2910 4740 Ecclesiae
2930 4684 3232 4753 trajecisse.
3260 4689 3343 4742 Ex
3367 4703 3480 4758 quo
3507 4684 3700 4755 liquido
3717 4678 3896 4758 constat,

2365 4772 2502 4826 nihil
2535 4773 2589 4826 in
2637 4773 2799 4828 rebus
2847 4789 2876 4827 a
2925 4771 3211 4828 Salvatore
3265 4755 3449 4845 gestis
3487 4777 3752 4830 inventum
3797 4755 3901 4830 ειυοά

2365 4876 2474 4915 non
2504 4860 2668 4916 fuerit
2697 4869 2856 4917 antea
2894 4863 3234 4932 praedictum.
3272 4866 3493 4938 Etgipse
3535 4867 3600 4920 de
3648 4875 3702 4915 se
3741 4847 3901 4921 sinla'“in

2363 4951 2444 5006 sic
2469 4952 2719 5015 assumit,
2743 4966 2806 5006 ac
2821 4953 2865 5006 si
2889 4953 3104 5022 propria
3128 4968 3243 5009 suae
3267 4954 3615 5024 operationis
3637 4938 3904 5003 testimonia.

2364 5054 2471 5108 quo
2494 5039 2669 5094 hostia
2694 5040 2976 5108 placabilis
3001 5042 3283 5098 hominum
3313 5044 3470 5099 salus
3490 5051 3598 5098 est.
3626 5040 3690 5094 Et
3715 5035 3815 5090 ideo
3833 5028 3907 5079 hoc

2366 5129 2422 5183 in
2450 5129 2571 5184 loco
2593 5131 2846 5200 proponit
2873 5140 2929 5186 et
2949 5131 3081 5186 dicit
3107 5131 3315 5188 Judzeis
3349 5127 3797 5189 calumniantibus
3817 5110 3908 5173 illud

2367 5233 2435 5274 ex
2482 5220 2628 5290 lege,
2675 5236 2740 5275 ac
2785 5221 2829 5276 si
2879 5233 3258 5293 argumentum
3294 5240 3410 5294 quo
3450 5225 3529 5279 rei
3573 5228 3730 5293 gestae
3757 5209 3912 5267 veritas

2369 5312 2798 5367 commendatur.
2828 5311 2993 5380 Quasi
3022 5313 3262 5379 diceret,
3292 5317 3448 5385 quod
3476 5317 3526 5372 si
3559 5311 3718 5368 David
3745 5305 3914 5362 sanctus

2365 5416 2482 5472 est,
2514 5417 2569 5464 et
2597 5406 2908 5464 AhimeleCh
2936 5408 3178 5478 pontifex
3209 5423 3239 5462 a
3284 5410 3451 5465 vobis
3467 5410 3595 5480 jure
3638 5418 3736 5458 non
3777 5401 3915 5460 τορτεο

2367 5497 2650 5563 henditur;
2693 5499 2936 5568 quinimo
2964 5498 3098 5570 legis
3131 5509 3371 5570 uterque
3421 5501 3733 5554 mandatum
3769 5482 3916 5559 proh“

2366 5588 2458 5643 bili
2489 5591 2841 5646 excusatione
2883 5606 2987 5646 non
3031 5591 3266 5647 violasse
3315 5593 3570 5653 docetur,
3602 5604 3698 5645 cur
3723 5575 3916 5639 eamdem

2368 5682 2564 5736 famem
2590 5696 2693 5736 non
2723 5682 3030 5751 approbatis
3057 5683 3110 5738 in
3141 5683 3435 5753 discipulis
3467 5683 3641 5739 meis?
3667 5665 3920 5750 praise-Nil“
