3994 6364
175 333 280 390 ιδγ

953 335 1314 420 EXPOSITIO
1351 337 1420 395 IN
1455 337 1896 398 MATTHEUM.
1939 369 2007 380 -
2045 340 2172 396 LIB.
2215 341 2304 409 Vl,
2343 340 2495 398 CAP.
2539 342 2647 398 XII.

3322 350 3429 405 458

167 462 298 501 cum
326 446 563 504 maxima
613 446 686 502 sit
728 447 988 524 distantia
1017 453 1158 509 inter
1183 463 1470 526 utrumque
1500 455 1580 513 rei
1616 471 1752 527 opus
1777 465 1826 524 Α
1854 463 2120 522 cessante,
2160 456 2276 512 sola
2304 457 2548 514 bonitate
2573 457 2671 513 Dei
2699 460 3002 526 salvamur,
3031 463 3186 530 cujus
3213 465 3291 519 rei
3323 466 3426 521 do-—

168 547 405 608 gestum.
435 537 530 592 ille
561 537 826 608 siquidem
864 557 1032 611 panes
1067 543 1335 603 Leviticos
1360 548 1626 622 comedit,
1660 549 1751 604 isti

169 627 354 695 spicas
378 626 684 684 confricant
725 631 1007 714 manibus;
1039 634 1128 689 ille
1155 636 1210 691 in
1252 637 1634 706 tabernaculo,
1660 640 1752 696 isti

169 714 224 767 in
259 730 427 786 agro;
453 715 544 771 ille
565 716 620 772 in
642 717 730 773 die
750 717 1165 778 Neomeniarum
1181 764 1198 792 ,
1223 729 1441 796 quando
1467 729 1616 787 locus
1636 732 1754 802 ejus

167 807 422 876 apparuit
467 822 670 865 vacuus
697 809 772 882 ad,
804 826 1046 868 mensam
1076 817 1247 888 regis,
1291 819 1379 874 isti
1411 821 1466 875 in
1496 821 1760 888 sabbato,-

166 895 233 949 ad
263 897 624 968 praesagium,
654 897 886 968 feriato;
916 902 1005 958 ille
1034 903 1194 962 homo
1220 911 1590 966 tantummodo
1609 952 1624 977 ,
1652 926 1752 983 ego

169 985 314 1040 Deus
346 994 404 1041 et
437 987 633 1055 homo;
661 989 752 1045 ille
774 1006 920 1048 cum
967 993 1081 1050 suis
1121 996 1380 1054 militibus
1409 997 1641 1056 terrenis
1665 1003 1751 1058 dio

165 1075 377 1129 micans
403 1075 573 1132 armis
603 1096 615 1130 :
647 1078 738 1134 isti
764 1081 918 1137 missi
945 1097 976 1138 a
1002 1083 1113 1139 Deo
1133 1085 1328 1154 Patre,
1356 1098 1412 1144 et
1437 1105 1468 1144 a
1490 1107 1596 1156 me,
1621 1109 1751 1162 pra:-

163 1164 472 1231 dicatores,
521 1176 582 1222 ut
609 1180 914 1240 expugnent
945 1181 1156 1229 tantum
1203 1177 1486 1234 duodecim
1534 1182 1750 1237 univer-

160 1271 287 1310 sum
320 1260 532 1313 orbem.
564 1258 695 1326 Quae
721 1262 978 1318 nimirum
1029 1265 1185 1338 541
1240 1268 1412 1339 ﬁgura
1455 1272 1665 1340 prolata
1696 1273 1748 1328 in

160 1348 474 1419 exemplum
523 1352 694 1406 vincit
740 1355 934 1431 omnia,
966 1357 1413 1430 philosophorum
1469 1364 1748 1432 epicherc-

161 1448 349 1504 mata,
378 1439 576 1510 quibus
604 1451 967 1500 contexuntur
1011 1449 1329 1504 verisimilia
1372 1466 1555 1507 rerum
1590 1469 1750 1526 argu-

163 1539 377 1584 menta.
402 1529 666 1598 Quoniam
694 1535 747 1588 in
779 1535 904 1602 hoc,
926 1545 988 1592 ut
1012 1537 1151 1605 dixi,
1173 1543 1415 1598 exterius
1442 1547 1748 1618 exemplum

163 1621 477 1676 ostenditur
499 1624 928 1694 apertissimum,
962 1637 1018 1683 et
1046 1629 1272 1687 interius
1301 1633 1416 1704 ipsa
1437 1636 1639 1694 veritas
1657 1638 1748 1694 diu

163 1712 488 1782 prophetata
507 1753 522 1779 ,
551 1715 759 1782 latens,
786 1719 1056 1788 aperitur;
1089 1721 1216 1776 dum
1246 1734 1302 1779 et
1324 1725 1607 1783 duodecim
1654 1746 1747 1800 pa-

160 1815 268 1856 nes
302 1805 688 1872 propositionis
715 1807 998 1864 duodecim
1043 1812 1392 1884 praetigurant
1441 1820 1710 1888 apostolos
1734 1863 1750 1890 ,

156 1898 216 1946 et
255 1895 454 1947 messis
497 1895 565 1950 de
611 1912 716 1965 qua
759 1915 928 1969 grana
973 1902 1269 1974 decerpunt
1303 1907 1628 1966 universitas
1668 1922 1752 1970 est

157 1983 427 2054 gentium.
454 1983 625 2040 Porro
649 1985 854 2044 Scriba:
880 1999 936 2045 et
960 1991 1240 2062 Pharisaei,
1264 2011 1328 2052 ac
1342 2000 1388 2053 si
1413 1998 1539 2054 Saul
1559 2001 1748 2070 David,

156 2070 444 2129 Christum
469 2089 871 2148 prosequuntur
895 2081 1128 2154 Regem,
1158 2100 1320 2157 quem
1352 2089 1750 2163 in‘Abimelech

156 2165 420 2221 occidere
447 2169 682 2238 gestiunt
711 2172 1020 2240 pontiﬁcem
1039 2217 1054 2242 ,
1087 2177 1161 2232 ita
1190 2185 1250 2233 ut
1278 2178 1459 2236 Dohec
1484 2183 1750 2244 ldumzeus

158 2254 369 2311 Judam
397 2269 744 2329 reprtesentet
764 2263 820 2318 in
846 2264 1008 2321 facto.

234 2367 368 2422 Non
387 2369 528 2439 legis,
560 2372 766 2444 inquit,
801 2375 859 2430 in
887 2376 1014 2448 lege,
1041 2381 1167 2450 quia
1193 2381 1438 2440 Sabbatis
1456 2391 1749 2448 sacerdotes

148 2461 212 2512 in
247 2461 441 2531 templo
500 2464 790 2520 Sabbatum
843 2469 1036 2524 violant
1086 2475 1423 2543 profanantes
1472 2496 1590 2534 eum
1639 2483 1750 2539 sine

149 2548 410 2616 crimine;
432 2551 546 2606 dico
573 2564 749 2610 autem
783 2558 924 2612 vobis
953 2561 1078 2630 quia
1110 2564 1298 2634 templo
1328 2567 1502 2631 maior
1540 2580 1612 2625 est
1642 2572 1744 2628 hic.

149 2641 517 2710 Apertissime
533 2659 629 2700 eos
655 2647 882 2703 revincit
905 2664 1003 2719 per
1041 2653 1248 2724 singula
1277 2655 1486 2712 dierum
1517 2659 1749 2719 Sabbata

153 2732 475 2787 sacerdmes
502 2734 557 2788 in
595 2733 816 2806 Templo
838 2737 1022 2808 pejora
1051 2741 1252 2810 facere,
1280 2753 1338 2800 et
1366 2745 1598 2804 Sabbata
1628 2751 1745 2807 vio-

152 2819 295 2884 lare,
348 2823 693 2882 immolantes
727 2830 994 2898 victimas,
1028 2836 1292 2892 caedentes
1342 2846 1558 2906 tauros,
1600 2843 1749 2900 holo-

154 2922 498 2969 caustomata
533 2930 698 2987 super
738 2919 1004 2991 lignorum
1042 2933 1254 2981 struem‘
1273 2940 1553 2998 ponentes,
1581 2941 1636 2988 et
1661 2935 1744 2989 in-

153 3003 357 3058 cendio
377 3016 793 3065 concremantes
814 3012 1016 3084 absque
1046 3019 1386 3076 necessitatis
1413 3033 1741 3095 contemptu.

153 3093 240 3148 Ac
273 3093 322 3148 si
351 3096 593 3152 diceret:
625 3100 761 3154 Dum
791 3102 948 3158 aliam
993 3105 1165 3178 legem
1197 3111 1487 3168 observare
1515 3093 1740 3185 cupitis,

1779 1823 1826 1884 B

157 3182 461 3240 Sabbatum
495 3189 680 3258 utique
700 3191 914 3250 violatis
936 3203 992 3249 et
1018 3173 1314 3255 destruitis.
1341 3201 1539 3258 Verum
1559 3173 1742 3274 etiam,
1773 3173 1818 3238 Ο

158 3271 311 3327 sicut
336 3275 389 3329 in
419 3275 526 3331 alio
558 3277 753 3349 legitur
778 3281 1090 3351 Evangelia,
1117 3287 1574 3348 circumcidebant
1610 3271 1745 3364 pne;

157 3377 256 3417 ros
285 3363 340 3418 in
365 3363 628 3434 Sabbato,
649 3377 710 3422 ut
731 3380 925 3427 octava
947 3374 1036 3430 die
1051 3377 1394 3435 circumcisio
1416 3363 1740 3441 servaretur.

155 3459 302 3515 Nam
347 3461 472 3517 talia
497 3464 574 3519 .in
610 3464 726 3536 lege
758 3471 1079 3539 quamplura
1121 3472 1490 3542 inveniuntur,
1542 3495 1608 3535 ex
1639 3496 1746 3550 quo

156 3567 275 3606 non
323 3562 449 3623 puto
473 3556 618 3624 quod
661 3556 805 3627 leges
833 3559 930 3615 Dei
970 3562 1072 3617 sibi
1123 3567 1412 3622 contraria:
1441 3568 1576 3634 sint.
1606 3571 1745 3626 Pru-

154 3644 360 3700 denter
387 3655 568 3702 tamen
613 3649 887 3718 Christus,
939 3655 1034 3724 qui
1061 3664 1147 3711 est
1199 3655 1477 3728 Sapientia
1515 3662 1612 3716 Dei
1640 3663 1744 3718 Pa-

152 3735 284 3797 tris,
315 3734 416 3790 hoc
437 3738 743 3809 exemplum
775 3741 828 3794 in
848 3744 1066 3798 eosdem
1097 3745 1265 3801 refert
1293 3749 1386 3816 qui
1406 3749 1734 3807 calumniam

150 3826 281 3880 suis
315 3825 608 3884 intulerant
645 3817 949 3902 discipulis,
992 3843 1046 3889 et
1092 3837 1340 3906 graviora
1369 3838 1505 3910 legis
1525 3843 1746 3912 Opponit

156 3915 480 3986 dispendia,
503 3919 625 3976 licet
649 3921 938 3978 videantur
964 3941 1086 3982 esse
1115 3927 1234 3982 sine
1265 3929 1515 3986 crimine.
1543 3931 1746 4002 Propo-

159 4003 442 4060 nitur-hic
481 4015 664 4074 totum,
714 4021 772 4065 ut
799 4028 926 4068 suos
970 4015 1290 4073 innocentes
1321 4023 1656 4089 comprobet,
1689 4033 1746 4078 ut

147 4108 258 4151 eos
285 4095 379 4166 qni
404 4097 870 4175 calumniabantur
895 4107 1186 4174 apostolos,
1222 4125 1347 4166 reos
1371 4121 1426 4166 et
1450 4113 1641 4182 plenos
1667 4116 1746 4172 in—

147 4187 310 4242 vidia
339 4191 640 4246 convincat.
672 4192 843 4249 Porro
873 4198 1019 4265 quod
1047 4199 1152 4264 ait,
1188 4202 1315 4270 quia
1358 4205 1546 4276 templo
1574 4209 1747 4279 major

148 4287 232 4331 est
269 4276 388 4344 Ιιὶσο,
439 4294 545 4334 non
586 4297 917 4350 pronomen,
964 4288 1057 4341 sed
1109 4289 1422 4347 adverbium
1473 4295 1576 4351 loci
1626 4276 1746 4355 esse

149 4365 384 4423 Graecus
409 4372 647 4427 ostendit
669 4388 868 4440 sermo,
891 4391 955 4431 eo
979 4379 1123 4447 quod
1149 4381 1322 4452 major
1350 4383 1420 4438 sit
1445 4388 1644 4458 templo
1663 4389 1744 4445 lo-

148 4473 276 4524 cus,
316 4461 408 4529 qui
459 4463 746 4519 Dominum
777 4468 959 4537 templi
994 4478 1210 4525 teneat:
1243 4482 1298 4529 et
1327 4474 1442 4546 ipse
1483 4479 1745 4538 Dominus

147 4551 404 4606 sanctior
429 4561 591 4622 atque
638 4557 812 4625 major
837 4569 976 4626 erat,
1005 4561 1133 4618 licet
1157 4565 1212 4619 in
1245 4566 1363 4624 loco
1388 4585 1626 4640 praesens
1655 4591 1742 4630 se-

149 4639 398 4696 cundum
422 4657 663 4710 carnem,
687 4663 848 4717 quam
874 4651 1003 4708 illud
1033 4639 1423 4730 Hierosolymis
1467 4665 1743 4735 templum.

147 4729 356 4785 Adhuc
381 4742 559 4789 autem
591 4739 734 4805 quod
764 4739 844 4793 eis
878 4741 1157 4810 objecerat
1179 4762 1246 4802 ex
1277 4729 1744 4821 Scripturis-com-

145 4819 358 4889 probat
386 4822 602 4879 divinis.
637 4826 696 4880 Si
728 4830 964 4898 sciretis,
1005 4834 1213 4904 inquit,
1243 4839 1370 4908 quid
1397 4819 1502 4908 est,
1532 4842 1746 4900 Miseri-

145 4912 400 4966 cordiam
429 4915 564 4981 volo,
593 4928 640 4971 et
688 4937 792 4974 non
831 4925 1150 4994 sacriﬁcium
1174 4928 1390 4999 (Matth.
1420 4947 1516 4997 xu,
1541 4935 1616 5005 7),
1654 4938 1745 5006 qui

145 5018 268 5057 non
297 5004 472 5060 solum
503 5009 707 5079 seipsos
733 5016 1203 5085 contaminabant,
1236 5036 1423 5076 verum
1449 5033 1504 5079 et
1532 5004 1741 5082 Sabba-

143 5101 275 5147 tum
310 5109 378 5149 ac
405 5099 663 5168 templum
691 5103 990 5172 violabant,
1023 5124 1298 5181 nunquam
1331 5115 1743 5174 condemnasse-

144 5185 248 5240 tis.
267 5184 343 5239 Et
362 5195 450 5242 est
471 5203 665 5247 sensus
691 5210 705 5247 :
738 5195 786 5250 si
809 5196 1238 5257 misericordiam
1264 5205 1506 5274 accipitis
1527 5207 1745 5265 Abime—

140 5273 300 5337 lech,
334 5284 390 5329 et
409 5281 799 5349 comprobatis,
823 5287 950 5355 quia
968 5287 1112 5344 fame
1130 5273 1496 5359 periclitantes
1515 5298 1744 5366 panibus

145 5367 435 5441 recreavit
459 5369 689 5428 Domino
716 5380 1084 5448 consecratis;
1115 5397 1284 5452 quare
1314 5399 1465 5442 meos
1489 5390 1745 5444 condem-

137 5455 305 5510 natis
349 5457 678 5529 discipulos,
727 5466 818 5535 qui
862 5483 969 5524 non
1011 5470 1222 5527 oblatos
1267 5475 1378 5529 Deo
1415 5493 1610 5546 panes,
1649 5479 1742 5534 sed

133 5560 329 5616 grana
357 5554 566 5630 tantum
600 5550 760 5626 542
791 5558 953 5613 modo
979 5574 1090 5630 pra:
1112 5560 1253 5619 fame
1275 5567 1532 5622 sumunt?
1551 5567 1621 5622 Et
1647 5583 1745 5623 no-

137 5635 394 5690 tandum
423 5637 529 5694 hoc
555 5645 823 5715 exemplo,
855 5649 982 5718 quia
1017 5667 1154 5723 opus
1177 5654 1366 5713 salutis
1381 5667 1609 5724 nostrae.
1634 5675 1741 5717 non

135 5732 199 5784 in
239 5728 526 5784 sacriﬁcio
562 5732 741 5799 docet,
785 5741 880 5800 sed
909 5741 964 5795 in
1013 5745 1403 5806 misericordia.
1454 5749 1590 5810 Nam
1626 5753 1743 5825 lege

487 5819 756 5888 PATIIOL.
787 5831 984 5896 CXX.

1776 4531 1825 4590 Ι)

1856 563 1986 602 num
2015 547 2063 603 si
2091 548 2504 616 intellexissent,
2536 566 2811 621 nunquam
2852 553 3303 611 condemnassent
3342 558 3428 612 in-

1853 648 2129 706 nocentes,
2161 640 2216 696 id
2241 650 2324 697 est
2361 643 2664 713 apostolos,
2710 643 2925 699 invidiae
2966 660 3151 701 causa.
3203 646 3435 702 Maxime

1855 743 2001 794 cum,
2037 739 2289 786 cessante
2317 731 2456 802 lege,
2497 732 2765 788 universis
2791 747 2889 802 per
2925 747 3020 788 eos
3047 735 3440 795 misericordiae

1853 811 2078 874 novitas
2093 813 2434 876 Subveniret.’
2453 821 2623 889 Unde,
2649 818 2773 878 luce
2795 822 2996 878 clarius
3033 833 3185 894 patet
3219 841 3432 891 sensus,

1853 910 1977 979 quia
2002 909 2195 966 melius
2240 920 2324 967 est
2367 913 2669 969 esurientes
2716 915 3140 972 misericorditer
3172 917 3294 974 cibo
3341 935 3433 976 re-

1857 1013 2066 1068 creare,
2094 1015 2258 1069 quam
2288 1003 2458 1058 otium
2491 1003 2711 1058 Sabbati
2741 1007 3036 1061 custodire.

1926 1089 2064 1155 Quia
2088 1089 2369 1156 Dominus,
2392 1092 2586 1161 inquit,
2602 1103 2677 1147 est
2698 1092 2873 1148 Filius
2891 1095 3115 1150 hominis
3129 1099 3287 1151 etiam
3305 1097 3438 1152 Sab-

1853 1179 1983 1245 bati,
2017 1181 2225 1237 scilicet
2266 1181 2516 1239 Christus
2570 1185 2662 1240 Dei
2693 1193 2745 1239 et
2791 1181 3044 1243 hominis
3079 1188 3242 1255 ﬁlius,
3274 1206 3438 1246 verus

1855 1279 1940 1324 est
1991 1271 2252 1326 Dominus
2308 1272 2552 1340 Sabbati,
2589 1277 2680 1346 qui
2733 1292 2840 1331 non
2900 1278 3172 1334 hominem
3217 1289 3438 1351 propter

1855 1360 2176 1430 Sabbatum,
2215 1365 2309 1418 sed
2340 1363 2636 1421 Sabbatum
2677 1377 2900 1438 propter
2929 1369 3203 1426 hominem
3232 1372 3436 1427 consti-

1855 1452 1957 1507 tuit
1988 1464 2043 1506 et
2066 1455 2292 1510 creavit.
2323 1455 2460 1510 Nam
2489 1467 2546 1513 et
2575 1460 2754 1515 omnis
2783 1462 2946 1516 homo
2979 1461 3104 1532 jure
3140 1465 3262 1521 ideo
3289 1466 3440 1523 vide-

1852 1548 1940 1596 tur
1961 1557 2082 1599 esse
2104 1543 2328 1600 Sabbati
2356 1547 2630 1614 dominus,
2661 1551 2787 1619 quia
2808 1564 3028 1623 propter
3048 1569 3208 1624 quem
3234 1555 3438 1612 factum

1851 1640 1936 1686 est
1965 1631 2290 1698 Sabbatum,
2327 1647 2507 1706 potest
2537 1638 2608 1692 ob
2637 1640 3068 1698 misericordiam
3109 1645 3320 1701 solvere
3361 1646 3440 1701 le-

1853 1724 2040 1795 gitime
2057 1726 2182 1797 jura
2203 1727 2446 1784 Sabbati.
2481 1729 2587 1786 Sed
2634 1731 2790 1803 longe
2829 1734 2984 1790 aliter
3013 1735 3260 1792 Christus
3295 1739 3438 1795 ﬁlius

1855 1815 2092 1872 hominis
2116 1817 2239 1887 jure
2273 1821 2582 1877 dominatur
2611 1832 2666 1878 et
2688 1825 2949 1882 Dominus
2979 1836 3062 1882 est
3102 1831 3267 1884 etiam
3302 1831 3438 1886 Sab-

1854 1906 1991 1972 bati,
2016 1910 2270 1977 quoniam
2301 1927 2401 1982 per
2429 1913 2603 1982 ipsum
2633 1916 2814 1971 omnia
2840 1926 3022 1974 creata
3052 1929 3180 1974 sunt
3221 1931 3278 1976 et
3305 1921 3436 1977 sub-

1853 1999 2052 2054 sistunt
2081 2001 2354 2058 universa.
2384 2004 2642 2076 Sequitur
2667 2026 2680 2061 :
3237 2008 3240 2009 ⁷

1922 2089 1992 2143 Et
2023 2109 2142 2146 cum
2165 2095 2286 2148 inde
2307 2099 2598 2164 transisset,
2625 2101 2764 2155 venit
2797 2103 2853 2157 in
2877 2120 3199 2176 synagogam
3229 2124 3431 2164 eorum.

1850 2183 2020 2239 Porro
2046 2184 2222 2244 Lucas
2260 2205 2366 2244 non
2395 2191 2452 2245 in
2499 2193 2687 2250 eodem
2718 2195 2978 2264 Sabbato,
3010 2201 3104 2255 sed
3127 2201 3180 2256 in
3205 2203 3310 2258 alio
3345 2220 3438 2259 ve-

1850 2275 1995 2331 nisse
2025 2277 2192 2350 illum.
2219 2280 2274 2334 in
2319 2280 2657 2358 Synagogam
2693 2289 2843 2344 dicit.
2878 2291 2979 2347 Ubi
3007 2296 3314 2352 ostenditur
3335 2298 3433 2353 ali-

1850 2385 1985 2440 quos
2019 2372 2328 2430 interfuisse
2371 2377 2518 2450 dies,
2571 2380 2625 2434 in
2655 2383 2854 2450 quibus
2885 2399 2948 2439 ea
2991 2386 3285 2457 disputavit
3312 2406 3433 2460 quae

1849 2476 2012 2532 supra
2034 2464 2176 2520 dicta
2218 2476 2385 2534 sunt,
2434 2470 2628 2527 deinde
2666 2489 2696 2528 a
2725 2484 2906 2545 segete
2932 2480 3229 2546 transisse,
3280 2489 3336 2536 et
3380 2484 3435 2538 in

1851 2552 1955 2607 alio
1986 2553 2223 2611 Sabban
2247 2557 2315 2613 de
2352 2575 2482 2630 agro
2513 2577 2836 2634 synagogam
2865 2567 3113 2624 intrasse.
3291 2631 3293 2635 ,

1924 2643 1992 2697 Et
2022 2661 2137 2700 ecce
2165 2647 2317 2702 homo
2343 2665 2558 2704 manum
2589 2653 2782 2708 habens
2813 2657 3039 2712 aridam.
3060 2659 3274 2716 Tertius
3295 2663 3438 2719 deci-

1851 2747 1972 2788 mus
1994 2733 2160 2802 igitur
2188 2736 2292 2792 iste
2329 2748 2413 2793 est
2449 2741 2542 2809 qui
2590 2752 2813 2798 curatur
2845 2747 2899 2800 in
2931 2763 3198 2822 synagoga
3221 2767 3432 2808 eorum.

1851 2825 1920 2881 Et
1944 2829 2238 2884 notandum
2268 2833 2411 2900 quod
2433 2849 2541 2890 non
2580 2836 2635 2891 in
2659 2836 2874 2906 itinere,
2898 2857 3072 2910 neque
3090 2843 3244 2910 foris,
3263 2847 3358 2902 sed
3379 2847 3435 2902 in

1850 2918 2206 2975 conciliabula
2223 2920 2534 2978 Iudaeorum
2569 2926 2660 2982 ubi
2686 2943 2878 2984 manus
2904 2942 3141 2998 aruerat,
3165 2944 3221 2989 et
3253 2945 3433 3006 torpe-

1849 3007 1942 3064 bat
1970 3025 2082 3079 prae
2111 3012 2362 3068 ariditate
2389 3015 2513 3070 boni
2535 3019 2990 3088 aperis.Porroin
3010 3025 3302 3099 Evangelio
3328 3046 3436 3099 quo

1851 3105 2076 3152 utuntur
2104 3098 2368 3157 Nazareni
2397 3103 2592 3175 legitur
2625 3110 2767 3179 quod
2798 3111 2887 3167 hic
2915 3098 3295 3174 caementarius
3325 3098 3438 3174 fue-

1849 3187 1937 3252 rit,
1961 3189 2262 3246 istiusmodi
2285 3195 2544 3251 auxilium
2562 3208 2752 3268 petens
2773 3219 2784 3255 :
2805 3202 3212 3276 Cmmentarius,
3237 3211 3432 3281 inquit,

1848 3291 2018 3356 eram,
2049 3281 2297 3336 manibus
2319 3284 2518 3360 victum
2543 3291 2858 3359 quaeritans,
2880 3310 3074 3364 precor
3099 3307 3172 3363 te,
3196 3299 3344 3366 Jesu,
3372 3313 3432 3357 ut

1849 3351 1981 3422 mihi
2015 3371 2270 3427 restituas
2301 3357 2622 3444 sanitatem,
2666 3396 2734 3435 ne
2759 3386 2991 3454 turpiter
3018 3390 3318 3446 mendicem
3355 3393 3436 3447 ci-

1847 3457 1966 3536 bos.
1999 3458 2129 3526 Quae
2151 3462 2407 3518 nimirum
2435 3483 2628 3524 manus
2653 3485 2825 3541 usque
2847 3474 2902 3528 in
2931 3477 3218 3533 adventum
3253 3481 3438 3536 Salva.

1849 3549 1981 3604 toris
2009 3550 2159 3606 arida
2183 3557 2484 3622 permansit
2530 3559 2584 3612 in
2623 3575 2894 3634 synagoga
2944 3565 3272 3624 Judteorum.
3327 3571 3434 3628 Sed

1846 3649 2132 3710 postquam
2167 3645 2255 3699 ille
2282 3647 2454 3712 venit,
2488 3643 2695 3707 reddita
2722 3664 2808 3710 est
2842 3657 2896 3710 in
2925 3659 3183 3727 apostolis
3209 3662 3434 3718 creden-

1849 3731 2014 3796 tibus,
2039 3739 2095 3786 ct
2124 3733 2346 3789 dextera
2375 3737 2626 3794 restituta
2656 3751 2742 3797 est
2768 3747 3023 3814 operibus
3054 3747 3232 3817 bonis,
3261 3760 3317 3806 et
3339 3755 3433 3807 do-

1848 3826 1974 3872 nata
2002 3828 2086 3876 est
2105 3823 2344 3878 sanitati.

1921 3909 2023 3974 Qui
2048 3928 2166 3965 cum
2190 3917 2406 3972 venisset
2429 3920 2483 3974 in
2518 3939 2784 3996 synagoga
2806 3943 3008 3995 eorum,
3033 3931 3429 4004 interrogabant

1846 4020 1962 4058 eum
1996 4006 2245 4074 dicentes,
2277 4012 2322 4063 si
2351 4011 2467 4067 licet
2504 4013 2747 4072 Sabbatis
2776 4037 2992 4088 curare,
3027 4036 3082 4077 ut
3113 4041 3424 4086 accusarent

1846 4115 1983 4152 eum.
2017 4099 2228 4156 Marcus
2255 4117 2384 4159 vero
2414 4107 2658 4166 etLucas
2683 4122 2908 4168 narrant
2932 4115 3118 4172 Jesum
3140 4135 3235 4176 eos
3263 4122 3434 4179 inter-

1846 4206 2088 4262 rogasse,
2120 4194 2166 4248 si
2190 4194 2316 4250 licet
2341 4195 2594 4256 Sabbatis
2621 4203 2758 4258 bene
2785 4204 2966 4262 facere
2992 4218 3086 4264 aut
3110 4213 3287 4268 male?
3313 4216 3434 4270 ani-

1846 4299 1988 4338 mam
2016 4284 2218 4340 salvam
2248 4287 2429 4344 facere
2453 4302 2549 4347 aut
2567 4296 2832 4364 perdere?
2850 4299 2908 4352 In
2931 4317 3039 4372 quo
3057 4303 3276 4359 videtur
3292 4309 3437 4375 quod

1846 4374 1920 4428 illi
1951 4377 2100 4446 prius
2133 4379 2586 4452 interrogaverint
2612 4389 2930 4459 Dominum,
2969 4393 3128 4467 553
3158 4374 3433 4457 tentantes

1846 4484 1989 4543 eum,
2021 4479 2082 4525 ut
2116 4484 2340 4542 possent
2369 4492 2628 4535 accusare
2664 4493 2881 4553 propter
2925 4485 3242 4546 Sabbatum.
3288 4493 3436 4560 Quo-

1849 4576 1966 4615 rum
1999 4563 2304 4637 intelligens
2341 4565 2499 4626 Jesus
2536 4574 2864 4642 nequitiam,
2911 4581 3104 4636 statuit
3150 4583 3207 4638 in
3253 4588 3434 4644 medio

1848 4653 1940 4722 qui
1969 4665 2089 4709 erat
2111 4659 2402 4724 sanandus,
2435 4670 2490 4716 et
2513 4663 2870 4736 interrogavit
2899 4669 3014 4739 ipse
3057 4672 3200 4728 sicut
3239 4677 3297 4731 hi
3325 4679 3434 4734 duo

1847 4756 2220 4816 protestantur
2253 4755 2615 4820 evangelista.
2642 4760 2846 4826 Quibus
2893 4767 3193 4823 tacentibus
3236 4771 3431 4826 simili-

1849 4841 2089 4896 tudinem
2111 4860 2302 4899 rursus
2323 4845 2478 4902 valde
2503 4852 2775 4921 egregiam
2797 4859 3049 4925 proponit
3073 4861 3139 4916 de
3166 4877 3290 4928 ove,
3312 4880 3433 4935 qua:

1850 4935 2084 5003 quaestio
2114 4945 2175 4990 ut
2201 4937 2493 5006 putabatur
2539 4941 2862 5002 inevitabilis
2891 4952 3046 5018 quasi
3089 4953 3189 5008 tela
3219 4971 3432 5012 aranea:

1849 5024 2166 5080 solveretur.
2214 5027 2466 5098 Alioquin
2515 5032 2560 5086 si
2589 5033 2796 5091 diceret
2821 5040 2967 5108 quod
3014 5043 3228 5108 liceret,
3272 5051 3429 5115 quasi

1850 5123 2216 5185 transgressor
2259 5117 2394 5188 legis
2444 5128 2763 5180 teneretur:
2806 5132 2948 5198 quod
2987 5132 3032 5186 si
3073 5132 3279 5190 diceret
3320 5153 3428 5192 non

1844 5203 2028 5271 licere,
2057 5207 2370 5277 culparetur
2397 5210 2782 5274 immisericors
2813 5230 2906 5276 aut
2931 5223 3197 5293 impotens
3243 5229 3296 5284 in
3339 5231 3425 5286 in-

1846 5297 2103 5352 ﬁrmitate
2128 5300 2355 5369 prolata,
2390 5305 2480 5373 qui
2507 5322 2615 5361 non
2647 5310 2956 5368 subveniret
2990 5319 3214 5384 petenti.
3405 5349 3407 5351 ι
3469 5381 3475 5388 ,

1918 5387 2047 5453 Quis
2067 5388 2242 5456 homo,
2276 5390 2470 5462 inquit,
2493 5412 2557 5449 ea:
2582 5399 2721 5452 vobis
2742 5403 2832 5469 qui
2857 5401 3046 5458 habeat
3065 5423 3210 5462 ovem
3232 5427 3423 5482 unam,

1847 5487 1893 5532 et
1914 5479 1959 5532 si
1985 5481 2225 5534 ceciderit
2253 5483 2363 5536 haec
2378 5482 2621 5540 Sabbatis
2644 5487 2698 5540 in
2727 5489 2949 5557 foveam,
2972 5511 3144 5552 nonne
3168 5503 3358 5559 tenebit
3376 5479 3426 5562 et

1845 5569 2031 5625 levabit
2054 5589 2168 5627 eam
2193 5575 2429 5645 ?quanto
2459 5582 2624 5650 magis
2643 5584 2827 5638 melior
2854 5599 2930 5643 est
2955 5591 3108 5648 homo
3135 5613 3225 5652 ove
3240 5599 3267 5653 Ρ
3286 5599 3423 5659 Pro-

1844 5670 1966 5731 pter
1989 5679 2152 5733 quem
2175 5665 2314 5722 facta
2345 5676 2428 5722 est
2448 5672 2585 5739 ovis,
2615 5683 2672 5728 et
2700 5691 2804 5732 non
2829 5681 3003 5739 solum
3031 5690 3149 5746 ovis
3166 5731 3180 5756 ,
3211 5709 3424 5752 verum-

1847 5756 2011 5814 etiam
2039 5765 2094 5812 et
2120 5757 2413 5814 Sabbatum
2443 5761 2497 5817 in
2529 5780 2635 5833 quo
2659 5771 2862 5828 cecidit
2898 5779 3032 5844 ovis.
3059 5792 3112 5837 et
3150 5786 3268 5843 ideo
3297 5793 3424 5860 quia

2997 5876 3070 5937 15
