4004 6362
584 361 686 420 459

1382 359 1438 415 s.
1479 357 1830 416 pascuasu
1871 351 2215 412 nauseam
2249 353 2542 410 ABBATIS
2582 339 3027 410 connEIENSIs

3724 329 3831 402 suo

584 487 638 534 et
668 476 962 531 Sabbatum
993 473 1205 527 violatis
1242 479 1459 541 propter
1495 486 1672 535 ovem,
1709 475 1764 523 et
1802 481 1906 523 non
1937 467 2072 522 estis
2099 466 2152 520 in
2182 465 2236 526 Α
2259 462 2586 519 calumniam
2612 467 2852 525 sumunt,
2879 459 3006 529 quia
3030 459 3190 512 homo
3216 456 3270 510 in
3310 455 3548 510 Sabbato
3579 462 3826 518 sanatur,

583 567 830 630 crimine,
858 562 1024 619 multo
1053 562 1222 633 magis
1242 575 1341 632 ego
1371 575 1477 614 non
1503 562 1672 615 debeo
1707 557 1933 615 crimine
1956 555 2146 621 teneri,

583 659 673 729 qui
698 657 886 727 reliqui
917 654 1206 726 nonaginta
1233 662 1287 707 et
1308 659 1500 708 novem
1529 652 1582 706 in
1614 651 1904 716 montibus,
1939 655 2003 706 ac
2031 649 2150 706 veni

583 763 744 802 unam
773 760 1031 816 quaerere,
1064 759 1182 814 qua:
1210 752 1504 810 erraverat,
1547 751 1600 797 et
1627 743 1898 798 Ceciderat
1920 743 1972 797 in
2007 750 2150 797 mor-

585 836 655 892 tis
683 835 912 891 foveam.
947 832 1075 900 Quae
1106 833 1361 888 nimirum
1395 833 1563 904 ﬁgura
1593 842 1648 888 et
1669 833 1883 889 Judzeos
1907 834 2149 896 revincit,

583 935 639 983 et
675 926 878 980 factum
910 924 1080 994 ipsius
1109 923 1409 979 Salvatoris
1437 926 1703 990 ostendit,
1742 925 1834 995 qui
1873 924 2022 980 venit
2051 924 2154 979 sal-

581 1031 712 1071 vare
736 1015 880 1086 quod
910 1015 1163 1084 perierat.
1198 1013 1304 1069 Sed
1331 1015 1516 1070 miseri
1539 1015 1815 1079 Pharisaei,
1833 1014 2032 1070 malitia
2061 1015 2156 1069 ob-

583 1107 788 1171 caecati,
815 1121 921 1161 non
948 1113 1201 1176 poterant
1234 1106 1546 1174 sapientiam
1569 1105 1662 1160 Dei
1687 1105 2005 1176 intelligere,
2037 1106 2155 1161 ideo

584 1195 838 1250 resistere
855 1194 1210 1249 conabantur.
1232 1193 1602 1248 Revincuntur
1615 1203 1794 1248 autem
1812 1195 1876 1249 de
1898 1194 2010 1248 suis
2039 1205 2159 1263 pro-

583 1286 715 1354 priis
746 1284 903 1340 factis
924 1293 979 1338 et
1001 1283 1112 1338 suis
1140 1282 1424 1353 alligantur
1450 1284 1696 1340 vinculis.
1723 1283 1968 1338 Christus
2003 1299 2154 1348 vero,

583 1374 672 1442 qui
686 1373 850 1428 verbo
861 1380 1033 1438 curat,
1047 1379 1310 1443 potestate
1322 1371 1661 1428 inﬁrmitates
1673 1374 1913 1443 depellit,
1926 1373 2158 1428 insinuat

585 1463 638 1516 in
655 1453 832 1532 s'pecie
846 1463 986 1532 quod
1002 1460 1244 1519 facturus
1255 1465 1442 1520 eratin
1460 1479 1676 1535 genere.
1694 1466 1798 1536 ipsi
1814 1481 2045 1536 namque
2059 1466 2151 1521 Ju-

585 1551 682 1606 daei
699 1562 956 1607 curantur
969 1553 1022 1607 in
1040 1567 1250 1618 maneo,
1262 1555 1386 1623 quia
1401 1555 1587 1610 danda:
1600 1555 1786 1610 salutis
1800 1557 2155 1610 substantiam

583 1657 689 1700 non
717 1644 1008 1710 habebant,
1036 1653 1091 1700 et
1117 1661 1310 1700 manus
1335 1645 1574 1700 ofﬁcium
1606 1647 1874 1701 cessabat.
1909 1645 2154 1702 Ministe-

582 1737 723 1792 rium
743 1751 958 1807 quoque
981 1737 1245 1807 corporis,
1279 1751 1385 1806 quo
1413 1736 1615 1805 aliquid
1640 1736 1818 1806 agitor
1841 1743 1932 1789 aut
1962 1736 2156 1804 impar-

2257 555 2416 627 quasi
2443 553 2622 608 nullus
2648 561 2836 608 eorum
2879 549 3198 606 extenderet
3229 561 3446 602 manum
3497 551 3591 599 aut
3636 545 3830 615 pedem

2253 659 2318 700 eo
2347 644 2400 698 in
2432 643 2536 708 die,
2575 643 2762 698 saltem
2793 641 2860 697 ad
2885 655 2948 696 os
2972 648 3192 711 portans
3221 639 3400 700 cibos,
3439 635 3522 690 vel
3545 635 3832 707 porrigens

2254 735 2500 793 calicem.
2535 736 2602 790 Et
2642 735 2697 788 in
2740 731 2981 788 Sabbato
3007 739 3171 800 atque
3210 729 3261 782 in
3310 726 3539 796 templo,
3580 733 3642 778 ut
3670 739 3829 794 supra

2255 829 2458 883 dictum
2491 833 2593 892 est,
2625 823 2829 894 majora
2863 821 3259 893 operabantur,
3288 819 3589 890 praesertim
3613 832 3740 873 cum
3773 813 3834 870 li-

2256 927 2403 972 ceret
2441 931 2503 972 ex
2548 916 2668 984 lege
2719 919 2892 982 usque
2947 913 3012 965 ad
3063 910 3210 964 mille
3262 919 3454 980 passus
3501 907 3608 963 iter
3650 915 3830 976 agerc.

2260 1006 2410 1062 Unde
2431 1013 2578 1076 patet
2604 1005 2730 1074 quia
2762 1001 2878 1058 zelo
2906 999 3286 1056 amaritudinis
3314 1009 3367 1054 et
3395 996 3596 1052 invidia
3619 995 3833 1052 labora-

2256 1097 2410 1160 bant,
2441 1110 2545 1149 non
2580 1094 2724 1164 quod
2763 1099 3020 1147 curarent
3050 1091 3118 1145 de
3157 1088 3426 1154 Sabbato,
3458 1087 3553 1143 sed
3601 1086 3732 1156 quia
3764 1085 3839 1139 iu-

2258 1187 2421 1242 sidias
2443 1185 2800 1241 moliebantur
2820 1199 2884 1239 ex
2913 1183 3057 1236 odio.

2333 1277 2526 1330 Euntes
2543 1285 2714 1329 autem
2730 1273 2991 1328 Phariscei
3007 1272 3282 1326 consilium
3307 1269 3563 1340 faciebant
3590 1266 3840 1322 adversus

2257 1384 2396 1432 eum,
2423 1366 2679 1438 quomodo
2703 1382 2820 1420 eum
2847 1364 3136 1435 perderent.
3166 1361 3232 1416 Et
3263 1362 3402 1417 sicut
3429 1359 3569 1414 alius
3597 1372 3838 1429 evange-

2258 1459 2380 1514 lista
2412 1460 2507 1522 ait,
2525 1458 2629 1512 hoc
2653 1473 2771 1511 cum
2797 1455 3114 1510 Herodianis
3137 1454 3325 1509 ineunt
3338 1451 3614 1506 consilium
3639 1449 3836 1520 (Marc.

2260 1565 2338 1616 nt,
2356 1548 2432 1620 6),
2456 1549 2507 1603 id
2531 1557 2748 1604 estcum
2772 1545 3032 1601 militibus
3047 1543 3273 1600 Herodis
3291 1583 3304 1607 ,
3329 1551 3388 1598 ut
3410 1542 3511 1612 ipsi
3529 1539 3844 1596 viderentur

2259 1641 2592 1705 innocentes,
2608 1653 2731 1693 cum
2748 1637 2821 1691 illi
2838 1637 3186 1707 perimereut,
3207 1633 3345 1689 sicut
3363 1633 3416 1687 in
3435 1632 3690 1702 passione
3701 1637 3845 1701 post-

2257 1745 2320 1786 ea
2347 1731 2541 1786 fecisse
2564 1729 2808 1801 legimus.
2842 1727 3071 1783 Gravius
3115 1734 3199 1782 est
3237 1726 3380 1782 enim
3429 1737 3590 1779 omne
3616 1721 3842 1787 malum,

583 1831 736 1895 titur,
768 1837 1004 1884 arnerat.
1036 1829 1135 1884 Cui
1158 1830 1414 1884 Dominus
1437 1841 1650 1882 manum
1667 1826 2152 1895 jussitextendere,
2186 1807 2234 1868 Β
2263 1821 2406 1892 quod
2438 1821 2528 1876 diu
2546 1820 2972 1891 praemeditatur,
3002 1825 3056 1873 et
3081 1816 3512 1888 praemeditatum
3533 1813 3689 1884 quasi
3720 1826 3843 1868 cum

583 1935 647 1974 ac
680 1933 803 1972 mox
841 1921 1087 1973 restituta
1117 1930 1202 1974 est
1242 1920 1461 1974 sanitati
1489 1921 1628 1975 sicut
1653 1919 1854 1985 altera;
1885 1917 2037 1987 cujus
2065 1935 2156 1973 cu-

583 2011 720 2064 ratio
745 2011 797 2063 in
825 2011 989 2064 verbo
1027 2010 1161 2074 fuit,
1189 2021 1242 2064 et
1272 2026 1465 2065 manus
1491 2012 1632 2066 sicut
1673 2010 1840 2064 altera
1872 2024 2003 2064 sana
2036 2010 2157 2064 red—

582 2101 748 2166 ditur,
781 2103 944 2171 iitque
975 2102 1237 2172 stupendo
1281 2111 1335 2157 et
1379 2103 1682 2158 admirabili
1711 2101 1960 2172 exemplo
1987 2101 2156 2158 virtus

581 2191 804 2257 salutis;
831 2208 936 2247 non
967 2193 1298 2259 humanitus,
1327 2208 1500 2264 neque
1524 2209 1652 2249 casu
1671 2234 1685 2259 ,
1715 2193 1808 2248 sed
1833 2191 2013 2247 divina
2034 2205 2157 2263 proc'

581 2282 876 2345 curatione,
928 2291 982 2338 et
1026 2285 1302 2354 prophetia
1326 2326 1340 2350 ,
1373 2293 1433 2339 ut
1463 2285 1538 2339 ita
1561 2285 1758 2351 dicam,
1808 2284 1906 2339 Dei
1931 2295 2155 2340 summa:

579 2375 926 2444 operationis.
979 2374 1334 2430 Ministerium
1376 2376 1638 2446 siquidem
1691 2375 2055 2446 apostolorum
2100 2377 2154 2431 in

577 2462 814 2540 officium
842 2464 1030 2519 danda:
1059 2465 1246 2520 salutis
1266 2506 1280 2531 ,
1312 2467 1624 2536 priusquam
1649 2467 1845 2522 vellere
1873 2473 2155 2538 coeperunt

577 2556 775 2624 spicas,
807 2555 1059 2611 efficitur.
1082 2557 1315 2612 Aruerat
1338 2559 1482 2612 enim
1507 2574 1697 2614 manus
1724 2558 1960 2614 hominis
1984 2558 2154 2629 magis

579 2655 798 2717 stupore
820 2646 943 2702 ﬁdei
973 2661 1131 2718 quam
1163 2649 1406 2703 siccitate
1430 2664 1742 2713 nervorum,
1771 2657 1825 2705 et
1851 2649 1970 2719 plus
1999 2648 2153 2719 culpa

577 2739 921 2795 conscientiae
967 2755 1130 2809 quam
1181 2740 1456 2794 debilitate
1500 2740 1723 2794 carnali.
1766 2740 2000 2810 Antiqua
2039 2755 2124 2793 ma

578 2845 680 2883 nus
707 2829 810 2882 ista
841 2838 958 2883 erat
983 2870 997 2893 ,
1041 2845 1160 2899 qua:
1190 2830 1243 2884 in
1276 2831 1390 2898 ipso
1419 2831 1602 2886 mundi
1647 2831 1911 2900 principio
1937 2839 2152 2886 contra—

576 2929 729 2975 xerat
765 2921 1132 2990 aegritudinem
1158 2963 1171 2985 ,
1203 2937 1301 2976 nec
1341 2929 1457 2976 arte
1494 2923 1727 2977 hominis
1757 2937 1858 2978 nec
1887 2922 2148 2977 beneﬁcio

574 3018 790 3081 poterat
817 3011 1022 3075 curari,
1065 3027 1182 3079 quae
1223 3011 1366 3080 iusta
1409 3011 1503 3066 Dei
1556 3012 1922 3082 indignatione
1974 3009 2148 3065 fuerat

575 3100 828 3166 arefacta,
861 3101 987 3170 quia
1015 3103 1314 3172 contigerat
1341 3103 1524 3166 vetita,
1553 3103 1866 3156 inconcessa
1895 3115 2147 3171 prmsum-

575 3202 776 3263 pserat,
799 3205 924 3247 cum
952 3207 1012 3248 se
1035 3193 1102 3248 ad
1134 3194 1380 3247 arborem
1411 3193 1612 3247 sciendi
1644 3192 1841 3247 bonum
1881 3191 2146 3247 malumve

575 3281 738 3354 544
755 3290 1068 3353 porrexerat
1087 3325 1100 3348 ,
1132 3292 1185 3338 et
1216 3283 1334 3338 ideo
1360 3292 1578 3338 auctore
1606 3284 1876 3355 indigebat
1917 3284 2107 3338 salutis
2129 3325 2144 3348 ,

575 3387 682 3428 non
713 3374 804 3443 qui
837 3374 1100 3443 malagma
1151 3375 1478 3442 imponeret,
1511 3375 1604 3429 sed
1631 3376 1720 3445 qui
1744 3376 1912 3444 possit
1940 3374 2146 3430 illatam

578 3462 824 3518 relaxare
868 3464 1213 3528 sententiam,
1246 3471 1300 3517 et
1327 3463 1654 3533 ignoscendo
1698 3463 1967 3519 resolvere
2004 3465 2148 3535 quod

569 3550 715 3619 juste
746 3551 1001 3620 ligaverat
1029 3552 1375 3622 indignando.
1401 3551 1690 3622 Propterea
1708 3593 1722 3618 ,
1754 3561 1813 3607 ut
1841 3551 1950 3607 dixi
1971 3594 1986 3619 ,
2013 3567 2147 3623 pra:-

573 3651 795 3712 paratur
834 3643 1090 3699 divinitus
1125 3645 1286 3699 homo
1327 3661 1543 3701 manum
1581 3647 1788 3701 habens
1813 3647 2051 3713 aridam,
2086 3657 2146 3703 ut

573 3735 624 3788 in
665 3748 729 3788 eo
764 3734 915 3788 ﬁeret
944 3744 1316 3805 argumentum
1351 3745 1547 3790 nostra:
1581 3737 1787 3801 salutis,
1819 3739 1944 3805 quia
1973 3737 2147 3807 perfe-

575 3834 661 3881 cta
688 3827 832 3880 salus
859 3827 1014 3881 nobis
1057 3838 1340 3896 reparatur
1368 3829 1424 3882 in
1450 3827 1688 3883 Christo.
1723 3828 1860 3882 Nam
1889 3837 2014 3885 tunc
2038 3833 2142 3884 ari-

575 3916 716 3969 ditas
775 3924 970 3970 nostra:
1017 3931 1208 3972 manus
1266 3918 1569 3973 miseranda
1616 3918 1967 3984 dissolvitur,
2020 3936 2142 3974 cum

575 4020 769 4062 cruore
797 4005 1137 4076 perfunditur
1167 4007 1457 4064 Dominicm
1485 4010 1771 4078 passionis,
1813 4025 1934 4064 cum
1968 4011 2020 4064 in
2053 4011 2145 4066 illo

572 4095 720 4149 vitali
737 4095 879 4166 ligno
891 4098 1070 4161 crucis
1081 4099 1532 4163 extenditur,cum
1547 4099 1723 4169 carpit
1738 4099 2064 4155 fructuosam
2081 4103 2144 4157 de

573 4185 757 4240 dolore
778 4187 1047 4256 passionis
1078 4188 1352 4253 virtutem,
1375 4205 1496 4244 cum
1524 4191 1868 4260 amplectitur
1893 4192 2143 4248 arborem

572 4276 783 4340 salutis,
812 4292 934 4332 cum
957 4279 1122 4334 clavis
1155 4277 1319 4334 divini
1351 4282 1547 4337 amoris
1570 4297 1763 4352 corpus
1790 4283 2046 4356 afligitur,
2077 4299 2145 4340 ne

573 4357 809 4437 unquam
851 4370 920 4424 ad
948 4369 1197 4425 arborem
1242 4373 1693 4442 concupiscentia:
1743 4375 1908 4430 arida:
1958 4376 2143 4431 redeat

575 4459 882 4515 voluntatis.
915 4459 1021 4516 Sed
1043 4463 1226 4518 miseri
1253 4462 1419 4518 Judzei
1443 4467 1533 4535 qui
1567 4463 1840 4521 Christum
1867 4467 1932 4522 ad
1955 4481 2013 4522 se
2032 4483 2138 4524 non

575 4550 842 4620 recipiunt
872 4553 1178 4620 intrantem,
1214 4567 1312 4609 nec
1347 4563 1642 4626 agnoscunt
1671 4566 2012 4626 praesentem,
2044 4575 2143 4615 nec

568 4639 830 4696 .divinitus
868 4654 1179 4712 operantem
1230 4647 1560 4717 intelligunt!
1615 4647 1750 4703 Hinc
1797 4651 2142 4709 considerare

571 4739 788 4800 oportet
801 4747 962 4802 quam
980 4735 1110 4789 nihil
1129 4736 1200 4790 sit
1221 4753 1424 4806 praesen
1434 4739 1505 4791 tia
1521 4739 1842 4808 corporalis,
1862 4741 1950 4796 ubi
1981 4740 2144 4798 fuerit

573 4838 602 4876 a
635 4824 748 4878 Deo
780 4826 973 4880 mentis
1001 4829 1323 4884 miserabilis
1361 4832 1630 4900 separatio
1663 4851 1674 4884 :
1711 4833 1848 4887 sicut
1874 4849 1904 4888 e
1925 4845 2144 4890 contra-

575 4915 658 4968 rio
685 4929 784 4970 nec
809 4915 979 4970 ofﬁcit
1000 4917 1240 4972 absentia
1269 4921 1578 4990 corporalis,
1604 4923 1694 4976 ubi
1718 4925 1879 4978 corda
1905 4923 2142 4980 ﬁdelium

577 5003 779 5062 fuerint
821 5006 1024 5062 sociata
1055 5009 1165 5062 Deo
1200 5025 1296 5079 per
1337 5010 1518 5076 ﬁdem,
1551 5022 1606 5066 et
1646 5013 2004 5084 integritatem
2046 5017 2141 5070 ha-

577 5096 794 5152 buerint
819 5097 973 5153 bonae
1001 5099 1310 5155 voluntatis.
1345 5101 1594 5171 Alioquin
1626 5118 1840 5174 semper
1867 5104 2142 5160 offendunt

577 5187 715 5241 bona
751 5187 956 5254 malos,
998 5189 1084 5259 pia
1116 5190 1307 5258 impios
1331 5231 1345 5254 ,
1390 5200 1572 5245 sancta
1599 5192 1868 5262 profanos.
1921 5194 1986 5248 Et
2021 5195 2142 5249 ideo

575 5276 794 5343 pessimi
821 5277 1129 5346 sacerdotes
1152 5277 1510 5333 observabant
1539 5278 1792 5334 Sabbatis
1815 5296 1922 5334 non
1949 5281 1993 5335 si
2016 5295 2142 5350 pec-

573 5375 744 5431 caret,
771 5366 865 5422 sed
892 5368 936 5423 si
967 5376 1201 5434 sanaret,
1243 5381 1304 5424 ut
1345 5379 1663 5424 accusarent
1704 5386 1846 5425 eum.
1881 5371 2139 5426 insidian-

573 5466 659 5509 tur
683 5457 735 5511 in
773 5460 1120 5515 accusatione
1147 5461 1405 5515 virtutum
1425 5502 1440 5527 ,
1472 5462 1624 5530 quasi
1655 5470 1840 5516 contra
1875 5462 2098 5517 salutem
2118 5504 2132 5528 ,

569 5561 674 5600 non
716 5564 814 5617 pro
835 5551 1007 5607 salute
1038 5553 1330 5608 Sabbatum
1363 5554 1526 5610 fuerit
1555 5555 1925 5609 constitutum.
1974 5553 2133 5609 lube-

570 5646 658 5692 tur
680 5653 810 5708 ergo
835 5652 892 5696 ut
935 5646 1189 5700 extendat
1233 5663 1448 5702 manum
1473 5690 1485 5712 ,
1518 5656 1783 5717 quatenus
1824 5649 2129 5719 largitatem

569 5729 690 5784 boni
723 5732 901 5800 operis
932 5735 1228 5791 exhiberet.
1265 5738 1368 5792 Sed
1396 5741 1458 5792 de
1483 5740 1710 5793 sanitate
1740 5740 1972 5794 hominis
2004 5755 2125 5796 mox

2261 1913 2487 1969 consilio
2503 1913 2794 1984 peragitur.
2804 1911 2908 1968 Sed
2927 1927 3030 1966 non
3047 1920 3131 1967 est
3145 1909 3428 1965 consilium
3443 1917 3632 1964 contra
3648 1907 3841 1962 Deum.

2259 2008 2327 2062 Et
2357 2005 2476 2061 ideo
2507 2005 2582 2059 ait
2611 2025 2622 2058 :
2653 2005 2806 2060 Iesus
2837 2006 3003 2058 sciens
3031 2004 3239 2058 secessit
3266 2003 3406 2057 inde.
3451 2000 3670 2057 Sciebat
3715 2013 3848 2070 ergo

2259 2098 2314 2152 in
2345 2095 2556 2153 occulto
2584 2095 2710 2166 quid
2741 2105 2989 2168 agerent,
3031 2094 3123 2164 qui
3153 2091 3316 2167 545
3351 2094 3501 2149 novit
3535 2091 3702 2148 corda
3728 2103 3847 2145 om-

2259 2191 2429 2256 nium,
2461 2197 2517 2244 et
2561 2188 2722 2258 quale
2767 2189 2967 2243 inirent
3011 2189 3314 2243 consilium.
3363 2187 3569 2242 idcirco
3620 2185 3849 2241 secessit

2258 2279 2405 2344 inde,
2438 2288 2497 2334 ut
2530 2278 2874 2334 occasionem
2904 2278 3202 2348 impietatis
3225 2279 3292 2333 ab
3321 2275 3399 2333 eis
3431 2275 3692 2331 auferret.
3721 2275 3850 2331 Sive

2257 2375 2384 2445 quia
2436 2382 2649 2444 tempus
2678 2373 2948 2443 passionis
2989 2374 3228 2429 nondum
3258 2373 3583 2436 advenerat;
3631 2371 3753 2425 sive
3789 2378 3850 2423 ut

2257 2465 2562 2534 exemplum
2589 2465 2700 2520 suis
2728 2465 2930 2520 vitandi
2958 2465 3198 2537 pericula
3230 2465 3296 2518 ad
3335 2471 3549 2534 tempus
3585 2463 3766 2517 daret.

2327 2554 2395 2608 Et
2417 2555 2581 2608 secuti
2602 2566 2722 2608 sunt
2751 2571 2869 2610 eum
2895 2557 3075 2620 multi,
3105 2564 3154 2610 et
3187 2556 3386 2609 curarit
3425 2567 3511 2608 eos
3554 2560 3768 2618 omnes,
3803 2561 3852 2606 et

2256 2645 2499 2714 prwcepit
2534 2645 2609 2698 eis
2659 2661 2719 2697 ne
2767 2644 3100 2715 manifestum
3137 2660 3256 2698 eum
3292 2644 3540 2714 facerent.
3596 2643 3853 2698 Festinat

2257 2715 2444 2804 igitur,
2474 2748 2601 2790 suos
2629 2749 2764 2804 quos
2794 2750 2991 2791 sanare
3018 2736 3285 2806 disponit,
3313 2735 3544 2790 educere
3569 2747 3848 2798 seorsum,

2255 2834 2310 2879 et
2353 2841 2640 2898 segregare
2671 2827 2739 2881 ab
2774 2825 3100 2882 inﬁdelibus.
3146 2826 3248 2894 Qui
3281 2839 3410 2880 vero
3436 2825 3664 2880 salutem
3706 2826 3854 2880 desi—

2256 2917 2478 2983 derant,
2510 2916 2766 2972 indefessi
2809 2926 3136 2987 sequuntur,
3174 2925 3229 2973 et
3274 2917 3367 2987 qui
3416 2917 3588 2971 secuti
3639 2915 3852 2971 fuerint

2255 3018 2411 3062 sanat
2455 3023 2549 3063 eos
2592 3023 2804 3065 omnes.
2850 3009 3039 3066 Nullus
3069 3011 3233 3081 igitur
3270 3011 3536 3080 excipitur
3563 3023 3594 3063 a
3627 3010 3810 3066 salute
3835 3053 3848 3074 ,

2255 3099 2348 3167 qui
2389 3113 2510 3152 eum
2540 3101 2694 3169 sequi
2729 3101 2961 3154 voluerit
2988 3101 3054 3154 ad
3085 3100 3462 3156 imitationem.
3501 3100 3714 3167 Quibus
3747 3103 3850 3156 im-

2255 3195 2443 3256 perat,
2476 3202 2545 3243 ne
2571 3201 2691 3241 eum
2715 3190 3056 3245 manifestum
3078 3189 3318 3245 facerent
3343 3199 3448 3245 nun
3474 3192 3690 3247 timoris
3718 3207 3850 3248 cau-

2255 3294 2314 3333 sa
2341 3317 2355 3344 ,
2409 3279 2502 3333 sed
2527 3295 2595 3334 ne
2619 3279 2881 3350 gloriandi
2909 3283 2976 3337 de
3009 3295 3068 3338 se
3095 3283 3433 3339 occasionem
3463 3283 3638 3338 daret.
3668 3285 3847 3353 Quin—

2255 3368 2364 3424 imo
2379 3368 2695 3437 jactantiam
2722 3370 2909 3443 fugere
2937 3372 3204 3440 insinuat,
3227 3374 3352 3429 dum
3381 3381 3439 3430 ee
3456 3417 3470 3442 ,
3497 3375 3846 3446 virtutesque

2255 3474 2285 3512 a
2313 3474 2372 3514 se
2400 3458 2600 3526 factas,
2629 3461 2808 3517 celare
2849 3463 3024 3534 jubet.
3059 3463 3194 3518 Nam
3225 3465 3371 3521 salus
3400 3467 3697 3537 unicuique
3721 3469 3846 3523 redo

2256 3549 2367 3603 dita
2393 3550 2495 3606 sibi
2533 3551 2650 3621 ipsa
2678 3554 2832 3608 testis
2865 3561 3002 3608 erat.
3037 3553 3143 3610 Sed
3176 3555 3417 3626 jubendo
3440 3557 3507 3611 de
3534 3571 3594 3612 se
3619 3565 3807 3614 tacere
3831 3601 3846 3623 ,

2255 3641 2428 3712 magis
2483 3643 2842 3713 cognitionem
2890 3645 2973 3699 sui
3021 3653 3273 3715 praestat;
3314 3647 3438 3716 quia
3489 3645 3846 3705 observantia

2253 3733 2455 3788 silentii
2483 3748 2552 3790 es
2584 3749 2642 3789 re
2668 3750 2788 3806 quae
2815 3737 2887 3790 sit
2917 3737 3122 3792 silenda
3161 3738 3553 3808 proﬁciscitur;
3588 3751 3712 3809 qua
3751 3751 3850 3796 res

2252 3835 2402 3894 gesta
2441 3825 2495 3880 in
2532 3821 2818 3896 propatulo
2854 3842 2912 3883 se
2953 3829 3216 3894 ostendit,
3268 3829 3393 3885 licet
3425 3831 3637 3887 tacendi
3683 3833 3752 3888 de
3783 3841 3850 3888 se

2252 3917 2534 3972 veritatem
2582 3917 2836 3974 insinuet.
2873 3919 2951 3974 Ex
2985 3935 3091 3990 quo
3135 3922 3320 3992 utique
3350 3923 3489 3978 sicut
3515 3937 3615 3992 per
3639 3924 3848 3980 Isaiam

2250 4009 2669 4076 praenuntiatum
2715 4020 2853 4078 erat,
2888 4012 3188 4068 clarissime
3236 4016 3377 4084 quod
3423 4016 3536 4086 ipse
3581 4017 3652 4072 sit
3678 4016 3849 4073 Chri-

2251 4109 2365 4155 stus
2405 4101 2652 4158 Salvator
2683 4106 2868 4161 muudi
2915 4107 3268 4175 demonstrat,
3312 4125 3431 4164 cum
3482 4112 3730 4184 praacipit
3764 4129 3848 4169 ne

2251 4195 2595 4252 manifestum
2647 4215 2769 4253 eum
2807 4200 3076 4265 facerent,
3119 4203 3373 4271 quoniam
3415 4203 3623 4275 indigni
3675 4216 3845 4262 erant

2254 4294 2311 4340 ut
2335 4288 2416 4341 eis
2441 4290 2852 4344 annuntiaretur
2881 4292 2932 4345 in
2962 4293 3196 4362 publico.
3221 4289 3372 4360 Quod
3396 4304 3453 4348 ut
3483 4297 3850 4353 conﬁrmaret

2253 4375 2588 4448 Evangelisla
2610 4419 2624 4443 ,
2664 4380 3027 4434 testimonium
3059 4384 3300 4436 assumit.

2326 4469 2472 4523 Sicut
2507 4471 2703 4523 dictum
2741 4482 2844 4536 est,
2898 4474 3097 4542 inquit,
3143 4491 3235 4544 per
3281 4473 3479 4529 Isaiam
3525 4481 3845 4549 prophetam

2247 4559 2496 4614 dicentem
2516 4600 2530 4626 ,
2565 4575 2678 4613 ecce
2702 4576 2832 4630 puer
2860 4578 3002 4616 meus
3033 4579 3181 4634 quem
3221 4565 3382 4636 elegi,
3424 4565 3645 4622 dilectus
3693 4585 3848 4624 meus

2244 4651 2298 4702 in
2327 4665 2428 4720 quo
2457 4651 2767 4719 complacuit
2799 4651 2924 4706 bene
2949 4655 3140 4709 anima:
3162 4671 3309 4710 mere.
3343 4655 3544 4711 Ponant
3572 4660 3845 4728 Spiritum

2248 4755 2415 4794 meum
2441 4755 2594 4810 super
2633 4757 2776 4802 eum,
2817 4753 2865 4796 et
2891 4744 3155 4812 judicium
3183 4747 3416 4817 gentibus
3470 4753 3842 4808 mmuntiabit.

2251 4827 2373 4882 Non
2398 4832 2668 4885 contendet
2698 4849 2857 4902 neque
2886 4834 3128 4889 clamabit
3155 4877 3169 4901 ,
3209 4854 3370 4908 neque
3418 4841 3598 4894 audiet
3631 4845 3848 4911 aliquis

2244 4920 2299 4973 in
2328 4921 2516 4989 plateis
2547 4937 2718 4977 vocem
2747 4925 2878 4993 ejus.
2909 4927 3230 4982 Arundinem
3252 4943 3552 4999 quassatam
3579 4951 3685 4988 non
3715 4949 3853 4990 con-

2245 5011 2437 5082 fringet
2458 5052 2472 5077 ,
2499 5024 2547 5066 et
2580 5013 2743 5068 linum
2767 5016 3029 5086 fumigans
3065 5035 3166 5072 non
3191 5022 3496 5091 exstinguel,
3525 5024 3696 5080 donec
3729 5028 3845 5098 eji—

2249 5105 2351 5158 ciat
2380 5105 2448 5158 ad
2474 5108 2741 5160 uictoriam
2767 5108 3057 5177 judicium,
3101 5121 3148 5164 et
3174 5113 3226 5166 in
3254 5115 3458 5168 nomine
3496 5115 3611 5185 ejus
3651 5128 3850 5187 gentes

2248 5194 2544 5263 sperabunt.
2571 5195 2682 5250 Hoc
2711 5205 2879 5252 totum
2911 5200 3028 5254 ideo
3055 5201 3208 5254 simul
3236 5204 3412 5271 posui,
3443 5212 3499 5257 ut
3525 5205 3854 5275 perpendat

2247 5287 2483 5356 prudens
2512 5288 2681 5344 lector
2705 5307 2811 5346 non
2838 5293 3016 5346 omnia
3049 5293 3163 5348 ha‘c
3189 5295 3254 5348 ad
3283 5296 3423 5349 hunc
3447 5297 3620 5352 locum
3653 5303 3850 5370 perti-

2247 5392 2376 5432 nere
2408 5381 2733 5436 testimonia.
2778 5382 2911 5449 Quia
2950 5395 3058 5439 uno
3088 5389 3457 5444 tantummodo
3480 5391 3646 5446 verbo
3686 5410 3852 5463 pne-

2245 5470 2441 5524 dictam
2485 5472 2765 5526 conﬁrmat
2793 5476 3111 5530 sententiam
3143 5487 3248 5547 quo
3274 5481 3385 5533 ait:
3420 5477 3605 5550 Neque
3646 5486 3853 5540 audiet

2243 5562 2433 5634 aliquis
2459 5563 2511 5616 in
2538 5564 2722 5633 plateis
2743 5581 2911 5620 vocem
2939 5568 3069 5638 ejus.
3107 5569 3309 5625 Caetera
3339 5585 3467 5626 vero
3499 5573 3600 5627 alia
3635 5581 3857 5630 narra-

2243 5656 2404 5711 tionis
2427 5671 2536 5711 sua:
2560 5657 2672 5712 loca
2704 5658 2917 5714 ﬁrmare
2940 5662 3218 5726 videnlur;
3247 5674 3303 5717 ut
3325 5674 3452 5733 puta
3485 5685 3497 5720 :
3529 5663 3664 5720 Ecce
3694 5688 3859 5737 puer

2242 5761 2381 5800 meus
2418 5763 2563 5816 quem
2607 5748 2762 5818 elegi,
2809 5749 3022 5804 dilectus
3047 5770 3191 5806 meus
3225 5757 3278 5807 in
3309 5773 3408 5826 quo
3436 5758 3559 5811 bene
3589 5763 3857 5827 t‘0tttpt’g--
