4004 6362
158 364 241 421 ιοι

917 363 1279 423 Εχροειτιο
1314 366 1382 422 IN
1422 366 1861 423 HATTHEUM.
1899 397 1968 408 —
2006 367 2136 424 LIB.
2178 368 2268 435 Vl,
2305 369 2461 425 CAP.
2501 366 2615 425 Xll.

3294 368 3402 435 46!

158 482 250 534 cuit
263 482 444 532 animae
465 478 711 534 nteanllli
730 479 1275 544 attestaturloco,ubi
1293 480 1397 535 ait:
1418 478 1519 534 Hic
1536 490 1608 535 est
1623 478 1717 533 Fi-
1743 490 1792 549 Α
1817 496 1924 536 non
1964 481 2209 546 audiam,
2239 483 2365 552 quia
2394 483 2448 536 in
2490 482 2728 552 Spatiosa
2768 489 2824 536 et
2870 483 2979 537 lata
3023 480 3403 553 perambulant

158 574 245 627 list
268 586 405 625 meas
422 570 666 637 dilectus,
689 573 745 626 in
768 588 869 643 quo
899 573 1026 625 mihi
1049 572 1173 627 bene
1198 571 1490 643 conplecti
1505 571 1720 644 (Matth.

157 662 382 730 xm,5).
430 662 524 718 Sic
567 671 621 717 et
664 663 870 732 reliqua
915 663 1027 717 suis
1066 662 1367 733 quibusque
1401 664 1551 718 locis.
1596 664 1726 732 Quae

158 767 315 811 tamen
345 755 532 809 omnia
554 754 833 810 Christum
858 756 1189 826 depingunt,
1228 764 1283 809 et
1309 756 1421 811 suis
1443 756 1725 829 designant

156 848 477 904 lineanmuls
494 863 509 911 ;
528 862 651 917 quae
675 848 848 920 ﬁgura
871 848 1328 904 cbaracterisrnos
1348 848 1564 916 dicitur,
1582 847 1726 903 Lati-

157 956 214 996 ne
238 941 546 1010 descriptio.
572 941 704 1009 Quae
731 943 803 995 ita
830 940 1090 997 describit
1113 940 1231 1011 ejus
1258 941 1641 1005 innocentiam,
1667 948 1726 995 ut

157 1031 265 1088 nulli
292 1032 444 1087 alteri
474 1046 776 1102 congruere
800 1028 964 1105 548
991 1034 1107 1088 lucc
1135 1033 1293 1105 longa
1329 1032 1487 1102 hujus
1509 1032 1727 1103 capituli

156 1127 371 1181 narratio
392 1167 409 1190 ,
461 1124 569 1181 nisi
598 1124 713 1180 solo
735 1125 952 1181 Christo
975 1166 991 1191 ,
1031 1125 1303 1191 videatur;
1334 1126 1425 1194 qui
1451 1138 1724 1195 nunquam

155 1219 283 1273 visus
306 1228 388 1273 est
412 1217 761 1272 turbulentus
784 1226 839 1272 et
867 1218 1088 1281 anxius,
1113 1216 1269 1286 juxta
1294 1218 1434 1287 quod
1468 1217 1727 1288 Hierony-

154 1322 257 1361 mus
288 1306 678 1376 interpretatus
705 1313 790 1361 est
811 1346 827 1371 ,
857 1320 923 1362 eo
965 1307 1108 1376 quod
1136 1306 1503 1376 aequalitatem
1544 1300 1727 1363 vultus

154 1401 279 1455 omni
310 1409 552 1470 tempore
588 1399 924 1469 praetulerit;
969 1399 1113 1469 quod
1145 1399 1281 1455 falso
1322 1400 1624 1471 philosophi
1663 1402 1727 1456 de

152 1491 446 1563 Pythagora
493 1491 829 1562 gloriantur,
882 1491 1036 1560 quasi
1084 1505 1359 1564 nunquam
1404 1490 1523 1561 plus
1567 1492 1728 1547 solito

152 1582 315 1637 tristis
339 1582 499 1636 luerit
533 1582 619 1637 vel
648 1581 821 1637 latus.
857 1581 963 1637 Sed
1013 1588 1071 1636 ut
1110 1582 1269 1652 hujus
1310 1584 1601 1639 testimonii
1628 1599 1726 1638 εχ-

155 1673 382 1743 planatio
408 1673 474 1727 de
499 1672 717 1727 Christo
754 1671 1093 1727 manifestior
1123 1683 1413 1743 appareat,
1441 1686 1728 1730 curramus

148 1780 242 1835 per
262 1764 486 1835 singula,
533 1765 689 1836 juxta
716 1766 1033 1821 varietatem
1088 1767 1465 1837 interpretum.
1508 1767 1641 1822 Nam
1672 1768 1726 1823 in

1824 571 1930 636 via,
1959 572 2013 626 in
2042 588 2149 643 qua
2170 588 2445 643 nunquam
2468 571 2717 628 Christus
2750 574 2987 638 auditur,
3035 579 3281 644 quamvis
3320 586 3405 634 sa-

1823 663 2025 734 pientia
2047 664 2179 720 loris
2214 664 2481 731 clamitet,
2507 673 2563 720 et
2581 665 2634 719 in
2661 665 2856 735 plateis
2883 667 2973 721 det
2992 679 3179 723 vocem
3229 682 3404 735 suam,

1826 752 1881 807 in
1908 755 2084 825 capite
2105 755 2345 811 omnium
2372 757 2603 810 viarum.
2661 755 2798 824 Quia
2850 756 2954 813 nisi
3005 760 3127 828 quis
3180 772 3247 816 ex
3308 762 3409 817 hac

1824 845 2003 916 platea
2034 847 2314 903 transierit
2354 848 2423 903 ad
2447 856 2729 920 angustam
2784 862 2904 919 quas
2929 849 3076 907 ducit
3098 850 3166 908 ad
3218 853 3408 920 ‘vitam,

1824 935 2102 992 Christum
2129 939 2318 994 audire
2341 939 2489 995 intus
2515 954 2621 995 non
2654 942 2850 1011 potest.
2886 936 2983 995 Vel
3042 942 3242 1000 idcirco
3282 945 3411 1000 dici-

1827 1037 1915 1084 tur
1939 1031 2084 1099 quod
2106 1045 2213 1089 non
2243 1029 2517 1097 clamabit,
2543 1032 2667 1102 quia
2705 1031 2852 1089 mitis
2879 1032 2981 1089 fuit
3005 1040 3059 1090 et
3100 1046 3413 1094 mansuetus

1827 1119 1944 1175 sine
1969 1135 2119 1186 voce,
2144 1135 2249 1177 non
2283 1123 2527 1192 aperiens
2582 1139 2645 1179 os
2693 1138 2873 1191 suum,
2917 1134 2973 1182 et
3032 1142 3137 1182 non
3183 1131 3413 1201 accipiet

1824 1224 2110 1281 personam
2143 1211 2196 1265 in
2210 1212 2439 1280 judicio,
2462 1212 2579 1268 sive
2604 1224 2707 1268 non
2726 1212 2947 1281 levabit,
2974 1223 3031 1269 ut
3059 1219 3416 1275 subaudiatur

1826 1299 1883 1353 in
1913 1299 2081 1354 altum
2107 1314 2295 1357 vocem
2318 1316 2493 1366 suam,
2540 1301 2623 1356 vel
2648 1296 2802 1373 jux’ta
2850 1303 3257 1375 Symmachum,
3307 1325 3413 1364 non

1827 1391 2164 1461 decipiatur;
2204 1393 2328 1463 quia
2379 1400 2568 1449 Omnes
2609 1393 2834 1450 insidias
2883 1394 3080 1452 diaboli
3128 1398 3408 1471 intelliget.

1826 1476 1996 1535 Porro
2027 1480 2374 1553 Septuaginta
2413 1485 2515 1540 hoc
2556 1482 2707 1551 loco,
2752 1500 2856 1541 non
2898 1486 3220 1559 relinquetur
3264 1488 3412 1545 dixe-

1827 1580 1955 1626 runt
1981 1590 1994 1625 :
2025 1572 2077 1627 id
2106 1581 2210 1639 est,
2226 1588 2333 1630 non
2356 1576 2623 1647 relinquet
2649 1577 2904 1648 populum
2932 1576 3264 1649 Iudaeorum,
3312 1582 3412 1638 nisi

1826 1671 1982 1719 vocet
2004 1681 2125 1720 eum
2150 1667 2216 1722 ad
2238 1668 2631 1738 paenitentiam.
2676 1666 2786 1727 Nec
2833 1674 3083 1731 audietur
3125 1676 3257 1734 foris
3311 1697 3410 1735 vox

1826 1756 1965 1827 ejus,
1986 1756 2191 1813 scilicet
2215 1766 2367 1815 extra
2390 1760 2687 1829 Galilaeam,
2722 1780 2896 1837 neque
2928 1777 3079 1825 extra
3096 1768 3333 1827 Judaeam
3363 1775 3415 1829 in

148 1856 396 1925 principio
434 1856 598 1925 hujus
639 1857 763 1922 loci,
817 1858 1113 1913 secundum
1143 1856 1495 1929 Septuaginta
1515 1901 1529 1923 ,
1559 1858 1725 1915 Jacob
1756 1856 1802 1915 Β
1830 1847 1950 1903 aliis
1976 1849 2224 1937 gentibus
2238 1849 2585 1925 Evangelium
2600 1858 2932 1924 pmdiwblt.
2952 1858 3103 1926 Quod
3124 1863 3168 1918 si
3190 1864 3416 1937 legimus

149 1962 265 2018 puer
307 1962 502 2014 meus,
558 1949 750 2014 habet,
798 1964 1071 2005 assumam
1119 1963 1280 2016 eum,
1322 1948 1487 2004 Israel
1525 1950 1728 2006 electus

150 2054 281 2094 meus
303 2080 320 2105 ,
351 2041 575 2111 suscepi
600 2054 744 2095 eum.
778 2039 885 2096 Sed
914 2041 1195 2096 Matthaeus
1233 2041 1359 2111 quia
1404 2040 1726 2097 Hebraicam

148 2140 343 2187 secutus
372 2140 459 2187 est
486 2133 773 2188 veritatem
797 2173 813 2199 ,
843 2148 942 2188 nec
962 2132 1129 2188 Jacob
1158 2133 1335 2202 posuit
1361 2174 1375 2197 ,
1413 2147 1509 2188 nec
1536 2134 1724 2199 Israel,

147 2222 225 2276 sed
250 2222 654 2287 tantummodo,
686 2222 822 2277 Ecce
848 2236 978 2293 puer
1005 2238 1169 2276 meus.
1208 2222 1471 2290 Quoniam
1503 2222 1727 2277 ubicun-

147 2326 235 2383 que
253 2314 317 2368 de
350 2314 659 2382 apostolico
693 2314 861 2368 choro
900 2312 1182 2383 prophetia
1227 2322 1333 2375 est,
1382 2327 1596 2382 semper
1638 2311 1728 2367 Ja-

147 2403 231 2460 ωδ
248 2410 339 2457 aut
369 2402 564 2466 Israel,
584 2412 677 2458 aut
706 2414 888 2458 semen
916 2402 1251 2473 appellantur
1271 2403 1577 2465 Abraham;
1610 2404 1728 2479 qui-

145 2491 230 2548 bus
256 2493 416 2562 quasi
442 2493 753 2547 hominibus
777 2506 840 2548 ac
869 2492 1040 2547 servis
1059 2500 1457 2563 consequenter
1483 2492 1684 2547 dicitur
1709 2511 1723 2546 :

147 2580 253 2637 Noli
279 2586 490 2647 timere,
528 2585 715 2637 vermis
758 2583 945 2647 Jacob,
986 2593 1035 2637 et
1071 2596 1264 2654 parvus
1302 2599 1518 2637 numero
1558 2582 1729 2637 Israel

146 2671 260 2741 (Isa.
288 2688 408 2738 xu,
438 2672 552 2744 14).
596 2672 696 2728 Ubi
735 2688 861 2729 vero
888 2674 1201 2729 vaticinium
1244 2684 1329 2729 est
1377 2674 1442 2729 de
1487 2672 1724 2741 Christo,

144 2763 364 2833 perfecto
390 2773 454 2817 ut
506 2765 1020 2834 impnesentiarum,
1062 2780 1277 2836 semper
1322 2765 1524 2836 absque
1561 2764 1729 2820 Jacoh

144 2864 192 2909 et
218 2855 381 2912 Israel
411 2856 634 2927 legitur.
674 2855 782 2911 Nec
806 2857 1001 2912 mirum
1042 2858 1206 2928 igitur
1243 2857 1491 2913 Christus
1526 2859 1572 2913 si
1618 2872 1729 2914 ser-

143 2961 230 3001 vus
263 2957 517 3011 vocetur,
542 2952 645 3016 pro
683 2962 791 3017 quo
838 2948 1196 3018 Evangelista,
1248 2948 1384 3002 Ecce
1424 2956 1553 3018 puer
1584 2965 1728 3003 meus

144 3038 295 3104 dixit;
344 3039 612 3109 quoniam
653 3037 827 3094 lactus
856 3048 942 3094 est
973 3054 1041 3093 ex
1070 3040 1315 3104 muliere,
1343 3048 1395 3093 et
1418 3039 1591 3095 laetus
1631 3041 1730 3095 sub

144 3131 285 3199 lege:
314 3130 427 3198 Qui
455 3148 577 3185 cum
606 3132 661 3184 in
706 3131 874 3200 forma
901 3131 995 3186 Dei
1019 3142 1171 3197 esset,
1215 3126 1507 3186 humiliavit
1546 3142 1731 3186 semet-

1830 1948 1953 1990 eum
1980 1936 2147 1992 fuisse
2167 1939 2221 1993 in
2247 1940 2490 1997 terminis
2512 1941 2640 2014 Tyri
2662 1953 2716 1999 et
2734 1942 3073 2015 Sidonis,ch
3098 1952 3149 2006 in
3182 1936 3414 2011 confinio

1831 2026 2094 2083 Caesareae
2115 2042 2236 2099 qua:
2256 2038 2398 2087 nunc
2418 2031 2626 2090 Paneas
2647 2047 2893 2105 vocatur,
2923 2048 3104 2097 tamen
3133 2044 3411 2102 sciendum

1830 2134 1936 2175 non
1963 2135 2083 2177 esse
2111 2120 2371 2194 scriptum
2395 2127 2537 2195 quod
2564 2127 2710 2198 ipsas
2742 2129 3019 2203 ingressus
3045 2134 3135 2201 sit,
3161 2146 3253 2191 aut
3275 2155 3412 2208 prai-

1830 2211 2089 2268 dicavcrit
2149 2214 2412 2272 civitates.
2478 2215 2632 2286 Quod
2689 2235 2797 2276 non
2856 2226 3199 2282 contenderit
3252 2230 3415 2285 etiam

1831 2301 2139 2371 damnatus,
2171 2305 2517 2362 manifestum
2552 2318 2659 2376 est,
2691 2326 2865 2382 neque
2899 2312 3201 2373 defenderit
3234 2321 3420 2378 multis

1830 2392 2121 2464 injuriatus
2142 2397 2475 2468 Opprobriis,
2499 2401 2743 2472 colaphis
2767 2413 2823 2459 et
2843 2406 3165 2466 verberibus
3206 2428 3407 2480 caesus;

1830 2500 2006 2556 neque
2034 2487 2288 2544 clamavit
2328 2492 2544 2560 quando
2591 2492 2792 2549 dictum
2833 2506 2917 2551 est
2966 2497 3019 2555 ei
3048 2517 3061 2554 :
3088 2498 3213 2556 Nan
3262 2504 3412 2559 audii

1829 2589 2027 2648 quanta
2055 2579 2304 2635 adversus
2338 2590 2386 2636 te
2412 2583 2594 2637 dicunt
2621 2587 2958 2643 testimonia?
2990 2589 3204 2662 (Matth.
3237 2611 3404 2659 xxvn.

1833 2668 1946 2741 15.)
1982 2668 2293 2737 Calamam,
2324 2672 2526 2743 inquit,
2579 2689 2911 2745 quassatum,
2959 2678 3073 2736 sive
3110 2666 3412 2751 ellractum,

1833 2779 1936 2816 non
1985 2773 2212 2818 conteret
2237 2764 2373 2835 (Isa.
2408 2781 2541 2831 xui,
2580 2765 2659 2840 3),
2693 2768 2819 2839 quia
2874 2773 3087 2828 cunctis
3136 2774 3419 2844 placabilis

1832 2849 1953 2916 fuit,
1994 2861 2048 2906 et
2109 2853 2320 2908 veniam
2370 2856 2623 2924 praestitit
2666 2861 3060 2928 peccatoribus,
3119 2864 3302 2922 dicens
3356 2870 3421 2924 ad

1831 2943 2132 3009 mulierem,
2163 2942 2399 3013 Con/ide,
2426 2946 2563 3016 lilia,
2603 2948 2940 3005 dimittuntur
2965 2953 3058 3007 tibi
3090 2960 3302 3025 peccata
3329 2958 3419 3011 tua

1833 3033 2046 3104 (Matth.
2077 3050 2150 3101 ιχ,
2176 3034 2255 3107 2).
2284 3036 2351 3091 Ει
2372 3036 2538 3092 linum
2563 3040 2852 3111 fumigaus,
2879 3043 3011 3109 sive,
3037 3052 3096 3099 ut
3119 3045 3210 3102 alii
3243 3058 3418 3106 trans-

1832 3125 2089 3191 tulerunt,
2125 3129 2414 3183 obScurum
2457 3141 2619 3200 atque
2648 3131 3015 3203 tenebrosum,
3074 3156 3177 3195 non
3218 3145 3414 3198 exstin—

145 3223 295 3292 ipsum
322 3224 556 3292 fortnam
587 3223 722 3276 servi
747 3222 1025 3291 accipiens,
1058 3231 1104 3274 et
1156 3218 1337 3274 habitu
1384 3223 1622 3275 inventus
1668 3231 1723 3274 ut
1752 3214 1797 3293 (ᾗ
1827 3224 1946 3290 guet
1970 3216 2206 3290 (Matth,
2233 3230 2329 3285 xtl,
2347 3218 2439 3291 20)
2458 3219 2664 3279 .Abl‘uit
2686 3239 2916 3295 namque
2936 3227 3089 3285 abeo
3114 3230 3289 3288 omnis
3311 3234 3422 3289 cla.

143 3314 282 3367 Itomo
306 3313 536 3385 (Philip.
562 3328 625 3379 ll,
646 3314 723 3384 7),
749 3314 800 3367 in
818 3329 925 3384 quo
949 3312 1273 3383 complacuit
1293 3311 1393 3366 sibi
1418 3312 1596 3366 anima
1629 3312 1723 3366 Dei

143 3401 329 3459 Patris.
361 3404 479 3459 Non
504 3407 646 3474 quod
670 3405 814 3459 Dens
834 3402 1017 3469 Pater,
1043 3417 1109 3457 ex
1138 3400 1291 3470 cujus
1320 3415 1548 3472 persona
1596 3401 1725 3457 Pro-

139 3498 302 3567 pheta
327 3499 589 3569 loquitur,
615 3500 849 3554 animam
885 3499 1100 3565 habeat,
1130 3498 1224 3553 sed
1270 3498 1475 3567 tropice
1522 3499 1727 3552 dictum

142 3597 228 3643 est
256 3604 412 3644 more
439 3589 684 3654 humano,
727 3590 867 3644 sicut
909 3598 964 3643 et
1016 3589 1068 3643 in
1113 3588 1527 3659 quamplurimis
1575 3586 1724 3649 locis,

139 3677 232 3732 ubi
256 3686 314 3733 et
344 3677 577 3732 membra
609 3686 919 3748 ponuntur:
954 3678 1006 3732 in
1030 3690 1138 3749 quo
1178 3678 1434 3732 nimirum
1460 3678 1560 3733 sibi
1583 3690 1731 3733 com-

140 3769 409 3841 placuisse
425 3778 668 3835 testatur,
696 3770 822 3840 quia
847 3783 1037 3824 omnes
1067 3769 1117 3823 in
1148 3784 1213 3824 eo
1234 3769 1466 3823 virtutes
1487 3767 1729 3835 luerunt,

141 3861 453 3933 nullumque
480 3869 787 3931 peccatum.
812 3860 1065 3928 Quinimo
1118 3860 1232 3931 ipse
1276 3869 1361 3914 est
1400 3860 1490 3914 Dei
1536 3860 1729 3925 virtus,

142 3953 341 4024 Deique
368 3954 659 4024 sapientia.
700 3952 853 4017 Dedi,
890 3952 1084 4022 inquit,
1128 3952 1376 4021 spiritum
1418 3965 1596 4005 meum
1640 3966 1733 4006 su-

139 4060 238 4117 per
254 4064 374 4102 eum
417 4062 525 4102 non
581 4045 871 4115 partiliter,
926 4044 1020 4100 sed
1062 4053 1255 4099 totum.
1308 4043 1409 4111 Qui
1461 4044 1734 4099 descendit

142 4154 295 4210 super
316 4157 447 4197 eum
476 4142 532 4195 in
559 4136 741 4210 specie
765 4138 1048 4203 columbae,
1081 4147 1135 4193 et
1168 4138 1369 4192 mansit
1398 4145 1542 4192 totus
1569 4136 1620 4191 in
1645 4152 1729 4192 eo.

142 4231 232 4299 Qui
257 4249 399 4304 puer
417 4241 663 4295 vocatur,
698 4231 824 4301 quia
856 4231 981 4285 licet
1028 4214 1206 4284 minor
1227 4230 1280 4283 in
1336 4227 1509 4284 forma
1568 4228 1731 4294 servi,

141 4337 268 4377 unus
289 4332 479 4378 tamen
509 4322 762 4392 idemque
782 4318 1029 4376 Christus
1054 4319 1341 4390 coaequalis
1370 4327 1452 4374 est
1486 4319 1537 4373 iu
1572 4332 1735 4390 regno

139 4410 296 4481 Patri,
326 4422 393 4470 et
424 4414 478 4467 in
510 4412 683 4467 forma
719 4410 833 4467 Dei.
864 4410 922 4465 ιη
977 4425 1084 4481 quo
1124 4412 1249 4482 quia
1291 4412 1513 4482 aequalis
1556 4419 1639 4466 est
1682 4412 1735 4466 in

140 4503 441 4570 divinitate,
476 4506 640 4560 unius
662 4486 745 4560 est
772 4519 893 4559 cum
934 4500 1094 4559 Patre
1121 4504 1438 4570 voluntatis,
1470 4512 1640 4559 totum
1682 4505 1735 4559 in

1830 3322 1970 3375 mor,
1991 3316 2044 3365 et
2072 3308 2174 3377 ira,
2197 3314 2251 3365 et
2281 3310 2599 3383 indignatio,
2646 3322 2702 3369 et
2736 3318 2913 3372 omnis
2962 3321 3302 3389 amaritudo,
3350 3318 3425 3379 id-

1829 3402 1976 3461 circo
2000 3402 2202 3457 nullum
2244 3404 2414 3470 licsit;
2456 3405 2710 3475 quoniam
2757 3407 2849 3478 qui
2883 3414 3154 3479 peccatori
3203 3430 3421 3473 manum

1830 3506 1938 3547 non
1963 3492 2211 3563 porrigit,
2236 3502 2334 3547 nec
2355 3501 2535 3565 portat
2556 3509 2694 3550 onus
2715 3494 2920 3562 fratris,
2959 3498 3061 3553 iste
3107 3515 3418 3569 quassatum

1832 3581 2098 3637 calamum
2126 3583 2209 3637 vel
2235 3582 2553 3639 arundinem
2579 3584 2980 3659 Confringit,et
3020 3591 3109 3659 qui
3150 3586 3418 3649 modicam

1833 3673 2119 3731 scintillam
2153 3672 2295 3739 lldci,
2322 3676 2404 3729 vel
2422 3674 2667 3743 iustitiae,
2693 3692 2785 3733 seu
2815 3678 2941 3733 boni
2967 3682 3147 3751 operis
3172 3692 3417 3741 contem-

1832 3766 2036 3820 nunlin
2063 3765 2306 3836 parvulo,
2339 3766 2423 3821 hic
2447 3766 2612 3822 linum
2638 3767 2906 3840 funiigans
2930 3772 3239 3843 exstinguit,
3277 3779 3421 3847 quod

1833 3854 2082 3912 Christus
2122 3872 2227 3913 non
2284 3858 2479 3913 fecisse
2510 3860 2788 3929 probatur,
2838 3863 3092 3931 quoniam
3138 3868 3229 3935 qui
3260 3867 3422 3923 vicini

1835 3947 2172 4001 erantmorti
2202 3955 2257 4002 et
2289 3947 2564 4002 obscurati
2610 3952 2956 4019 peceatorum
2998 3944 3267 4020 tenebris,
3308 3958 3426 4027 ejus

1834 4040 2119 4096 clementia
2153 4040 2341 4096 salvati
2380 4050 2542 4106 sunt,
2569 4050 2623 4096 et
2654 4045 2869 4099 accensi
2899 4042 3113 4100 llatnma
3146 4049 3428 4106 charitatis

1835 4132 1926 4201 qui
1948 4130 2096 4187 venit
2133 4130 2439 4187 illuminare
2498 4132 2857 4189 tenebric'atos
2914 4144 3157 4207 peccato,
3210 4148 3266 4193 et
3315 4138 3424 4194 sal-

1835 4237 1965 4277 vare
2038 4222 2181 4293 quod
2258 4223 2512 4293 perierat.
2586 4220 2760 4279 Aliter
2825 4234 3048 4296 regnum
3114 4226 3420 4284 Judaeorum

1836 4323 2149 4387 quassatum
2202 4324 2258 4370 et
2302 4312 2661 4380 confractum,
2709 4315 2836 4386 quia
2884 4318 2938 4370 in
2986 4312 3219 4388 lapidem

1836 4410 2149 4468 offensionis
2199 4410 2451 4483 impegit,
2490 4427 2598 4466 non
2647 4410 2791 4482 ipse,
2836 4412 2929 4467 sed
2975 4414 3257 4484 peceatum
3326 4430 3424 4469 eo-

1840 4522 1960 4560 rum
2004 4505 2131 4575 quia
2186 4519 2290 4559 non
2324 4511 2644 4575 receperunt
2685 4518 2811 4558 eum
2841 4502 3128 4569 contrivit,
3174 4514 3230 4559 et
3252 4502 3420 4561 linum

141 4611 197 4652 eo
224 4599 397 4655 Pater
421 4597 684 4668 placitum
710 4611 868 4651 suum
892 4596 1071 4666 posuit
1101 4596 1192 4666 qui
1214 4604 1374 4650 natus
1399 4606 1483 4652 est
1517 4610 1585 4651 ex
1622 4593 1734 4650 Ma-
1762 4589 1813 4650 D
1839 4592 2105 4668 fumigans
2134 4612 2241 4666 quo
2266 4596 2577 4661 utebantur,
2609 4594 2921 4651 sacerdotes
2945 4595 3194 4651 videlicet
3242 4592 3388 4669 ipsos
3417 4640 3429 4663 ,

140 4689 232 4743 ria.
256 4688 328 4746 Ut
353 4689 460 4760 qui
487 4689 706 4759 placere
732 4688 841 4743 Deo
882 4687 1211 4753 desiderant,
1246 4686 1300 4741 in
1350 4702 1413 4743 eo
1466 4685 1539 4741 illi
1585 4702 1731 4743 com-

136 4779 413 4849 plaeeant,
450 4786 607 4833 extra
638 4794 800 4849 quem
829 4777 966 4833 nihil
1003 4778 1051 4833 ei
1079 4777 1297 4848 placere
1325 4786 1522 4848 potest.
1557 4774 1627 4832 Et
1640 4777 1733 4849 ju—

137 4871 344 4936 ilicium,
398 4870 608 4940 inquit,
650 4868 886 4941 gentibus
936 4868 1195 4922 nuntiabit
1243 4866 1458 4938 (Matth.
1491 4884 1586 4935 xn,
1621 4866 1729 4941 i8),

136 4961 214 5014 vel
239 4962 499 5033 proferet
530 4960 677 5030 quod
711 4968 867 5014 antea
912 4957 1247 5014 nesciebant.
1295 4957 1450 5014 Unde
1508 4959 1621 5028 ipse
1670 4958 1734 5012 de

136 5067 207 5118 se,
238 5052 308 5107 In
343 5052 650 5123 judicium,
702 5051 895 5120 inquit,
924 5068 1015 5121 ego
1042 5053 1156 5105 veni
1202 5053 1257 5104 in
1309 5053 1501 5103 mundo
1550 5050 1733 5122 (Joan.

138 5132 343 5214 n,59),
367 5144 632 5214 quoniam
646 5149 703 5196 et
728 5142 888 5197 Pater
913 5154 1064 5195 omne
1097 5140 1361 5211 judicium
1407 5140 1546 5194 dedit
1576 5138 1737 5208 Filio,

135 5236 252 5304 quia
298 5235 463 5307 ﬁlius
506 5235 735 5289 hominis
786 5246 859 5289 est
906 5226 1094 5307 (llud,
1129 5234 1243 5306 22).
1289 5232 1407 5290 Non
1452 5234 1741 5291 contendet

136 5343 308 5400 neque
330 5329 627 5395 clamabit,
657 5344 828 5399 neque
849 5329 1030 5385 audiet
1075 5329 1270 5398 aliquis
1308 5329 1360 5383 in
1409 5328 1602 5400 plateis
1639 5343 1737 5383 vo-

133 5436 251 5478 cem
280 5438 487 5488 suam;
522 5422 633 5484 lata
662 5422 806 5477 enim
834 5420 992 5495 547
1031 5430 1078 5475 et
1111 5423 1342 5491 spatiosa
1385 5421 1469 5475 via
1514 5432 1589 5476 est
1623 5438 1740 5491 qua:

135 5513 275 5567 dicit
307 5514 386 5569 ad
419 5514 766 5584 perditionem
800 5512 1013 5584 (Ierem.
1044 5528 1138 5577 vn,
1172 5511 1280 5584 l3).
1316 5508 1371 5567 ln
1428 5530 1533 5583 qua
1581 5528 1741 5568 nemo

134 5604 284 5658 audit
306 5617 512 5659 vocem
542 5598 689 5670 ejus;
725 5603 977 5670 quoniam
1035 5603 1149 5671 ipse
1202 5608 1284 5657 est
1336 5598 1421 5655 illa
1485 5610 1631 5657 arcta
1688 5609 1744 5657 et

135 5705 376 5767 angusta
408 5695 520 5760 via,
550 5708 648 5764 per
674 5709 833 5764 quam
864 5693 1020 5765 pauci
1052 5694 1256 5749 intrare
1286 5694 1637 5760 contendunt,
1685 5705 1743 5748 ut

133 5804 228 5857 per
258 5789 455 5859 ipsum
495 5785 817 5856 perveniant
859 5786 925 5839 ad
962 5772 1169 5855 ipsum;
1220 5802 1378 5855 quem
1428 5785 1545 5840 ideo
1592 5785 1741 5839 multi

1838 4704 1944 4743 non
1976 4689 2090 4758 ipse
2121 4686 2222 4750 sed
2252 4686 2541 4743 inﬁdelitas
2566 4702 2754 4741 eorum
2794 4688 3074 4754 exstinxit,
3118 4690 3243 4759 quia
3294 4688 3428 4744 leto-

1838 4796 1952 4836 rem
1982 4779 2156 4851 magis
2194 4788 2247 4835 et
2287 4777 2591 4835 cmcilatum
2627 4774 2789 4849 quam
2838 4778 3114 4835 ﬂammant
3147 4782 3431 4836 charitalis

1840 4868 2154 4924 attulerunt.
2172 4864 2371 4923 Verum
2391 4868 2554 4923 etiam
2578 4883 2680 4924 nec
2704 4879 2892 4941 gentes
2916 4885 3013 4925 nec
3028 4864 3242 4927 Judazos
3268 4886 3296 4924 a
3327 4869 3431 4926 [ide

1840 4962 2171 5034 repudiavit,
2220 4961 2312 5017 sed
2349 4960 2592 5032 alligavit
2617 4962 2761 5032 quod
2800 4961 3139 5018 confractum
3165 4972 3326 5028 erat,
3376 4972 3433 5018 et

1841 5055 2088 5128 qumsivit
2114 5056 2257 5126 quod
2281 5057 2516 5127 perierat
2543 5074 2555 5110 :
2585 5055 2805 5127 insuper
2830 5056 3137 5112 reaccendit
3164 5055 3431 5111 modicam

1841 5148 2130 5209 scintillam
2157 5146 2500 5213 Iudaeorum,
2543 5149 2742 5220 quibus
2781 5157 2899 5204 erat
2936 5147 3306 5203 tantummodo
3333 5162 3428 5201 na—

1843 5250 1931 5297 tus
1959 5281 1974 5306 ,
2011 5240 2084 5294 ita
2114 5250 2171 5294 ut
2199 5239 2265 5294 de
2299 5254 2466 5308 parvo
2493 5238 2695 5294 lumine
2719 5239 3047 5310 cognitionis
3080 5237 3172 5292 Dei
3198 5278 3212 5301 ,
3242 5246 3297 5292 et
3317 5251 3433 5306 poe-

1844 5346 1927 5386 nae
1962 5329 2227 5384 moriente
2255 5327 2489 5384 scintilla
2514 5370 2529 5394 ,
2574 5328 2810 5383 maxima
2850 5329 2904 5383 in
2947 5328 3150 5382 mundo
3178 5326 3431 5382 suscitari
3528 5376 3533 5381 .

1848 5422 2093 5479 incendia
2116 5463 2131 5487 ,
2175 5432 2236 5475 ut
2265 5430 2407 5477 totus
2432 5422 2580 5477 orbis
2620 5422 2835 5476 arderet
2859 5421 2981 5491 igne
3006 5408 3215 5474 Domini
3241 5419 3402 5474 Salva

1850 5513 2013 5578 toris,
2044 5528 2200 5582 quem
2234 5513 2378 5567 venit
2409 5512 2623 5566 mittere
2668 5509 2720 5565 in
2755 5521 2952 5565 terram
2977 5523 3031 5566 et
3060 5511 3237 5565 adhuc
3266 5510 3433 5580 magis

1848 5605 1961 5661 vult
1991 5615 2048 5661 ut
2074 5605 2276 5661 ardeat.
2307 5604 2563 5674 Sequitur
2590 5622 2603 5656 :
2639 5596 2704 5655 Et
2737 5604 2790 5657 in
2821 5605 3033 5659 veritate
3077 5605 3255 5661 educet
3278 5603 3432 5674 judi-

1850 5699 1986 5751 cium
2018 5698 2033 5766 (
2060 5696 2168 5750 lsa.
2200 5711 2311 5751 xw
2332 5735 2346 5760 ,
2392 5694 2482 5773 5).
2517 5693 2596 5749 Ac
2627 5694 2818 5749 deinde
2855 5703 2910 5748 ut
2941 5697 2993 5750 in
3037 5696 3262 5753 Hebraeo
3283 5737 3298 5763 ,
3328 5711 3434 5767 non

1852 5789 1955 5844 erit
1998 5789 2166 5844 tristis
2208 5804 2379 5857 neque
2410 5788 2787 5857 turbulentus,
2814 5790 2983 5845 donec
3010 5800 3176 5862 ponat
3202 5792 3255 5845 in
3290 5798 3433 5844 terra
