4004 6362
620 341 742 403 1485

1433 348 1491 405 S.
1534 351 1887 409 PASCHASII
1921 353 2265 414 RADBERTI
2300 360 2592 418 ABBATIS
2626 360 3073 420 CORBEIENSIS

3776 360 3873 418 ια

623 454 910 546 judicium.
958 454 1311 528 Septuaginta
1356 475 1456 531 pro
1498 464 1682 529 tristi,
1733 475 1790 520 et
1846 467 2154 524 turbulento
2180 510 2195 535 ,
2223 474 2275 535 Α
2298 481 2355 527 et
2378 473 2604 543 apostoli
2630 476 2940 531 testimonia
2968 475 3325 546 protulerunt,
3354 480 3490 529 teste
3518 472 3870 544 Hieronymo,

624 543 914 614 splendebit
963 556 1164 609 etnon
1215 552 1877 625 contereturj‘posuerunt;
1921 559 2063 628 quod
2115 560 2239 613 hic

623 633 968 704 Evangelista
1032 647 1281 693 neutrum
1341 642 1534 712 posuit.
1599 643 1853 711 Quinimo
1896 655 1957 700 ut
1993 647 2204 703 videtur

624 723 907 792 scriptoris
938 724 1073 781 vitio
1108 726 1312 783 factum
1350 738 1434 784 est
1456 771 1471 796 ,
1502 731 1629 801 quia
1676 748 1836 805 supra
1862 734 2063 791 dictum
2094 745 2200 802 est,

622 809 677 865 in
704 812 930 866 veritate
955 813 1151 869 educet
1169 812 1466 884 judicium;
1505 826 1562 874 et
1588 820 1839 877 deorsum
1857 863 1873 889 ,
1903 823 2073 879 donec
2100 842 2199 894 po-

619 910 715 956 nat
730 898 1015 970 judicium.
1058 902 1211 971 Quod
1244 908 1478 962 medium
1508 917 1628 965 erat
1652 912 1946 967 secundum
1973 914 2200 972 Hebrai-

617 1002 743 1044 cum
771 990 856 1045 vel
880 992 1176 1048 secundum
1191 992 1807 1069 Septuaginta,scriptor
1834 1005 2196 1072 praetermisit.

622 1077 729 1134 Sed
753 1081 878 1150 quia
929 1081 996 1137 de
1042 1097 1152 1138 uno
1198 1098 1383 1140 eorum
1419 1085 1533 1155 jam
1579 1104 1739 1160 supra
1777 1092 2041 1159 diximus,
2072 1095 2199 1164 quid

619 1168 971 1242 Septuaginta
992 1171 1230 1229 dixerint
1254 1176 1551 1235 videamus.
1572 1178 1902 1251 Splendebit,
1925 1184 2198 1255 inquiunt,

616 1268 674 1314 et
698 1330 701 1337 η
722 1275 830 1316 non
884 1270 1213 1319 conteretur.
1247 1265 1561 1335 Splendebit
1613 1278 1792 1326 autem
1834 1288 2121 1346 resurgens
2168 1291 2198 1331 a

620 1353 852 1409 mortuis
875 1394 889 1419 ,
942 1355 1034 1424 qui
1063 1356 1130 1411 de
1168 1366 1344 1412 morte
1384 1358 1558 1415 victor
1605 1365 1939 1431 ascendens,
1976 1377 2198 1423 cunctos

615 1442 958 1500 illuminavit.
1006 1446 1102 1502 Vel
1162 1448 1461 1519 splendebit
1502 1450 1681 1520 .juxta
1749 1456 1892 1524 quod
1953 1458 2195 1513 nonnulli

615 1534 809 1600 aiunt,
872 1537 1091 1607 quando
1156 1539 1210 1593 in
1266 1539 1404 1596 facie
1482 1540 1598 1611 ejus
1647 1544 1863 1614 quidam
1942 1548 2197 1618 splendor

620 1624 862 1679 emicans
936 1627 1339 1703 repercutiebat
1383 1630 1752 1703 adversantes
1812 1633 1964 1700 sibi,
2012 1636 2086 1690 ita
2137 1644 2196 1691 ut

613 1712 761 1768 ferre
826 1730 933 1770 non
992 1726 1215 1785 possent
1284 1720 1795 1788 aspectumvultus
1850 1721 1999 1792 ejus,
2056 1725 2197 1781 sicut

2302 576 2407 615 non
2449 570 2575 617 sunt
2617 571 2825 619 tantum
2858 566 3023 621 verba
3064 564 3262 628 secuti,
3294 564 3391 620 sed
3417 579 3659 619 sensum.
3694 563 3762 618 Et
3789 565 3876 620 ubi

2302 648 2648 722 Septuaginta
2677 654 2747 709 ab
2768 654 3032 711 Hebraico
3066 655 3407 725 discrepant,
3448 653 3738 711 Hebraeum
3767 670 3880 710 sen-

2300 754 2420 795 sum
2449 742 2559 798 suis
2596 758 2915 813 expressere
2955 747 3315 802 sermonibus.
3367 746 3523 815 Quod
3565 747 3622 801 in
3666 747 3879 802 nomine

2300 833 2499 889 Christi
2523 844 2709 906 gentes
2729 847 2967 907 sperent,
2983 837 3098 907 jam
3123 838 3278 894 testis
3297 848 3381 894 est
3400 838 3692 895 universus
3713 838 3876 904 orbis,

2300 933 2355 979 et
2382 924 2555 995 legem
2582 923 2729 993 ejus,
2763 927 2968 983 scilicet
3011 928 3392 999 Evangelium,
3434 928 3657 995 insulie,
3706 929 3763 983 id
3803 938 3879 984 est

2298 1013 2553 1071 Ecclesiae
2597 1027 2969 1089 susceperunt.
3016 1018 3146 1086 Quae
3187 1018 3318 1076 licet
3361 1019 3590 1074 diversis
3630 1017 3879 1076 ﬂuctibus

2297 1104 2628 1172 quatiantur,
2644 1104 3051 1162 fundamentum
3074 1117 3253 1163 tamen
3275 1106 3549 1162 immobile
3576 1116 3875 1177 permanet,

2299 1194 2422 1263 quia
2452 1193 2671 1252 fundata
2705 1204 2790 1251 est
2816 1212 2978 1267 super
3006 1196 3215 1252 ﬁrmam
3243 1205 3474 1269 petram.

2369 1283 2514 1339 Tunc
2539 1286 2742 1341 oblatus
2780 1297 2854 1341 est
2894 1288 2941 1340 ei
2979 1288 3296 1342 daemonium
3341 1289 3569 1353 habena,
3619 1305 3798 1344 aecus
3836 1302 3877 1342 et

2296 1386 2494 1441 mutus,
2518 1386 2567 1431 et
2595 1379 2791 1433 curavit
2815 1395 2955 1439 eum,
2979 1379 3054 1432 ita
3081 1390 3138 1433 ut
3162 1396 3330 1434 aecus
3368 1388 3417 1433 et
3456 1388 3633 1434 mutus
3651 1378 3880 1451 loquere-

2297 1474 2384 1518 tur
2404 1475 2453 1520 et
2479 1454 2695 1521 videret.
2722 1467 2876 1534 Quod
2911 1467 3045 1523 dicit
3089 1475 3218 1524 tunc
3261 1468 3474 1525 oblatus
3513 1478 3631 1533 est,
3670 1476 3879 1539 tempus

2297 1557 2535 1613 ostendit
2563 1559 2781 1629 quando
2809 1560 2980 1615 secuti
3009 1568 3135 1615 sunt
3178 1575 3301 1615 eum
3340 1560 3529 1626 multi,
3568 1569 3628 1615 et
3669 1561 3879 1615 curavit

2296 1664 2390 1705 eos
2416 1665 2624 1705 omnes.
2660 1651 2867 1728 Deliae
2894 1650 3161 1721 siquidem
3191 1650 3370 1707 Lucas
3391 1659 3600 1718 narrat,
3626 1651 3759 1707 licet
3779 1668 3876 1707 non

2295 1752 2361 1795 eo
2386 1740 2597 1804 ordine,
2645 1741 2738 1796 sed
2766 1755 2965 1796 aecum
3000 1749 3157 1797 tacet.
3194 1741 3253 1796 ln
3295 1757 3402 1812 quo
3443 1742 3703 1796 nimirum
3726 1783 3743 1809 ,
3781 1745 3877 1797 tria

608 1800 808 1857 factum
837 1812 920 1858 est
947 1803 1142 1876 (Joan.
1175 1821 1247 1871 ll,
1274 1807 1372 1877 15)
1400 1809 1615 1877 quando
1637 1808 1931 1866 funiculum
1974 1813 2103 1869 fecit
2128 1815 2193 1870 de

2297 1831 2639 1888 manifestum
2665 1842 2750 1890 est
2773 1835 2923 1906 signa
2947 1836 3107 1891 simul
3130 1835 3271 1890 facta
3297 1834 3485 1900 fuisse,
3509 1849 3689 1889 circus
3708 1833 3874 1893 videt.

609 1894 913 1962 resticulis,
951 1904 1005 1951 et
1039 1912 1070 1951 a
1096 1898 1295 1968 templo
1322 1905 1484 1970 ejeclt
1522 1916 1751 1969 omnes;
1796 1918 2003 1961 necnon
2040 1915 2094 1961 et
2134 1907 2189 1961 in

604 1988 726 2043 aliis
745 1990 1051 2060 quibusque
1080 1989 1232 2046 locis.
1263 1992 1329 2047 Et
1357 1994 1478 2049 ideo
1503 1992 1691 2057 ﬁebat,
1722 2010 1793 2050 ne
1819 2005 2192 2053 contereretur

605 2079 675 2133 ab
702 2079 939 2136 inimicis
962 2120 976 2143 ,
1023 2083 1120 2137 sed
1169 2081 1314 2137 inter
1359 2097 1454 2138 eos
1477 2124 1492 2148 ,
1531 2085 1747 2154 quando
1784 2086 2002 2143 volebat
2027 2129 2043 2154 ,
2095 2104 2191 2158 per

604 2169 840 2224 medium
881 2185 1071 2225 eorum
1126 2171 1263 2228 liber
1313 2173 1445 2228 ibat.
1478 2174 1644 2232 Porro
1679 2176 1822 2245 quod
1862 2177 1919 2233 in
1959 2180 2190 2235 veritate

608 2262 801 2318 educet
831 2261 1129 2332 judicium,
1162 2264 1488 2335 splendebit,
1518 2275 1573 2323 et
1600 2283 1706 2323 non
1739 2278 2049 2325 conteretur
2095 2272 2191 2328 do-

603 2366 705 2407 nec
740 2352 917 2421 ipsum
959 2361 1126 2423 ponat
1166 2354 1221 2408 in
1268 2362 1412 2410 terra
1448 2354 1754 2424 judicium:
1794 2357 1926 2412 nulli
1966 2360 2189 2416 dubium

602 2442 746 2510 quod
780 2457 944 2497 omne
983 2443 1249 2514 judicium
1281 2443 1531 2500 Salvator
1569 2450 1865 2504 secundum
1902 2450 2187 2506 veritatem

596 2531 825 2602 iudicat,
848 2533 935 2589 cui
959 2534 1158 2590 dictum
1179 2544 1292 2590 est:
1314 2533 1479 2603 Deus,
1496 2535 1759 2605 judicium
1784 2547 1931 2593 tuum
1949 2537 2071 2609 Regi
2094 2540 2186 2606 da,

604 2634 654 2678 et
682 2625 947 2695 justitiam
983 2636 1130 2681 tuam
1180 2625 1292 2695 ﬁlio
1338 2625 1491 2699 Regis
1526 2627 1719 2699 (Psal.
1761 2646 1919 2696 Lxxi,
1951 2631 2044 2701 l),
2094 2631 2187 2701 qui

603 2717 795 2772 reddet
823 2718 1115 2788 unicuique
1134 2717 1289 2787 juxta
1312 2732 1475 2788 opera
1506 2720 1834 2775 sua.Tamen
1866 2722 2184 2791 impriesen-

605 2808 803 2862 tiarum
849 2824 1189 2878 nequaquam
1239 2811 1506 2866 reveritus
1544 2820 1628 2867 est
1662 2811 1883 2867 Scribas
1911 2823 1967 2867 et
1998 2813 2185 2868 Phari-

600 2913 741 2954 saeos
759 2938 776 2964 ,
811 2915 948 2969 quos
978 2900 1312 2955 conﬁdenter
1330 2902 1549 2971 publice
1587 2903 1947 2974 redarguebat
1968 2944 1984 2970 ,
2013 2914 2070 2959 et
2100 2920 2185 2961 re-

595 2987 889 3054 vincebat,
915 2989 1320 3060 hypocritarum
1366 2990 1588 3045 nomine
1612 3000 1808 3047 notans
1847 3007 1958 3047 eos.
1995 2992 2185 3063 Splen-

596 3077 747 3134 debit
782 3086 964 3133 autem
993 3078 1050 3133 in
1094 3078 1335 3134 Ecclesia
1391 3095 1487 3134 sua
1530 3089 1585 3135 et
1638 3081 1693 3136 in
1745 3082 2004 3138 membris
2048 3084 2177 3148 suis,

594 3174 649 3222 et
701 3182 809 3222 non
858 3175 1173 3223 conteretur
1218 3167 1344 3223 licet
1389 3169 1798 3238 persecutiones
1836 3185 1996 3240 passa
2021 3212 2035 3237 ,
2080 3172 2179 3228 ob-

593 3266 802 3322 scurari
837 3264 1001 3339 55,9
1025 3281 1189 3336 quam
1225 3279 1365 3337 saepe
1393 3266 1669 3334 videatur,
1711 3284 1883 3339 usque
1920 3269 1973 3324 in
2014 3269 2175 3325 ﬁnem

2293 1933 2480 1980 mutus
2507 1925 2760 1995 loquitur,
2790 1942 3072 1997 possessus
3095 1942 3126 1981 a
3147 1927 3392 1982 daemone
3415 1925 3701 1981 liberatur.
3728 1924 3876 1993 Quod

2291 2014 2336 2068 si
2371 2014 2546 2070 Lucas
2567 2030 2635 2070 ex
2664 2016 2749 2071 bis
2775 2016 2977 2086 aliquid
3001 2024 3158 2079 tacet,
3190 2032 3297 2071 non
3326 2015 3447 2071 ideo
3473 2015 3541 2070 de
3564 2014 3677 2069 alio
3700 2014 3877 2069 dicere

2290 2104 2560 2174 putandus
2594 2114 2697 2171 est,
2725 2104 2887 2176 550
2910 2122 3072 2176 quam
3100 2107 3168 2162 de
3190 2122 3288 2173 eo;
3314 2121 3413 2178 per
3439 2122 3600 2177 quem
3626 2121 3764 2161 sane
3790 2107 3878 2160 bo-

2290 2191 2513 2256 minem,
2542 2207 2606 2248 ac
2629 2193 2763 2249 siin
2789 2194 2991 2264 specie,
3023 2195 3334 2251 universum
3371 2211 3541 2268 genus
3575 2196 3878 2250 humanum

2291 2283 2619 2355 designatur.
2669 2285 2798 2353 Quae
2837 2288 3091 2343 nimirum
3136 2290 3593 2359 opportunissima
3633 2291 3879 2346 occurrit

2290 2375 2529 2441 curatio,
2577 2376 2669 2446 qui
2721 2392 2844 2433 cum
2884 2386 3008 2448 post
3049 2393 3240 2435 omnes
3284 2381 3468 2437 turbas
3499 2381 3552 2435 in
3586 2396 3878 2437 commune

2289 2465 2527 2521 Charitas
2552 2483 2694 2524 nunc
2725 2469 3063 2525 extrinsecus
3087 2470 3411 2526 daemonium
3454 2472 3667 2527 habens
3700 2488 3878 2527 caicus

2290 2562 2346 2611 et
2365 2563 2546 2612 mutus
2572 2554 2818 2612 oﬂ‘ertur.
2845 2556 2917 2612 Ut
2954 2557 3072 2613 sine
3107 2559 3457 2629 ambiguitate
3482 2559 3663 2630 aliqua
3685 2562 3843 2623 idem
3862 2602 3875 2626 ,

2289 2644 2657 2718 intelligentiae
2699 2647 2833 2702 ordo
2875 2648 3101 2718 mystice
3140 2657 3385 2705 servatus
3422 2650 3694 2705 videatur.
3738 2651 3876 2706 Nam

2287 2738 2464 2807 spicas
2491 2738 2712 2804 vellere,
2748 2738 2800 2793 id
2821 2748 2908 2795 est
2940 2740 3186 2796 homines
3215 2758 3245 2796 a
3277 2742 3475 2798 sarculo
3501 2759 3873 2815 praecerpere,

2286 2828 2556 2898 apostolos
2574 2828 2831 2885 Pharisaei
2856 2832 3172 2900 arguebant.
3198 2833 3304 2889 Pro
3338 2850 3447 2904 quo
3484 2834 3629 2891 facto
3660 2837 3875 2891 miseri-

2286 2924 2469 2979 cordia
2496 2939 2659 2994 super
2704 2926 3029 2982 sacriﬁcium
3054 2928 3394 2998 pra-dicatur.
3443 2929 3648 2985 Deinde
3679 2947 3878 2986 manus

2286 3018 2449 3073 arida:
2475 3019 2660 3084 homo,
2689 3020 2745 3074 in
2773 3035 3041 3091 synagoga
3069 3020 3302 3087 oblatus,
3331 3030 3575 3078 curatur.
3611 3022 3750 3089 Qua:
3772 3025 3874 3079 vir-

2288 3118 2426 3165 tutes
2454 3111 2522 3165 ad
2561 3112 2981 3166 convertendum
3008 3110 3171 3167 lsrael
3199 3128 3307 3168 non
3342 3113 3515 3168 solum
3541 3112 3681 3167 nihil
3712 3114 3872 3183 proﬁ-

2207 3174 2252 3238 Ο
2284 3199 2452 3265 ciunt,
2490 3215 2676 3256 verum
2704 3201 2868 3255 etiam
2899 3200 3158 3257 Pharisaei
3202 3201 3487 3256 consilium
3526 3202 3726 3256 mortis
3750 3202 3874 3270 ejus

2283 3291 2489 3346 ineunt.
2520 3291 2676 3347 Unde
2702 3291 2987 3363 oportebat
3026 3298 3087 3346 ut
3119 3300 3244 3362 post
3268 3292 3383 3347 haec
3408 3292 3463 3347 in
3497 3292 3664 3347 unius
3693 3290 3873 3348 forma

592 3357 796 3423 saeculi,
821 3357 993 3413 donec
1016 3357 1277 3428 perducat
1298 3358 1560 3427 judicium
1587 3374 1746 3414 suum
1774 3360 1842 3414 ad
1873 3361 2174 3427 victoriam,

2280 3381 2512 3437 hominis
2556 3383 2798 3438 omnium
2842 3385 2988 3441 salus
3015 3386 3254 3454 gentium
3283 3386 3642 3457 ﬁguraretur,
3684 3397 3747 3441 ut
3774 3403 3874 3458 po-

594 3451 670 3506 ita
699 3458 758 3505 ut
784 3450 933 3507 dicat
965 3450 1127 3506 morti
1148 3448 1263 3519 jam
1288 3450 1459 3506 victor
1485 3468 1497 3503 :
1524 3448 1626 3505 Ubi
1650 3459 1747 3517 est,
1775 3467 1936 3516 mors,
1961 3451 2176 3505 aculeus

2276 3469 2455 3540 pulus,
2481 3472 2572 3540 qui
2593 3481 2711 3527 erat
2738 3474 2999 3529 habitatio
3023 3476 3279 3531 daemonis
3298 3516 3313 3542 ,
3349 3492 3524 3532 caecus
3558 3484 3617 3532 et
3643 3487 3838 3533 mutus
3856 3520 3869 3541 _.

592 3554 740 3612 tuus,
759 3546 851 3600 ubi
871 3555 969 3612 est,
993 3562 1155 3612 mors,
1180 3544 1396 3599 uictoria
1410 3553 1502 3599 tua
1519 3544 1544 3598 1’
1564 3542 1617 3615 (Ι
1628 3540 1751 3599 Cor.
1775 3560 1865 3608 xv,
1883 3542 1994 3613 59).
2011 3541 2175 3633 Cujus

2294 3560 2372 3616 )ei
2400 3575 2571 3631 capax
2597 3563 2773 3630 ﬁeret,
2793 3572 2850 3619 et
2876 3563 3046 3619 Deum
3076 3566 3130 3620 in
3158 3540 3374 3622 Christo
3393 3568 3636 3633 videret;
3662 3540 3873 3625 Christi

592 3635 849 3709 ιιίπιῖωηι
865 3635 1067 3708 indic“
1086 3635 1371 3691 VeriSSima
1389 3644 1515 3690 sum
1540 3634 1597 3690 ίῐι
1614 3632 2171 3726 οωηίδυεὶυξῑίίξοθῑῖί
2274 3666 2437 3725 Opera
2464 3654 2520 3709 in
2551 3654 2886 3711 confessione
2918 3656 3080 3713 totius
3106 3656 3389 3714 Trinitatis
3433 3632 3706 3715 laudaret.
3741 3658 3873 3726 Quo

586 3728 643 3782 in
674 3727 1000 3797 εθηιθῑῖρεῖεο
1033 3725 1188 3822 υῐξξῖθ
1215 3725 1340 3822 alibi
1383 3724 1550 3781 Βενίά
1572 3725 1652 3822 .θά
1681 3724 1856 3795 ipsum
1883 3737 1898 3777 ³
1926 3721 2176 3822 {ium}
2274 3721 2419 3800 facto
2440 3753 2759 3817 stupuerunt
2779 3747 2970 3811 turbae,
2993 3748 3086 3802 sed
3111 3748 3504 3805 Pharisaeorum
3528 3721 3876 3822 ingravescit

585 3817 758 3886 ﬁcari:
787 3817 843 3871 in
886 3816 1233 3906 scrutamur
1257 3816 1400 3879 tuis.
1445 3824 1494 3868 et
1535 3814 1711 3906 vincas
1752 3831 1884 3906 om
1909 3812 2172 3906 ἱιιάίειζνίε
2273 3834 2490 3891 invidia.
2525 3812 2666 3906 Ergo
2692 3836 2817 3905 quia
2844 3836 3524 3895 humanaminﬁrmitatem
3559 3812 3675 3896 hic
3707 3850 3872 3896 tanta

583 3902 757 4000 (ξ’δίξί·
786 3920 838 3968 ιον
873 3904 949 3973 ⁶)ι
981 3902 1136 4000 unde
1163 3903 1549 4000 “fienfef_38?‘
1582 3901 1827 4000 (Ιιξίδηιξξῗ
1854 3901 2042 4000 (ξαξιθν
2073 3901 2172 3955 Ec‘
2271 3927 2386 3996 ejus
2406 3944 2571 3998 opera
2593 3901 2855 3984 excedere
2884 3929 3170 3996 videbant,
3201 3930 3459 4000 pudorem
3497 3932 3876 3990 confessionis

581 3993 794 4060 Clesia”
842 3994 1101 4091 quoniam
1140 3993 1446 4091 εριθηάθδίξ
1476 3991 2038 4091 ἀοοιτίῐιεξριπὲειίρι
2063 4006 2169 4046 "0“
2270 3991 2382 4071 sure
2409 3991 2601 4085 majori
2631 4016 2870 4086 perﬁdiae
2913 4017 3117 4073 scelere
3154 3991 3442 4073 declinant.
3480 4019 3551 4075 Ut
3586 4021 3712 4091 quia
3740 4022 3874 4078 haec

583 4083 1108 4178 comerellll'._eliam
1143 4084 1213 4178 fill
1248 4097 1314 4139 θο
1480 4097 1541 4137 5°
1571 4081 1794 4178 Fxfomi
1823 4089 1877 4136 οι
1913 4081 2171 4178 ’θάξθῗδεν
2269 4119 2389 4160 esse
2415 4081 2580 4175 Opera
2621 4081 2857 4160 hominis
2883 4105 3195 4161 existimare
3219 4121 3329 4162 non
3363 4081 3648 4178 poterant,
3685 4112 3874 4165 conﬁ-

580 4182 672 4227 πυτ
698 4182 887 4230 (εοηῑτθ
912 4174 1102 4238 Deum:
1127 4173 1298 4272 ἀοηίξο
1318 4172 1499 4241 diem
1519 4173 1587 4272 ‘fd
1607 4172 1888 4229 νίθιθτίίηη
1908 4170 2167 4272 inﬁciunt
2270 4198 2371 4252 teri
2401 4170 2469 4252 ea
2490 4197 2583 4253 Dei
2619 4197 2850 4262 nollent,
2893 4214 3106 4255 omnem
3150 4202 3268 4272 ejus
3312 4170 3451 4258 hanc
3493 4170 3755 4261 virtutem
3812 4208 3868 4262 in

580 4280 740 4321 suum
767 4265 1039 4331 Christus,
1068 4272 1129 4320 ut
1154 4264 1364 4320 sublata
1392 4264 1582 4320 mortis
1609 4272 1877 4335 potestate
1906 4264 2164 4334 judicium
2265 4285 2567 4342 Beelzebub
2591 4288 2852 4357 principis
2883 4264 3268 4346 ἀωωοηίοτξηη
3280 4306 3401 4348 esse
3424 4293 3792 4363 conﬁrmant,
3812 4308 3873 4353 et

582 4354 852 4411 claritatis
875 4370 988 4410 suae
1015 4356 1226 4411 cunctis
1255 4359 1536 4456 ostendat,
1571 4366 1627 4412 et
1656 4356 1712 4411 in
1750 4356 1999 4412 omnibus
2023 4371 2082 4456 se
2110 4357 2162 4411 in
2267 4378 2321 4431 in
2345 4354 2607 4434 daemonis;
2631 4354 2900 4449 magna,
2912 4380 3053 4437 hanc
3076 4382 3275 4438 περαίη,
3300 4382 3468 4440 fuisse
3487 4354 3865 4456 prodama'm.

575 4445 807 4501 veritate
832 4445 1030 4501 vicisse
1055 4446 1407 4503 demonstret.
1447 4446 1573 4502 Hice
1613 4448 1811 4518 quippe
1838 4449 1990 4517 quasi
2021 4448 2160 4502 intra
2190 4526 2218 4551 τ

2338 4468 2527 4523 Turbae
2554 4445 2672 4524 vero
2696 4472 2969 4541 stupebant
2998 4488 3174 4529 omnes
3204 4483 3253 4528 et
3280 4445 3518 4531 dicebant
3541 4490 3562 4528 :
3592 4476 3868 4551 Nunquid

577 4535 712 4590 certi
747 4535 1005 4605 temporis
1034 4543 1236 4591 statuta
1254 4536 1575 4605 praescribit,
1604 4536 1776 4592 donec
1801 4536 1895 4591 ﬁat
1914 4537 2162 4592 voluntas
2190 4526 2218 4588 I

2294 4560 2347 4613 .ic
2373 4568 2449 4613 est
2472 4558 2616 4628 ﬁlius
2644 4526 2812 4614 David
2828 4562 2853 4616 γ
2870 4526 3060 4617 Infelix
3080 4526 3308 4619 ήέιὶιέιὲιέέ
3328 4526 3873 4624 beatissimi;

574 4623 1220 4730 elusoficﬂinfmlofi
1257 4626 1312 4680 in
1348 4634 1516 4730 terra,
1542 4633 1603 4730 ξι
1628 4634 1869 4730 “Pi?”
2264 4650 2421 4706 citas.
2450 4623 2643 4705 Turbae
2664 4651 2929 4708 mirantur
2956 4662 3011 4710 et
3032 4656 3424 4727 obstupescunt
3447 4658 3650 4730 signis,
3682 4669 3741 4716 et
3774 4623 3871 4717 re-

571 4715 689 4820 ξθὶυε
716 4715 769 4770 in
797 4716 1100 4822 νίθξοΐίθιη·
1149 4716 1230 4771 EX
1274 4731 1382 4822 (luo
1417 4716 1612 4822 Aquila
1655 4722 1710 4771 θι
1751 4716 2050 4822 Τιιθοάοίξο
2080 4716 2154 4822 ξω
2263 4739 2486 4808 quirunt
2514 4754 2578 4794 ac
2606 4741 2932 4798 conﬁtentur
2968 4742 3138 4799 ﬁlium
3166 4715 3365 4813 Ilavid,
3396 4715 3556 4818 quem
3596 4715 3666 4805 ex
3710 4715 3867 4822 prie-

571 4808 908 4908 interpretati
935 4817 1099 4864 sunt:
1127 4808 1594 4909 nonnobscura‘bit,
1617 4817 1797 4863 etnon
1826 4807 2156 4909 curret,“do-
2261 4831 2415 4903 sagio
2435 4833 2823 4903 prophetarum
2853 4846 3116 4892 noveram
3155 4807 3540 4908 repmﬁis‘sum
3564 4861 3580 4909 ;
3621 4844 3681 4898 hi
3710 4807 3826 4899 ’γει
3840 4862 3875 4899 ο

570 4910 671 4951 nec
696 4904 862 4966 ponat
892 4896 945 4950 in
977 4904 1124 4951 terra
1147 4897 1429 4967 judicium.
1463 4895 1532 4951 Et
1569 4905 1655 4952 est
1682 4912 1904 4962 sensus,
1948 4895 2153 4951 nullum

2294 4895 2658 4977 alumniantur
2698 4932 2753 4979 et
2790 4925 2857 4980 ad
2900 4895 3585 4997 blasphemiam

569 4983 749 5039 vultus
774 4984 995 5040 tristitia
1039 4985 1363 5050 deterrebit,
1405 5000 1505 5041 nec
1536 4985 1812 5041 festinabit
1842 4987 1911 5040 ad
1936 4999 2152 5055 poenam
2214 5004 2221 5009 θ
2262 5017 2400 5065 tum.
3019 4983 3037 4997 ’
3184 4983 3190 4984 ί
3239 5002 3243 5007 ⁷

569 5073 881 5180 ίωρίοτιξιξι,
906 5091 1094 5180 Yfﬁ"?
1125 5075 1191 5131 ad
1205 5074 1471 5180 Ῐξιάίοίυξξὶ
1494 5074 1669 5176 ’ξῙιίῖηί
1693 5074 1951 5178 ιίῗηηδοῖίδ
1972 5075 2152 5129 omnia
2324 5101 2479 5157 Iesus
2503 5116 2678 5159 autem
2703 5107 2870 5162 sciens
2891 5109 3231 5178 cogitationes
3256 5128 3457 5180 eorum,
3480 5113 3615 5169 dixit
3632 5128 3657 5166 :
3679 5114 3875 5172 Omne

568 5165 887 5277 Νεοτῖαδξῑο
909 5166 1373 5277 ρυὲἀιδθίῐυίῑὶπιε
1404 5163 1479 5277 ξε
1509 5165 1565 5277 5’:
1595 5165 1802 5277 ’ξοηξίηθ
1831 5164 1946 5277 3:1.”
1961 5174 2153 5277 fimi?
2255 5205 2468 5260 regnum
2500 5193 2721 5247 divisum
2761 5163 3047 5253 contravse
3091 5163 3457 5256 desolabitur:
3480 5202 3564 5259 Ad
3602 5208 3875 5277 cogitata

559 5256 878 5325 sperabunt,
909 5257 965 5311 in
994 5254 1222 5311 Hebraeo
1262 5256 1458 5319 habet,
1506 5263 1562 5310 et
1609 5255 1779 5325 legem
1814 5254 1929 5323 ejus
1960 5254 2149 5310 insula:

2294 5254 2464 5334 [iidem
2489 5283 2860 5353 respondit,ut
2878 5287 2963 5342 vel
2986 5288 3065 5344 sic
3084 5301 3405 5360 cogerentur
3423 5294 3648 5351 credere
3672 5254 3876 5355 Betim

560 5345 875 5451 δβθξθδιξηιο
927 5344 1038 5401 sed
1089 5343 1426 5451 Evanﬁfilis'a
1480 5358 1700 5451 δξηευπι
1752 5344 1935 5451 Ρθιίιξδ
1959 5358 2145 5451 ,ηαδ-Ψ
2248 5343 2401 5437 esse,
2430 5373 2520 5442 qui
2555 5343 2700 5429 solus
2725 5343 2876 5432 novit
2903 5343 3260 5449 cogitationes
3286 5383 3565 5439 hominum
3588 5426 3602 5451 ,
3643 5395 3706 5440 et
3727 5343 3876 5446 *ἐξ

562 5438 727 5492 verba
773 5438 1162 5538 interpretatus
1199 5441 1324 5538 ςδις
1373 5451 1479 5538 PN}.
1515 5436 1631 5538 Ιθεεῖ
1676 5436 1823 5538 etum
1861 5436 2147 5538 e‘_i"5“_“3
2247 5436 2393 5515 culta
2424 5436 2665 5518 cordium
2695 5480 2795 5520 sua
2822 5436 3873 5538 inspicitvirtute.Ueindevmiro‘coi;

560 5541 756 5581 nomen
781 5527 982 5635 Ροειιξι,
1011 5535 1065 5581 εί
1092 5533 1320 5635 galle-“ei
1349 5535 1409 5581 ιιι
1428 5526 1671 5635 ἀίςθτθιξ
1703 5526 1772 5581 Ῑη
1799 5528 2005 5635 "om?"
2032 5529 2144 5616 ei“?
2247 5557 2328 5603 tra
2359 5553 2655 5635 eostutitur
2675 5526 3012 5626 argumento,
3042 5562 3184 5631 quod
3209 5575 3372 5617 omne

557 5625 732 5685 gentes
760 5618 1059 5729 spfrabunt-
1091 5617 1159 5729 Eli
1179 5617 1282 5673 hoc
1306 5633 1416 5721 "(fit
1437 5617 1610 5672 solum
1633 5612 2137 5729 ίῐηρΐεθεθηῑίθξίυξυὲ
2243 5655 2302 5696 se
2326 5630 2556 5699 divisum
2581 5612 2932 5705 desolabitur.
2966 5612 3261 5709 initia—aui
3282 5669 3414 5727 ergo
3441 5612 3873 5729 intelligentia;

556 5719 747 5760 verum
776 5708 1080 5777 ubicunque
1112 5709 1176 5761 de
1206 5708 1374 5762 veteri
1404 5709 1765 5763 instrumento
1795 5708 2137 5777 evangelista:
2242 5730 2308 5785 de
2336 5744 2415 5796 se,
2440 5740 2497 5786 et
2519 5734 2887 5803 exemplorum
2913 5741 3114 5808 praebet
3144 5708 3377 5811 copiam:
3400 5744 3482 5800 vel
3512 5708 3876 5817 simplici
