4004 6362
167 400 254 453 465
930 401 1014 455 EX
1024 401 1291 459 POSITIO
1329 403 1394 458 IN
1431 404 1717 461 ΜΑΤἹἮΑ

1821 404 1866 461 ί.
1911 436 1978 446 -
2016 407 2142 462 LIB.
2188 409 2273 473 VI,
2315 409 2465 465 CAP.
2508 409 2617 464 XII.

3305 412 3407 464 466

167 522 201 572 si
229 519 559 586 inteiligatur,
591 518 673 569 vel
701 519 743 570 si
776 517 936 572 altius
969 519 1396 588 introspiciatur.
1431 518 1525 574 Est
1554 520 1716 590 igitur
1742 521 1795 580 Α
1821 535 2045 589 regnum
2065 519 2504 586 diaboli,malitia
2533 520 2762 576 nocendi
2785 531 2887 585 est,
2917 535 3014 590 per
3033 536 3195 590 quam
3221 530 3410 591 regnat

167 607 554 676 locupletissima
595 617 806 663 contra’
824 623 918 664 eos
954 610 1253 679 responsio,
1298 611 1390 680 qui
1413 611 1529 681 ejus
1557 625 1720 680 opera

169 701 209 752 in
247 697 536 753 Beelzebub
569 700 784 754 nomine
825 699 964 755 facta
1012 701 1514 768 calumniabantur;
1555 703 1627 756 ita
1662 712 1722 756 ut

168 790 345 844 duobus
373 788 550 844 modis
580 788 803 860 intelligi
828 791 1018 859 possit.
1048 790 1289 846 Primum
1321 800 1380 844 ut
1409 793 1718 861 responsio-

168 882 232 936 nis
254 882 408 951 ipsius
437 881 678 936 conditio
705 884 772 937 ad
797 881 952 953 551
983 883 1197 939 eosdem
1229 893 1609 954 retorqueatur
1637 901 1722 941 re-

131 984 136 988 ‘
167 989 298 1044 gnum
331 988 544 1038 eorum,
569 973 773 1028 scilicet
801 973 1128 1041 Iudaeorum,
1167 976 1295 1030 dum
1325 977 1465 1032 male
1488 977 1719 1033 divisum

167 1076 254 1130 est,
293 1076 436 1120 stare
480 1081 589 1120 non
632 1081 809 1135 posse.
845 1067 958 1122 Lex
988 1069 1134 1122 enim
1161 1085 1190 1123 a
1221 1069 1332 1125 Deo
1376 1069 1499 1124 data
1522 1081 1636 1137 est,
1666 1081 1721 1126 et

168 1158 285 1225 regni
331 1157 498 1211 Israel
544 1156 862 1226 pollicitatio
909 1158 993 1212 vel
1043 1159 1306 1216 stabilitas
1339 1176 1407 1215 ex
1449 1161 1568 1231 lege
1611 1171 1713 1216 est.

167 1245 329 1299 Christi
351 1261 484 1301 vero
509 1257 662 1301 ortus
685 1247 769 1302 vel
798 1251 1089 1315 adventus,
1135 1250 1268 1321 legis
1308 1250 1584 1320 plenitudo
1611 1261 1712 1306 est.

167 1338 289 1405 Quod
315 1340 357 1392 si
390 1354 620 1409 regnum
649 1348 837 1394 contra
861 1356 937 1403 se,
970 1350 1030 1396 ut
1059 1342 1127 1396 ab
1157 1343 1235 1397 eis
1267 1342 1466 1397 factum
1495 1352 1608 1409 est,
1636 1343 1718 1398 di-

166 1427 365 1493 vidatur,
393 1444 617 1485 necesse
645 1439 730 1485 est
757 1440 815 1484 ut
840 1432 1133 1499 dcsoletur,
1156 1433 1298 1503 quod
1319 1442 1373 1488 et
1394 1432 1594 1490 factum
1615 1442 1715 1488 est.

166 1515 278 1571 Nam
297 1528 527 1589 potestas
549 1521 727 1575 omnis
750 1522 1012 1579 divisione
1041 1524 1329 1589 minuitur;
1362 1533 1418 1579 et
1440 1525 1588 1595 regni
1611 1523 1720 1578 vir-

169 1619 244 1665 tus
268 1612 535 1666 adversum
559 1628 618 1667 se
655 1622 924 1683 separata,
959 1615 1222 1671 dimicans
1256 1617 1608 1672 consumitur.
1641 1618 1721 1675 Ac

166 1717 253 1770 per
286 1704 403 1767 hoc,
450 1721 673 1775 regnum
711 1705 875 1760 Israel
921 1707 1100 1762 amisit
1137 1724 1202 1762 ex
1235 1709 1381 1778 lege,
1409 1710 1622 1779 quando
1652 1710 1720 1765 ad

162 1794 498 1863 impletionem
536 1796 672 1866 legis
704 1799 1006 1868 principum
1034 1808 1089 1855 et
1121 1800 1517 1856 Pharisaeorum
1547 1801 1719 1857 fastus

1823 611 1877 665 in
1908 611 2110 666 eisdem
2144 611 2341 680 quibus
2383 619 2578 677 nocet;
2620 610 2924 682 benignitas
2958 625 3086 664 vero
3112 619 3167 664 et
3196 609 3409 680 largitio

1823 700 2070 755 sanitatis
2092 701 2205 770 jam
2233 715 2340 755 non
2371 701 2436 756 de
2474 699 2591 769 ejus
2611 709 2696 755 est
2720 715 2886 771 regno
2905 741 2920 766 ,
2946 700 3038 756 sed
3069 701 3136 756 de
3176 698 3411 771 Spiritus

1823 793 1996 847 sancti
2036 793 2244 864 gratia,
2291 793 2714 862 mediatorisque
2745 793 2842 848 Dei
2880 803 2936 849 et
2964 793 3242 849 hominum
3276 808 3409 864 ope-

1823 885 1983 938 ratio.

1896 973 2048 1039 Quod
2076 976 2123 1028 si
2145 991 2238 1046 ego
2263 975 2318 1030 in
2339 974 2625 1030 Beelzebub
2649 977 2802 1046 ejicio
2829 976 3109 1042 daemones,
3132 976 3233 1046 ﬁlii
3256 979 3412 1032 vestri

1821 1067 1876 1121 in
1904 1084 2006 1137 quo
2042 1067 2256 1136 ejiciunt
2279 1069 2304 1121 ?
2336 1068 2526 1123 Adhuc
2572 1084 2665 1124 eos
2708 1069 3102 1124 exorcistarum
3143 1071 3414 1125 convincit

1822 1157 2068 1227 exemplo
2098 1159 2274 1229 gentis
2302 1159 2443 1214 illius
2463 1201 2477 1224 ,
2506 1161 2596 1230 qui
2625 1175 2721 1230 per
2751 1161 3144 1217 invocationem
3177 1163 3415 1218 nominis

1823 1250 1942 1316 Dei,
1968 1251 2220 1305 dicuntur
2249 1253 2512 1308 daemonia
2541 1253 2764 1322 ejecisse
2788 1265 2840 1310 et
2867 1271 3088 1311 curasse
3114 1255 3229 1311 suis
3258 1257 3411 1311 invo-

1821 1341 2123 1396 cationibus
2152 1343 2292 1398 male
2311 1344 2562 1400 obsessos
2582 1347 2648 1400 ab
2670 1347 2948 1416 spiritibus
2972 1348 3282 1403 immundis.
3311 1349 3411 1402 Vel

1823 1435 1888 1490 de
1913 1436 2167 1506 apostolis
2198 1438 2599 1508 intelligendum
2632 1441 2802 1511 magis
2832 1456 3061 1506 censeo,
3092 1441 3288 1510 quibus
3318 1456 3414 1511 po—

1823 1536 1990 1582 testas
2017 1529 2139 1584 data
2159 1539 2241 1583 est
2257 1529 2530 1600 judicandi
2557 1533 2836 1589 duodecim
2862 1534 3035 1588 tribus
3056 1533 3239 1588 Israel.
3264 1533 3412 1599 Ideo,

1824 1617 2020 1686 inquit,
2051 1619 2149 1687 ipsi
2163 1619 2369 1688 judices
2395 1624 2546 1676 vestri
2569 1634 2738 1676 erunt.
2771 1622 2876 1678 Sed
2911 1632 2967 1677 et
2994 1623 3095 1693 ipsi
3124 1623 3410 1679 exorcistaa

1821 1704 2128 1762 Judzcorum
2156 1725 2260 1763 non
2285 1718 2444 1764 tantae
2469 1713 2751 1782 potestatis
2768 1713 2979 1782 judices
2996 1730 3117 1769 esse
3138 1722 3410 1783 poterunt,

1825 1800 2225 1870 comparatione
2253 1810 2432 1856 tamen
2461 1812 2515 1856 et
2537 1803 2642 1858 ﬁde
2671 1820 2775 1872 qua
2806 1805 3074 1860 invocatio
3106 1805 3288 1870 ﬁebat,
3327 1821 3412 1860 re-

161 1902 204 1944 et
238 1892 478 1962 Superbia
500 1935 515 1958 ,
543 1893 807 1950 invidiose
832 1896 995 1961 satis,
1025 1895 1344 1968 repugnavit
1387 1897 1441 1951 in
1483 1895 1720 1952 Christo.
1749 1887 1798 1947 B
1826 1900 1910 1943 cte
1931 1888 2138 1958 judices
2159 1888 2415 1945 dicuntur
2441 1891 2628 1946 futuri.
2660 1893 2794 1960 Quia
2823 1895 2966 1963 quod
2997 1895 3050 1950 in
3093 1896 3210 1950 istis
3247 1895 3413 1949 ﬁebat

161 1984 284 2051 Quod
321 1997 679 2044 consecutum
717 2000 798 2044 est
841 2005 940 2060 per
975 1991 1117 2046 hanc
1154 1990 1504 2058 divisionem,
1551 1989 1626 2046 ita
1663 2000 1724 2046 ut

162 2076 349 2144 populus
369 2087 429 2133 et
451 2079 648 2134 civitas
668 2095 732 2135 ac
756 2097 979 2152 regnum
1005 2083 1213 2136 veniret
1241 2083 1295 2137 in
1317 2082 1717 2138 exterminium.

161 2165 244 2220 Sed
268 2179 315 2222 et
340 2186 581 2241 regnum
609 2171 806 2228 diaboli
848 2183 993 2228 stare
1030 2189 1136 2229 non
1176 2190 1353 2244 posse,
1391 2175 1548 2230 dictis
1576 2175 1716 2237 suis,

161 2256 258 2311 licet
286 2274 384 2314 non
418 2260 790 2332 intelligentes
810 2263 938 2332 quid
959 2263 1218 2327 dixerint,
1234 2271 1420 2318 contra
1443 2279 1503 2320 se
1523 2265 1722 2321 dixisse

157 2349 446 2416 approbant.
483 2350 561 2404 Eo
611 2351 774 2421 igitur
820 2353 936 2421 ipso
973 2367 1080 2423 quo
1113 2353 1278 2408 locuti
1326 2362 1451 2408 sunt
1489 2369 1715 2422 genere,

157 2452 230 2490 eos
263 2440 595 2494 condemnat
621 2442 770 2510 ipse,
801 2442 926 2496 dum
954 2443 1190 2498 ostendit
1207 2444 1362 2513 juxta
1401 2458 1589 2498 eorum
1631 2460 1720 2500 ca-

157 2525 419 2595 lumniam,
467 2530 593 2586 illos
637 2531 911 2587 confessos
948 2531 1114 2588 fuisse
1160 2549 1386 2604 regnum
1421 2532 1721 2589 Beelzebub

156 2630 311 2672 contra
337 2636 396 2676 se
419 2636 552 2676 esse
582 2622 833 2689 divisum,
867 2623 969 2679 etsi
995 2625 1063 2678 ad
1086 2624 1405 2679 divisionem
1445 2639 1596 2680 suam
1631 2640 1722 2680 co—

155 2717 280 2762 actus
295 2720 397 2775 est,
433 2711 517 2765 ita
539 2720 602 2766 ut
623 2699 1002 2783 spurcissimus
1025 2714 1234 2770 dazmon
1256 2715 1489 2784 reliquos
1508 2725 1720 2784 pertur-

155 2799 612 2868 baretdazmones,
651 2806 908 2860 adversus
946 2821 1004 2860 se
1044 2805 1234 2862 divisio
1279 2806 1391 2875 ipsa
1432 2806 1624 2870 ﬁebat,
1668 2817 1721 2863 et

155 2889 251 2943 ideo
286 2907 516 2962 regnum
560 2894 676 2964 ejus
716 2895 1002 2952 manifesto
1034 2905 1181 2952 stare
1222 2911 1328 2952 non
1357 2913 1533 2967 posse.
1583 2898 1719 2954 IIinc

154 2997 334 3054 quoque
360 2985 654 3040 fatendum
696 2987 816 3057 plus
845 3003 963 3043 esse
999 2989 1054 3044 in
1088 3003 1154 3044 eo
1182 2989 1466 3058 potestatis
1504 2991 1594 3059 qui
1639 2990 1718 3044 di-

155 3075 326 3143 riserit,
350 3096 525 3149 quam
564 3081 619 3134 in
661 3081 746 3135 his
775 3083 869 3152 qui
893 3082 1049 3137 divisi
1076 3092 1202 3137 sunt
1237 3092 1292 3138 et
1320 3083 1548 3153 expulsi.
1577 3083 1718 3153 Ergo

154 3164 242 3231 jam
265 3170 461 3226 divisus
488 3180 596 3234 est,
619 3178 672 3226 et
697 3171 981 3226 adversum
1010 3187 1068 3227 se
1089 3181 1329 3238 coactus,
1356 3188 1579 3242 regnum
1601 3171 1719 3240 ejus

153 3257 244 3327 jam
266 3263 356 3317 sub
387 3263 491 3317 tali
518 3263 785 3318 divisione
807 3263 1128 3320 dissolutum
1152 3274 1254 3332 est,
1281 3274 1337 3321 et
1359 3266 1710 3321 destructum.

153 3348 298 3407 Porro
323 3356 467 3422 quod
501 3355 580 3410 ait
614 3374 626 3409 :

213 3437 384 3496 Omnis
421 3445 603 3498 ciuitas
630 3453 678 3497 et
703 3445 888 3499 domus
911 3455 1093 3501 contra
1114 3464 1170 3501 se
1199 3447 1364 3502 divisa
1401 3465 1503 3502 non
1535 3450 1710 3501 stabit.

153 3531 345 3586 Eadem
369 3536 508 3589 ratio
533 3537 613 3591 vel
647 3537 945 3593 similitudo
976 3547 1092 3604 est,
1133 3554 1254 3608 qua:
1296 3548 1352 3595 et
1391 3541 1560 3610 regni.
1610 3539 1716 3594 Sed

152 3621 336 3677 civitas
363 3626 451 3681 hic
475 3636 640 3696 potest
664 3630 1002 3686 Hierusalem
1025 3631 1269 3703 intelligi,
1299 3632 1354 3686 in
1377 3647 1483 3701 qua
1508 3632 1603 3687 Dei
1626 3645 1715 3686 ve-

149 3714 431 3771 nerabatur
474 3719 680 3789 religio,
710 3722 940 3791 gloriosa
979 3722 1128 3778 olim.
1179 3722 1284 3777 Sed
1328 3732 1612 3792 postquam
1660 3723 1714 3776 in

151 3802 356 3863 Domino
374 3825 497 3873 suo,
519 3811 902 3881 plebsinimica
925 3813 1056 3878 Deo,
1072 3813 1252 3867 furore
1271 3813 1494 3878 exarsit,
1513 3820 1573 3866 ut
1593 3827 1713 3866 eum

148 3901 464 3969 occiderent;
515 3913 571 3958 et
618 3905 887 3974 apostolos
917 3906 1034 3974 ejus
1060 3922 1166 3962 non
1190 3907 1532 3963 credentibus
1559 3905 1715 3961 exiu-

151 4003 342 4057 garunt,
373 3997 576 4051 divisio
610 3998 784 4064 facta,
826 4009 881 4054 et
913 4014 1136 4071 regnum
1166 4001 1389 4064 cecidit,
1437 4009 1489 4054 et
1527 4000 1717 4054 civitas

147 4082 391 4143 destructa
413 4097 530 4156 est,
559 4099 618 4144 et
639 4090 830 4146 domus
854 4106 1025 4161 usque
1059 4091 1127 4146 ad
1165 4092 1337 4147 solum
1365 4093 1539 4147 diruta
1560 4090 1714 4160 juxta

149 4181 607 4237 comminationem
641 4182 954 4238 Salvatoris.
988 4183 1373 4240 Verumtamen
1397 4185 1718 4253 benignissi-

146 4282 244 4322 mus
263 4270 531 4328 Dominus
560 4284 749 4329 contra
777 4274 1029 4329 duritiam
1053 4275 1232 4330 cordis
1255 4290 1441 4330 eorum
1471 4291 1578 4330 non
1600 4289 1717 4330 ces-

147 4365 212 4408 sat
238 4360 406 4417 adhuc
436 4363 693 4430 exempla
722 4378 994 4433 opponere
1027 4366 1379 4420 evidentiora.

201 4449 340 4515 Quod
379 4457 426 4510 si
487 4453 753 4520 Satanas,
787 4457 992 4525 inquit,
1033 4456 1290 4512 Satanam
1327 4458 1501 4527 ejicit,
1542 4469 1589 4512 et
1621 4459 1717 4512 ad-

145 4557 319 4598 imam
347 4565 404 4601 se
427 4547 641 4602 divisus
664 4558 769 4614 est,
806 4552 1063 4617 quomodo
1085 4550 1239 4603 stabit
1270 4566 1482 4620 regnum
1506 4551 1670 4619 ipsius
1692 4551 1718 4604 ?

141 4633 202 4685 Ac
226 4635 268 4688 si
293 4638 539 4700 dicatur,
573 4637 716 4708 quod
745 4638 789 4692 si
813 4639 927 4708 ipse
949 4639 1048 4693 sibi
1079 4639 1326 4693 inimicus
1352 4647 1434 4694 est
1471 4639 1711 4705 daemon,

144 4739 340 4796 seseque
372 4732 504 4801 ipse
530 4730 830 4800 impugnat,
855 4731 980 4784 dum
1011 4730 1210 4786 milites
1238 4745 1366 4785 suos
1390 4731 1457 4786 ab
1478 4730 1717 4786 obsessis

137 4818 331 4888 depellit
361 4821 717 4891 corporibus,
745 4823 1013 4893 quomodo
1055 4823 1218 4878 stabit
1256 4839 1478 4893 regnum
1515 4824 1711 4892 ipsius,

138 4923 249 4974 pace
289 4915 558 4969 restituta
605 4913 744 4979 illis,
788 4914 842 4968 in
885 4913 1078 4983 quibus
1119 4914 1578 4969 dominabantur?
1616 4929 1714 4968 nec

135 4998 312 5058 habent
356 5007 414 5061 in
447 5019 526 5060 eo
566 5005 743 5061 locum
780 5005 1104 5061 adversariae
1146 5015 1469 5076 potestates,
1518 5007 1714 5077 quibus

138 5093 225 5148 illis
253 5096 628 5169 litigantibus,
656 5096 816 5168 552
835 5113 940 5168 pax
963 5099 1283 5166 restituitur,
1305 5109 1358 5155 et
1377 5100 1558 5155 omnia
1583 5101 1720 5153 inte-

134 5187 229 5242 rius
255 5193 624 5260 exteriusque
641 5193 884 5247 membra
913 5200 1173 5249 sanantur
1197 5193 1461 5262 corporis,
1483 5201 1539 5246 et
1558 5193 1719 5247 homo

137 5288 259 5332 totus
284 5282 395 5337 ﬁde
420 5289 678 5338 curatur.
707 5281 859 5347 Quod
888 5283 931 5336 si
963 5283 1235 5337 daemones
1258 5282 1562 5337 hominibus
1579 5297 1720 5337 sem-

131 5381 216 5434 per
239 5373 494 5440 gestiunt
523 5384 741 5436 nocere,
773 5380 826 5424 et
854 5370 942 5426 ille
965 5372 1056 5441 qui
1092 5373 1264 5441 major
1289 5371 1395 5426 illis
1422 5381 1507 5427 est
1535 5373 1587 5426 in
1621 5388 1716 5426 ne-

131 5461 305 5526 quitia,
335 5479 463 5518 suae
491 5476 588 5518 eos
613 5471 767 5517 curat
787 5462 1144 5518 invocationis
1171 5464 1386 5518 nomine
1406 5505 1420 5528 ,
1449 5465 1717 5532 quomodo

127 5560 261 5608 stare
285 5556 510 5626 poterit
548 5569 772 5624 regnum
800 5553 1012 5625 ipsius?
1045 5555 1123 5609 Ac
1143 5555 1188 5609 si
1218 5555 1428 5610 dicatur
1454 5570 1468 5608 :
1493 5555 1595 5625 Ipsi
1624 5572 1717 5611 vos

128 5642 440 5711 dijudicate,
483 5654 538 5700 et
568 5646 869 5701 convincite
892 5661 988 5700 vos
1022 5647 1219 5702 vestris
1246 5648 1559 5712 calumniis,
1591 5649 1717 5717 quia

126 5747 221 5789 non
246 5745 446 5806 potest
472 5736 720 5791 voluntas
739 5751 948 5800 eorum,
971 5751 1185 5807 semper
1213 5752 1375 5806 prava
1409 5747 1464 5793 et
1493 5737 1718 5793 nocendi

126 5829 334 5902 cupida,
357 5829 512 5885 meis
527 5827 927 5900 benignissimis
946 5829 1247 5902 comparari
1266 5832 1534 5900 operibus.
1559 5828 1714 5893 Nam,

1823 1979 1914 2048 qui
1941 1979 2118 2034 minus
2150 1990 2306 2035 erant
2346 1997 2508 2052 quam
2549 1981 2831 2047 Christus,
2877 1985 2980 2039 hoc
3006 1984 3264 2038 Pharisaai
3306 1999 3412 2038 non

1823 2072 2115 2126 credebant
2139 2071 2338 2126 factum
2364 2089 2461 2142 per
2490 2088 2637 2140 eum,
2671 2075 2763 2144 qui
2786 2074 2927 2130 Deus
2947 2083 3067 2129 erat
3091 2075 3144 2129 in
3171 2073 3409 2130 Christo.

1823 2162 1994 2218 Nimis
2029 2179 2159 2235 ergo
2183 2165 2434 2235 prudenti
2467 2166 2916 2237 interrogatione,
2965 2167 3105 2221 sicut
3130 2167 3266 2221 etin
3295 2182 3410 2221 om-

1823 2256 1980 2312 nibus
2017 2265 2263 2311 coarctat
2298 2271 2394 2312 eos
2430 2266 2493 2311 ut
2521 2258 2724 2312 virtute
2771 2257 3005 2328 Spiritus
3051 2257 3224 2312 sancti
3275 2272 3409 2326 opus

1821 2350 2211 2405 conﬁterentur
2237 2362 2377 2413 esse,
2403 2350 2544 2418 quod
2575 2358 2783 2419 gestum
2810 2358 2945 2403 erat.
2973 2349 3051 2405 Ac
3089 2350 3133 2404 si
3166 2358 3414 2419 patenter

1821 2441 2112 2506 clamaret,
2161 2439 2304 2509 quod
2334 2439 2377 2495 si
2411 2440 2656 2510 expulsio
2685 2455 2714 2493 a
2746 2439 2870 2495 ﬁliis
2898 2441 3096 2495 vestris
3123 2440 3266 2495 facta
3293 2442 3406 2495 daa-

1821 2547 2078 2596 monum,
2120 2547 2227 2586 non
2273 2531 2638 2596 daemonibus,
2673 2532 2767 2586 sed
2813 2531 3042 2586 Domino
3091 2533 3410 2610 deputatur,

1820 2637 1989 2692 quare
2015 2624 2068 2677 in
2097 2637 2182 2676 me
2208 2621 2350 2676 idem
2379 2636 2515 2690 opus
2535 2637 2641 2675 non
2666 2621 3015 2692 approbatis“!
3043 2630 3136 2676 aut
3163 2637 3330 2691 quare
3354 2622 3408 2677 in

1820 2728 1906 2767 me
1948 2728 2053 2768 non
2098 2713 2342 2768 eamdem
2394 2712 2688 2781 rependitis
2735 2713 2996 2767 causam?
3044 2713 3167 2768 Ideo
3197 2711 3411 2782 judices

1822 2804 1984 2858 vestri
2009 2811 2189 2868 erunt,
2228 2803 2353 2872 quia
2379 2817 2472 2858 eos
2494 2803 2714 2858 creditis
2752 2803 2806 2857 in
2847 2802 3052 2872 Spiritu
3082 2804 3176 2858 Dei
3213 2820 3406 2876 agere,

1819 2903 1873 2946 et
1895 2893 2102 2961 judicio
2131 2909 2314 2948 coram
2347 2894 2427 2948 eis
2455 2895 2776 2948 contendam
2814 2895 3094 2949 vobiscum
3113 2935 3128 2960 ,
3159 2895 3286 2950 dum
3332 2895 3406 2949 illi

1821 2984 1930 3041 Deo
1959 2994 2130 3040 totum
2166 2985 2466 3040 attribuant
2493 3001 2628 3056 opus
2649 2986 2840 3041 salutis
2866 2987 3169 3053 hominum,
3194 3003 3288 3043 vos
3308 3004 3404 3042 au-

1821 3088 1925 3132 tem
1963 3079 2261 3135 Beelzebub
2299 3079 2552 3149 operibus
2585 3080 2757 3150 (quod
2789 3090 2977 3136 contra
3005 3097 3129 3136 eum
3165 3091 3276 3146 est,
3307 3095 3407 3138 nec

1821 3173 1920 3242 ipsi
1950 3173 2218 3244 congruit)
2242 3174 2550 3244 assignatis.
2574 3174 2712 3240 Quid
2733 3175 2897 3244 igitur
2923 3176 3136 3247 dignius
3165 3192 3326 3245 quam
3347 3184 3408 3230 ut

1817 3265 1919 3334 ipsi
1947 3265 2055 3319 sint
2076 3263 2286 3333 judices
2312 3280 2498 3320 eorum
2517 3306 2532 3332 ,
2557 3266 2754 3336 quibus
2777 3265 3026 3322 Christus
3066 3267 3280 3322 dedisse
3305 3267 3404 3321 ad-

1813 3371 2002 3411 versus
2047 3357 2318 3412 daemones
2359 3365 2682 3428 potestatem
2731 3373 2839 3412 non
2886 3358 3190 3421 dubitatur,
3241 3373 3403 3428 quam

1813 3446 1955 3514 quod
1985 3446 2099 3516 ipse
2143 3446 2414 3512 habuerit,
2451 3448 2723 3516 negatur?
2757 3447 2900 3518 Ergo
2929 3449 2976 3501 si
3003 3448 3249 3518 discipuli
3278 3464 3406 3518 ope-

1817 3545 2002 3591 rantur
2025 3537 2078 3590 in
2103 3537 2410 3604 Christo,et
2427 3539 2674 3593 Christus
2703 3539 2759 3592 in
2790 3539 2995 3608 Spiritu
3020 3540 3135 3605 Dei,
3161 3540 3404 3610 profecto

1817 3643 2038 3698 regnum
2054 3628 2270 3695 Deijam
2290 3630 2345 3681 in
2358 3629 2669 3699 discipulos,
2687 3629 3000 3684 mediatoris
3013 3629 3210 3694 oﬂicio,
3230 3638 3406 3685 trans-

1814 3720 1992 3774 fusum
2016 3727 2118 3773 est.
2151 3717 2356 3774 Idcirco
2381 3720 2459 3774 ait
2488 3719 2703 3790 (Matth.
2727 3735 2825 3784 xu,
2858 3719 2982 3789 28):
3011 3717 3072 3773 Si
3092 3736 3187 3790 ego
3206 3720 3261 3773 in
3283 3719 3405 3788 Spi-

1815 3813 1919 3866 ritu
1932 3811 2029 3865 Dei
2050 3812 2204 3880 ejicio
2225 3811 2508 3875 daemonia,
2525 3821 2580 3868 et
2599 3813 2701 3866 hoc
2713 3811 2960 3876 creditis,
2973 3811 3206 3882 profecto
3236 3812 3293 3865 in
3310 3827 3401 3865 vos

1816 3904 1975 3976 553
1997 3906 2221 3976 pervenit
2240 3921 2454 3974 regnum
2468 3905 2586 3960 Dei.
2601 3904 2658 3958 In
2673 3921 2780 3976 quo
2800 3906 2982 3976 itaque
2997 3904 3140 3961 facto
3164 3912 3276 3960 tota
3289 3904 3404 3960 Tri-
3425 3967 3433 3971 Μ

1816 3997 1958 4052 nitas
1987 3995 2311 4060 declaratur,
2329 3996 2456 4051 dum
2479 3995 2810 4068 Christusin
2843 3997 3037 4069 spiritu
3076 3997 3171 4052 Dei
3200 3995 3402 4063 Patris,

1815 4088 2070 4143 virtutem
2115 4097 2372 4158 operatur
2415 4090 2468 4143 in
2497 4105 2695 4160 genere
2726 4091 2985 4156 humano,
3031 4105 3131 4161 per
3157 4104 3322 4161 quam
3354 4089 3408 4143 in

1817 4180 2102 4235 credentes
2152 4195 2376 4250 regnum
2417 4181 2511 4234 Dei
2564 4182 2897 4250 pervenisse,
2942 4180 2995 4236 id
3031 4191 3114 4236 est
3160 4181 3409 4237 remissio

1816 4279 2182 4340 peccatorum,
2207 4271 2329 4340 jure
2348 4272 2604 4326 creditur.
2623 4271 2729 4327 Sed
2753 4287 2978 4341 regnum
3002 4272 3099 4327 Dei
3124 4271 3409 4341 tripliciter

1819 4361 2212 4432 accipiendum.
2248 4360 2381 4427 Quia
2420 4369 2513 4414 aut
2558 4361 2674 4430 ipse
2701 4370 2786 4416 est
2815 4375 3040 4432 regnum
3075 4361 3172 4417 Dei
3205 4361 3271 4416 de
3300 4376 3407 4430 quo

1820 4455 1946 4509 alibi
1993 4455 2230 4510 dicitur:
2258 4453 2496 4524 Regnum
2525 4453 2623 4509 Dei
2664 4456 2805 4508 intra
2850 4470 2937 4508 vos
2977 4463 3050 4508 est
3082 4452 3235 4522 (Luc.
3271 4469 3404 4516 xvn,

1817 4547 1932 4619 21),
1963 4546 2050 4601 vel
2074 4555 2224 4602 certe
2253 4545 2385 4599 illud
2432 4560 2656 4615 regnum
2703 4545 2950 4610 sublime,
2997 4545 3064 4600 de
3105 4560 3216 4614 quo
3252 4544 3409 4601 Joan-

1821 4654 1917 4694 nes
1943 4647 1996 4692 et
2022 4639 2138 4708 ipse
2164 4637 2621 4708 praedicaverunt:
2646 4635 3010 4691 Paenitentiam
3038 4637 3194 4706 agite,
3219 4653 3409 4707 appro-

1821 4734 2086 4805 pinquavit
2118 4733 2254 4786 enim
2285 4745 2499 4800 regnum
2538 4728 2784 4782 caelorum
2811 4727 3027 4799 (Matth.
3060 4744 3136 4794 tv,
3165 4727 3274 4798 I7).
3313 4727 3408 4782 Vel

1825 4828 1982 4882 tertio
2011 4827 2190 4889 modo,
2221 4824 2501 4893 Scriptura
2547 4830 2734 4876 sancta
2779 4821 2864 4875 vel
2906 4821 3012 4886 lex,
3046 4836 3270 4892 regnum
3311 4818 3406 4874 Dei

1823 4918 2109 4988 accipitur,
2139 4916 2205 4970 de
2236 4930 2341 4984 qua
2372 4912 2574 4968 dictum
2602 4921 2716 4966 est:
2743 4911 2924 4967 Donec
2953 4910 3229 4980 auferatur
3257 4927 3290 4963 a
3318 4926 3408 4962 vo-

1823 5011 1901 5064 bis
1930 5023 2146 5077 regnum
2168 5005 2285 5069 Dei,
2309 5013 2355 5058 et
2379 5003 2617 5057 tradetur
2637 5004 2774 5071 genti
2794 5002 3008 5071 facienti
3050 5001 3253 5070 fructus
3289 4999 3406 5067 ejus

1822 5097 2037 5169 (Matth.
2065 5111 2176 5161 xxI,
2199 5093 2454 5165 45).Quae
2477 5091 2634 5146 simul
2663 5091 2846 5146 omnia
2872 5087 3194 5160 Judaaijtunc
3224 5087 3402 5158 perdi-

1822 5191 2040 5253 derunt,
2070 5187 2284 5256 quando
2312 5185 2586 5240 Christum
2635 5199 2740 5238 non
2785 5190 3124 5250 receperunt.
3155 5180 3262 5235 Sed
3305 5196 3401 5233 no-

1822 5279 2041 5333 tandum
2069 5276 2212 5346 quod
2245 5275 2526 5329 Matthqu
2552 5274 2606 5327 in
2651 5273 2841 5343 spiritu
2872 5272 2968 5327 Dei
2997 5272 3114 5326 ait:
3144 5270 3322 5325 Lucas
3346 5270 3398 5323 in

1821 5373 1985 5442 digito
2016 5370 2109 5425 Dei
2162 5369 2363 5424 dixisse
2392 5366 2694 5431 invenitur;
2744 5364 2868 5433 quia
2913 5363 3058 5434 quod
3088 5362 3265 5417 Lucas
3297 5361 3395 5415 ob—

1824 5463 2035 5516 scurius
2083 5459 2346 5528 posuisse,
2400 5456 2681 5510 Matthacus
2726 5453 3064 5510 manifestius
3116 5451 3398 5522 probatur.

1822 5551 1927 5607 Iste
1952 5559 2037 5604 est
2065 5563 2192 5618 ergo
2219 5547 2418 5618 digitus
2445 5546 2560 5610 Dei,
2589 5559 2750 5614 quem
2776 5545 2917 5614 magi
2945 5543 3243 5599 Pharaonis
3273 5557 3399 5598 con~

1823 5631 2060 5706 ﬁtentur,
2082 5643 2336 5696 docentes
2353 5657 2366 5690 :
2383 5639 2591 5708 Digitus
2612 5636 2709 5690 Dei
2727 5645 2803 5690 est
2824 5636 2909 5690 hic
2922 5635 3123 5708 (Exod.
3145 5651 3263 5701 vm,
3289 5635 3398 5704 19).

1822 5735 1889 5790 Et
1917 5735 1999 5788 lex
2032 5734 2198 5802 digito
2226 5731 2322 5785 Dei
2363 5730 2416 5784 in
2448 5737 2630 5784 monte
2658 5726 2810 5783 Sinni
2849 5729 3153 5797 conscripta
3183 5727 3395 5796 legitur.

1823 5830 1940 5897 Quo
1983 5829 2224 5898 profecto
2271 5825 2440 5897 digito
2486 5823 2891 5897 Scripturarum
2936 5830 3248 5877 sanctarum
3275 5833 3400 5905 pro.
