4004 6362
653 355 754 412 ιθτ

1433 352 1489 408 S.
1531 351 1887 411 PASCHASII
1925 354 2270 413 RADBER'H
2310 356 2600 414 ABBATIS
2639 355 3087 413 CORBEIENSIS
3735 369 3811 423 408

650 469 892 526 funditas
918 468 1180 538 inspirata
1199 476 1283 525 est
1311 467 1622 527 hominibus
1651 466 1875 534 sanctis,
1905 476 1956 525 et
1992 477 2231 525 reserata
2255 473 2304 537 Α
2334 472 2433 526 bus
2473 471 2603 526 nihil
2630 471 2956 527 contrarium
2986 470 3276 525 invenitur.
3311 471 3449 527 Unde
3484 490 3816 545 argumentatur

652 566 737 617 est
766 557 852 617 le:
882 556 1147 615 veritatis.

724 650 877 717 Unde
902 650 947 705 si
994 666 1088 721 ego
1123 649 1179 707 in
1211 650 1401 720 spiritu
1431 647 1549 717 Dei,
1580 658 1671 709 attt
1712 649 1876 719 digito
1926 649 2044 714 Dei,
2070 651 2226 719 ejicio

652 744 917 801 dmonia
954 741 1008 811 (a
1030 740 1441 811 quibusounque
1469 754 1565 799 eos
1591 740 1825 811 eiecero)
1861 740 2092 810 profecto
2116 757 2230 811 per-

653 834 784 888 venit
808 835 863 885 in
890 849 975 885 nos
1002 846 1218 901 regnum
1243 830 1359 895 Dei,
1391 839 1446 884 et
1467 832 1632 885 totius
1654 830 1953 884 Trinitatis.
1979 829 2227 899 Alioquin

648 925 752 983 nisi
800 924 941 977 Deus
999 922 1237 979 Trinitas
1266 923 1537 987 credatur,
1570 930 1629 983 et
1667 936 1772 981 una
1804 919 2079 990 aequalitas
2110 920 2228 975 Dei-

653 1015 779 1075 tatis
810 1015 863 1070 in
896 1013 1051 1069 nobis
1079 1012 1509 1077 commendetur,
1539 1026 1638 1073 nec
1659 1012 1921 1069 daemonia
1951 1011 2226 1082 fugantur,

650 1121 755 1163 nec
798 1120 1023 1175 regnum
1054 1106 1149 1162 Dei
1175 1106 1297 1176 jure
1324 1105 1636 1173 pervenisse
1663 1104 1923 1163 creditur.
1975 1103 2079 1158 Sed
2109 1103 2229 1172 pius

650 1197 905 1270 Magister
930 1197 1106 1255 adhuc
1134 1198 1296 1255 latius
1313 1199 1567 1253 duritiam
1597 1198 1777 1254 cordis
1809 1212 1998 1253 eorum
2033 1197 2224 1264 tangit,

647 1297 704 1342 et
729 1288 1001 1347 convincit
1024 1302 1185 1357 opera
1210 1287 1435 1351 Deitatis
1464 1302 1583 1341 esse
1622 1285 1884 1343 daunonia
1929 1285 2144 1356 ejicere,
2172 1292 2229 1341 et

650 1380 860 1441 animas
888 1379 1166 1435 hominum
1197 1394 1409 1437 curare.
1437 1380 1586 1435 Unde
1608 1377 1773 1434 infert
1800 1397 1814 1435 :

720 1468 992 1537 Quomodo
1013 1479 1175 1540 potest
1200 1471 1475 1541 quisquam
1502 1471 1699 1524 intrare
1724 1470 1781 1524 in
1801 1468 2011 1523 domum
2051 1467 2224 1537 fortis,

650 1568 700 1615 et
728 1576 851 1627 vasa
887 1558 1002 1628 ejus
1024 1560 1271 1629 diripere,
1298 1561 1398 1614 nisi
1426 1560 1572 1629 prius
1604 1558 1892 1629 alligaverit
1928 1558 2135 1627 fortem,
2177 1566 2224 1612 et

646 1656 770 1702 tunc
797 1648 1012 1703 domum
1059 1649 1202 1702 illius
1248 1649 1479 1719 diripiet.
1513 1647 1712 1703 Contra
1760 1648 2223 1715 Immanissima'm,

646 1734 975 1805 Iudaeorum,
1006 1749 1061 1796 et
1082 1741 1432 1806 insensatam,
1465 1749 1523 1795 ut
1553 1741 1628 1797 ita
1655 1740 1848 1802 fatear,
1870 1741 2225 1812 pertinaciam

2331 576 2435 617 non
2478 562 2647 619 solum
2681 561 2882 631 aliquid
2927 563 2994 617 ab
3026 576 3093 614 eo
3132 575 3238 615 non
3277 571 3551 629 mutuasse,
3593 582 3736 636 neque
3778 575 3817 628 in

2330 652 2543 705 nomine
2573 660 2623 706 et
2651 660 2915 722 potestate
2942 652 3056 722 ejus
3097 651 3291 722 egisse,
3319 668 3491 711 verum
3540 657 3586 711 io
3628 661 3750 719 nullo
3780 664 3815 718 ei

2328 740 2613 795 convenire
2638 756 2815 809 posse,
2860 740 3079 810 quando
3113 741 3207 809 qui
3255 756 3427 797 secum
3456 758 3553 803 non
3578 756 3651 800 est
3674 750 3817 805 adver.

2329 849 2445 889 sum
2476 843 2577 898 est,
2623 842 2678 889 et
2703 834 2795 903 qui
2842 849 3022 887 secum
3067 848 3172 885 non
3205 842 3481 903 congregat
3508 834 3749 907 dispergit,
3773 858 3818 897 ex

2328 938 2435 992 quo
2463 924 2653 994 ingens
2671 923 2913 992 corporis
2945 921 3144 977 Christi
3181 923 3375 988 unitas,
3420 933 3471 978 et
3513 929 3723 994 corporis
3744 930 3820 984 sa.

2330 1024 2467 1070 tante
2496 1016 2796 1071 secernitur
2822 1015 3136 1080 alternitas;
3182 1014 3305 1085 quia
3343 1030 3444 1069 non
3491 1016 3694 1085 idipsum
3718 1022 3822 1088 quod

2328 1116 2409 1163 est
2434 1108 2573 1163 Deus
2593 1107 2851 1171 Trinitas,
2870 1122 3042 1176 neque
3071 1105 3139 1160 ad
3174 1105 3346 1175 ipsum
3364 1106 3614 1176 colligitur
3635 1110 3712 1178 qui
3730 1127 3825 1165 con-

2328 1208 2410 1255 tra
2436 1198 2712 1257 Christum
2740 1200 3051 1270 dispergere
3076 1197 3352 1269 probatur.
3388 1197 3447 1253 In
3463 1200 3689 1255 omnibus
3706 1203 3826 1271 igitur

2328 1290 2458 1359 agit,
2493 1298 2555 1353 ut
2578 1290 2690 1359 ipse
2723 1288 3052 1359 intelligatur
3090 1288 3231 1343 Deus
3274 1304 3303 1341 a
3356 1287 3461 1345 Deo
3484 1286 3631 1343 Patre
3659 1292 3823 1356 missus,

2328 1380 2380 1437 in
2426 1380 2629 1451 Spiritu
2679 1390 2866 1437 sancto
2894 1380 3125 1450 Operari,
3171 1379 3222 1434 in
3267 1394 3374 1449 quo
3412 1380 3581 1435 unitas
3604 1380 3751 1437 Patris
3784 1391 3824 1436 et

2326 1474 2445 1531 Filii
2474 1474 2901 1538 commendatur,
2929 1487 3159 1542 quorum
3202 1479 3286 1526 est
3315 1472 3549 1541 spiritus,
3576 1481 3625 1526 et
3651 1488 3826 1540 quorum

2328 1566 2466 1623 idem
2490 1563 2893 1620 commendatur
2933 1563 3193 1628 charitas,
3249 1563 3315 1619 de
3357 1578 3463 1632 quo
3489 1563 3830 1623 diciturzllm

2327 1658 2558 1719 clamitas
2583 1667 2654 1710 est
2687 1656 2739 1725 (1
2768 1657 2926 1711 Joan.
2961 1671 3031 1721 Iv,
3065 1654 3342 1726 {(5)555
3370 1654 3685 1725 Quapropter
3710 1672 3830 1713 nemo

2329 1762 2448 1807 etim
2471 1745 2691 1803 Christo
2731 1754 2833 1811 est,
2868 1745 2993 1803 licet
3038 1744 3287 1801 videatur
3318 1744 3513 1799 habere
3543 1760 3713 1800 nomen
3751 1746 3832 1815 ejus

644 1832 830 1893 multis
862 1833 1281 1904 benignissimus
1313 1833 1565 1890 Salvator
1585 1849 1650 1889 ac
1679 1834 1834 1891 novis
1863 1833 2034 1890 utitur
2061 1849 2223 1902 argu-
2254 1827 2302 1895 Β
2329 1844 2388 1891 ιιι
2430 1834 2769 1897 Christianus
2835 1844 3086 1900 vocetur;
3143 1834 3190 1889 si
3241 1848 3347 1889 non
3396 1833 3586 1897 habeat
3633 1832 3833 1904 Spiritum

644 1925 862 1993 mentis.
890 1925 1042 1981 Unde
1090 1941 1230 1985 nunc
1256 1925 1358 1980 viri
1384 1924 1662 1980 fortissimi
1711 1940 1898 1983 rursus
1940 1924 2229 1981 introducit

650 2023 1080 2090 similitudinem,
1104 2025 1246 2080 sicut
1275 2026 1342 2080 de
1370 2040 1537 2097 regno
1562 2034 1618 2081 et
1652 2026 1874 2081 civitate
1896 2024 2010 2093 jam
2036 2025 2227 2094 praedi-

642 2124 822 2182 xerat,
851 2133 1013 2186 quam
1045 2132 1204 2175 nemo
1250 2119 1458 2174 intrare
1483 2118 1569 2174 vel
1616 2119 1849 2187 diripere
1896 2126 2093 2189 potest,
2122 2118 2227 2176 nisi

643 2210 794 2280 prius
824 2210 1015 2267 vicerit
1038 2218 1093 2266 et
1112 2209 1414 2280 alligaverit
1438 2210 1673 2267 fortem?
1700 2211 1854 2279 Quod
1894 2212 2011 2282 ipse
2047 2211 2228 2266 Domi-

643 2319 747 2359 nus
801 2318 925 2359 mox
952 2311 1075 2373 post
1102 2304 1431 2373 baptismum
1463 2302 1678 2369 fecisse,
1731 2304 1865 2360 satis
1910 2310 2095 2373 aperte
2138 2302 2228 2358 hic

643 2409 885 2463 praesens
928 2393 1268 2467 Evangelista
1300 2395 1561 2460 declarat,
1584 2395 1799 2464 quando
1849 2396 1901 2449 in
1953 2395 2226 2450 desertum

642 2487 836 2544 ductus
854 2497 958 2553 est,
989 2497 1044 2543 et
1069 2502 1391 2559 congressus
1439 2501 1562 2543 cum
1611 2484 1854 2551 diabolo;
1885 2486 2070 2555 utique
2098 2500 2224 2541 cum

642 2591 708 2633 eo
735 2576 876 2647 ipso,
900 2592 1060 2646 quem
1113 2577 1201 2633 isti
1256 2576 1585 2633 insanissimi
1628 2575 1930 2645 principem
1957 2574 2225 2629 vocabant

641 2667 1049 2725 daemoniorum.
1124 2666 1462 2737 Congressus
1543 2681 1775 2734 namque
1822 2673 1905 2719 est
1962 2680 2083 2720 cum
2135 2678 2220 2727 eo,

640 2772 803 2827 quem
822 2758 984 2815 tertio
1013 2766 1138 2811 tunc
1160 2756 1292 2811 vicit
1320 2771 1383 2812 ac
1408 2752 1614 2822 reiecit.
1646 2753 1808 2831 554
1827 2752 1959 2809 Hinc
1980 2763 2062 2809 est
2080 2752 2223 2821 quod

643 2865 787 2906 nunc
817 2849 921 2903 hoc
957 2848 1009 2905 in
1048 2848 1169 2904 loco
1210 2848 1411 2903 dicitur
1442 2846 1598 2917 quasi
1643 2846 1765 2902 aliis
1794 2847 1860 2901 de
1890 2862 1947 2901 se
1996 2845 2223 2901 inferret

643 2939 841 3001 verbis,
864 2938 1135 3009 quomodo
1157 2953 1372 3009 possem
1399 2939 1670 2995 daemones
1697 2936 1913 3006 ejicere,
1944 2937 2047 2991 nisi
2074 2936 2223 3004 prin-

641 3030 819 3099 cipem
838 3044 1025 3087 eorum
1048 3031 1128 3087 eis
1146 3031 1573 3089 consentientem
1594 3031 1646 3085 in
1658 3030 1804 3087 omni
1824 3043 1990 3099 opere
2009 3027 2220 3085 nefario

642 3121 795 3192 prius
822 3123 1072 3179 vicissem
1104 3132 1160 3180 et
1183 3123 1524 3195 alligassem?
1552 3122 1702 3190 Quod
1729 3132 1906 3178 autem
1932 3122 2045 3192 ipse
2067 3121 2221 3176 fortis

2331 1939 2597 1997 sanctum,
2654 1928 2706 1991 in
2751 1943 2858 1997 quo
2888 1928 3027 1983 dono
3077 1925 3260 1982 unitas
3306 1926 3835 1993 commendatur;quo-

2331 2019 2472 2074 niam
2517 2020 2630 2090 ipse
2678 2034 2785 2081 non
2827 2017 2997 2081 solum
3043 2019 3305 2075 adversus
3333 2033 3393 2077 se
3420 2018 3611 2075 divisus
3648 2032 3735 2075 non
3758 2026 3832 2079 est,

2328 2126 2513 2166 verum
2560 2110 2725 2165 etiam
2760 2126 3111 2183 quoscunque
3145 2109 3354 2181 colligit
3396 2108 3557 2165 eﬂicit
3606 2110 3835 2172 iudivisos;

2326 2211 2543 2275 peccata
2586 2218 2706 2273 quas
2748 2203 3032 2259 adversum
3086 2218 3145 2256 se
3201 2202 3374 2259 divisa
3419 2209 3540 2257 sunt
3566 2201 3833 2259 dimittenda.

2326 2308 2528 2363 eosque
2554 2294 2840 2351 mundatus
2867 2293 3222 2349 inhabitando
3257 2301 3317 2349 ut
3339 2293 3449 2348 sint
3475 2293 3694 2351 membra
3719 2291 3835 2345 Chri-

2327 2384 2395 2441 sti
2431 2387 2485 2438 et
2520 2397 2720 2453 corpus
2752 2381 2976 2448 Christi,
3027 2383 3080 2441 in
3126 2397 3237 2453 quo
3275 2396 3501 2453 corpore
3538 2382 3699 2437 unitas
3729 2395 3837 2435 com-

2327 2478 2611 2535 mendatur
2628 2487 2685 2543 et
2706 2478 2992 2550 colligitur.
3026 2478 3126 2546 Qui
3165 2488 3354 2535 autem
3387 2492 3452 2532 ex
3491 2477 3697 2537 adverso
3732 2484 3839 2536 sunt,

2327 2587 2427 2627 nec
2472 2586 2595 2627 cum
2647 2571 2762 2641 ipso
2806 2578 2951 2636 sunt,
2992 2584 3093 2625 nec
3135 2584 3266 2625 cum
3314 2570 3435 2639 ipso
3471 2568 3739 2639 colligunt:
3773 2564 3839 2619 sed

2325 2660 2656 2733 dispergunt,
2697 2660 2869 2715 donec
2905 2659 2972 2715 ab
3015 2658 3233 2715 unitate
3282 2659 3527 2729 corporis
3577 2656 3748 2711 Christi
3780 2653 3839 2708 di-

2325 2748 2599 2809 viduntur.
2652 2746 2804 2816 Quod
2847 2748 2892 2806 si
2926 2748 3002 2811 ita
3048 2755 3156 2814 est,
3200 2749 3335 2820 quid
3370 2758 3451 2803 est
3492 2747 3623 2818 quod
3653 2742 3839 2812 discipuli

2326 2836 2575 2893 videntes
2597 2836 2884 2908 quemdam
2932 2836 2985 2905 in
3013 2836 3227 2893 Christi
3253 2838 3470 2897 nomine
3497 2835 3733 2893 dzemonia
3749 2830 3835 2901 pel-

2326 2932 2546 2999 lentem,
2572 2931 2814 2993 referunt
2856 2932 2926 2989 ad
2975 2931 3269 2989 Dominum
3309 2948 3368 2989 se
3403 2932 3595 2986 vidisse
3628 2938 3673 2985 et
3700 2924 3840 2997 prohi-

2323 3022 2526 3088 buisse,
2557 3024 2684 3093 quia
2712 3039 2835 3081 cum
2860 3023 2966 3087 illis
2992 3037 3115 3079 eum
3163 3040 3280 3080 non
3319 3021 3664 3094 sequebatur?
3692 3018 3846 3087 Quibus

2327 3112 2603 3180 Dominus,
2636 3112 2812 3170 Nolite
2833 3155 2847 3181 ,
2882 3115 3086 3186 inquit,
3110 3117 3412 3186 prohibere
3438 3133 3452 3173 :
3486 3118 3570 3186 qui
3592 3124 3750 3172 contra
3779 3123 3846 3164 vos

647 3212 720 3269 sit
742 3222 798 3268 et
841 3214 1205 3280 indomabilis,
1234 3214 1491 3273 Dominus
1540 3213 1741 3270 famulo
1780 3228 1878 3270 suo
1919 3212 2023 3271 Joh
2060 3228 2217 3284 aper-

2327 3217 2432 3260 non
2460 3214 2563 3270 est,
2591 3220 2689 3275 pro
2716 3206 2866 3263 vobis
2893 3217 2995 3263 est.
3021 3206 3136 3263 Non
3159 3219 3351 3278 potest
3370 3210 3514 3269 enim
3538 3208 3784 3279 quisquam
3807 3202 3846 3257 in

645 3304 853 3359 tissime
876 3304 1159 3371 describit,
1184 3312 1242 3361 et
1271 3305 1507 3363 insinuat
1535 3304 1677 3373 quod
1721 3319 1827 3365 non
1868 3303 1941 3358 sit
1978 3312 2224 3373 potestas

642 3393 698 3448 in
720 3401 865 3449 terra
887 3409 1009 3465 qua:
1032 3394 1204 3465 possit
1228 3394 1283 3453 ei
1302 3394 1648 3464 aequiparari.
1681 3394 1750 3453 Et
1778 3394 1900 3449 ideo
1928 3394 2065 3457 bene
2115 3393 2222 3449 Lu-

642 3496 735 3539 cas
754 3483 962 3539 intulit:
980 3482 1041 3539 Si
1061 3494 1237 3543 autem
1263 3483 1453 3553 fortior
1472 3484 1564 3541 illo
1584 3485 1957 3555 supervenerit,
1973 3495 2020 3539 et
2045 3484 2223 3541 uicerit

639 3590 778 3642 eum,
807 3576 1048 3631 universa
1101 3592 1252 3633 arma
1307 3575 1423 3646 ejus
1467 3577 1525 3630 in
1567 3577 1757 3647 quibus
1806 3575 2123 3645 conﬁdebat,
2173 3587 2222 3631 et

641 3670 811 3741 spolia
845 3671 960 3741 ejus
995 3671 1268 3726 distribuet
1296 3669 1451 3739 (Luc.
1490 3687 1568 3735 ιι,
1606 3670 1722 3740 23).
1779 3670 1877 3728 Ubi
1935 3668 2223 3727 manifeste

639 3763 877 3821 ostendit
918 3764 1065 3832 quod
1102 3763 1254 3818 illum
1286 3762 1481 3821 fortem
1504 3762 1695 3819 fortior
1717 3761 1969 3819 Christus
1995 3762 2125 3817 vicit
2161 3776 2223 3817 ac

639 3851 850 3922 ligavit,
904 3866 1027 3911 cum
1077 3867 1201 3909 eum
1264 3853 1499 3922 propriis
1556 3852 1809 3921 nequitia;
1856 3866 1967 3907 sua:
1996 3851 2225 3908 vinculis

641 3942 955 4009 adstririxit,
987 3959 1056 4000 ne
1082 3944 1319 4013 amplius
1349 3952 1568 4001 noceret
1598 3944 1703 4003 nisi
1729 3952 1993 4012 quantum
2026 3944 2073 3999 ei
2098 3958 2224 4013 per-

645 4034 899 4098 mittitur,
942 4035 1029 4089 cui
1073 4034 1148 4091 ita
1176 4034 1359 4091 vincto
1388 4034 1557 4104 spolia
1591 4033 1843 4089 Salvator
1893 4033 2129 4088 detraxit
2169 4042 2225 4088 et

644 4124 863 4179 domum
891 4123 1145 4189 abstulit;
1172 4139 1272 4179 nos
1295 4122 1523 4187 scilicet,
1554 4137 1691 4192 quos
1725 4122 1972 4187 redemit,
2000 4136 2139 4192 quos
2168 4122 2220 4177 in

641 4232 823 4283 suum,
852 4216 998 4277 victo
1032 4217 1280 4282 Diabolo,
1320 4217 1527 4288 redegit
1547 4215 1867 4280 dominium,
1896 4214 2223 4285 domumque

639 4307 742 4363 sibi
769 4323 835 4362 ex
865 4307 1021 4369 nobis
1048 4308 1321 4365 dedicavit
1347 4323 1564 4373 novam,
1586 4315 1643 4365 et
1686 4306 1990 4363 sanctificat
2031 4307 2220 4367 Eccle-

635 4398 790 4453 siam.
844 4398 991 4465 Quos
1035 4412 1161 4461 vero
1210 4414 1311 4455 suo
1350 4400 1501 4471 justo
1548 4399 1756 4468 judicio
1800 4399 2107 4469 dereliquit,
2160 4400 2214 4455 in

640 4501 831 4545 eorum
859 4488 1113 4544 cordibus
1145 4490 1299 4560 quasi
1338 4490 1394 4544 in
1434 4490 1629 4560 abysso
1658 4490 1803 4547 hunc
1845 4490 2040 4547 fortem
2092 4507 2216 4546 cum

641 4579 757 4634 suis
782 4579 1096 4643 damnatum
1140 4581 1403 4653 religavit,
1444 4591 1499 4638 et
1529 4582 1752 4638 abstulit
1792 4584 1860 4638 ab
1910 4599 1976 4639 eo
2025 4598 2219 4640 omnes

638 4683 773 4737 quos
806 4670 1054 4725 redemit.
1085 4670 1336 4741 Alioquin
1381 4688 1483 4729 nec
1525 4682 1746 4743 possent
1775 4689 1833 4728 se
1855 4674 2061 4728 viribus
2100 4674 2215 4729 suis

638 4760 886 4817 homines
910 4776 1124 4829 eruere,
1154 4764 1282 4835 quia
1324 4763 1481 4821 fortis
1529 4773 1648 4820 erat
1688 4765 1815 4835 quia
1870 4780 1964 4821 eos
1994 4765 2217 4821 tenebat

634 4853 897 4921 captivos,
929 4854 1032 4910 nisi
1059 4856 1233 4925 gratia
1262 4857 1354 4911 Dei
1387 4857 1772 4921 liberarentur,
1808 4866 1863 4912 et
1895 4858 2085 4913 fortior
2122 4858 2212 4913 illo

634 4944 887 5007 Christus
921 4946 1197 5019 alligasset
1238 4947 1451 5013 fortem,
1483 4949 1611 5004 dum
1640 4950 1687 5004 ei
1720 4959 2043 5019 potestatem
2087 4965 2214 5005 exe-

628 5035 749 5101 mit,
777 5051 847 5092 ne
868 5036 1130 5107 impedire
1152 5047 1336 5107 posset
1361 5038 1624 5094 voluntati
1653 5039 1914 5105 fidelium,
1952 5055 2019 5095 ne
2061 5041 2212 5110 sequi

626 5127 840 5196 possint
858 5126 1132 5187 Christum
1165 5139 1222 5186 et
1267 5145 1490 5200 regnum
1536 5132 1781 5186 obtinere
1810 5132 1912 5186 sibi
1950 5132 2211 5187 oblatum.

630 5220 775 5290 Ergo
822 5221 968 5291 quod
1012 5221 1134 5278 dico
1180 5222 1439 5283 oblatum,
1491 5235 1728 5290 praesens
1777 5221 1926 5277 locus
1979 5221 2220 5277 insinuat

637 5319 805 5375 etiam
831 5319 1097 5376 violenter
1124 5329 1185 5373 ut
1205 5319 1479 5387 accipiant
1502 5318 1592 5387 qui
1628 5317 1857 5372 necdum
1895 5316 2084 5375 volunt
2105 5317 2216 5373 ela-

639 5408 912 5466 boratum.
944 5408 1175 5480 Propter
1199 5408 1342 5478 quod
1369 5409 1547 5464 adhuc
1583 5407 1878 5476 proponit:

714 5499 817 5567 Qui
844 5515 951 5554 non
970 5510 1046 5555 est
1068 5516 1294 5563 mecum,
1320 5508 1504 5554 contra
1529 5514 1608 5553 me
1634 5506 1744 5561 est;
1771 5506 1817 5551 et
1844 5497 1934 5567 qui
1971 5512 2075 5552 non
2101 5497 2216 5552 col-

633 5592 746 5659 ligit
785 5606 1013 5658 mecum,
1055 5591 1324 5661 dispergit.
1371 5590 1490 5658 Quo
1529 5603 1660 5644 sane
1708 5587 2018 5659 syllogismo
2061 5586 2217 5642 valde

636 5678 865 5735 revincit
906 5694 1000 5736 eos
1028 5678 1332 5736 Beelzebub
1367 5678 1661 5734 daemonem
1718 5676 1876 5748 longe
1925 5692 1956 5729 a
1987 5691 2047 5731 se
2072 5690 2212 5739 esse,

634 5780 895 5838 «maritum
920 5771 1099 5829 lucem
1124 5786 1155 5825 a
1186 5771 1447 5837 tenebris,
1478 5778 1572 5825 aut
1616 5772 1815 5825 bonum
1844 5784 1875 5825 a
1897 5768 2062 5836 malo,
2089 5769 2213 5841 qui-

2245 4551 2297 4610 D

2332 3312 2451 3350 meo
2496 3298 2712 3352 nomine
2745 3298 2922 3353 facere
2978 3300 3209 3369 aliquid,
3257 3310 3313 3355 et
3354 3301 3496 3358 male
3540 3300 3671 3368 loqui
3693 3298 3750 3353 de
3769 3309 3844 3348 Ille-

2327 3388 2607 3456 Quomodo
2632 3404 2759 3459 ergo
2790 3400 2979 3447 contra
3015 3393 3166 3463 ipsos
3221 3409 3330 3449 non
3378 3403 3518 3459 erat,
3574 3393 3671 3448 imo
3708 3396 3847 3446 contra

2329 3481 2631 3547 Dominum,
2682 3483 2770 3553 qui
2818 3483 2992 3539 adhuc
3046 3486 3096 3541 in
3148 3500 3389 3556 corpore
3422 3485 3618 3542 Christi
3669 3482 3848 3537 nondum

2325 3584 2464 3639 erat,
2489 3590 2662 3645 neque
2693 3584 2917 3632 renatus
2947 3576 2999 3635 in
3031 3576 3241 3647 Spiritu
3271 3588 3483 3646 sancto,
3512 3588 3567 3634 ut
3595 3580 3850 3646 sequeretur

2327 3666 2609 3720 Dominum
2638 3681 2734 3736 per
2780 3681 2940 3736 quem
2981 3668 3095 3723 htec
3122 3670 3311 3727 unitas
3352 3670 3644 3742 colligitur?
3671 3665 3791 3733 Quod
3820 3662 3854 3715 si

2325 3766 2491 3824 esset,
2514 3758 2734 3813 omnino
2765 3758 3009 3829 discipuli
3052 3776 3158 3816 non
3186 3764 3600 3832 prohibuissent
3623 3760 3669 3817 ei
3689 3754 3855 3814 nomine

2324 3847 2450 3905 Iesu
2477 3862 2582 3907 non
2614 3847 2785 3903 solum
2817 3848 3079 3905 daemonia
3110 3851 3343 3921 ejicere,
3385 3868 3570 3910 verum
3601 3865 3691 3905 nec
3721 3846 3855 3899 virtu-

2326 3947 2406 3993 tes
2447 3938 2717 4008 quaslibet
2758 3937 2961 4005 facere,
2998 3955 3133 4010 quas
3184 3942 3290 4015 ipsi
3342 3942 3590 4014 profecto
3629 3937 3854 3994 faciebant

2329 4029 2478 4089 Unde
2505 4029 2629 4099 quia
2650 4037 2801 4085 extra
2819 4028 2957 4085 hanc
2985 4031 3252 4090 unitatem
3280 4044 3424 4100 erat,
3450 4031 3702 4105 quomodo
3722 4026 3859 4082 Salva-

2327 4131 2409 4183 tor
2429 4122 2537 4177 ait:
2556 4120 2655 4188 Qui
2677 4130 2864 4177 contra
2892 4137 2985 4178 vos
3000 4138 3105 4178 non
3126 4134 3233 4191 est,
3260 4143 3367 4197 pro
3388 4127 3540 4182 vobis
3564 4124 3673 4181 est?
3689 4112 3861 4189 Quodsi

2325 4215 2543 4271 omnino
2559 4215 2632 4269 ita
2648 4215 3021 4287 accipiendum
3041 4224 3145 4281 est,
3166 4218 3396 4273 videtur
3418 4235 3540 4275 cum
3554 4217 3862 4275 Chrisloesse.

2322 4316 2377 4361 et
2406 4308 2456 4362 in
2479 4308 2697 4362 nomine
2718 4305 2836 4376 ejus
2858 4308 3108 4378 colligere
3129 4309 3389 4381 quisquis
3411 4320 3567 4367 extra
3581 4300 3860 4365 communio-

2323 4414 2444 4454 nem
2481 4399 2734 4454 Ecclesiae
2760 4400 3109 4467 constitutus,
3133 4407 3191 4456 et
3233 4401 3569 4459 dissociatae
3596 4417 3624 4454 a
3653 4396 3863 4459 societ“lc

2322 4487 2646 4543 Christianae
2674 4489 2950 4559 religionis
2987 4500 3091 4547 est.
3135 4490 3325 4562 Atque
3356 4495 3436 4550 ita
3466 4494 3653 4557 falsum
3680 4488 3769 4543 erit
3789 4483 3865 4536 hoc

2323 4582 2465 4650 quod
2494 4582 2581 4636 hic
2612 4582 2807 4638 dicitur
2833 4603 2845 4637 :
2871 4585 2974 4650 Qui
3004 4601 3105 4640 non
3136 4596 3212 4640 est
3244 4604 3479 4655 mecum,
3513 4598 3688 4643 contra
3708 4599 3774 4635 me
3793 4586 3866 4633 est.

2324 4671 2480 4741 atqui
2503 4687 2605 4726 non
2645 4672 2838 4744 colligit
2868 4691 3089 4743 mecum,
3135 4680 3346 4749 spargit
3383 4678 3603 4749 (Matth.
3650 4691 3738 4736 xu,
3775 4665 3863 4729 50}.

2326 4761 2560 4818 Securus
2604 4779 2732 4836 ergo
2779 4781 2903 4821 esse
2944 4776 3123 4836 potest
3151 4770 3389 4841 quiquis
3418 4781 3579 4829 extra
3624 4762 3871 4825 Ecclesium

2324 4850 2525 4907 Christi
2552 4853 2603 4907 in
2635 4854 2852 4909 nomine
2876 4856 3045 4926 ipsius
3070 4858 3273 4913 bonum
3306 4861 3552 4931 aliquod,
3584 4875 3674 4913 seu
3693 4855 3872 4907 virtute-5

2323 4953 2598 5013 operatur,
2637 4946 2781 5014 quod
2816 4947 3035 5002 omnino
3080 4949 3357 5005 catholica
3392 4952 3533 5008 fides
3560 4966 3662 5006 non
3706 4938 3874 5009 rccipil-

2324 5035 2390 5089 Et
2421 5036 2539 5091 ideo
2570 5037 2621 5090 in
2656 5036 2949 5107 Scripturis
2973 5039 3171 5095 divinis
3197 5041 3379 5099 multa
3425 5040 3681 5097 discretio
3721 5040 3874 5090 sensus

2322 5125 2620 5181 adhibenda
2657 5136 2760 5188 est.
2816 5128 3123 5199 ubicunque
3153 5129 3456 5187 dissonare
3504 5130 3760 5186 videntur,
3790 5136 3875 5173 ma-

2316 5214 2459 5269 xime
2514 5217 2565 5270 in
2619 5217 2796 5273 verbis
2827 5217 3060 5283 Domini,
3111 5232 3178 5272 ne
3226 5219 3354 5289 ipse
3387 5221 3494 5275 sibi
3547 5217 3704 5290 (quod
3748 5208 3877 5271 abs")

2316 5309 2621 5364 contrarius
2648 5310 2969 5367 inveniatur.
3001 5311 3058 5366 lu
3084 5313 3187 5367 hoc
3210 5313 3369 5368 enim
3403 5313 3554 5370 facto
3580 5326 3681 5368 non
3727 5309 3879 5360 contra

2317 5415 2429 5462 eos,
2461 5402 2556 5455 sed
2577 5417 2673 5470 pro
2693 5403 2770 5457 eis
2803 5411 2943 5468 erat,
2971 5403 3061 5457 ubi
3090 5404 3144 5459 in
3168 5406 3401 5461 nomine
3426 5404 3633 5462 Christi
3662 5398 3882 5456 sanitates

2318 5492 2662 5560 operabatur.
2699 5493 2904 5549 Idcirco
2953 5503 3012 5548 ut
3067 5503 3302 5565 utraque
3360 5494 3641 5551 sententia
3667 5500 3784 5544 vera
3812 5480 3881 5535 sil.

2318 5586 2472 5640 sicuti
2504 5587 2728 5643 omnino
2763 5603 2888 5642 vera
2914 5596 3020 5652 est,
3047 5588 3388 5656 quaarendus
3420 5597 3510 5643 est
3540 5586 3746 5643 modus,
3773 5587 3882 5646 quo-

2320 5675 2477 5729 modo
2517 5675 2672 5744 juxta
2718 5693 2936 5733 sensum
2966 5678 3175 5732 Domini
3205 5684 3456 5749 utraque
3489 5687 3636 5734 recte
3665 5666 3888 5736 intelliga-

2320 5776 2423 5839 tur.
2457 5766 2598 5838 Ergo
2625 5768 2713 5826 ille
2757 5769 2812 5825 in
2844 5770 2946 5825 hoc
2991 5770 3135 5827 facto
3184 5770 3579 5843 prohibendus
3625 5784 3727 5827 non
3769 5764 3886 5819 erat.
