3994 6364
169 351 282 407 469

955 359 1313 424 Exposuit)
1351 361 1418 418 IN
1459 361 1890 432 MATTIMSUM.
1933 395 1999 406 .-
2029 367 2158 426 us.
2204 369 2289 434 vi,
2329 368 2478 426 cur.
2503 329 2634 426 'x...

3312 382 3416 446 470

162 463 322 532 juxta
346 475 670 559 pmceptum
699 467 930 536 Domini,
965 472 1060 528 sed
1107 473 1274 530 multo
1313 474 1484 544 magis
1513 475 1567 528 in
1613 475 1745 530 tanti
1772 480 1824 538 Α
1849 475 1964 544 ejus
1989 486 2116 534 sunt
2139 479 2276 534 dona
2321 495 2440 550 qua:
2485 480 2716 546 habent,
2748 493 2804 540 et
2823 499 2929 542 non
2973 502 3158 542 eorum
3199 505 3291 559 qui
3327 494 3420 548 ab-

171 557 414 614 nominis
441 559 786 615 veneratione
826 560 1246 627 conﬁrmandus,
1303 564 1391 617 ubi
1446 563 1610 637 556
1642 579 1748 622 non

169 657 294 703 erat
311 658 500 706 contra
527 647 820 716 Christum,
877 667 1048 722 neque
1093 662 1278 708 contra
1317 652 1623 724 Apostolos,
1656 655 1752 710 sed

171 755 350 810 neque
375 749 565 798 contra
604 740 934 808 Ecclesiam;
966 752 1336 800 verumtamen
1369 744 1423 798 in
1445 757 1510 802 eo
1535 745 1751 814 culpan-

170 830 275 885 dus
328 839 472 894 erat,
522 830 648 900 quia
703 845 812 890 non
864 832 1190 902 sequebatur
1230 831 1527 899 Christum,
1578 845 1752 906 neque

163 920 500 992 iungebatur
548 922 616 985 ei,
666 937 734 977 eo
783 922 928 990 quod
972 921 1148 978 adhuc
1201 923 1255 978 in
1307 921 1511 993 Spiritu
1562 933 1750 980 sancto

171 1015 406 1069 necdum
447 1023 669 1070 renatus
709 1021 850 1078 erat,
890 1029 1062 1084 neque
1103 1015 1150 1070 ei
1179 1015 1361 1071 unitus
1399 1016 1452 1071 in
1484 1015 1751 1072 charitate

169 1103 378 1160 Christi
406 1121 530 1162 cum
557 1121 641 1176 eo,
691 1114 750 1164 ut
779 1104 896 1175 ejus
926 1107 1225 1162 membrum
1253 1115 1411 1166 esset.
1446 1107 1598 1164 Unde
1623 1108 1749 1178 quia

169 1193 238 1247 ab
267 1195 474 1250 unitate
509 1194 710 1252 Christi
759 1203 813 1252 et
851 1195 1108 1252 Ecclesia:
1150 1206 1430 1270 separatus
1455 1206 1594 1264 erat,
1625 1197 1754 1254 licet

167 1280 448 1354 colligeret
475 1283 610 1354 ipse,
643 1291 818 1340 tamen
847 1293 1000 1338 extra
1025 1285 1298 1355 dispersus
1319 1295 1456 1352 erat,
1482 1287 1605 1358 quia
1625 1303 1748 1343 cum

167 1370 494 1426 eo'nccdum
518 1383 654 1426 erat.
686 1373 836 1440 Quod
863 1373 909 1428 si
938 1373 1077 1430 forte
1106 1376 1344 1432 venisset
1371 1377 1437 1432 ad
1471 1376 1746 1434 Christum

165 1471 222 1514 et
256 1463 328 1516 ad
353 1461 671 1527 Ecclesium,
702 1479 806 1522 non
841 1463 966 1518 illud
1013 1466 1156 1534 quod
1189 1466 1422 1521 habebat
1451 1467 1741 1537 acciperet,

166 1553 266 1606 sed
314 1554 370 1608 in
413 1570 517 1626 quo
562 1555 854 1612 aberrabat
904 1539 957 1612 in
1023 1573 1080 1614 se
1125 1559 1441 1631 corrigeret,
1492 1569 1544 1614 et
1603 1560 1744 1630 quod

171 1645 408 1700 necdum
450 1647 681 1704 habebat
721 1649 1006 1720 acciperet.
1061 1648 1244 1720 Neque
1301 1650 1445 1705 enim
1508 1649 1744 1708 Cornelii

166 1739 464 1806 orationes,
491 1740 726 1798 hominis
749 1743 984 1814 gentilis,
1029 1759 1134 1800 non
1181 1754 1305 1802 sunt
1343 1747 1632 1811 exauditae,
1659 1745 1743 1804 vel

1851 574 2076 626 utuntur
2101 568 2186 626 his
2217 567 2374 636 male,
2405 570 2507 626 sibi
2533 570 2749 640 quidem
2783 574 2850 629 ad
2873 577 3165 645 perniciem
3203 589 3258 634 et
3285 595 3413 636 con-

1851 659 2268 732 demnationem,
2325 661 2579 720 Ecclesia:
2625 679 2751 720 vero
2811 667 2878 732 ad
2929 668 3312 726 testimonium.
3350 672 3416 728 Et

1851 750 1972 808 ideo
2027 751 2261 824 utrique,
2308 752 2432 808 licet
2484 755 2540 810 in
2581 756 2900 826 quibusdam
2927 773 3049 814 cum
3108 760 3220 817 Deo
3269 772 3415 828 sunt,

1850 851 2036 902 contra
2061 844 2227 900 Deum
2255 861 2378 902 esse
2410 847 2705 918 probantur
2732 849 2879 906 intus
2906 850 3128 920 forisve,
3159 855 3284 924 quia
3311 872 3416 911 non

1851 934 2142 990 secundum
2174 935 2340 990 Deum
2368 946 2496 998 sunt
2520 945 2575 993 et
2593 937 2924 1011 dispergunt.
2953 939 3239 1013 Sequitur:

1916 1025 2045 1084 Ideo
2070 1027 2188 1086 dico
2227 1028 2390 1096 vobis,
2431 1045 2581 1088 omne
2621 1042 2884 1104 peceatum
2913 1045 2960 1090 et
2989 1034 3305 1108 blasphemia
3345 1054 3424 1102 re-

1849 1116 2081 1174 mittetur
2125 1117 2440 1185 liominibus,
2485 1121 2697 1192 spiritus
2746 1136 2918 1179 autent
2963 1124 3294 1196 blasphemiae
3319 1146 3424 1188 non

1849 1209 2136 1268 remittetur
2165 1209 2479 1268 hominibus.
2527 1212 2594 1268 Et
2635 1216 2926 1286 quicunque
2968 1217 3158 1274 dixerit
3215 1221 3423 1276 verbum

1847 1310 2028 1360 contra
2049 1299 2248 1356 Filium
2267 1303 2490 1358 hominis
2517 1306 2804 1362 remittetur
2824 1307 2904 1372 ei;
2923 1309 3010 1379 qui
3032 1318 3203 1364 autem
3234 1309 3422 1366 dixerit

1847 1401 2028 1448 contra
2061 1391 2311 1462 Spiritum
2343 1406 2598 1462 sanetum,
2635 1413 2739 1452 non
2767 1398 3056 1460 remittetur
3075 1401 3146 1466 ei,
3171 1417 3334 1472 neque
3367 1401 3422 1454 in

1845 1482 1942 1535 hoc
1994 1483 2207 1548 smculo,
2259 1501 2418 1556 neque
2467 1487 2522 1540 in
2572 1488 2770 1557 futuro.
2831 1487 2984 1558 Quod
3035 1505 3165 1546 sane
3213 1492 3422 1563 capitu-

1846 1573 1954 1630 lum
2007 1577 2447 1634 obscurissimum
2483 1594 2603 1636 esse
2647 1581 2840 1652 probat
2885 1583 3284 1656 praeclarissimi
3328 1585 3423 1640 do-

1845 1665 2012 1720 ctoris
2061 1667 2343 1738 Augustini
2400 1670 2672 1742 ingenium
2704 1713 2720 1740 ,
2771 1673 2837 1730 de
2891 1689 3000 1745 quo
3056 1674 3122 1732 ad
3167 1673 3420 1746 populum

1846 1758 2028 1816 multis
2078 1760 2434 1832 quaestionum
2482 1761 2805 1820 declamavit
2857 1766 3160 1822 sententiis.
3209 1765 3267 1820 ln
3315 1779 3424 1835 quo

163 1828 526 1900 elecmosyna:
557 1847 666 1888 non
700 1842 825 1888 sunt
854 1844 1092 1904 accepta-
1141 1835 1278 1906 (Act.
1323 1852 1378 1902 x,
1411 1838 1523 1908 3i).
1551 1837 1663 1894 lmo
1689 1847 1737 1893 et

1847 1823 2241 1923 reprehendere
2284 1854 2462 1910 nullus
2515 1871 2620 1912 non
2657 1857 2834 1922 debet,
2862 1858 2908 1912 si
2953 1858 3080 1930 quid
3124 1857 3246 1928 pius
3269 1823 3422 1914 labor

164 1918 418 1989 angelum
462 1920 530 1976 ad
577 1935 635 1976 se
683 1922 908 1980 missum
937 1927 1133 1981 meruit
1184 1927 1414 1994 intueri;
1466 1931 1562 1988 sed
1611 1931 1736 2001 quia

161 2011 426 2078 prodesse
454 2012 528 2067 illi
587 2028 650 2068 ea
699 2029 805 2070 non
852 2025 1118 2088 poterant,
1177 2020 1276 2075 nisi
1323 2037 1419 2092 per
1467 2022 1739 2079 vinculum

162 2102 490 2158 Christiana:
541 2105 816 2162 societatis
862 2116 914 2162 et
962 2109 1131 2178 pacis,
1194 2121 1252 2166 ut
1305 2112 1742 2182 incorporaretur

167 2192 452 2260 Ecclesiae,
473 2194 691 2264 iubetur
742 2197 956 2255 mittere
988 2201 1054 2255 ad
1076 2200 1316 2270 Petrum,
1352 2211 1628 2274 quatenus
1645 2219 1742 2275 per

167 2297 297 2336 eum
326 2284 496 2340 discat
521 2285 812 2354 Christum,
842 2298 897 2343 et
930 2303 1025 2358 per
1052 2290 1195 2346 illum
1221 2292 1385 2350 etiam
1411 2293 1736 2363 baptizatus,

163 2372 220 2426 in
260 2376 532 2430 consortio
565 2392 732 2432 sacra:
781 2381 1178 2436 communionis
1217 2392 1271 2438 et
1300 2383 1523 2438 unitatis
1559 2385 1740 2440 Eccle-

160 2465 258 2522 sia:
288 2465 648 2537 colligeretur.
684 2467 934 2540 Alioquin
965 2472 1009 2526 si
1035 2471 1200 2528 nollet
1225 2472 1422 2529 bonum
1461 2475 1602 2544 quod
1633 2490 1738 2529 non

162 2556 404 2612 habebat
457 2558 732 2620 societatis
784 2557 984 2616 Christi
1038 2571 1092 2616 et
1138 2561 1394 2618 Ecclesim
1440 2564 1736 2634 suscipere,

161 2647 502 2720 dispergeret
526 2650 580 2704 in
609 2665 716 2724 quo
747 2660 930 2708 contra
961 2651 1237 2707 Christum
1277 2661 1412 2718 erat,
1443 2664 1741 2726 contraque

159 2739 280 2808 ejus
311 2738 607 2795 Ecclesiam
638 2742 955 2812 superbiens
981 2741 1112 2799 foris
1143 2759 1205 2799 ex
1233 2760 1298 2799 eo
1325 2745 1466 2818 quod
1487 2745 1734 2802 habebat.

163 2821 398 2886 Videtur.
413 2833 594 2904 itaque
613 2832 858 2890 Christus
886 2836 938 2888 in
962 2837 1064 2891 hac
1084 2837 1370 2903 sententia,
1397 2846 1451 2892 et
1469 2838 1560 2907 qui
1595 2838 1738 2894 intus

158 2932 308 2991 sunt,
346 2935 402 2979 et
447 2925 536 2996 qui
585 2926 732 2989 foris,
773 2936 1029 2999 utrosque
1077 2937 1323 2998 tangere;
1357 2928 1400 2985 si
1431 2938 1523 2983 aut
1549 2928 1620 2983 illi
1649 2930 1739 3002 qui

155 3027 313 3072 extra
365 3027 490 3072 sunt
539 3017 802 3073 voluerint
850 3019 1074 3074 introire
1112 3037 1232 3074 cum
1269 3019 1503 3088 Christo,
1547 3021 1655 3076 sint
1685 3021 1738 3076 in

157 3107 404 3163 Ecclesia
428 3125 699 3178 unumque
728 3125 923 3182 corpus
961 3109 1124 3178 ﬁant;
1157 3121 1248 3166 aut
1275 3113 1322 3167 si
1345 3111 1423 3168 illi
1456 3113 1544 3184 qui
1583 3115 1734 3168 intus

159 3215 292 3262 sunt
320 3221 385 3262 ac
405 3206 450 3266 si
485 3206 536 3260 in
571 3207 728 3262 domo
769 3208 882 3278 jam
925 3207 1136 3262 collecti
1187 3207 1456 3264 noluerint
1486 3207 1738 3280 colligere

157 3313 284 3352 cum
312 3297 551 3363 Christo,
580 3307 635 3352 et
660 3313 950 3369 aggregare
977 3299 1226 3365 virtutes,
1257 3307 1316 3354 ut
1361 3299 1582 3356 stabiles
1611 3315 1736 3370 per-

157 3398 415 3444 maneant
445 3386 676 3454 fundati,
709 3397 763 3444 et
781 3383 1107 3446 constabiliti
1132 3406 1296 3462 super
1331 3400 1564 3462 petram.
1589 3391 1736 3458 Quo-

157 3481 310 3536 niam
329 3479 431 3552 |qui
471 3495 632 3550 super
674 3496 895 3536 arenam
926 3481 1194 3538 aediﬁcant
1227 3483 1441 3537 domum
1470 3498 1622 3537 suam
1641 3523 1654 3547 ,
1684 3489 1737 3536 et

161 3572 532 3628 thesaurizant
582 3572 687 3627 sibi
739 3573 876 3628 iram
939 3573 990 3627 in
1037 3573 1122 3627 die
1170 3571 1285 3639 irae,
1341 3569 1442 3644 ipsi
1471 3588 1578 3627 non
1613 3589 1735 3626 cum

157 3663 382 3718 Christo
420 3673 767 3733 congregant,
802 3662 892 3734 qui
929 3671 1013 3716 est
1050 3669 1226 3732 petra,
1261 3671 1319 3716 ut
1349 3663 1586 3716 habeant
1624 3669 1733 3715 sta-

155 3754 270 3808 bile
302 3752 724 3816 fundamentum,
761 3755 854 3808 sed
889 3753 1224 3828 dispergunt.
1259 3753 1394 3820 Quia
1421 3767 1542 3805 cum
1569 3749 1735 3806 ﬂave-

159 3844 236 3897 rit
281 3859 378 3898 eos
424 3852 610 3898 ventus
678 3850 733 3896 et
779 3858 932 3908 aura,
983 3850 1268 3913 raptantur
1331 3841 1436 3894 huc
1477 3839 1732 3908 illucque,

161 3932 327 4002 quasi
349 3931 520 4002 pulvis
544 3942 661 3988 ante
680 3931 871 3988 faciem
903 3933 1069 3988 venti.
1091 3933 1159 3987 Et
1191 3932 1312 3986 ideo
1344 3931 1434 4003 qui
1459 3930 1590 3986 foris
1608 3940 1735 3987 sunt

160 4036 262 4078 seu
297 4022 487 4093 pagani
521 4039 610 4078 seu
647 4022 908 4088 haeretici,
954 4022 1082 4078 licet
1133 4023 1366 4077 habeant
1397 4031 1733 4078 sacramenta

155 4115 278 4179 Dei,
331 4115 384 4168 in
438 4113 630 4184 quibus
668 4114 806 4170 forte
837 4116 1069 4170 virtutes
1105 4125 1420 4186 operantur,
1457 4131 1561 4171 non
1611 4132 1734 4171 cum

155 4205 271 4260 Deo
309 4214 458 4271 sunt,
493 4207 617 4278 quia
652 4206 704 4260 in
738 4205 977 4263 Ecclesia
999 4223 1106 4262 non
1135 4215 1282 4273 sunt,
1319 4223 1494 4276 neque
1529 4208 1582 4262 in
1613 4207 1734 4262 uni—

158 4307 270 4352 tate
293 4298 440 4368 pacis
465 4313 560 4370 per
583 4297 846 4370 Spiritum
869 4308 1114 4356 sanctum
1133 4308 1504 4373 aggregantur,
1532 4301 1734 4356 idcirco

155 4391 422 4444 adversus
447 4390 612 4445 Deum
641 4400 784 4446 sunt.
816 4391 1082 4446 Similiter
1109 4402 1164 4446 et
1179 4392 1270 4462 qui
1299 4391 1448 4447 intus
1477 4401 1603 4448 sunt
1635 4407 1733 4463 per

154 4489 559 4536 sacramentum
600 4481 849 4552 baptismi
892 4482 945 4536 in
992 4483 1175 4548 domo,
1207 4497 1308 4537 nec
1357 4491 1536 4538 tamen
1565 4482 1731 4537 mdifi-

155 4579 284 4624 cant
313 4585 472 4640 super
496 4578 726 4640 petram,
749 4585 868 4640 qua:
892 4569 1139 4626 Christus
1167 4581 1270 4637 est,
1297 4573 1610 4644 dispergunt
1648 4589 1731 4628 se-

157 4663 436 4734 mctipsos,
465 4663 589 4732 quia
640 4660 848 4716 noll’unt
882 4661 1133 4733 colligere
1176 4664 1474 4740 inlunitate
1505 4663 1728 4730 Christi,

155 4765 214 4808 ut
242 4756 352 4810 sint
385 4755 439 4809 in
465 4753 704 4811 Ecclesia
729 4755 842 4818 Dei,
863 4765 918 4810 et
940 4756 1037 4826 ipsi
1063 4772 1227 4810 unum
1261 4757 1312 4809 in
1341 4755 1499 4827 557
1526 4757 1731 4825 Spiritu

154 4858 352 4902 sancto
378 4847 753 4917 concorporati
801 4855 855 4901 et
902 4847 1189 4901 coadunati
1219 4847 1271 4900 in
1307 4837 1728 4916 vinculo‘pacis.

155 4938 301 4994 Hinc
349 4955 562 5010 quoque
609 4939 875 5011 colligitur
922 4938 1048 4993 hinc
1077 4939 1218 5003 inde,
1269 4940 1414 5009 quod
1458 4955 1729 5009 nunquam

151 5044 362 5100 corpus
394 5030 598 5084 Diaboli
629 5046 748 5084 cum
777 5029 994 5085 Christo
1024 5039 1128 5095 est,
1161 5043 1333 5099 neque
1363 5044 1484 5084 cum
1532 5044 1598 5084 eo
1623 5030 1729 5084 col-

151 5124 278 5192 ligit
328 5123 471 5176 intus
525 5122 742 5188 forisve,
775 5123 1070 5177 secundum
1105 5123 1420 5178 interiorem
1455 5124 1728 5178 hominem

149 5219 246 5288 qui
283 5226 574 5272 renovatur
597 5217 663 5272 de
692 5217 778 5271 die
807 5219 858 5270 in
887 5217 1026 5270 diem
1049 5217 1101 5269 in
1126 5215 1449 5288 agnitionem
1466 5217 1731 5282 veritatis,

150 5317 212 5362 et
241 5307 592 5361 consociatur
638 5320 734 5376 per
786 5305 1109 5359 charitatem
1138 5304 1190 5358 in
1238 5305 1443 5360 unitate
1491 5306 1732 5375 corporis

149 5395 384 5451 Christi.
419 5393 569 5449 Licet
597 5393 843 5447 nonnulla
889 5399 1352 5448 sacramentorum
1376 5393 1470 5448 Dei
1501 5395 1735 5449 habeant

151 5486 446 5551 beneﬁcia,
473 5487 526 5540 in
555 5485 748 5556 quibus
777 5501 898 5539 cum
933 5485 1043 5540 Deo
1074 5487 1217 5540 intus
1263 5484 1461 5540 ferisve
1487 5499 1607 5540 esse
1654 5486 1729 5540 vi-

149 5580 410 5641 deantur,
443 5587 621 5631 tamen
675 5576 990 5630 Antichristi
1034 5574 1156 5643 jure
1203 5575 1472 5638 dicuntur,
1516 5576 1640 5644 quia
1677 5575 1730 5629 in

149 5670 348 5726 multis
390 5678 578 5724 contra
624 5685 746 5724 cum
805 5683 925 5724 esse
958 5668 1275 5739 probantur,
1321 5669 1570 5738 quamvis
1624 5681 1730 5723 non

147 5771 353 5826 contra
383 5761 698 5826 Ecclesium,
731 5759 824 5816 sed
863 5775 960 5831 pro
1007 5759 1245 5816 Ecclesia
1277 5760 1384 5814 sint
1410 5760 1462 5812 in
1495 5774 1558 5813 eo
1588 5759 1730 5830 quod

1844 1951 2028 1998 noster
2051 1952 2107 1998 et
2144 1942 2428 2009 industria,
2476 1960 2540 2000 ex
2568 1945 2674 2011 his,
2706 1945 2844 2000 ultra
2893 1945 3091 2016 aliquid
3118 1946 3419 2018 pepererit;

1843 2040 1898 2087 et
1931 2034 2072 2102 quod
2117 2034 2336 2104 grandia
2385 2045 2439 2087 et
2479 2035 2810 2090 incredibilia
2853 2051 3114 2092 conamur
3145 2045 3333 2092 tenues
3366 2043 3422 2092 et

1841 2124 2019 2192 exigui
2053 2123 2232 2179 nullus
2254 2138 2350 2180 nos
2384 2125 2680 2196 deSpicere,
2706 2127 2959 2195 quoniam
2990 2141 3184 2198 magna
3210 2135 3335 2183 sunt
3365 2134 3419 2184 et

1842 2211 2037 2266 eximia
2079 2227 2198 2282 qum
2247 2220 2557 2269 tractamus.
2609 2212 2758 2270 Unde
2808 2216 2852 2270 si
2899 2215 3018 2285 plus
3049 2216 3337 2280 audemus,
3367 2225 3422 2270 et

1840 2301 2217 2370 prmsumimus
2247 2316 2406 2372 quam
2438 2304 2578 2372 quod
2623 2319 2926 2374 possumus,
2971 2320 3152 2376 quaeso
3184 2321 3252 2361 ne
3296 2304 3416 2376 quis

1839 2392 2153 2460 praescribat
2183 2391 2379 2448 donum
2401 2393 2586 2461 gratiae
2607 2393 2978 2459 interclusum,
3002 2395 3190 2450 saltem
3216 2396 3414 2450 bonum

1840 2481 1982 2550 quod
2010 2481 2276 2550 cupimus.
2329 2481 2594 2550 Quoniam
2643 2499 2747 2538 non
2785 2483 2956 2538 solum
3004 2485 3293 2540 obscurum
3333 2491 3416 2538 est

1841 2567 1908 2623 de
1961 2584 2069 2640 quo
2114 2571 2393 2640 quaeritur,
2431 2586 2616 2626 verum
2660 2573 2823 2626 etiam
2870 2571 3023 2626 valde
3071 2587 3416 2641 pernecessa-

1841 2662 1979 2716 rium
2025 2673 2085 2716 ut
2129 2661 2480 2733 intelligatur,
2521 2674 2574 2718 et
2621 2664 2772 2719 valde
2826 2663 3062 2719 terribile
3096 2679 3216 2718 cum
3261 2663 3416 2724 intel-

1840 2750 2036 2806 lectum
2067 2749 2230 2806 fuerit
2255 2753 2397 2821 quod
2427 2752 2658 2807 dicitur:
2687 2752 2852 2808 Omne
2878 2763 3144 2824 peccatum
3174 2763 3220 2806 et
3248 2751 3414 2807 omnis

1840 2841 2159 2911 blasphemia
2203 2843 2490 2896 remittetur
2533 2843 2848 2908 hominibus,
2888 2843 2977 2913 qui
3011 2852 3182 2896 autem
3226 2842 3416 2896 dixerit

1841 2943 2021 2990 contra
2049 2932 2302 3006 Spiritum
2328 2943 2585 3001 sanctum,
2620 2950 2722 2988 non
2751 2936 3038 2989 remittetur
3073 2936 3142 3000 ei,
3174 2951 3334 3005 neque
3360 2935 3413 2988 in

1839 3024 1935 3078 hoc
1972 3023 2188 3090 steculo,
2238 3041 2400 3096 neque
2440 3026 2496 3078 in
2536 3025 2733 3094 futuro.
2782 3025 2930 3080 Solet
2979 3040 3209 3096 namque
3236 3041 3322 3080 res
3349 3041 3416 3081 ex

1842 3115 2127 3170 collatione
2159 3115 2509 3186 interpretum
2558 3115 2748 3170 melius
2799 3114 3046 3188 intelligi,
3091 3117 3225 3172 solet
3267 3124 3321 3170 et
3349 3132 3414 3171 ex

1766 3178 1811 3242 (ἶ
1843 3205 2122 3262 sententiis
2166 3178 2456 3261 Doctorum
2488 3205 2696 3261 collatis
2725 3178 3047 3277 deprehendi
3090 3207 3232 3277 quod
3261 3205 3412 3272 latet,

1837 3307 1892 3352 et
1924 3307 1982 3352 ut
2011 3297 2220 3370 plenius
2254 3298 2686 3369 apprehendatur
2714 3298 2765 3352 in
2814 3297 3014 3370 Spiritu
3055 3307 3243 3353 sancto
3271 3297 3415 3368 quod

1837 3401 2010 3462 patet;
2042 3391 2182 3446 unde
2212 3392 2354 3446 inter
2387 3406 2444 3446 se
2492 3391 2958 3461 Evangelistarum
2994 3389 3210 3446 collatio
3252 3405 3412 3460 quam

1839 3496 1977 3552 smpe
2003 3482 2300 3552 pleniorem
2327 3481 2500 3537 reddit
2532 3481 2959 3553 intelligentiam,
3001 3491 3060 3536 ut
3099 3483 3409 3552 imprmsen-

1839 3575 2033 3628 tiarum
2062 3571 2270 3628 Marcus
2291 3574 2386 3637 ait,
2419 3571 2509 3642 qui
2537 3587 2727 3628 causas
2767 3581 2926 3628 tantae
2957 3573 3051 3628 irae
3075 3571 3413 3632 manifestius

1836 3665 2134 3736 expressit:
2171 3664 2308 3730 Quia
2336 3663 2594 3730 dicebant,
2629 3665 2819 3736 inquit,
2863 3681 2982 3719 eum
3022 3666 3260 3736 spiritum
3307 3665 3411 3718 im-

1834 3755 2085 3810 mundum
2123 3756 2309 3808 habere
2353 3752 2542 3824 (Marc.
2597 3769 2692 3819 Ill,
2731 3754 2844 3827 50),
2895 3754 3034 3825 quod
3079 3763 3133 3810 et
3176 3769 3413 3826 praesens

1836 3835 2174 3917 Evangelista
2199 3861 2263 3900 ex
2295 3846 2480 3900 eadem
2511 3843 2844 3915 blasphemia
2873 3845 3013 3901 hanc
3039 3846 3224 3901 venire
3244 3846 3412 3900 inter»

1835 3937 2147 3994 minationis
2174 3933 2338 4008 558
2377 3935 2736 4000 occasionem,
2777 3935 2889 3990 suis
2917 3935 3158 3992 declarat
3177 3935 3408 4001 indiciis,

1835 4032 1958 4102 quia
1991 4030 2242 4085 dicebant
2283 4043 2402 4084 eum
2450 4027 2504 4081 in
2531 4026 2827 4083 Beelzebub
2872 4027 3167 4096 principem
3205 4027 3406 4081 daemo-

1836 4123 2047 4177 niorum
2078 4119 2272 4190 ejicere
2301 4118 2584 4174 dmmonia.
2617 4117 2900 4185 Quoniam,
2936 4118 3076 4172 sicut
3097 4117 3246 4172 novit
3275 4117 3409 4173 fides

1833 4212 2120 4278 catholica,
2149 4213 2201 4266 in
2239 4210 2441 4281 Spiritu
2482 4217 2668 4265 sancto
2705 4210 2880 4264 omnis
2925 4209 3171 4266 remissio
3199 4209 3257 4263 ilt
3285 4223 3411 4280 pec-

1835 4311 2097 4367 catorum,
2132 4300 2309 4355 omnis
2351 4299 2730 4355 sanctificatio.
2760 4297 2818 4353 In
2847 4313 2956 4369 quo
2982 4299 3122 4354 dono
3147 4299 3403 4352 virtutum
3435 4297 3438 4300 ’

1832 4392 2013 4450 omnia
2045 4391 2312 4447 donantur
2340 4392 2497 4445 dona.
2531 4389 2587 4444 Si
2618 4390 2738 4460 quis
2757 4403 2884 4458 ergo
2908 4388 2962 4442 in
2983 4401 3048 4444 eo
3068 4388 3408 4459 blasphema-

1834 4489 1992 4550 verit,
2015 4483 2068 4537 in
2093 4499 2199 4553 quo
2227 4490 2352 4538 sunt
2377 4483 2491 4537 haec
2517 4482 2696 4536 omnia
2735 4478 3078 4550 perfectionis
3105 4494 3409 4563 sacramen;

1838 4584 1912 4640 ta,
1945 4573 2211 4644 quomodo
2240 4572 2494 4641 consequi
2539 4577 2716 4640 potest
2763 4570 3134 4626 remissionem
3163 4580 3412 4641 peccato-

1838 4669 1992 4722 rum?
2039 4666 2145 4719 Aut
2185 4664 2450 4734 quomodo
2483 4661 2905 4718 sanetiilcabitur
2945 4662 3014 4717 ab
3056 4663 3410 4718 immunditiis

1838 4761 1991 4815 suis?
2021 4759 2114 4813 Vel
2165 4756 2434 4828 quomodo
2485 4755 2681 4809 donum
2736 4757 2961 4825 accipiet
2997 4756 3234 4827 aliquod,
3283 4767 3406 4810 cum

1837 4848 2198 4906 exsecraverit
2233 4862 2353 4906 eum
2379 4847 2430 4899 in
2451 4859 2558 4915 quo
2592 4854 2718 4899 sunt
2741 4845 2919 4899 omnia
2949 4846 3087 4900 dona
3114 4843 3412 4900 virtutum?

1839 4939 2095 5007 Quamvis
2143 4937 2306 5008 igitur
2356 4935 2518 4990 Pater
2564 4937 2724 4990 donet
2781 4936 3136 5006 quodcunque
3176 4935 3405 4999 donum,

1834 5030 1998 5084 etiam
2028 5042 2087 5082 se
2129 5035 2181 5081 et
2229 5025 2441 5090 Filium,
2471 5025 2612 5094 quod
2643 5023 2815 5094 majus
2834 5033 2918 5080 est
2945 5025 3194 5080 omnibus
3231 5024 3404 5089 donis,

1837 5121 2049 5176 nonnisi
2112 5121 2162 5173 in
2212 5117 2412 5188 Spiritu
2472 5125 2657 5173 sancto
2701 5118 2862 5172 donat
2905 5115 3066 5170 Pater
3118 5123 3172 5170 et
3218 5114 3406 5179 Filius,

1836 5214 1962 5286 quia
1991 5214 2100 5282 ipse
2129 5213 2407 5266 amborum
2438 5219 2521 5266 est
2542 5212 2759 5266 donum.
2792 5210 2926 5265 Cum
2951 5218 3129 5263 autem
3173 5208 3286 5278 ipse
3307 5209 3403 5264 do-

1837 5313 2014 5367 natur,
2046 5318 2170 5358 vere
2198 5303 2454 5373 quidquid
2489 5309 2820 5358 contractum
2857 5309 2969 5363 est,
3015 5310 3074 5354 ut
3109 5299 3182 5355 ita
3213 5299 3403 5364 fatear,

1838 5405 2023 5452 contra
2045 5395 2257 5450 Patrem
2284 5403 2338 5449 et
2359 5394 2574 5459 Filium,
2597 5392 2922 5462 blasphemia
2949 5391 3028 5445 vel
3053 5399 3328 5462 peccatum
3351 5393 3405 5447 in

1836 5503 1902 5544 eo
1927 5488 2236 5549 remittitur,
2268 5487 2319 5540 in
2352 5503 2458 5557 quo
2475 5485 2650 5540 omnis
2665 5483 2912 5538 remissio
2931 5483 3117 5548 datur;
3151 5482 3236 5539 vel
3259 5483 3314 5537 in
3340 5499 3407 5540 eo

1837 5587 2064 5649 negatur
2091 5580 2202 5648 ipsa
2231 5578 2476 5632 remissio
2499 5574 2724 5645 peccati,
2752 5583 2807 5627 et
2832 5573 3164 5644 blasphemia
3195 5583 3408 5629 tenetur

1836 5669 1890 5722 in
1906 5669 2150 5732 crimine,
2169 5669 2290 5722 dum
2321 5667 2432 5735 ipse
2449 5664 2786 5733 blasphemat
2805 5663 2857 5718 in
2881 5675 2989 5733 quo
3016 5664 3190 5721 Patris
3211 5675 3264 5720 et
3283 5665 3406 5722 Filii

1835 5759 2013 5813 omnia
2042 5767 2165 5813 sunt
2193 5759 2350 5812 dona.
2382 5756 2500 5821 Quo
2524 5756 2666 5819 dato,
2689 5754 2828 5810 Deus
2857 5764 2964 5810 tota
2985 5756 3220 5812 Trinitas
3246 5758 3403 5813 habe-
