4004 6362
613 340 711 395 471

1420 341 1479 397 S.
1518 339 1875 399 PASCHASII
1910 342 2257 400 RADBERTI
2292 344 2584 403 ABBATIS
2624 345 3073 405 CORBEIENSIS
3718 367 3797 421 8⁸12

612 463 721 519 tur,
754 457 1014 519 creditur,
1062 464 1118 508 et
1148 468 1379 509 amatur.
1429 453 1546 523 Quo
1583 462 1799 526 negato,
1835 455 2042 511 nullum
2073 470 2197 527 pec-
2224 459 2275 519 Α
2300 473 2576 529 nunquam
2602 461 2817 517 veniam
2844 460 3164 527 merebitur,
3189 462 3279 532 qui
3320 463 3386 519 ab
3414 463 3741 541 intercessore,
3760 495 3797 538 ει

609 551 794 602 catum
845 544 1097 614 nullaque
1146 544 1482 616 blasphemia
1532 545 1863 612 remittitur,
1914 547 2042 603 dum
2082 548 2199 619 ipse

606 635 1040 708 blasphematur,
1093 644 1147 692 et
1193 637 1381 692 dicunt
1421 636 1539 707 ejus
1588 653 1751 709 opera
1792 655 1912 695 esse
1940 639 2199 710 principis

608 728 1025 791 daemoniorum,
1073 728 1127 783 in
1167 744 1274 798 quo
1301 730 1472 801 gratia
1502 728 1751 794 donatur,
1802 738 1857 786 et
1883 731 2059 786 omnis
2097 732 2197 784 im-

605 819 888 889 posnitudo
917 819 1095 875 cordis
1125 819 1371 876 solvitur.
1404 819 1559 876 Unde
1597 828 1815 877 sanctus
1839 829 1991 892 pater
2014 822 2198 893 Augu-

603 910 782 965 stinus
830 918 953 981 post
1004 918 1321 982 argumenta
1373 911 1525 966 varia
1576 925 1757 967 rerum
1785 951 1801 976 ,
1842 919 1963 981 post
2008 925 2198 967 omnes

602 1000 1005 1071 prepositiones
1060 1002 1462 1073 Scripturarum
1491 1043 1506 1069 ,
1573 1011 1696 1073 post
1762 1002 2196 1074 syllogismorum

606 1092 923 1148 acutissima
953 1093 1372 1164 epicheremata,
1404 1100 1527 1165 post
1547 1093 1977 1150 introduCtiones
2008 1093 2195 1150 deﬁni-

604 1181 816 1237 tionum
844 1182 1155 1251 latissimas,
1190 1182 1428 1253 Spiritus
1453 1186 1629 1241 sancti
1673 1185 2067 1256 blasphemiam
2095 1188 2197 1243 im-

600 1274 998 1344 ptenitudinem
1044 1274 1224 1331 cordis
1256 1289 1377 1331 esse
1404 1276 1558 1332 dixit.
1589 1276 1855 1345 Quoniam
1877 1279 2019 1334 sicut
2035 1293 2198 1335 nemo

602 1368 708 1422 nisi
741 1367 794 1422 in
832 1367 1035 1439 Spiritu
1078 1377 1268 1425 sancto
1310 1367 1598 1424 Dominum
1629 1364 1815 1426 Jesurii
1840 1370 1994 1438 dicit,
2022 1385 2196 1441 neque

602 1474 730 1513 cum
757 1460 1023 1537 operibus
1042 1460 1232 1516 salutis
1262 1460 1508 1517 conﬁteri
1533 1462 1637 1518 nisi
1678 1463 1732 1517 in
1773 1478 1839 1519 eo
1864 1471 2043 1534 potest
2073 1478 2088 1518 :
2120 1465 2195 1519 ita

601 1567 703 1607 nec
730 1552 998 1623 poenitere
1026 1568 1058 1606 a
1087 1554 1349 1622 peccatis,
1375 1562 1430 1609 et
1458 1553 1811 1625 blasphemiis
1839 1570 2058 1611 cessare
2097 1571 2194 1609 va-

598 1642 691 1698 let.
727 1643 940 1725 Quanto
966 1644 1140 1714 magis
1167 1644 1261 1714 qui
1288 1642 1575 1700 manifeste
1603 1644 1852 1717 intelligit
1878 1660 2042 1716 opera
2074 1645 2193 1712 Dei,

600 1751 722 1791 cum
747 1737 814 1791 de
840 1736 1041 1792 virtute
1067 1751 1269 1809 negare
1291 1752 1400 1793 non
1428 1746 1631 1808 potest,
1655 1737 1922 1794 diabolica
1953 1738 2195 1803 stinula-

2302 552 2720 620 sanctiﬁcatore,
2761 553 2814 608 id
2835 561 2943 621 est,
2966 569 2998 609 a
3027 551 3231 623 Spiritu
3260 566 3439 611 sancto
3460 557 3712 629 deseritur,
3731 570 3798 636 qui

2300 650 2382 698 est
2408 644 2657 699 remissio
2678 645 2918 700 omnium
2948 652 3312 715 peccatorum.
3342 645 3487 702 Unde
3509 661 3585 705 est
3604 655 3724 721 quod
3741 657 3801 711 di.

2299 736 2443 791 citur
2466 726 2741 809 :-Accipite'
2754 736 3009 808 Spiritum
3036 747 3306 802 sanctum;
3328 754 3536 808 quorum
3562 746 3803 803 remiseritis

2298 836 2531 897 peccata,
2548 814 2881 881 remittuntur
2899 827 2973 881 eis
2988 836 3066 891 ;et
3085 843 3305 898 quorum
3327 829 3637 896 retinueritis,
3650 844 3804 890 retenta

2299 926 2451 971 erunt
2478 917 2659 989 (Joan.
2710 933 2804 982 xx,
2855 916 2966 989 25).
3027 916 3086 971 In
3116 932 3222 986 quo
3268 917 3429 989 igitur
3464 928 3609 989 putas
3645 924 3803 980 remitti

2298 1017 2544 1080 peccata,
2574 1023 2697 1064 cum
2727 1007 2990 1079 accipitur
3018 1008 3200 1075 venia,
3230 1009 3331 1064 nisi
3359 1009 3413 1064 in
3439 1008 3626 1080 Spiritu
3645 1024 3805 1081 sancto,

2299 1100 2393 1171 qui
2430 1100 2592 1155 datur
2618 1100 2989 1166 credentibus,
3019 1098 3275 1170 quoniam
3317 1098 3488 1154 Patris
3512 1111 3563 1156 et
3594 1099 3698 1156 Filii
3717 1112 3807 1168 est;

2298 1193 2404 1248 hoc
2452 1207 2620 1247 unum
2666 1192 2933 1263 optimum
2975 1198 3031 1246 et
3071 1188 3525 1262 perfectissimum
3567 1192 3733 1248 donum
3770 1195 3809 1248 in

2297 1300 2407 1356 quo
2434 1284 2706 1340 donantur
2732 1283 2940 1354 reliqua
2982 1284 3144 1348 dona,
3173 1297 3281 1352 quo
3322 1291 3538 1355 negato,
3567 1293 3811 1355 negaturet

2297 1375 2478 1441 venia,
2508 1389 2629 1446 quae
2653 1374 2915 1446 accipitur
2956 1368 3166 1429 in‘vera
3195 1371 3431 1444 Spiritus
3467 1374 3627 1430 sancti
3652 1373 3814 1431 confes-

2298 1465 2470 1521 sione.
2516 1463 2781 1532 Quoniam
2812 1479 3003 1519 omnes
3040 1463 3132 1533 qui
3160 1478 3287 1519 vere
3311 1464 3367 1519 in
3396 1463 3571 1520 Jesum
3597 1463 3811 1521 Christum

2298 1555 2548 1620 credunt,
2571 1555 2775 1610 habent
2803 1553 3068 1625 Spiritum
3090 1562 3340 1609 sanctum
3361 1569 3457 1625 per
3473 1569 3621 1625 quem
3632 1556 3815 1611 chantas

2298 1635 2599 1702 Dei'Patris
2645 1652 2701 1699 et
2749 1643 2873 1699 Filii
2913 1643 3106 1700 diﬂ‘usa
3157 1654 3242 1700 est
3275 1645 3331 1700 in
3367 1644 3607 1701 cordibus
3646 1645 3815 1700 creden-

2300 1739 2455 1803 tium,
2488 1753 2610 1808 qute
2637 1737 2815 1808 operit
2845 1736 3248 1792 multitudinem
3282 1746 3633 1807 peccatorum.
3658 1733 3817 1789 Habent

596 1818 685 1883 tus
717 1829 938 1895 invidia,
978 1829 1345 1885 calumniatur
1383 1827 1660 1885 Christum
1708 1830 1805 1885 Dei
1838 1828 2097 1895 Verbum,
2132 1837 2188 1885 et
2216 1820 2263 1880 B
2290 1838 2345 1887 et
2373 1830 2600 1903 gratiam
2627 1830 2938 1886 remittendi
2974 1839 3218 1899 peccata,
3251 1837 3611 1884 verumtamen
3635 1842 3722 1881 non
3742 1824 3814 1879 nisi

596 1910 762 1990 opera
810 1920 1046 1990 Spiritus
1102 1922 1275 1977 sancti
1327 1934 1450 1977 esse
1512 1919 1835 1976 Beelzebub.
1880 1918 1997 1975 Non
2048 1918 2192 1990 quod

594 2029 706 2069 non
730 2014 1041 2069 remittatur
1065 2014 1146 2069 eis
1166 2013 1290 2069 talis
1310 2012 1642 2083 blasphemia
1665 2016 1711 2068 si
1741 2021 1917 2068 cesset
1944 2011 2193 2082 blasphe-

594 2119 769 2170 mare,
820 2103 1168 2175 perfecteque
1234 2104 1467 2160 voluerit
1498 2103 1803 2173 paenitere,
1853 2112 1910 2158 et
1944 2100 2192 2157 conﬁteri

596 2214 723 2256 eum
744 2198 861 2254 sine
889 2213 998 2269 quo
1026 2212 1185 2253 nemo
1216 2197 1344 2252 dicit
1369 2195 1657 2251 Dominum
1685 2194 1892 2251 Iesum.
1924 2193 2192 2261 Quoniam

594 2290 652 2345 in
682 2291 799 2361 ipso
828 2288 1103 2346 Christum
1134 2288 1422 2345 Dominum
1454 2286 1720 2352 conﬁteri,
1755 2287 1929 2356 magis
1969 2283 2191 2340 laudare

594 2388 703 2446 est,
730 2388 785 2435 et
808 2380 1057 2435 venerari
1101 2395 1265 2449 quam
1302 2378 1701 2449 blasphemare.
1733 2375 1887 2443 Quod
1932 2375 2191 2431 delictum

594 2467 1120 2539 blasphemiaejuxta
1143 2469 1612 2540 imposnitudinem
1628 2467 1826 2533 cordis,
1858 2467 2052 2521 talibus
2081 2481 2189 2521 non

595 2562 917 2628 dimittitur,
948 2576 1124 2632 neque
1154 2562 1209 2616 in
1250 2562 1508 2633 praesenti
1543 2561 1761 2626 saeculo,
1812 2576 1987 2630 neque
2015 2561 2068 2614 in
2102 2558 2188 2612 fu-

594 2662 749 2720 turo;
782 2670 1011 2724 quorum
1038 2670 1140 2711 nec
1184 2656 1407 2710 audacia
1455 2654 1621 2709 tantis
1670 2652 1968 2708 revincitur
2005 2649 2187 2715 minis,

593 2759 699 2799 nec
727 2744 1060 2815 impudentia
1088 2746 1253 2800 tantis
1282 2753 1570 2815 superatur
1598 2743 1882 2808 doctrinis,
1922 2757 2024 2797 nec
2057 2740 2191 2794 lides

595 2836 726 2906 (qua
750 2837 992 2892 sanctius
1009 2837 1146 2891 nihil
1168 2836 1275 2909 est)
1302 2836 1470 2891 tantis
1497 2835 1786 2890 instruitur
1811 2833 2008 2889 divinis
2027 2830 2192 2903 559

592 2926 843 2997 eloquiis.
891 2926 1149 2982 Exercuit
1175 2942 1305 3000 ergo
1350 2926 1601 2984 Christus
1629 2934 1818 2982 contra
1862 2939 1956 2980 eos
2008 2925 2090 2995 (ut
2114 2924 2190 2978 ita

591 3018 795 3090 dicam)
826 3020 1091 3075 orationis
1120 3035 1234 3075 suae
1261 3026 1600 3091 argumenta,
1626 3019 1700 3073 ita
1728 3016 1987 3072 divinitus
2019 3015 2189 3085 obpa-

592 3124 716 3168 cata
736 3113 939 3181 verbis,
962 3121 1024 3168 ut
1042 3113 1187 3168 intus
1207 3113 1327 3169 luce
1347 3111 1546 3167 clarius
1564 3110 1857 3165 exhibeant
1879 3107 2183 3173 veritatem,

2293 1921 2349 1976 in
2376 1921 2569 1977 eodem
2601 1920 2763 1993 560
2793 1920 3022 1991 Spiritu,
3060 1922 3114 1976 in
3152 1936 3262 1992 quo
3288 1929 3372 1977 est
3396 1935 3551 1976 omne
3573 1920 3759 1983 donum,
3779 1926 3819 1972 et

2292 2016 2470 2073 omnis
2496 2016 2670 2087 gratia
2700 2016 2886 2083 etiam,
2925 2024 2987 2070 ut
3014 2030 3155 2085 saepe
3188 2016 3393 2071 dictum
3423 2022 3527 2079 est,
3556 2022 3608 2067 et
3630 2009 3817 2065 remissio

2291 2110 2532 2166 omnium
2571 2117 2941 2180 peccatorum.
2973 2108 3043 2164 Et
3080 2110 3210 2178 quia
3241 2123 3342 2179 per
3367 2115 3641 2180 angustum
3665 2103 3820 2173 clepsy-

2292 2201 2406 2257 drae
2432 2209 2671 2255 meatum
2697 2198 2975 2255 inﬂuentis
3000 2213 3155 2268 aquae
3182 2197 3426 2269 pondere
3455 2193 3669 2252 cmlestis
3689 2190 3820 2246 minus

2292 2289 2599 2361 replemur,
2646 2288 2936 2358 minusque
2979 2286 3186 2343 sullusa
3236 2300 3392 2343 mens
3439 2283 3656 2356 Spiritus
3693 2276 3821 2335 sancti

2292 2382 2487 2454 gratia,
2516 2382 2583 2437 ad
2609 2397 2673 2437 ea
2708 2382 2854 2436 intus
2891 2380 3221 2451 prolabitur,
3262 2378 3467 2436 idcirco
3489 2373 3821 2432 circumductas

2291 2474 2465 2530 lineas
2518 2473 2713 2529 divinae
2755 2471 3149 2544 intelligentiae,
3209 2486 3348 2542 quas
3395 2469 3608 2540 spiritus
3645 2464 3726 2521 Dei
3754 2476 3823 2532 per

2290 2569 2481 2624 beatos
2528 2564 2901 2637 Evangelistas
2950 2564 3269 2623 modilicate
3312 2561 3588 2621 distinxit.
3630 2554 3821 2627 segnius.

2285 2659 2401 2730 jam
2427 2659 2711 2714 fatiscente
2751 2657 2907 2714 senio
2926 2697 2942 2723 ,
2970 2656 3230 2728 cymban
3254 2654 3454 2727 lingua:
3477 2661 3743 2709 monemur.
3778 2642 3822 2696 Et

2292 2752 2416 2808 ideo
2468 2752 2537 2807 ad
2580 2751 2802 2806 beatum
2850 2748 3223 2820 Augustinum
3275 2756 3332 2803 et
3375 2747 3443 2801 ad
3491 2743 3615 2799 alios
3659 2745 3823 2794 sanctos

2292 2843 2577 2909 Doctores,
2625 2842 2889 2898 lectorem
2936 2855 3120 2896 meum
3171 2838 3369 2910 paucis
3422 2834 3713 2908 fatigatum,
3751 2840 3823 2882 nec

2291 2945 2476 2991 tamen
2495 2934 2621 3005 jure
2649 2933 3013 3000 fastidiosum,
3045 2926 3299 3000 remitto,
3326 2931 3439 3003 ,qui
3465 2931 3529 2986 de
3570 2930 3663 2984 hoc
3703 2935 3824 2992 opere

2290 3029 2512 3100 propria
2547 3027 2767 3084 edidere
2794 3025 3077 3098 opuscula.
3130 3024 3363 3082 Interim
3393 3034 3566 3079 tamen
3590 3017 3713 3076 scire
3731 3026 3824 3068 con-

2291 3118 2474 3184 venit,
2508 3132 2632 3173 cum
2680 3117 2813 3173 dicit
2854 3135 2867 3170 :
2896 3116 3050 3184 Quod
3087 3113 3421 3188 blasphemia
3452 3111 3664 3184 Spiritus
3687 3101 3823 3164 sancti,

591 3201 727 3258 foris
754 3216 888 3257 vero
935 3216 1043 3256 non
1082 3200 1505 3273 intelligentibus
1547 3198 1777 3255 all‘erant
1808 3197 2180 3254 oli'cnsiouem.

2292 3228 2454 3280 neque
2501 3212 2556 3265 in
2596 3210 2694 3266 hoc
2744 3209 2940 3265 siccqu
2972 3251 2987 3275 ,
3047 3225 3216 3278 neque
3264 3211 3324 3263 in
3378 3208 3553 3279 futuro
3606 3198 3827 3258 remittitur

590 3293 883 3362 Quoniam,
914 3293 1111 3364 inquit,
1135 3309 1295 3349 omne
1323 3301 1605 3364 peccatum
1635 3300 1690 3347 et
1728 3290 2064 3360 blasphemia
2096 3305 2185 3346 re-

588 3374 837 3444 mittetur
868 3386 1201 3453 hominibus,
1230 3387 1275 3441 si
1298 3384 1530 3455 Spiritus
1572 3383 1905 3454 blasphemia
1952 3397 2047 3437 eos
2077 3398 2186 3438 non

590 3479 831 3536 tenuerit
844 3494 986 3535 reos.
1005 3478 1182 3534 Etiam
1202 3478 1510 3549 quicunque
1532 3475 1733 3531 dixerit
1755 3475 1980 3531 verbum
1998 3484 2187 3531 contra

591 3570 762 3627 ﬁlium
789 3571 1047 3636 hominis,
1077 3570 1385 3626 remittetur
1419 3568 1489 3623 ei.
1518 3566 1597 3622 Ac
1619 3567 1663 3622 si
1693 3566 1896 3621 diceret
1920 3583 1933 3620 :
1958 3565 2112 3633 Quod
2141 3566 2186 3621 si

591 3660 990 3717 scandalizatus
1018 3660 1216 3731 aliquis
1240 3659 1296 3713 in
1327 3671 1496 3713 carne
1522 3671 1642 3711 mea
1673 3654 1855 3721 fuerit,
1880 3664 1933 3711 et
1956 3670 2042 3710 me
2070 3662 2184 3709 tan-

592 3740 709 3808 tum
764 3754 1041 3809 hominem
1092 3752 1431 3815 arbitratus,
1480 3749 1625 3820 quod
1674 3747 1817 3803 ﬁlius
1864 3747 1967 3803 sim
2020 3746 2186 3813 fabri,

590 3849 757 3902 homo
785 3854 1027 3910 voratur,
1074 3853 1130 3900 et
1156 3845 1266 3899 vini
1296 3851 1531 3915 potator,
1579 3840 1916 3911 trabeamque
1958 3839 2184 3906 fratres;

591 3936 717 4013 talis
741 3928 933 4006 opinio
952 3944 1115 4005 atque
1144 3934 1479 4003 blasphemia
1506 3972 1523 3999 ,
1554 3947 1863 4004 quanquam
1892 3931 2049 4001 culpa
2077 3946 2185 3986 non

593 4037 778 4085 careat
807 4028 1032 4091 erroris,
1058 4035 1239 4081 tamen
1275 4025 1415 4082 forte
1437 4026 1601 4080 habet
1623 4026 1855 4081 veniam.
1887 4023 2004 4079 Non
2041 4023 2187 4095 quod

594 4121 641 4175 si
673 4118 1106 4190 perseveraverit
1134 4117 1189 4171 in
1224 4118 1329 4172 hac
1358 4115 1483 4172 ﬁdei
1509 4114 1863 4184 blasphemia,
1897 4115 1990 4171 sed
2028 4116 2073 4171 si
2103 4130 2190 4171 rc-

596 4211 803 4281 ceperit
830 4208 1228 4265 confessionem
1254 4223 1319 4262 ac
1341 4207 1732 4277 paenitudinem
1773 4206 1971 4273 cordis,
2013 4221 2082 4261 ne
2109 4205 2189 4260 vi-

595 4301 786 4357 deatur
815 4299 1197 4370 blasphemare
1238 4298 1292 4352 in
1326 4296 1531 4369 Spiritu
1560 4306 1768 4364 sancto,
1812 4312 1880 4352 ex
1906 4313 2013 4368 quo
2055 4312 2189 4352 con-

594 4400 783 4463 ceptus
850 4400 934 4448 est
1011 4391 1281 4448 Christus.
1363 4389 1618 4461 Alioquin
1692 4389 1962 4461 quomodo
2023 4389 2189 4445 etiam

592 4487 879 4542 harreticos
904 4494 1025 4557 post
1063 4484 1452 4555 blasphemiam
1499 4483 1733 4556 Spiritus
1774 4484 1946 4539 sancti
1975 4484 2188 4555 episco-

592 4597 693 4652 pos
721 4580 929 4659 scilicet
953 4596 1017 4635 ac
1048 4580 1394 4653 presbyteros
1413 4579 1633 4650 quidam
1663 4579 1719 4633 in
1741 4593 1899 4634 suum
1924 4578 2188 4649 recipient

593 4674 842 4746 gradum,
895 4688 1107 4728 necnon
1144 4681 1202 4727 et
1253 4689 1443 4729 omnes
1482 4672 1920 4742 hlasphemantes
1954 4669 2022 4725 ad
2072 4686 2186 4742 pm-

591 4769 898 4826 nitentiam.
936 4766 1092 4824 Unde
1140 4767 1485 4823 manifestum
1535 4776 1650 4831 est,
1700 4775 2046 4838 peccatorum
2101 4782 2188 4823 re-

594 4862 931 4929 missionem,
991 4875 1267 4932 nunquam
1315 4861 1432 4917 sine
1478 4860 1711 4934 Spiritus
1750 4860 1945 4939 sancti
1974 4860 2185 4919 confes-

593 4957 766 5023 sione,
801 4970 1077 5026 nunquam
1107 4954 1228 5010 sine
1256 4954 1610 5011 advocatione
1651 4955 1769 5025 ejus
1807 4955 1957 5021 ﬁeri;
2006 4967 2183 5024 neque

594 5046 714 5103 sine
739 5045 835 5102 illo
860 5060 1212 5117 quemquam,
1240 5053 1296 5099 ut
1327 5044 1575 5115 expedit,
1602 5045 1981 5116 ingemiscere,
2009 5060 2186 5115 neque

593 5136 733 5193 sicut
761 5143 996 5206 oportet,
1030 5148 1193 5190 orare
1233 5149 1332 5204 per
1362 5149 1439 5198 se,
1474 5132 1686 5189 dicente
1715 5133 2010 5205 Apostolo:
2043 5132 2184 5200 Quid

590 5230 730 5284 enim
757 5242 964 5283 oremus
992 5226 1127 5280 sicut
1155 5233 1375 5295 oportet,
1403 5222 1680 5286 nescimus,
1700 5224 1789 5277 sed
1820 5225 1927 5293 ipse
1959 5220 2184 5292 Spiritus

590 5318 817 5389 postulat
867 5334 963 5389 pro
1009 5316 1159 5372 nobis
1209 5314 1487 5387 gemitibus
1538 5313 1979 5368 inenarrabilibus
2008 5312 2180 5384 (Rom.

591 5426 688 5465 vm
706 5450 722 5476 ,
749 5409 865 5482 26).
893 5409 1052 5477 Nam,
1074 5409 1217 5465 sicut
1245 5407 1382 5473 dixi,
1407 5404 1577 5462 Nemo
1601 5415 1767 5477 potest
1797 5406 1968 5460 dicere
1996 5405 2184 5460 Domi-

593 5519 720 5557 num
748 5501 930 5557 Jesum
982 5503 1084 5557 nisi
1130 5503 1187 5557 in
1231 5500 1438 5572 Spiritu
1484 5508 1667 5554 sancto
1698 5496 1750 5567 (I
1799 5493 1922 5551 Cor.
1964 5512 2061 5561 xu,
2092 5496 2180 5568 5);

591 5594 738 5665 quod
773 5609 1061 5660 evacuare,
1106 5603 1164 5651 et
1190 5594 1371 5650 dicere
1399 5594 1456 5648 in
1494 5590 1798 5648 Beelzebub
1834 5589 2029 5661 ejicere
2072 5590 2183 5645 da:-

594 5688 798 5752 monia,
827 5686 913 5742 vel
959 5688 1012 5742 in
1060 5702 1126 5743 eo
1173 5687 1390 5759 Operari
1431 5702 1553 5757 quae
1602 5687 1783 5742 divina
1829 5692 1974 5750 sunt,
2024 5670 2187 5740 nimis

595 5776 873 5845 exitiabile
921 5786 1043 5849 est,
1102 5779 1368 5853 nimisque
1427 5777 1785 5835 mortiferum.
1847 5778 2185 5851 Quapropter

2292 3300 2519 3373 (Matth.
2563 3317 2677 3368 xu,
2727 3296 2863 3371 52),
2911 3300 3038 3371 quia
3088 3307 3221 3353 sunt
3273 3298 3456 3369 aliqua
3506 3302 3705 3369 peccata
3741 3300 3827 3358 qua!

2290 3402 2413 3464 post
2465 3395 2607 3449 hanc
2653 3392 2823 3447 vitam
2885 3391 2943 3445 in
3003 3389 3190 3445 futuro
3251 3388 3453 3446 saeculo
3503 3386 3824 3442 remittantur;

2290 3495 2383 3541 aut
2433 3501 2530 3558 per
2602 3484 2784 3557 ignem
2841 3482 3265 3555 purgatorium,
3308 3489 3373 3537 ut
3416 3481 3599 3543 aiunt,
3650 3480 3728 3527 aut
3761 3480 3828 3537 Ρετ

2289 3580 2593 3637 oblationes
2646 3586 2702 3634 et
2746 3592 2939 3649 preces
2969 3617 2984 3643 ,
3032 3590 3099 3630 ac
3146 3584 3284 3632 vota
3336 3572 3590 3630 iidelium.
3646 3563 3827 3620 Tantum

2292 3689 2360 3729 ne
2406 3669 2744 3742 blasphemia
2790 3668 3027 3739 Spiritus
3069 3667 3253 3721 sancti
3285 3680 3398 3730 eos
3440 3664 3641 3725 inurat,
3679 3662 3727 3710 ut
3749 3650 3827 3704 Do—

2290 3767 2495 3821 minum
2539 3763 2724 3819 Iesum
2764 3762 2818 3817 in
2858 3759 3066 3832 Spiritu
3107 3768 3306 3816 sancto
3341 3774 3450 3829 quo
3498 3753 3711 3827 repletus
3741 3751 3827 3805 est.

2289 3858 2559 3928 abnegent
2602 3854 2840 3926 operari.
2886 3852 3024 3921 Quia
3054 3867 3185 3907 cum
3225 3860 3426 3909 caetera
3469 3856 3613 3921 gesta
3637 3843 3831 3928 dictaque

2292 3948 2529 4020 Spiritus
2555 3924 2732 4002 sancti
2766 3944 2927 4000 venia
2969 3943 3316 4009 relaxentur,
3347 3928 3501 3997 caret
3524 3924 3829 3993 misericordi.1

2289 4038 2537 4111 quisquis
2570 4053 2669 4108 per
2700 4038 2843 4092 hanc
2889 4034 3149 4090 duritiam
3182 4043 3241 4091 et
3272 4028 3724 4104 impoeqitudinem
3747 4030 3833 4074 cor.

2290 4132 2397 4199 dis,
2422 4130 2567 4201 quod
2605 4131 2746 4185 Dens
2782 4129 2836 4184 in
2880 4126 3097 4183 Christo
3148 4128 3247 4193 sit,
3279 4123 3585 4197 negaverit.
3613 4113 3732 4186 Quid
3756 4119 3833 4164 tam

2289 4232 2445 4278 extra
2492 4220 2708 4276 veniam
2762 4235 2927 4291 quam
2975 4233 3084 4273 non
3130 4217 3316 4274 solum
3370 4228 3569 4288 negare
3620 4205 3837 4265 Christum

2291 4315 2433 4387 quod
2462 4315 2604 4370 Deus
2634 4314 2725 4379 sit,
2769 4327 2956 4368 verum
2988 4311 3153 4367 etiam
3193 4309 3585 4380 blasphemare
3615 4297 3738 4372 quod
3758 4291 3837 4387 spi—

2292 4382 2399 4461 ritu
2445 4401 2724 4460 immundo
2764 4411 2977 4475 agatur,
3006 4409 3063 4457 et
3091 4400 3520 4457 consistentiam
3547 4387 3739 4467 paterni
3759 4382 3840 4453 spi-

2293 4496 2430 4551 ritus
2457 4494 2723 4561 adimere,
2779 4494 2833 4548 in
2863 4507 2973 4563 quo
3010 4500 3068 4547 et
3096 4506 3200 4563 per
3240 4506 3410 4563 quem
3439 4486 3613 4544 omnis
3644 4475 3843 4547 blaspbe’

2290 4585 2401 4641 mia
2450 4598 2721 4655 omneque
2764 4590 3049 4653 peccatum
3091 4580 3403 4638 relaxatur.
3446 4578 3565 4648 Quo
3608 4572 3842 4639 abnegaw.

2288 4692 2451 4734 omne
2479 4683 2760 4747 peccatum
2786 4683 3023 4730 tenetur.
3066 4671 3207 4727 Nam
3253 4673 3312 4728 in
3362 4671 3561 4744 spiritu
3601 4664 3687 4722 Dei
3722 4665 3843 4715 omne

2288 4783 2425 4840 opus
2448 4766 2699 4823 Christus
2724 4764 3001 4836 adimplet,
3031 4775 3090 4819 ut
3110 4764 3232 4835 ipse
3254 4765 3332 4820 sit
3361 4776 3592 4836 regnum
3615 4752 3844 4840 calami“.

2287 4838 2342 4919 et
2362 4859 2505 4916 Deus
2526 4859 2580 4914 in
2603 4875 2668 4915 co
2686 4858 2940 4913 mundum
2962 4856 3315 4912 reconcilians
3330 4857 3433 4911 sibi
3456 4853 3544 4927 (11
3563 4850 3734 4909 Conv,
3752 4838 3837 4907 l9)-

2284 4950 2537 5021 Alioquin
2562 4948 2825 5020 quidquid
2872 4945 3216 5003 contumelia:
3266 4944 3551 5003 exstiterit
3580 4942 3633 4997 in
3654 4931 3844 4991 Christo.

2290 5043 2343 5099 id
2377 5034 2812 5098 omneexstabit
2853 5038 2910 5095 in
2940 5039 3077 5105 Deo;
3122 5038 3254 5108 quia
3301 5038 3361 5093 in
3405 5035 3624 5092 Christo
3650 5023 3846 5084 Deut».el

2288 5134 2539 5192 Christus
2566 5134 2621 5188 in
2653 5132 2766 5188 Deo
2791 5142 2896 5187 est.
2930 5130 3086 5188 Unde
3116 5130 3377 5201 sequitur
3398 5129 3580 5185 adhuc
3604 5112 3849 5181 evidentior

2290 5226 2659 5300 syllogismus,
2706 5238 2870 5295 quem
2904 5237 3027 5288 nos,
3077 5229 3137 5277 ut
3164 5222 3245 5277 ait
3274 5222 3477 5278 beatus
3521 5216 3847 5300 Hieronymus

2289 5319 2658 5376 inevitabilem
2715 5331 3008 5389 possumus
3075 5314 3380 5386 appellare.
3437 5311 3605 5383 Cujus
3654 5299 3850 5378 proiecto

2289 5414 2521 5470 vinculis
2548 5413 2696 5469 hunc
2722 5411 2851 5469 inde
2878 5425 2975 5468 eos
3000 5451 3015 5476 ,
3066 5410 3111 5466 si
3148 5409 3485 5482 interrogati
3515 5402 3723 5462 fuerint.
3748 5402 3851 5447 σου·

2290 5504 2475 5561 cludit.

2361 5596 2466 5650 Aut
2493 5595 2671 5666 facite,
2703 5595 2899 5665 inquit,
2927 5594 3166 5648 arborem
3196 5591 3401 5647 bonam
3437 5600 3485 5645 et
3526 5588 3743 5658 {ructant
3763 5572 3853 5644 ei“

2293 5689 2505 5754 bonum,
2526 5696 2617 5741 aut
2639 5686 2797 5756 facite
2820 5686 3058 5739 arborem
3080 5682 3288 5739 malam
3316 5692 3367 5737 et
3392 5682 3626 5753 fructum
3645 5674 3749 5746 ejus
3767 5678 3855 5720 ’Μ’

2294 5777 2425 5834 tum.
2444 5776 2687 5849 Utroque
2706 5777 2891 5852 itaque
2909 5790 3098 5832 eorum
3119 5789 3221 5833 eos
3242 5772 3470 5843 premit.
3496 5771 3574 5827 Ac
3588 5767 3633 5825 si
3647 5764 3853 5823 dicam“
