3994 6364
199 363 310 418 6⁸15

983 363 1344 422 EXPOSITIO
1380 363 1448 418 IN
1488 361 1925 420 MATTHA‘IUM.
1965 393 2036 405 —
2074 364 2202 420 LIB.
2244 365 2334 432 Vl,
2374 365 2525 421 CAP.
2567 367 2675 422 ΧΠ.
2829 397 2842 408 ο
3354 372 3454 423 474

201 479 250 533 si
272 475 531 532 Diabolus
571 480 741 534 malus
764 484 868 542 est,
899 491 1039 532 nona
1063 493 1225 548 opera
1247 476 1426 533 facere
1452 493 1558 532 non
1585 483 1778 546 potest.
1807 479 1862 538 Α
1887 472 2056 530 bonus
2076 485 2132 529 et
2153 476 2358 546 profert
2376 477 2544 543 bona;
2569 492 2874 548 quanquam
2895 495 2927 534 a
2947 489 3139 535 natura
3159 483 3272 550 ipse
3294 485 3449 540 homo
3495 533 3500 538 .

201 566 261 624 Si
289 577 474 623 autem
502 567 642 623 bona
671 579 796 624 sunt
833 582 952 637 qua:
999 567 1138 622 facta
1183 568 1437 633 cernitis,
1479 577 1692 622 constat
1723 576 1779 621 ut

181 658 311 716 non
359 662 432 716 sit
476 661 744 727 diabolus,
789 661 844 716 id
873 670 956 716 est
996 663 1157 717 arbor
1182 662 1344 726 mala,
1391 663 1484 732 qui
1534 679 1598 718 ea
1628 663 1774 718 facit.

197 752 388 824 Neque
419 753 564 808 enim
590 753 708 808 fieri
736 762 914 822 potest
942 762 1002 808 ut
1039 769 1106 809 ex
1147 755 1287 809 malo
1319 755 1542 823 bonum,
1585 765 1678 810 aut
1710 771 1778 811 ex

194 847 342 902 bono
369 845 571 900 malum
595 845 819 900 oriatur.
853 845 1058 901 Idcirco
1087 847 1304 903 tribuite
1341 847 1497 904 bonis
1524 849 1776 918 operibus

195 937 355 1009 561
399 953 519 1007 qua:
547 937 700 1002 fiunt,
739 945 798 990 ut
836 938 1056 992 cernitis
1088 954 1155 992 ex
1199 954 1324 1003 me,
1370 948 1428 992 ut
1481 940 1652 994 bonus
1703 942 1777 994 sit

191 1029 337 1083 idem
361 1047 392 1082 a
421 1043 529 1098 quo
559 1027 716 1093 fiunt,
757 1044 877 1098 qua:
923 1045 1119 1099 negare
1165 1046 1499 1100 nequaquam
1548 1034 1772 1102 potestis

189 1119 335 1187 quod
356 1120 499 1174 bona
529 1118 658 1182 sint,
679 1119 931 1188 quoniam
961 1119 1157 1175 Deitica
1181 1129 1235 1175 et
1257 1122 1453 1176 divina.
1483 1121 1771 1192 Propterea

187 1209 317 1263 alibi
346 1209 552 1264 eisdem
580 1208 865 1264 Pharisaeis
898 1209 1004 1275 ait,
1041 1211 1142 1266 etsi
1180 1227 1266 1266 me
1302 1228 1409 1268 non
1439 1214 1633 1278 vultis,
1665 1215 1772 1269 sal-

187 1309 302 1352 tem
335 1300 576 1369 operibus
622 1300 828 1353 credite.
881 1299 999 1366 Quo
1045 1301 1301 1356 nimirum
1352 1312 1668 1373 argumento
1719 1313 1772 1359 et

184 1401 484 1459 praesentes
505 1390 658 1445 valde
697 1391 924 1446 revincit
965 1391 1198 1458 Judaeos,
1237 1401 1293 1448 et
1319 1392 1529 1448 futuros
1557 1395 1772 1464 prepul-

185 1489 275 1534 sat
300 1481 660 1545 adversarios,
689 1480 816 1536 dum
867 1496 970 1540 eos.
989 1483 1182 1538 refellit
1227 1484 1525 1556 intelligere
1567 1487 1768 1542 Christi

185 1586 378 1640 opera,
410 1587 513 1626 non
536 1587 654 1627 esse
705 1573 939 1627 humana
969 1574 1190 1639 virtute,
1218 1575 1359 1630 nolle
1387 1585 1566 1632 tamen
1603 1577 1767 1632 conli-

188 1665 294 1717 tcri
327 1666 467 1733 quod
513 1663 604 1718 Dei
657 1665 783 1730 sint,
825 1666 1166 1721 condemnat.
1199 1667 1367 1722 Porro
1399 1669 1454 1722 in
1492 1668 1671 1724 futuro
1700 1686 1766 1724 ex

184 1751 292 1806 hoc
313 1767 528 1807 omnem
557 1752 679 1807 fidei
701 1753 1109 1821 perversitatem
1150 1757 1412 1826 coarguit,
1437 1771 1624 1811 eorum
1663 1758 1766 1812 sci-

1880 567 1950 626 sit
1973 567 2170 633 bonus,
2197 567 2350 636 Quod
2372 568 2493 625 siin
2527 570 2777 640 opinione
2806 571 2933 626 boni
2957 571 3150 627 malive
3171 573 3453 645 subrepse-

1879 659 1951 713 rit
1979 659 2246 725 dubietas,
2275 662 2374 715 sub
2429 669 2637 716 secreto
2689 661 3032 732 indulgentia
3075 663 3169 717 Dei
3217 665 3451 735 reposita

1877 758 1960 804 est
1980 751 2133 805 venia
2178 751 2230 805 in
2272 752 2411 805 bona
2440 751 2796 806 confessione.
2831 750 3210 807 Verumtamen
3236 767 3451 809 onmem

1877 842 2232 911 corruptelam
2257 843 2491 898 hominis
2528 858 2595 898 ex
2636 851 2842 898 natura:
2890 844 3021 899 vitio
3058 845 3328 914 proficisci
3357 845 3453 902 do-

1875 933 2006 998 cuit,
2029 950 2150 988 cum
2181 943 2236 989 et
2274 935 2434 990 homo
2463 937 2654 1001 bonus,
2705 946 2758 991 et
2806 939 2965 992 homo
2997 937 3168 993 malus
3215 939 3448 1004 dicatur,

1875 1040 1980 1080 non
2001 1041 2068 1080 ex
2111 1043 2175 1081 eo
2221 1027 2362 1096 quod
2411 1028 2572 1082 homo
2595 1037 2694 1092 est,
2723 1029 2816 1083 sed
2841 1044 2908 1084 ex
2934 1029 3088 1096 vitio,
3113 1030 3240 1099 quia
3265 1043 3454 1085 corru-

1871 1125 1997 1186 ptus
2019 1127 2119 1171 est.
2143 1117 2209 1171 Et
2234 1118 2360 1172 hinc
2380 1126 2464 1172 est
2492 1119 2634 1188 quod
2657 1119 2903 1188 sequitur
2931 1136 2946 1173 :

1945 1205 2205 1272 Quoniam
2235 1225 2382 1262 omne
2406 1209 2614 1262 verbum
2638 1211 2860 1262 otiosum
2884 1211 3021 1280 quod
3047 1210 3209 1264 locuti
3252 1211 3451 1279 fuerint

1873 1295 2124 1361 homines,
2149 1296 2364 1350 reddent
2397 1299 2650 1352 rationem
2671 1300 2736 1352 de
2761 1316 2820 1353 eo
2850 1300 2904 1353 in
2921 1300 3006 1354 die
3025 1301 3243 1370 judicii.
3273 1299 3456 1356 Haeret

1871 1385 2087 1453 quidem
2108 1387 2212 1442 hoc
2237 1403 2359 1442 cum
2386 1389 2776 1458 superioribus,
2803 1398 2859 1444 et
2885 1397 2972 1444 est
2995 1405 3185 1445 sensus
3207 1406 3221 1444 :
3241 1391 3383 1460 quod
3405 1392 3452 1446 si

1872 1479 2102 1533 otiosum
2129 1481 2371 1545 verbum,
2413 1481 2554 1549 quod
2581 1495 2925 1552 nequaquam
2969 1481 3453 1538 aedificat'audieu-

1870 1576 1969 1631 tes,
2002 1577 2231 1650 non‘est
2284 1570 2485 1638 absque
2543 1569 2784 1638 periculo
2833 1571 2951 1640 ejus
2993 1570 3084 1640 qui
3140 1569 3378 1639 loquitur
3432 1587 3450 1626 :

1871 1666 2071 1729 quanto
2102 1661 2272 1731 magis
2293 1675 2389 1715 vos
2409 1661 2502 1730 qui
2527 1675 2689 1730 opera
2720 1660 2954 1730 Spiritus
2967 1664 3139 1718 sancti
3160 1664 3456 1720 calumnia-

1868 1749 2000 1802 mini
2015 1749 2274 1803 reddituri
2299 1750 2429 1804 estis
2451 1750 2712 1806 rationem
2733 1751 3014 1807 calumnize
3037 1761 3231 1807 vestra:
3245 1753 3268 1806 ?
3283 1753 3453 1809 Porro

179 1839 326 1905 licet,
355 1841 447 1910 qui
471 1841 787 1912 dignitatem
811 1851 865 1896 et
895 1844 1326 1900 communionem
1371 1855 1610 1916 paternae
1637 1849 1766 1902 sub-
1794 1843 1844 1904 B
1871 1840 2103 1896 otiosum
2134 1843 2358 1896 verbum
2388 1852 2471 1897 est
2493 1844 2635 1912 quod
2654 1844 2771 1899 sine
2801 1845 3034 1899 utilitate
3075 1847 3344 1901 audientis
3372 1847 3451 1901 lo-

177 1932 393 1986 stantiae
420 1932 488 1988 ab
538 1933 655 2001 ipso
707 1933 1012 1988 detrahunt.
1060 1934 1211 1990 Unde
1244 1951 1302 1991 se
1345 1936 1616 2001 arborem,
1649 1953 1768 2006 qua:

175 2021 419 2076 fructum
453 2037 609 2076 suum
629 2031 685 2077 et
713 2038 821 2077 non
854 2023 1088 2078 alienum
1111 2025 1202 2080 dat
1223 2025 1278 2079 in
1302 2035 1544 2097 tempore
1567 2042 1685 2091 suo,
1712 2028 1765 2082 in

176 2126 412 2180 corpore
429 2113 662 2181 positum
705 2113 1008 2183 signiﬁcat;
1039 2115 1166 2184 quia
1204 2130 1302 2184 per
1349 2117 1628 2172 interioris
1656 2133 1766 2172 sua:

179 2203 564 2259 fecunditatem
598 2205 830 2258 mittitur
872 2206 1090 2260 ubertas
1137 2207 1420 2272 Ecclesia,
1463 2216 1518 2262 et
1559 2210 1762 2263 exube-

176 2296 468 2349 ratomnis
507 2295 710 2351 fructus
729 2281 974 2364 iustitiae.
1003 2297 1343 2368 Quapropter
1371 2308 1425 2354 et
1466 2298 1579 2368 jam
1624 2301 1764 2356 miro

172 2384 343 2438 modo
364 2384 492 2438 dicit
516 2387 650 2439 :Aut
671 2385 834 2440 facite
855 2388 1105 2441 arborem
1127 2389 1325 2442 bonam
1352 2404 1474 2443 cum
1498 2388 1763 2446 fructibus

169 2476 310 2539 suis,
348 2484 442 2530 aut
472 2474 632 2531 facite
664 2478 916 2532 arborem
944 2479 1141 2533 malam
1169 2496 1293 2535 cum
1321 2479 1587 2537 fructibus
1615 2483 1759 2548 suis;

167 2567 300 2637 quia
348 2582 418 2622 ex
467 2566 760 2635 fructibus,
796 2577 856 2624 ut
906 2571 1033 2638 ait,
1105 2572 1270 2627 arbor
1317 2575 1429 2642 ipsa
1485 2576 1762 2645 cognosci-

169 2669 279 2714 tur.
332 2658 584 2730 Nunquid
641 2663 935 2717 secundum
987 2664 1244 2718 arborum
1297 2674 1547 2720 naturam
1599 2667 1762 2723 arbor

166 2751 312 2806 mala
343 2753 485 2808 bona
534 2763 714 2824 potest
755 2755 1032 2820 constitui,
1063 2756 1150 2810 vel
1181 2771 1303 2826 quze
1358 2758 1498 2812 bona
1551 2769 1653 2824 est,
1701 2768 1762 2814 ut

165 2841 312 2896 mala
357 2843 450 2908 sit,
481 2857 604 2898 cum
649 2845 814 2899 ramis
861 2853 917 2899 et
961 2844 1228 2901 fructibus
1257 2846 1371 2902 suis
1402 2849 1759 2905 commutari?

165 2933 274 2990 Sed
313 2945 372 2990 ut
423 2951 492 2990 ex
520 2945 712 2991 natura
759 2938 1013 2992 arborum
1056 2939 1450 2995 convincantur
1481 2939 1755 2996 Christum

163 3041 272 3080 nou
303 3042 462 3097 posse
512 3028 753 3084 inutilem
773 3027 915 3096 jure,
966 3039 1058 3084 aut
1105 3030 1304 3085 malum
1346 3031 1754 3100 judicari,dum

165 3118 375 3175 fructus
399 3118 515 3188 ejus
536 3121 662 3176 boni
692 3121 990 3190 probantur
1013 3130 1066 3178 et
1094 3121 1310 3190 Deifici;
1337 3125 1578 3194 quiuimo
1597 3127 1750 3195 juxta

1871 1933 2154 2001 quentisve
2176 1933 2391 1987 dicitur.
2420 1933 2490 1988 Ut
2509 1942 2638 2003 puta
2669 1933 2713 1988 si
2735 1935 2950 1990 omissis
2979 1936 3154 1999 seriis,
3186 1935 3253 1990 de
3287 1936 3451 1990 rebus

1868 2023 2074 2078 frivolis
2119 2017 2422 2092 loquamur,
2471 2023 2788 2095 fabulasque
2836 2039 3121 2080 narremus
3176 2027 3448 2096 antiquas.

1866 2110 2132 2166 Caeterum
2177 2113 2221 2167 si
2248 2113 2368 2181 quis
2397 2113 2643 2168 scurrilia
2687 2114 2910 2184 replicat
2953 2116 3140 2178 verba,
3167 2121 3254 2168 vel
3281 2115 3449 2170 risum

1866 2202 2161 2268 moventia,
2218 2217 2312 2257 seu
2359 2201 2560 2272 aliquid
2598 2203 2947 2273 turpitudinis
2971 2245 2986 2270 ,
3029 2204 3116 2259 hic
3143 2219 3250 2259 non
3289 2204 3448 2259 otiosi

1865 2292 2036 2358 verbi,
2068 2292 2163 2347 sed
2187 2292 2465 2347 criminosi
2497 2293 2769 2348 tenebitur
2797 2308 2940 2348 reus.
2975 2292 3181 2360 Quibus
3207 2293 3449 2364 profecto

1864 2383 2031 2448 vitiis,
2081 2383 2208 2438 dum
2260 2384 2542 2439 cachinnis
2585 2399 2678 2438 ora
2727 2385 3072 2440 dissolvimus
3097 2401 3259 2456 quam
3308 2399 3449 2456 sape

1863 2474 2205 2540 offendimus,
2235 2476 2363 2544 quia
2411 2475 2537 2530 talia
2583 2476 2796 2532 divinus
2826 2491 3004 2532 sermo
3035 2485 3090 2532 et
3133 2485 3448 2532 sanctorum

1863 2566 2081 2621 Patrum
2133 2568 2331 2638 regula:
2369 2577 2571 2622 aeterna
2611 2567 2858 2623 clausura
2911 2569 3255 2632 damnarunt,
3288 2583 3356 2622 ne
3385 2584 3449 2622 os

1861 2654 2066 2711 Christi
2088 2656 2335 2727 discipuli
2359 2657 2555 2713 talibus
2601 2657 2899 2712 maculetur
2925 2657 3174 2728 eloquiis.
3205 2657 3342 2713 Hinc
3363 2666 3449 2714 est

1839 2739 2004 2816 “quod
2025 2747 2269 2816 sequitur
2303 2767 2315 2802 :

1930 2835 2016 2890 Ea:
2035 2839 2200 2892 verbis
2237 2839 2338 2892 tuis
2356 2837 2750 2907 justiﬁcaberis,
2777 2849 2867 2892 aut
2897 2855 2962 2892 ea:
2990 2838 3155 2892 verbis
3175 2840 3280 2892 tuis
3313 2856 3439 2894 con-

1861 2927 2207 2981 demnaberis.
2243 2926 2511 2994 Quoniam
2551 2927 2693 2983 sicut
2735 2942 2898 2998 supra
2947 2928 3150 2983 dictum
3192 2937 3316 2982 est:
3357 2927 3442 2982 Ea:

1858 3020 2184 3076 abundantia
2204 3023 2379 3076 cordis
2405 3038 2464 3075 os
2492 3020 2724 3085 loquitur
2755 3019 2970 3092 (Matth.
3005 3036 3104 3086 xu,
3136 3006 3256 3092 λε),
3307 3035 3371 3076 ac
3399 3035 3446 3088 si

1857 3111 2103 3166 dicatur:
2144 3128 2210 3169 ex
2246 3113 2464 3184 proprio
2492 3114 2745 3168 thesauro
2774 3112 2973 3168 cordis.
3001 3112 3267 3181 Quoniam
3296 3113 3446 3166 vani-

163 3208 404 3264 [ωειωη
428 3209 609 3280 operis
635 3211 804 3266 Deum
854 3212 1071 3267 decerni
1119 3213 1334 3280 debere,
1383 3224 1438 3269 ει
1495 3224 1750 3286 umquam
1777 3208 1823 3272 ρ
1855 3212 1940 3259 tas
1982 3215 2075 3260 aut
2104 3206 2422 3273 scurrilitas,
2447 3222 2544 3263 seu
2572 3205 2778 3277 reliqua
2807 3221 2928 3276 quze
2965 3207 3110 3261 intus
3137 3206 3192 3261 in
3239 3215 3439 3271 mente,

162 3299 332 3356 Deum
363 3301 460 3355 Dei
487 3300 683 3356 Filium
711 3302 766 3356 in
789 3303 1038 3360 omnibus
1067 3307 1337 3360 venerari.
1365 3306 1443 3361 Ne
1470 3307 1607 3364 forte
1628 3324 1751 3364 cum

159 3404 258 3457 per
289 3389 702 3446 admirationem
723 3407 944 3461 operum
973 3402 1243 3449 tantorum
1272 3395 1367 3450 Dei
1417 3411 1614 3453 nomen
1660 3399 1751 3454 de-

161 3482 383 3535 trahere
409 3495 516 3536 non
545 3486 769 3549 audeas,
797 3499 894 3553 per
915 3485 1176 3540 malitiam
1217 3487 1432 3551 mentis,
1473 3498 1527 3544 et
1561 3504 1751 3546 sensus

159 3575 602 3642 generositatem,
617 3576 736 3646 ejus
762 3592 925 3646 quam
948 3579 1255 3635 habetcum
1278 3580 1388 3636 Deo
1399 3581 1562 3638 Patre
1579 3599 1751 3654 quan-

157 3678 326 3732 quam
339 3665 582 3721 confiteri
595 3682 655 3722 es
669 3678 889 3723 coactus
902 3669 956 3723 in
979 3670 1216 3735 nomine,
1231 3670 1493 3742 abnegata
1508 3681 1748 3742 paternae

154 3753 481 3810 substantiae
491 3759 890 3824 communione,
915 3761 1172 3831 decerpas
1187 3762 1240 3816 in
1255 3761 1431 3818 fructu
1446 3765 1747 3835 proprieta-

156 3856 274 3900 tem
297 3856 520 3903 naturaa.
538 3849 614 3904 Ac
625 3865 720 3920 per
735 3852 837 3906 hoc
857 3853 981 3922 quia
1002 3869 1015 3906 :
1034 3851 1123 3907 Va:
1134 3854 1223 3925 qui
1234 3854 1415 3908 dicunt
1431 3855 1619 3910 bonum
1633 3874 1746 3912 ma-

155 3935 279 3989 lum
327 3947 378 3990 et
424 3938 612 3992 malum
641 3941 836 3994 bonum
891 3941 1026 4012 (Isa.
1056 3958 1110 4009 v,
1142 3943 1254 4014 20).
1309 3945 1435 3999 Ideo
1487 3944 1744 4002 Dominus

153 4027 423 4082 bonitatis
450 4044 557 4084 sua:
577 4031 753 4086 minus
784 4034 1048 4099 ostendit;
1078 4043 1134 4090 et
1162 4035 1281 4091 ideo
1308 4045 1400 4090 aut
1426 4036 1620 4092 malam
1650 4053 1740 4092 ar-

153 4119 348 4173 borem
371 4135 492 4174 cum
519 4121 676 4177 malis
689 4121 952 4180 fructibus
977 4125 1108 4191 suis,
1132 4126 1434 4182 autbonam
1451 4143 1570 4182 cum
1586 4129 1742 4186 bouis

152 4209 421 4266 fructibus
450 4213 562 4268 suis
591 4225 896 4280 secernant,
943 4232 1009 4271 ne
1035 4217 1080 4272 si
1098 4219 1221 4288 quis
1241 4220 1414 4274 bonus
1441 4221 1741 4285 est,dicant

151 4301 296 4357 male
307 4304 524 4372 operari
545 4320 728 4374 posse;
755 4314 848 4363 aut
870 4307 936 4361 de
963 4307 1179 4378 Seipsis,
1195 4309 1294 4380 ipsi
1309 4309 1401 4378 qui
1417 4310 1543 4364 mali
1558 4321 1736 4378 erant,

150 4391 426 4447 :cstiment
455 4393 595 4448 bona
617 4394 700 4449 vel
736 4409 864 4450 vera
910 4396 1013 4451 dici
1035 4412 1211 4466 posse.
1248 4396 1402 4454 Unde
1444 4399 1731 4469 sequitur:

225 4481 513 4555 Progenies
541 4488 858 4556 viperarum,
889 4490 1151 4559 quomodo
1179 4493 1393 4559 potestis
1425 4492 1557 4546 bona
1595 4493 1736 4563 loqui

148 4594 272 4630 cum
289 4578 403 4630 sitis
426 4578 592 4634 mali?
613 4578 698 4633 Ea:
727 4580 1052 4636 abundantia
1075 4583 1214 4636 enim
1252 4584 1423 4639 cordis
1459 4602 1514 4639 os
1565 4562 1737 4656 loqui-
1764 4562 1816 4621 D

149 4681 258 4723 tur.
289 4668 538 4726 Ostendit
565 4671 684 4728 illos
716 4675 956 4743 apertius
987 4675 1238 4731 arborem
1285 4677 1483 4732 malam
1515 4692 1655 4742 esse,
1683 4688 1738 4733 et

147 4761 364 4832 profert
395 4763 449 4818 in
473 4764 699 4820 veritate
712 4765 998 4834 judicium,
1023 4768 1263 4839 talesque
1283 4785 1376 4826 eos
1401 4769 1593 4826 afferre
1621 4771 1734 4827 fru-

145 4864 276 4908 ctus
307 4853 674 4924 blasphemiae,
703 4858 882 4927 qualia
913 4859 967 4914 iu
999 4875 1057 4915 se
1085 4861 1293 4916 semina
1315 4861 1522 4917 Diaboli
1549 4877 1735 4919 susce-

144 4953 368 5012 perant.
411 4944 564 5002 Uude
615 4957 672 5004 et
717 4951 998 5020 pragenies
1040 4953 1348 5021 viperarum
1388 4953 1510 5022 jure
1562 4955 1736 5011 vocati

143 5045 301 5099 sunt,
341 5051 448 5090 non
470 5053 502 5092 a
532 5048 748 5106 natura,
772 5041 867 5096 sed
888 5056 958 5097 ex
983 5043 1114 5098 vitio
1141 5043 1335 5098 diaboli
1362 5059 1469 5113 quo
1502 5047 1741 5117 corrupti

139 5134 309 5182 erant
330 5125 492 5199 562
506 5127 642 5196 jam,
665 5130 874 5186 utbona
897 5146 997 5186 nec
1023 5131 1167 5202 loqui
1190 5148 1289 5189 nec
1310 5149 1470 5205 agere
1495 5145 1736 5204 possent,

141 5222 326 5275 donec
357 5221 409 5274 in
433 5221 621 5277 eodem
648 5223 780 5279 vitio
804 5223 1148 5294 blasphemia:
1194 5229 1570 5297 perdurarent.
1603 5229 1737 5297 Quia

141 5310 316 5364 bonus
343 5311 498 5366 homo
518 5312 584 5367 de
610 5313 741 5367 bono
771 5315 1015 5369 thesauro
1055 5317 1252 5387 profert
1279 5317 1434 5382 bona,
1485 5329 1532 5372 et
1569 5319 1738 5376 malus

136 5402 306 5455 Icomo
319 5402 384 5454 de
405 5401 542 5456 malo
564 5403 809 5458 thesauro
835 5405 1037 5475 profert
1067 5406 1228 5460 mala.
1262 5406 1378 5462 Non
1401 5410 1543 5477 quod
1569 5410 1732 5467 homo

136 5508 172 5548 a
204 5502 410 5548 natura
427 5495 498 5550 sit
541 5497 737 5563 malus,
761 5499 856 5553 sed
883 5499 1008 5568 quia
1035 5499 1148 5569 ipse
1183 5500 1285 5555 sibi
1318 5501 1647 5557 thesaurizat
1675 5505 1730 5559 in

133 5586 313 5642 corde
357 5603 457 5642 suo
497 5588 723 5656 malum,
769 5591 911 5646 unde
965 5592 1036 5647 sit
1085 5592 1277 5649 malus.
1331 5593 1407 5648 De
1453 5609 1562 5664 quo
1611 5596 1722 5652 the-

133 5692 313 5734 sauro
365 5678 460 5734 ira:
505 5679 602 5736 Dei
640 5681 850 5753 profert
892 5684 1053 5739 mala.
1115 5685 1232 5754 Quo
1273 5703 1404 5742 sane
1473 5688 1727 5744 thesauro

132 5769 543 5838 thesaurizato,
590 5771 763 5831 factus
788 5784 872 5832 est
920 5775 1112 5844 malus,
1145 5779 1284 5837 sicut
1312 5787 1365 5834 et
1391 5794 1458 5836 ex
1497 5783 1640 5836 bono
1671 5782 1728 5838 fit

1855 3298 2039 3369 pejora
2081 3299 2419 3355 abundantes
2467 3301 2680 3370 aperire
2730 3298 3047 3368 frequenter
3099 3308 3439 3354 assuescuut.

1856 3387 1959 3444 Ubi
1988 3389 2229 3444 abundat
2256 3389 2429 3461 gratia
2473 3389 2706 3459 Spiritus
2743 3389 2938 3454 sancti,
2987 3397 3044 3443 et
3081 3387 3442 3444 thesaurizata

1852 3475 2066 3534 bonitas
2096 3487 2297 3543 manet,
2329 3493 2390 3532 ea
2413 3477 2620 3548 profert
2640 3477 2820 3546 lingua
2848 3491 2968 3547 quae
2990 3478 3044 3530 in
3061 3477 3316 3531 thesauro
3344 3491 3443 3532 suo
3489 3541 3492 3543 λ

1852 3568 1998 3623 intus
2027 3570 2206 3624 habet.
2240 3568 2508 3635 Quoniam
2525 3568 2764 3623 calamus
2791 3567 2987 3636 lingua:
3011 3565 3137 3620 inde
3161 3565 3441 3635 profundi-

1850 3655 1940 3715 tiir
1966 3677 2086 3732 quae
2134 3661 2281 3715 intus
2327 3661 2623 3715 abundant.
2658 3657 2766 3714 Nec
2815 3665 2994 3728 potest
3036 3658 3103 3712 de
3143 3658 3288 3714 malo
3324 3658 3439 3713 the-

1849 3769 2032 3819 sauro,
2064 3754 2169 3808 nisi
2199 3769 2318 3824 quae
2341 3752 2482 3807 mala
2507 3759 2633 3806 sunt
2654 3760 2871 3806 assuete
2899 3747 3150 3819 proferri.

1921 3844 2065 3899 Tunc
2090 3843 2466 3914 responderunt
2510 3843 2557 3896 ei
2578 3841 2792 3914 quidam
2835 3838 3144 3902 de.Scribis
3181 3839 3342 3911 563
3385 3850 3434 3894 et

1848 3937 2156 4002 Phariswis,
2191 3939 2418 3991 dicentes
2447 3953 2466 3990 :
2491 3935 2764 4005 Magister,
2796 3932 3036 3988 volumus
3071 3950 3104 3988 a
3138 3943 3187 3987 te
3226 3934 3432 4002 signum

1845 4029 2032 4084 videre.
2079 4027 2395 4097 Ubicunque
2439 4025 2786 4097 evangelista,
2835 4034 2961 4080 tunc
3010 4024 3178 4095 ponit,
3227 4033 3436 4094 tempus

1843 4123 2096 4192 exprimit
2123 4121 2350 4177 ordinis.
2376 4119 2584 4176 Idcirco
2614 4133 2785 4189 usque
2808 4119 2876 4173 ad
2905 4125 3230 4188 praesentem
3257 4116 3432 4171 locum

1841 4217 2022 4272 omnia
2076 4218 2192 4272 haec
2219 4222 2537 4286 argumenta
2576 4221 2765 4268 contra
2812 4209 3204 4281 blasphemiam
3233 4208 3435 4278 prioris

1841 4309 1980 4381 signi
2003 4307 2213 4377 objecta
2240 4315 2365 4362 sunt
2384 4306 2643 4361 adversus
2672 4318 2786 4360 eos.
2813 4301 2919 4358 Sed
2950 4299 3141 4371 perfidi
3163 4299 3424 4355 Pharisaei

1839 4403 1923 4458 vel
1977 4401 2180 4456 Scriba:
2227 4401 2306 4456 sic
2333 4413 2523 4454 rursus
2567 4397 2778 4467 signum
2816 4402 3006 4466 petunt
3059 4393 3130 4448 ab
3159 4409 3243 4458 eo,
3274 4398 3428 4463 quasi

1841 4507 1960 4562 quae
1981 4491 2228 4546 viderant
2255 4490 2408 4558 signa
2437 4503 2546 4543 non
2585 4486 2802 4542 fuerint.
2854 4484 2958 4540 Sed
3005 4484 3142 4538 alius
3187 4498 3420 4554 evange—

1842 4584 2108 4655 lista,qu:e
2138 4585 2226 4639 hic
2263 4581 2545 4637 obscurius
2572 4580 2774 4650 posuit,
2810 4576 3147 4634 manifestius
3187 4575 3424 4647 explicat

1842 4692 1965 4730 cum
2011 4675 2086 4728 ait
2132 4691 2144 4728 :
2187 4671 2438 4726 Voluntas
2500 4687 2532 4723 a
2594 4684 2642 4723 te
2691 4669 2896 4739 signum
2944 4665 3116 4722 videre
3169 4665 3234 4719 de
3304 4663 3430 4717 calo

1843 4767 2058 4839 (Matth.
2097 4781 2195 4831 xu,
2219 4763 2330 4835 58).
2365 4762 2508 4834 Ergo
2536 4760 2622 4817 vel
2667 4761 2844 4832 ignem
2869 4759 2936 4814 de
2964 4757 3102 4814 cmlo
3133 4758 3188 4811 in
3215 4769 3420 4811 morem

1841 4861 1970 4916 Elia:
1992 4860 2176 4915 venire
2199 4857 2545 4928 quaerebant;
2573 4853 2658 4909 vel
2683 4853 2736 4908 in
2762 4851 3169 4908 similitudinem
3199 4847 3426 4903 Samue-

1843 4953 1930 5020 lis,
1987 4961 2227 5021 tempore
2275 4950 2460 5005 aestivo
2513 4961 2843 5017 concrepare
2899 4944 3157 5004 tonitrua,
3207 4939 3418 5006 fulgura

1844 5057 2148 5106 coruscare,
2181 5041 2384 5097 imbres
2411 5039 2616 5111 pluere,
2649 5037 2803 5110 quasi
2832 5053 2938 5091 non
2967 5038 3188 5106 possent
3213 5037 3268 5082 et
3296 5027 3420 5089 ista,

1841 5137 1888 5192 si
1929 5135 2136 5198 fierent,
2161 5134 2476 5190 calumniari
2514 5147 2578 5187 ac
2607 5132 2806 5196 dicere,
2830 5144 2894 5183 ex
2925 5124 3148 5184 occultis
3177 5131 3232 5177 et
3257 5119 3424 5175 variis

1843 5231 1984 5287 aeris
2009 5228 2348 5300 passionibus
2376 5226 2655 5283 accidisse.
2679 5223 2813 5278 Nam
2838 5222 2930 5292 qui
2952 5215 3421 5276 calumniabantur

1841 5340 1904 5381 ea
1932 5339 2050 5395 qua:
2097 5321 2268 5379 oculis
2311 5336 2376 5377 ex
2427 5330 2614 5390 aperto
2670 5317 2937 5380 viderant,
2991 5325 3152 5368 manu
3201 5318 3421 5378 tangere

1840 5422 2082 5484 possent,
2113 5424 2168 5470 et
2201 5413 2404 5468 utiliter
2431 5413 2658 5468 salutem
2709 5406 2988 5463 hominum
3019 5402 3243 5466 sentire,
3289 5399 3418 5470 quid

1836 5503 2078 5561 facerent
2101 5505 2353 5561 vecordes
2375 5505 2442 5558 de
2468 5503 2554 5558 his
2570 5516 2691 5571 quae
2717 5499 2783 5554 de
2805 5496 2945 5552 caelo
2963 5511 3031 5552 ex
3054 5492 3250 5549 abditis
3273 5490 3420 5546 veni-

1836 5599 1988 5653 rent?
2043 5597 2310 5653 Fortassis
2361 5611 2490 5666 ergo
2553 5593 2960 5662 responderent,
3011 5600 3065 5646 et
3122 5602 3306 5658 magos
3361 5584 3415 5638 in

1835 5690 2065 5762 [Egypto
2103 5690 2266 5744 multa
2294 5683 2446 5759 signa
2471 5687 2537 5741 de
2562 5684 2699 5741 coelo
2724 5684 2937 5741 fecisse.
2986 5683 3268 5738 Neminem
3291 5694 3414 5734 eum

1832 5797 1952 5840 esse
1986 5782 2250 5856 putabunt
2291 5780 2393 5836 nisi
2431 5777 2797 5844 tantummodo
2843 5779 3150 5844 hominem;
3205 5785 3261 5852 et
3295 5771 3416 5829 ideo
