4004 6362
639 294 743 348 475

1431 287 1487 345 S.
1527 288 1880 351 PASCHASII
1921 284 2269 351 BADBERTI
2305 284 2596 347 ABBATIS
2638 280 3087 347 COBBEIENSIS

3721 300 3799 356 ΠΒ

640 402 936 459 adulatorie
964 404 1134 481 magis
1148 412 1201 460 et
1222 403 1427 467 traude,
1446 418 1608 475 quam
1632 419 1697 459 ex
1722 402 1825 457 ﬁde
1844 402 1926 457 vel
1957 401 2212 473 religione
2234 403 2288 473 Α
2315 402 2443 458 dicit
2493 416 2631 455 unus
2675 399 3032 471 evangelista,
3080 398 3220 456 alter
3255 417 3396 470 vero,
3433 416 3541 475 post
3564 413 3660 469 dies
3681 425 3797 483 octo;

640 512 761 553 eum
786 495 1096 567 Magistrum
1127 503 1334 553 vocant.
1371 494 1484 549 Non
1517 503 1644 565 puto
1672 494 1812 564 quod
1848 495 2156 564 ignorarent
2179 508 2210 547 a

641 588 812 657 magis
840 586 1049 643 stellam
1078 586 1249 641 visam
1278 594 1333 640 et
1357 586 1697 654 prmdieatam
1747 584 1801 639 in
1850 595 1971 640 ortu
2022 584 2208 655 ipsius,

641 675 855 745 quando
880 682 934 733 et
964 674 1067 753 ipsi
1093 688 1160 733 ex
1192 674 1469 743 prophetia
1503 671 1675 728 locum
1697 672 1989 727 nativitatis
2011 670 2212 743 Christi

642 766 852 825 Ilerode
902 765 1269 835 interrogante
1328 764 1729 819 denuntiarunt.
1784 761 1966 831 Neque
2013 760 2214 816 latebat

644 854 861 924 angelos
909 855 1213 923 pastoribus
1248 852 1523 908 Christum
1581 861 1763 907 natum
1792 852 2069 907 nuntiasse
2116 850 2210 919 qui

642 959 826 1000 vocem
849 931 1126 1000 Patris-de
1156 943 1294 999 coelo
1316 944 1382 998 ad
1413 958 1535 997 eum
1567 943 1779 998 venisse
1805 950 1857 995 ct
1888 940 2082 995 Filium
2109 941 2212 997 sibi

640 1034 893 1089 dilectum
949 1035 1308 1105 proclamasse
1368 1035 1649 1089 audierant
1697 1033 1779 1088 vel
1827 1041 2209 1106 cognoverant.

640 1126 853 1195 quando
905 1134 960 1185 et
1014 1128 1111 1196 ipsi
1173 1126 1342 1197 magis
1390 1122 1650 1179 invidiose
1685 1126 1979 1179 tonitruum
2010 1123 2209 1179 factum

641 1215 805 1273 fuisse
831 1218 896 1275 de
917 1218 1055 1275 cwlo
1101 1218 1372 1273 dicebant.
1400 1216 1503 1270 Pro
1522 1217 1716 1287 quibus
1737 1213 1977 1287 profecto
2008 1215 2211 1271 calum-

639 1306 743 1361 niis
772 1315 827 1361 et
851 1307 1197 1379 blasphemiis
1220 1307 1432 1378 egregie
1455 1305 1590 1361 dixit
1622 1324 1635 1360 :

709 1398 985 1455 Generatio
1013 1400 1151 1454 mala
1173 1412 1218 1454 et
1259 1399 1516 1457 adultera.
1548 1400 1806 1454 Adultera
1836 1401 1961 1471 quia
1989 1401 2210 1457 dimise-

639 1500 725 1547 rat
747 1492 919 1555 virum
950 1507 1103 1547 suum
1127 1490 1560 1561 Christumjuxta
1575 1491 1929 1558 Ezechielem,
1954 1502 2010 1549 et
2032 1494 2212 1549 multis

637 1598 695 1639 se
720 1583 1007 1638 miscuerat
1030 1583 1375 1639 amatoribus.
1398 1583 1545 1649 Quod
1569 1592 1745 1641 autem
1763 1584 2213 1656 dicit,'generatio

638 1674 796 1737 mala,
827 1689 931 1733 non
973 1684 1222 1731 naturam
1251 1691 1435 1731 eorum
1485 1675 1706 1731 damnat
1730 1677 1821 1746 qui
1850 1678 1959 1731 nati
1988 1686 2115 1731 sunt
2147 1693 2211 1732 ex

639 1763 845 1817 semine
876 1764 1128 1828 Abrahae,
1162 1766 1253 1821 sed
1276 1764 1484 1829 vitium,
1506 1780 1613 1835 quo
1658 1780 1686 1817 a
1718 1764 1929 1820 diabolo
1972 1767 2209 1836 corrupti

633 1863 774 1911 sunt.
803 1855 1102 1912 ltuitatione
1143 1857 1359 1928 quidem
1399 1855 1535 1924 ejus,
1561 1857 1813 1913 dicuntur
1844 1856 1939 1913 ﬁlii
1969 1858 2109 1912 sicut
2158 1866 2212 1912 et

633 1959 792 2014 supra
825 1947 1107 2017 progenies
1136 1948 1458 2019 viperarum.
1497 1945 1631 2012 Quia
1679 1946 2091 2001 sicutoccidunt
2118 1945 2211 2001 ﬁlii

636 2044 836 2093 matres
873 2050 938 2091 ex
977 2038 1169 2107 quibus
1216 2050 1530 2105 nascuntur,
1571 2038 1646 2091 ita
1684 2037 1994 2095 occiderunt
2039 2037 2211 2095 Judaei

634 2124 900 2181 Christum
922 2127 1019 2182 Dei
1040 2129 1274 2184 virtutem
1290 2127 1485 2200 Deique
1497 2130 1807 2200 sapientiam
1823 2127 1874 2201 (I
1896 2127 2017 2185 Cor.
2037 2144 2078 2194 ι,
2093 2128 2207 2201 24),

633 2217 725 2287 qui
751 2226 835 2272 est
859 2218 1097 2275 omnium
1129 2228 1273 2274 recte
1302 2218 1625 2291 sapientium
1661 2227 1853 2277 mater.

706 2305 923 2375 Signum
946 2309 1154 2380 qurerit,
1197 2318 1244 2363 et
1274 2309 1479 2381 signum
1519 2325 1622 2363 non
1644 2310 1857 2363 dubitur
1885 2310 1948 2372 ei,
1997 2310 2096 2364 nisi
2138 2311 2210 2365 si-

632 2412 789 2465 gnum
820 2396 970 2451 Iona:
1007 2398 1285 2468 prop/reue.
1333 2382 1503 2453 Omne
1542 2398 1703 2471 igitur
1747 2399 1959 2470 signum
1985 2399 2210 2471 alicujus

635 2486 710 2539 rei
736 2488 947 2557 signum
980 2496 1081 2545 est.
1115 2487 1283 2547 Porro
1317 2490 1525 2561 signum
1551 2491 1693 2561 quod
1736 2505 1793 2545 se
1838 2490 2086 2548 Christus
2116 2493 2211 2548 da-

636 2585 813 2637 turum
837 2580 1123 2655 promittit,
1168 2581 1310 2636 illius
1338 2581 1473 2652 signi
1504 2580 1653 2637 Jonte
1686 2596 1770 2637 res
1805 2592 1905 2639 est.
1938 2582 2046 2640 Sed
2092 2584 2210 2645 ideo

631 2667 841 2736 signum
872 2670 1088 2735 dicitur,
1134 2672 1261 2740 quia
1288 2671 1547 2740 quidquid
1584 2672 1989 2742 prteﬁguratum
2025 2673 2127 2730 fuit
2150 2675 2209 2731 in

628 2758 784 2822 Jona,
816 2759 978 2833 565
1008 2770 1178 2819 totum
1204 2762 1478 2831 impletum
1506 2772 1589 2816 est
1624 2763 1679 2816 in
1710 2763 1944 2819 Christo.
2000 2765 2077 2820 Ac
2110 2780 2209 2837 per

628 2851 750 2916 hoc,
777 2850 900 2909 licet
921 2854 1129 2923 signum
1151 2854 1380 2917 dicatur,
1406 2868 1512 2917 res,
1538 2853 1741 2925 utjdixi,
1769 2854 1910 2909 illius
1923 2855 2059 2925 signi
2086 2855 2204 2913 fuit.

630 2942 763 3007 Quia
792 2942 929 3001 sicut
956 2943 1055 2997 fuit
1084 2943 1219 2999 Jona
1270 2944 1323 2997 in
1359 2952 1549 3001 ventre
1577 2944 1684 2999 ceti
1738 2944 1904 2998 tribus
1953 2946 2130 3002 diebus
2160 2957 2206 3000 ct

627 3035 793 3091 tribus
827 3035 1059 3091 noctibus
1083 3050 1099 3087 :
1125 3036 1199 3091 sic
1220 3036 1316 3091 erit
1336 3034 1509 3091 Filius
1551 3037 1773 3091 hominis
1802 3037 1857 3091 in
1880 3038 2033 3093 corde
2055 3048 2207 3094 terra:

627 3125 792 3181 tribus
829 3126 1007 3181 diebus
1055 3137 1101 3181 et
1156 3127 1319 3182 tribus
1361 3128 1616 3185 noetibus.
1661 3126 1916 3195 Quamvis
1965 3129 2204 3184 nonnulli

627 3213 883 3287 quidquid
904 3213 1066 3273 Jonas
1092 3216 1257 3289 gessit
1286 3216 1494 3286 signum
1527 3216 1692 3272 fuisse
1721 3218 1786 3272 de
1829 3216 2045 3277 Christo
2070 3233 2205 3275 con-

629 3301 862 3367 ﬁrmant,
887 3304 1029 3381 quod
1066 3306 1349 3374 reprobate
1378 3303 1537 3360 Israel
1564 3306 1631 3361 ad
1657 3305 1921 3361 Ninivitas
1942 3309 2204 3378 propheta

628 3396 878 3460 mittitur,
901 3396 1041 3455 sicut
1063 3397 1355 3467 repudiatis
1385 3397 1604 3466 pertidis
1625 3396 1825 3453 Judzeis
1854 3397 2104 3454 Christus
2135 3398 2203 3455 ad

630 3497 831 3559 gentes,
866 3502 958 3542 seu
992 3497 1185 3547 caetera
1237 3503 1355 3559 qua:
1395 3488 1461 3543 de
1493 3504 1557 3543 eo
1582 3488 1853 3560 leguntur.
1906 3490 2106 3545 Tamen
2148 3490 2203 3551 in

626 3579 726 3635 hoc
751 3581 970 3641 evidens
999 3580 1211 3657 signum
1264 3581 1381 3647 fuit,
1429 3583 1570 3651 quod
1615 3598 1720 3637 non
1770 3581 1942 3638 solum
1972 3590 2202 3638 mortem

626 3670 837 3726 Domini
861 3672 1241 3749 prmﬁguravit,
1267 3688 1451 3728 verum
1475 3674 1636 3728 etiam
1660 3675 1833 3744 ipsum
1858 3684 2068 3745 tempus
2088 3690 2203 3745 pas-

624 3762 814 3830 sionis,
844 3764 1017 3820 tribus
1065 3765 1254 3821 diebus
1300 3775 1357 3819 et
1407 3764 1576 3819 tribus
1613 3765 1881 3831 noctibus,
1925 3768 2202 3837 signanter

623 3852 905 3922 expressit.
935 3852 1192 3920 Quamvis
1220 3868 1287 3907 ex
1318 3853 1418 3911 hoc
1437 3855 1655 3925 quidam
1687 3857 2023 3921 dubitent,et
2052 3873 2201 3911 men-

625 3945 778 3998 dacio
825 3945 1098 3998 ascribant
1142 3944 1435 4001 Salvatoris
1480 3946 1664 4010 verba,
1698 3948 1839 4015 quod
1879 3964 1982 4002 non
2030 3950 2201 4004 tribus

625 4034 835 4100 diebus,
889 4049 987 4089 nec
1046 4036 1217 4089 tribus
1261 4036 1507 4090 noetihus
1558 4037 1611 4090 in
1654 4037 1901 4106 sepulcro
1944 4036 2197 4107 jacuerit.

625 4127 735 4183 Nec
768 4127 1068 4198 intelligunt
1096 4144 1257 4198 quam
1288 4144 1427 4197 saepe
1454 4129 1507 4182 in
1536 4128 1829 4199 Scripturis
1861 4131 2030 4185 sacris
2057 4132 2199 4188 hunc

625 4217 840 4273 modum
870 4218 1156 4274 locutionis
1182 4220 1481 4287 inveniunt,
1515 4222 1608 4292 qui
1652 4231 1836 4292 tropus
1865 4224 2199 4293 synecdoche

626 4321 867 4375 vocatur,
899 4311 985 4364 ubi
1007 4328 1133 4381 pars
1156 4328 1253 4382 pro
1278 4321 1386 4368 toto
1407 4314 1685 4391 accipitur.
1712 4312 1827 4369 Non
1851 4314 1992 4384 quod
2025 4313 2197 4369 Domi-

2314 500 2521 562 partem
2548 491 2898 562 posteriorem
2934 489 3094 565 primi
3131 489 3256 557 diei,
3313 494 3362 547 in
3399 510 3498 566 quo
3538 501 3798 573 completum

2315 589 2396 637 est
2425 580 2565 651 quod
2588 580 2853 651 promisit,
2903 595 3001 650 pro
3051 580 3177 635 totis
3221 589 3374 652 atque
3416 584 3621 658 integris
3660 591 3803 651 diebus

2314 685 2748 737 annumeremus,
2778 678 2838 725 ut
2875 669 3141 740 intelligas
3180 686 3300 726 eum
3346 673 3434 747 qui
3464 674 3587 730 dixit
3606 690 3706 749 post
3733 697 3800 738 sex

2314 764 2447 830 dies,
2493 763 2634 819 solos
2678 762 2881 818 medios
2929 777 3343 819 connumerasse
3394 765 3479 835 qui
3524 768 3669 836 veri,
3699 774 3802 839 toti,

2314 865 2478 925 atque
2515 855 2724 925 integri,
2750 853 2998 923 completi
3037 861 3180 909 sunt.
3214 852 3319 909 Sed
3344 854 3427 909 hic
3479 864 3642 929 tropus
3679 862 3805 932 signi-

2314 945 2579 1000 ﬁcationis
2621 960 2788 1015 capax
2827 952 2910 999 est
2944 985 2959 1010 ,
3007 942 3149 1013 pleni
3188 942 3481 1003 intellectus
3504 985 3519 1011 ,
3569 962 3675 1002 cum
3717 951 3805 1022 plus

2314 1036 2560 1091 minusve
2620 1035 2932 1105 pronuntiat
2979 1032 3276 1103 Scriptura.
3325 1034 3427 1088 Aut
3451 1036 3582 1090 enim
3630 1052 3657 1091 a
3694 1050 3807 1109 parte

2314 1135 2483 1183 totum
2512 1126 2767 1191 ostendit,
2798 1136 2856 1180 ut
2889 1143 2901 1179 :
2942 1122 3164 1180 Verbum
3205 1142 3326 1179 caro
3352 1125 3540 1196 factum
3566 1136 3661 1193 est;
3693 1139 3765 1184 aut
3784 1147 3807 1187 e

2313 1226 2519 1283 contra,
2552 1228 2612 1271 ut
2650 1217 2761 1271 ibi:
2798 1215 2937 1287 Ergo
2972 1223 3182 1287 prapter
3223 1232 3525 1285 parasceven
3556 1217 3805 1275 Iudicat-un

2311 1311 2434 1383 quia
2489 1311 2649 1381 juxta
2694 1318 2806 1363 erat
2849 1320 3237 1367 monumentum
3291 1307 3378 1360 ubi
3427 1322 3681 1379 posuerunt
3721 1329 3806 1366 eam

2313 1400 2492 1473 (Joan.
2528 1415 2639 1462 xix,
2664 1398 2773 1471 42).
2801 1396 2970 1452 Porro
2999 1396 3139 1467 quod
3168 1396 3264 1461 ait,
3292 1396 3346 1450 in
3370 1397 3526 1451 corde
3552 1407 3704 1465 terrai,
3730 1409 3809 1455 tro-

2312 1496 2431 1566 pice
2459 1489 2708 1548 similiter
2734 1490 2972 1559 loquitur
3004 1505 3018 1542 :
3067 1502 3173 1541 non
3219 1486 3361 1559 quod
3394 1496 3530 1542 terra
3557 1504 3641 1543 eor
3661 1490 3809 1545 haheat

2312 1597 2372 1643 ut
2408 1584 2604 1641 animal
2633 1584 2721 1648 sit,
2748 1583 2840 1638 sed
2881 1580 3148 1652 signiﬁcat
3175 1579 3527 1648 Hierusalem,
3552 1580 3611 1635 de
3631 1596 3718 1650 qua
3753 1581 3809 1635 di-

2313 1685 2459 1734 ctum
2490 1672 2648 1749 565
2677 1680 2760 1726 est
2786 1689 2797 1724 :
2834 1669 2973 1736 Quia
3004 1679 3247 1739 operatus
3275 1677 3348 1723 est
3376 1668 3584 1724 salutem
3610 1670 3658 1723 in
3681 1669 3807 1723 medio

2239 1740 2286 1799 Β
2314 1776 2465 1821 teme
2496 1740 2664 1837 (pia.
2691 1778 2881 1831 Lxxnt,
2915 1759 3026 1833 12),
3078 1760 3133 1815 in
3183 1774 3288 1831 qua
3326 1758 3605 1814 cruciﬁxus
3632 1768 3702 1814 est
3737 1757 3809 1812 Do-

2313 1855 2491 1910 minus
2521 1863 2576 1908 et
2597 1850 2855 1923 sepultus.

2391 1971 2500 2028 Viri
2534 1970 2785 2025 Nrnivitae
2825 1975 3055 2037 surgent.
3086 1964 3440 2036 Prosequitur
3477 1979 3653 2021 miram
3673 1974 3717 2020 et
3738 1966 3806 2019 ad-

2309 2063 2612 2122 mirabilem
2668 2059 3041 2130 prophetiam,
3085 2071 3208 2127 quas
3265 2057 3333 2112 de
3386 2055 3650 2126 prophetia
3692 2053 3804 2109 lunai

2311 2158 2453 2214 facta
2482 2163 2586 2220 est,
2635 2154 2701 2209 de
2750 2167 2857 2222 qua
2909 2150 3328 2221 prophetaverat
3372 2147 3603 2202 Christus
3646 2154 3692 2201 et
3730 2147 3810 2214 ipso

2308 2248 2587 2322 propheta.
2608 2243 2666 2299 In
2689 2258 2795 2314 quo
2824 2250 2885 2297 ut
2904 2241 3145 2311 expleret
3171 2239 3487 2295 vaticinium
3506 2252 3664 2303 suum,
3686 2236 3807 2291 etiam

2307 2342 2539 2400 celerior
2563 2338 2739 2395 factus
2773 2344 2856 2391 est
2891 2336 3006 2405 ipse
3045 2334 3101 2388 in
3132 2332 3525 2388 resurrectione
3550 2343 3690 2398 quam
3711 2342 3812 2397 pra:-

2308 2433 2522 2491 diserat
2567 2436 2624 2483 et
2668 2424 3031 2497 praeﬁguravit
3070 2422 3358 2495 propheta.
3411 2419 3572 2475 Porro
3613 2418 3670 2473 de
3702 2416 3812 2471 Nini-

2309 2523 2434 2578 vitis
2461 2519 2721 2590 majorem
2758 2517 2997 2589 gentium
3045 2515 3211 2579 ﬁdem
3261 2513 3495 2569 futuram
3545 2513 3812 2567 demonstrat

2309 2630 2470 2687 quam
2493 2612 2817 2672 intimorum,
2857 2616 2915 2665 et
2956 2607 3077 2663 ideo
3116 2621 3186 2662 ex
3228 2605 3333 2669 ﬁde
3372 2603 3713 2664 Ninivitarum,
3739 2598 3810 2653 lu-

2309 2710 2455 2764 daeos
2482 2707 2535 2761 in
2563 2703 2761 2765 futuro,
2786 2700 2913 2770 quia
2938 2715 3042 2755 non
3057 2699 3429 2767 crediderunt,
3445 2693 3811 2755 condemnandos

2308 2797 2605 2855 denuntiat.
2637 2792 2901 2862 Quoniam
2931 2788 3204 2856 Ninivitas,
3238 2788 3373 2847 Jona
3402 2787 3712 2859 praedicante,
3729 2797 3813 2853 po:-

2308 2888 2589 2944 nitentiam
2614 2892 2861 2955 egerunt,
2898 2889 2956 2941 et
2982 2896 3011 2934 a
3042 2880 3153 2936 Deo
3176 2879 3477 2951 pmniteudi
3504 2877 3694 2935 veniam
3718 2887 3814 2929 eon-

2308 2981 2542 3038 tessione
2567 2983 2910 3041 meruerunt;
2964 2973 3051 3027 isti
3079 2987 3213 3028 vero
3242 2971 3458 3028 Christo
3486 2969 3571 3025 Dei
3596 2968 3690 3025 ﬁlio
3708 2979 3812 3039 prae-

2234 3086 2278 3149 (ς
2309 3070 2578 3135 nuntiato,
2630 3068 2746 3137 ipso
2788 3064 3140 3137 praedicante,
3170 3078 3303 3119 eum
3354 3078 3458 3118 non
3504 3061 3810 3149 susceperunt.

2307 3164 2432 3219 ideo
2491 3166 2713 3229 surgent
2762 3157 2966 3213 dictum
3021 3163 3136 3221 est,
3194 3154 3453 3224 quoniam
3500 3146 3813 3209 laudabilium

2309 3261 2468 3309 erunt
2496 3252 2549 3307 in
2581 3247 2933 3306 similitudine
2978 3246 3215 3305 duorum
3248 3245 3601 3306 denariorum,
3637 3249 3812 3310 quorum

2305 3344 2443 3399 alter
2477 3340 2765 3403 formosior
2804 3338 3051 3409 splendet
3091 3346 3145 3393 et
3173 3338 3381 3395 clarior
3406 3335 3698 3397 formatione
3716 3328 3813 3382 arti-

2304 3437 2442 3500 ﬁcis,
2467 3435 2604 3490 alter
2634 3432 2897 3489 vilissime
2923 3431 3177 3502 degeneri
3200 3440 3359 3488 actus
3377 3430 3603 3501 pondere
3618 3422 3813 3493 etsplen-

2238 3557 2245 3564 -
2308 3531 2470 3595 dore,
2512 3526 2900 3587 contemnitur.
2946 3524 3046 3587 Ubi
3089 3524 3230 3587 ﬁdes
3269 3525 3506 3597 gentium
3545 3517 3814 3592 permaxima

2302 3620 2645 3691 praedicatur.
2681 3617 3134 3675 Condemnahuut
3162 3627 3351 3673 autem
3378 3632 3487 3672 non
3511 3610 3680 3683 judieii
3706 3613 3815 3677 pote

2303 3723 2464 3779 state,
2493 3713 2586 3769 sed
2610 3712 2735 3782 quia
2764 3726 2833 3769 ex
2857 3726 3043 3766 eorum
3071 3712 3479 3782 comparatione
3500 3709 3596 3780 ipsi
3617 3703 3815 3762 condent-

2303 3805 2594 3859 nabuntur.
2637 3801 2704 3859 Et
2732 3801 3025 3859 notandum
3057 3802 3201 3870 quod
3236 3811 3427 3872 gentes
3458 3801 3520 3856 ad
3555 3797 3742 3855 meliora
3770 3804 3817 3844 eo

2304 3897 2465 3952 indie
2501 3903 2803 3962 resurgant,
2846 3903 2900 3948 et
2938 3892 3257 3949 sublimiora
3299 3892 3592 3964 percipient
3626 3888 3815 3942 ﬁdem

2304 3985 2463 4040 dona.

2372 4121 2439 4175 Et
2468 4136 2583 4175 ecce
2610 4118 2726 4189 plus
2752 4133 2910 4189 quant
2947 4115 3115 4171 Jonas
3140 4118 3250 4172 hic.
3297 4117 3401 4173 Hic
3445 4126 3612 4173 autem
3641 4127 3727 4167 non
3750 4119 3817 4161 no-

2299 4226 2421 4272 men
2455 4212 2848 4284 accipiendum,
2881 4210 2974 4265 sed
2998 4209 3317 4265 adverbium
3340 4211 3465 4267 loci.
3490 4207 3725 4277 Quoniam
3747 4201 3822 4253 im-

2298 4305 2700 4379 przeaentiarum
2723 4311 2838 4358 erat
2864 4301 3110 4357 Christus
3135 4302 3230 4370 qui
3268 4303 3579 4373 loquebatur
3617 4297 3687 4352 sic
3711 4292 3761 4347 de
3778 4303 3821 4379 se

626 4417 726 4457 nus
754 4416 941 4456 omnes
970 4410 1077 4457 tres
1104 4402 1217 4459 dies
1252 4412 1305 4457 et
1337 4412 1448 4459 tres
1476 4412 1661 4459 noctes
1688 4407 1738 4457 iu
1775 4404 1983 4459 inferno
2013 4403 2193 4470 fuerit,
2220 4438 2276 4498 D
2299 4399 2453 4470 quasi
2492 4397 2557 4451 de
2603 4395 2729 4459 alio.
2760 4409 2825 4448 ac
2853 4393 2898 4448 si
2926 4394 3167 4448 diceret:
3195 4391 3299 4448 Hic
3338 4395 3480 4448 inter
3512 4405 3599 4498 V35
3623 4393 3821 4498 estifll“

626 4489 719 4545 sed
749 4498 807 4544 ut
848 4498 1012 4545 sexta:
1056 4489 1200 4544 leri:e
1240 4492 1343 4545 diei
1393 4500 1595 4567 partem
1637 4508 1741 4563 qua
1801 4492 2042 4562 sepultus
2090 4501 2192 4557 est,

624 4595 745 4647 eum
773 4583 1043 4649 praeterita
1068 4590 1221 4636 nocte
1249 4593 1302 4637 et
1322 4583 1407 4637 die
1434 4583 1687 4653 accipias,
1712 4582 1813 4638 hoc
1849 4592 1930 4638 est
1957 4598 2053 4652 pro
2084 4591 2194 4637 tota

625 4671 729 4741 die.
779 4670 1070 4727 Sabbatum
1112 4688 1235 4728 vero
1289 4674 1341 4727 in
1398 4691 1504 4745 quo
1551 4685 1634 4729 est
1681 4684 1790 4730 tota
1838 4692 1943 4732 nox
1973 4683 2028 4730 et
2057 4675 2191 4741 dies,

625 4764 816 4820 deinde
844 4772 1054 4835 noctein
1100 4764 1429 4821 Dominieam
1476 4781 1596 4821 cum
1642 4768 1828 4821 eodem
1878 4767 1963 4822 die
2010 4766 2195 4821 illuce-

625 4865 826 4920 seente,
856 4864 1061 4924 partem
1088 4856 1399 4926 accipiendo
1423 4871 1521 4925 pro
1545 4864 1673 4911 toto.
1700 4855 1876 4911 Habes
1898 4856 2062 4926 igitur
2084 4864 2194 4909 tres

623 4945 755 5009 dies,
788 4954 841 4999 et
863 4954 974 5002 tres
999 4956 1197 5011 noctes,
1231 4950 1275 5002 si
1302 4948 1372 5002 ita
1396 4948 1814 5020 uniuscujusque
1834 4950 1935 5004 diei
1967 4956 2194 5020 partem,

622 5044 713 5088 aut
739 5036 911 5092 noctis
947 5038 1219 5108 acceperis
1241 5054 1336 5107 pro
1358 5048 1486 5094 toto.
1516 5039 1580 5094 Ut
1609 5049 1734 5108 puta
1765 5040 1810 5094 si
1836 5040 2027 5110 aliquis
2065 5041 2195 5097 hora

622 5127 723 5181 diei
783 5143 921 5183 nona
953 5144 1198 5198 egressus
1238 5127 1401 5183 fuerit
1429 5131 1494 5183 de
1538 5131 1838 5193 mansione,
1875 5131 1979 5184 iter
2008 5146 2191 5199 agens,

620 5230 674 5277 et
703 5220 920 5276 alterius
953 5222 1057 5276 diei
1101 5223 1231 5276 hora
1273 5223 1429 5276 tertia
1482 5222 1547 5276 ad
1592 5223 1922 5276 mansionem
1968 5221 2193 5275 alteram

618 5314 950 5385 pervenerit;
979 5310 1119 5384 quod
1148 5314 1193 5369 si
1215 5314 1507 5369 dixerimus
1525 5314 1673 5369 bidui
1695 5328 1816 5366 eum
1845 5311 2037 5367 fecisse
2065 5313 2188 5377 iter,

619 5388 857 5476 nunquid
884 5406 1065 5461 statim
1110 5405 1564 5479 reprehendemur
1588 5403 1889 5458 mendacii?
1935 5402 2069 5469 Quia
2103 5402 2189 5457 ille

620 5500 711 5573 qui
738 5500 1030 5555 ambulavit
1056 5516 1160 5554 non
1209 5515 1396 5554 omnes
1424 5500 1585 5553 horas
1612 5497 1890 5565 utriusque
1920 5496 2042 5557 diei,
2095 5494 2188 5549 sed

619 5591 906 5662 quamdam
938 5602 1140 5661 partem
1189 5591 1382 5645 itinere
1410 5586 1763 5655 consumpsit.
1795 5585 1926 5639 Nam
1958 5595 2011 5640 et
2046 5584 2188 5653 quod

623 5682 875 5747 Dominus
897 5684 1128 5739 ostendit
1154 5698 1213 5739 se
1240 5683 1292 5739 in
1336 5689 1519 5736 monte
1559 5687 1680 5749 post
1710 5693 1801 5734 sex
1832 5679 1945 5734 dies
1986 5678 2187 5733 factum

2301 4490 2420 4561 plus
2449 4497 2533 4544 est
2552 4502 2713 4557 quam
2740 4483 2906 4540 Jonas
2928 4484 3036 4540 hic.
3060 4484 3329 4552 Quoniam
3348 4484 3501 4556 juxta
3528 4473 3820 4550 Septuaginta

2300 4576 2465 4634 Jonas
2493 4576 2661 4630 tribus
2692 4575 2879 4630 diebus
2907 4573 3158 4629 Nlnivitis
3203 4572 3577 4644 paenitentiam
3617 4562 3821 4637 pradica-

2301 4674 2396 4736 vit,
2427 4685 2525 4741 ego
2554 4667 2685 4724 vero
2712 4675 2857 4723 tanto
2880 4675 3158 4737 tempore;
3199 4666 3293 4722 ille
3328 4664 3565 4736 Assyriis
3615 4654 3737 4730 genti
3769 4652 3824 4703 ἰιι·

2301 4762 2554 4828 credulae,
2584 4775 2682 4831 ego
2719 4758 2918 4815 Judmis
2957 4759 3151 4830 populo
3187 4759 3327 4823 Dei;
3363 4757 3454 4812 ille
3488 4751 3668 4810 alienis
3694 4745 3827 4812 aleae

2303 4854 2435 4918 Dei,
2480 4869 2581 4926 ego
2612 4856 2746 4909 meis
2784 4853 2990 4907 civibus
3038 4865 3254 4920 seraper
3281 4866 3310 4904 a
3352 4851 3469 4921 lege
3513 4854 3567 4902 et
3600 4834 3825 4916 prophetis

2302 4962 2364 5004 ea
2388 4963 2506 5016 quze
2527 4945 2849 5014 repromissa
2894 4950 3018 4997 sunt
3044 4941 3309 5011 patribus,
3338 4940 3600 5001 exhibeo;
3629 4933 3708 4988 ille
3727 4936 3827 4981 voce

2305 5046 2510 5092 tantum
2548 5036 2755 5090 locutus
2792 5031 3105 5103 simpliciter
3140 5031 3275 5085 nihil
3312 5031 3591 5101 signorum
3644 5021 3823 5077 faciens.

2301 5142 2399 5199 ego
2422 5127 2496 5200 (et
2524 5128 2568 5182 si
2596 5128 2651 5181 in
2685 5124 2986 5180 Beelzebub
3025 5122 3204 5178 facere
3239 5119 3570 5189 calumnior)
3594 5118 3827 5207 innumera

2302 5222 2530 5276 inﬁrmis
2553 5217 2779 5289 praestiti
2815 5215 3074 5271 beneﬁcia
3104 5216 3296 5285 gratis.
3330 5214 3463 5282 Quae
3511 5211 3628 5281 quia
3654 5203 3829 5260 deitatis

2300 5321 2423 5367 sunt
2444 5326 2627 5381 opera,
2658 5309 2932 5365 insinuant
2977 5308 3119 5378 quod
3147 5307 3266 5377 plus
3295 5315 3381 5360 est
3411 5318 3569 5374 quam
3594 5298 3741 5381 lunas
3762 5290 3829 5343 llic

2296 5378 2797 5468 impraesentiarum,
2824 5410 2854 5449 a
2890 5409 2996 5464 quo
3040 5402 3145 5447 tam
3180 5392 3318 5447 mira
3367 5400 3423 5445 et
3457 5385 3684 5444 inaudita
3705 5378 3827 5431 ﬁunt.

2299 5490 2498 5561 Regina
2525 5487 2706 5543 Austri
2735 5496 2917 5556 surget
2945 5486 2999 5538 in
3014 5484 3219 5555 judicio
3247 5500 3371 5537 cum
3391 5479 3710 5554 generatione
3731 5470 3828 5522 ista.

2295 5584 2416 5653 quia
2448 5582 2582 5634 venit
2609 5597 2640 5632 a
2668 5578 2860 5647 finibus
2904 5587 3056 5630 terra:
3082 5574 3266 5628 audire
3294 5571 3604 5642 sapientiam
3631 5561 3833 5653 suam:

2296 5648 2399 5729 nis.
2431 5671 2599 5726 Nemo
2632 5667 2937 5724 mortalium
2977 5674 3060 5721 est
3098 5666 3188 5737 qui
3238 5672 3351 5719 tam
3398 5658 3624 5718 docilem
3667 5648 3833 5708 haheat
