4004 6362
231 313 331 369 477

1012 312 1368 369 EXPOSITIO
1402 313 1469 370 IN
1508 313 1943 372 ΜΑΤΤΗᾸΞΗΜ.
1979 346 2047 356 -
2083 316 2209 371 LIB.
2252 318 2336 383 Vl,
2378 318 2528 375 CAP.
2572 321 2681 377 XII.

3364 331 3466 393 ιη

235 441 513 497 naturam,
558 428 644 483 vel
696 429 1202 485 excellentissimum
1248 430 1542 501 ingenium,
1576 439 1635 486 ut
1678 432 1794 486 tbe-
1823 433 1868 499 Α
1898 430 1971 485 tia
2001 439 2055 487 et
2084 431 2240 486 venia
2288 431 2457 503 gratis
2496 431 2834 505 praedicatur.
2881 433 3140 507 Sequitur
3164 439 3340 499 adhuc
3361 441 3466 501 alia

233 538 410 579 sauros
447 523 750 585 divinarum
775 522 1172 591 Scripturarum
1210 538 1303 578 sua
1350 524 1518 593 possit
1543 524 1793 591 scientia,

231 614 305 669 vel
327 615 635 671 eruditione
658 615 725 673 ad
748 615 1007 685 liquidum
1032 626 1332 684 penetrare.
1366 614 1533 671 Nemo
1565 609 1654 687 qui
1680 617 1793 671 sin-

229 709 338 781 gula
371 718 541 779 queat
589 709 875 778 aenigmata
909 707 1070 779 566
1104 708 1366 774 revelare,
1411 717 1465 763 et
1513 708 1794 777 allegorias

229 800 570 870 rationesque
617 800 992 873 parabolarum
1033 802 1438 865 demonstrare;
1490 799 1795 855 similitudi-

229 905 313 944 nes
334 904 557 959 quoque
581 891 693 947 suis
720 889 772 947 in
804 888 937 945 locis
963 888 1121 965 digne
1141 889 1463 958 exprimere,
1499 888 1681 942 omnia
1704 904 1793 945 oc-

223 981 352 1053 culta
376 980 619 1053 aperire.
644 978 795 1047 Quod
816 978 941 1049 quia
972 994 1079 1033 non
1105 986 1299 1047 potest,
1333 992 1437 1033 non
1463 978 1584 1034 ideo
1610 986 1791 1035 tamen

221 1044 369 1126 (ἔδει
400 1044 621 1145 putare,
652 1044 792 1137 quod
833 1044 1033 1137 aliquid
1072 1044 1127 1122 in
1155 1066 1356 1125 eisdem
1399 1067 1568 1121 sacris
1599 1065 1792 1122 litteris

218 1174 646 1229 Supervacuum,
672 1167 763 1215 aut
791 1157 994 1227 absque
1027 1166 1385 1223 sacramento,
1415 1157 1537 1213 licet
1568 1156 1791 1219 occulta:

217 1248 649 1323 significationis,
691 1250 760 1304 sit
792 1249 1045 1318 positum.
1086 1248 1291 1303 Idcirco
1329 1246 1664 1303 adhibendus
1708 1247 1787 1302 la-

216 1341 323 1404 bor,
356 1349 412 1395 et
447 1356 573 1395 cum
607 1339 784 1395 studio
813 1338 1118 1393 inveniendi
1144 1338 1475 1408 imploranda
1503 1348 1584 1392 est
1612 1337 1790 1394 divina

214 1431 403 1501 gratia,
430 1439 491 1485 ut
531 1429 690 1489 nobis
709 1427 934 1483 obscura
978 1443 1223 1483 reserare
1254 1429 1501 1498 dignetur
1528 1432 1618 1501 qui
1644 1440 1790 1485 tenet

216 1523 419 1577 clavem
464 1522 724 1579 scientiae.
750 1520 905 1591 Quia,
930 1530 989 1577 ut
1034 1521 1237 1577 dictum
1274 1530 1375 1587 est,
1416 1523 1531 1593 ipsa
1587 1524 1788 1578 veritas

225 1614 443 1667 multum
488 1613 729 1668 demersa
759 1612 811 1669 in
845 1611 951 1669 alto
978 1612 1124 1667 latet.
1157 1611 1290 1680 Quis
1311 1613 1454 1669 enim
1487 1614 1789 1685 deprehen-

221 1704 366 1757 deret
429 1704 822 1761 disertissimus
888 1703 1369 1774 philosophorum,
1419 1705 1534 1759 haec
1598 1706 1783 1776 regina

1898 522 2197 594 objurgatio
2229 541 2243 577 :

1967 611 2097 671 Cum
2123 614 2423 669 immundus
2448 615 2661 685 spiritus
2690 615 2871 673 exierit
2901 617 2964 671 ab
3000 618 3237 687 homine,
3276 622 3463 675 ambu-

1893 702 1969 759 lat
1992 720 2085 774 per
2098 703 2211 758 loca
2232 703 2383 759 arida
2412 722 2648 776 quietem
2676 707 2921 777 requiem,
2965 717 3011 762 et
3036 725 3139 763 non
3165 710 3382 778 invertit,
3409 720 3465 773 et

1893 793 2120 867 reliqua.
2174 793 2471 853 Continuus
2526 797 2742 869 quidem
2795 798 2929 854 ordo
2982 798 3252 866 lectionis,
3298 811 3352 857 et
3397 818 3465 859 ex

1891 889 2090 957 prioris
2114 889 2334 943 exordio
2376 891 2644 945 sermonis
2687 889 2958 960 proﬁcisci
2998 892 3275 963 probatur,
3335 894 3464 953 dum

1889 976 1969 1035 eis
1992 978 2061 1035 ob
2099 978 2356 1062 duritiam
2396 979 2572 1034 cordis
2593 994 2780 1037 eorum
2825 980 3062 1036 atrocior
3086 981 3461 1039 accumulatur

1890 1082 2073 1140 paena,
2105 1078 2161 1125 et
2185 1070 2355 1141 major
2386 1072 2747 1127 comminatur
2772 1072 3025 1128 vindicta.
3067 1072 3149 1127 Ad
3179 1073 3283 1128 hoc
3312 1074 3463 1143 quip-

1887 1178 1957 1233 pe
1991 1165 2166 1219 omnis
2199 1165 2528 1235 comparatio
2548 1164 2845 1235 'praesentis
2889 1164 2991 1220 loci
3037 1164 3358 1229 intentatur,
3407 1173 3466 1227 ut.

1888 1253 2219 1311 demonstret
2265 1271 2329 1310 ex
2361 1270 2425 1310 ea
2471 1253 2670 1311 Judatis
2695 1255 2945 1328 graviora
2989 1256 3275 1311 imminere
3331 1270 3461 1325 sup-

1888 1344 2069 1414 plicia,
2100 1347 2241 1414 quod
2268 1355 2322 1400 et
2348 1347 2401 1401 in
2430 1345 2535 1402 line
2569 1356 2753 1417 aperte
2780 1346 3073 1410 concludit,
3098 1362 3219 1402 cum
3240 1346 3350 1401 ait:
3528 1388 3537 1417 λ

1959 1432 2050 1489 Sic
2080 1437 2176 1489 erit
2210 1434 2426 1506 (inquit)
2451 1444 2497 1489 et
2526 1436 2644 1489 huic
2681 1436 3001 1506 generationi
3033 1437 3291 1506 pessime.
3324 1434 3462 1490 Nam
3529 1436 3540 1513 ς

1887 1523 2048 1583 homo
2074 1541 2105 1583 a
2131 1540 2240 1594 quo
2266 1525 2574 1580 immundus
2598 1525 2873 1593 egreditur
2899 1525 3122 1594 spiritus
3152 1525 3461 1581 Judteornm
3524 1533 3538 1557 ί

1886 1616 2034 1673 natio
2072 1616 2405 1686 designatur,
2438 1616 2503 1671 de
2546 1631 2651 1686 qua
2680 1616 2926 1685 spiritum
2972 1616 3305 1672 immundum
3350 1616 3460 1683 lex,
3526 1616 3532 1686 ξ

1886 1724 2004 1779 qua:
2038 1710 2159 1763 data
2196 1717 2297 1773 est,
2334 1709 2638 1763 interventu
2665 1724 2762 1763 suo
2787 1707 2967 1777 ejecit.
3001 1707 3266 1776 Quoniam
3295 1715 3459 1763 antea

216 1793 347 1847 Saba
380 1794 522 1863 quod
563 1795 666 1850 ista
712 1795 1108 1865 praeﬁguraret,
1146 1795 1228 1849 vel
1276 1796 1418 1866 quod
1445 1793 1610 1852 Jonas
1644 1796 1783 1852 forte
1812 1781 1857 1843 Β
1887 1798 1941 1855 in
1970 1796 2202 1870 Egypto
2242 1798 2409 1853 multa
2438 1807 2492 1853 et
2534 1799 2717 1869 gravia
2752 1799 2811 1855 in
2844 1799 3012 1855 Deum
3042 1808 3264 1870 peccata
3317 1798 3461 1865 idola

214 1899 302 1953 per
356 1885 597 1940 triduum
654 1886 707 1941 in
759 1894 949 1940 ventre
1001 1888 1104 1941 ceti
1166 1887 1445 1945 demersus
1498 1896 1606 1943 tam
1662 1905 1784 1959 pro-

214 1970 365 2027 funda
406 1972 759 2031 ostenderet?
786 1973 898 2029 Nisi
938 1973 1188 2032 Christus
1220 1976 1315 2031 Dei
1358 1976 1528 2032 virtus
1581 1977 1784 2049 Deique

213 2065 486 2134 sapientia,
533 2066 625 2139 qui
666 2067 839 2138 aperit
880 2075 935 2121 et
962 2082 1119 2122 nemo
1160 2067 1381 2133 claudit,
1429 2068 1557 2125 illud
1601 2069 1667 2123 de
1723 2084 1781 2124 se

212 2154 398 2208 dictum
448 2154 736 2225 aperiret?
766 2154 1029 2223 Quoniam
1091 2155 1229 2213 sicut
1279 2156 1517 2211 inaudita
1557 2166 1779 2212 vectura

214 2255 463 2301 rectorem
512 2262 670 2301 suum
716 2262 958 2313 servans,
1002 2257 1055 2301 et
1092 2257 1214 2321 post
1268 2249 1505 2305 triduum
1536 2250 1779 2311 referens

214 2339 272 2391 ad
295 2354 525 2409 superna
562 2358 574 2392 :
606 2340 679 2394 ita
717 2350 772 2394 et
801 2340 1049 2397 Christus
1079 2356 1174 2410 per
1199 2354 1425 2399 mortem
1459 2343 1525 2399 ad
1566 2344 1775 2405 inferna

212 2431 549 2497 descendens,
600 2429 943 2487 incil‘abiliter
983 2441 1065 2486 est
1102 2431 1389 2504 adimpleta
1416 2433 1617 2487 veritas
1646 2449 1767 2488 cum

217 2520 369 2579 victor
407 2522 749 2598 triumphans
793 2523 947 2586 rediit
991 2524 1059 2583 ad
1091 2524 1278 2583 vitam.
1326 2524 1395 2586 Ει
1426 2524 1529 2587 hoc
1575 2534 1657 2587 est
1704 2526 1767 2587 si-

212 2635 359 2688 gnum
413 2623 561 2701 quod
609 2623 973 2692 qumrentibus
1024 2624 1198 2679 solum
1252 2641 1310 2680 se
1338 2624 1588 2681 daturum
1650 2641 1776 2695 pro.

216 2710 387 2774 mittit,
419 2716 520 2780 per
553 2712 697 2782 quod
747 2712 950 2783 scirent
978 2715 1200 2784 gloriam
1254 2731 1417 2786 quam
1472 2717 1525 2771 in
1556 2715 1773 2774 Christo

214 2815 535 2877 spreverant,
582 2813 747 2863 totam
789 2822 911 2863 esse
938 2810 1187 2879 gentibus
1214 2809 1621 2877 conferendam,
1654 2812 1763 2868 sic-

213 2901 266 2946 ut
306 2902 359 2949 et
404 2892 572 2950 Jonas
615 2910 675 2953 se
725 2898 899 2953 reddit
945 2901 1196 2971 gentibus
1244 2918 1403 2971 quem
1440 2902 1770 2975 aufugiendo

215 2984 494 3043 abstulerat
531 3002 564 3043 a
599 2986 813 3045 Judaeis.
856 2990 1007 3047 Unde
1043 2993 1219 3048 adhuc
1263 3002 1317 3048 et
1364 2994 1769 3067 regina-Austri

215 3074 263 3125 in
299 3074 552 3144 judicium
597 3088 822 3134 ventura
869 3082 1210 3150 praedicatur.
1250 3082 1385 3150 Quia
1427 3084 1568 3139 sicut
1601 3082 1768 3142 Jonas

1884 1888 2156 1945 adoranda
2198 1896 2254 1943 et
2299 1889 2559 1944 dmmonia
2601 1889 2847 1953 colendo,
2890 1897 3298 1946 contraxerant.
3350 1887 3461 1945 Nec

1883 1994 1990 2037 non
2019 1979 2183 2034 etiam
2201 1988 2484 2051 postquam
2513 1980 2665 2052 signa
2692 1989 2745 2035 et
2766 1980 3007 2052 prodigia
3033 1981 3125 2035 Dei
3148 1982 3202 2037 in
3220 1978 3457 2051 Egypto

1881 2070 2151 2135 viderant,
2174 2079 2295 2141 post
2327 2071 2613 2127 transitum
2634 2072 2801 2149 maris
2818 2071 3011 2137 Rubri,
3026 2080 3149 2141 post
3170 2070 3457 2127 innumera

1879 2164 2141 2221 beneﬁcia
2169 2173 2225 2220 et
2254 2164 2513 2219 miracula
2560 2163 2848 2227 interdum,
2894 2180 3015 2220 cum
3054 2163 3139 2220 lex
3167 2178 3197 2218 a
3222 2162 3332 2217 Deo
3382 2161 3459 2215 fa-

1879 2252 2204 2318 bricaretur,
2252 2253 2468 2310 metallo
2508 2269 2572 2310 ac
2597 2253 2864 2324 lapidibus
2894 2255 3101 2331 hostias
3145 2253 3457 2315 immolave-

1881 2350 2024 2417 runt,
2058 2358 2166 2401 una
2208 2357 2328 2398 cum
2382 2343 2565 2398 choris
2602 2353 2656 2399 et
2707 2344 2929 2399 canticis
2971 2335 3308 2408 saltantium,
3357 2358 3455 2396 an-

1877 2449 1998 2491 reos
2036 2449 2172 2504 quos
2206 2435 2306 2489 sibi
2352 2432 2717 2490 conﬂaverant
2755 2434 2981 2505 vitulos,
3020 2434 3151 2495 tleos
3194 2432 3457 2493 adorare-

1881 2532 2023 2591 runt.
2056 2523 2161 2585 Sed
2190 2523 2297 2599 lex,
2328 2524 2488 2585 veluti
2515 2531 2757 2601 quaedam
2788 2530 3030 2586 custodia
3054 2546 3330 2585 murorum
3352 2531 3456 2584 cir-

1877 2621 2156 2690 cumjectae
2201 2621 2503 2692 potestatis,
2531 2621 2861 2676 daemonibus
2911 2622 3149 2692 rejectis,
3191 2621 3460 2679 conclusit

1875 2709 1971 2767 Dei
2003 2712 2258 2784 populum
2294 2713 2362 2768 ab
2410 2712 2510 2777 eis,
2554 2720 2609 2768 et
2635 2711 2865 2767 exclusit
2910 2712 3302 2771 adversarium.
3349 2710 3455 2778 Qui

1876 2802 2021 2861 illinc
2050 2803 2267 2868 exiens,
2309 2818 2539 2873 pergens
2581 2803 2732 2873 quasi
2762 2819 2858 2874 per
2897 2804 3048 2859 arida
3080 2804 3223 2869 loca,
3278 2812 3331 2859 et
3375 2804 3455 2858 in-

1874 2907 2097 2962 aquosa,
2128 2891 2284 2967 longe
2309 2893 2398 2947 diu
2414 2893 2703 2959 circuiens,
2728 2893 3001 2949 oberravit
3021 2908 3117 2965 per
3139 2892 3454 2949 solitudines

1872 2984 2128 3055 gentium,
2158 2985 2211 3039 in
2223 2985 2419 3056 quibus
2445 2984 2623 3043 nullus
2649 2982 2770 3039 fons
2795 2984 2918 3039 vitae
2955 2984 3129 3039 adhuc
3148 2982 3451 3049 etlluxerat,

1877 3089 2051 3147 neque
2076 3075 2313 3131 caelestis
2344 3075 2514 3131 imber
2543 3090 2635 3130 eos
2663 3075 3022 3146 compluerat,
3046 3084 3102 3131 et
3121 3076 3239 3130 ideo
3284 3075 3450 3129 nimia

217 3167 455 3232 praevisus
503 3176 587 3223 est
632 3178 692 3223 ut
742 3137 954 3228 veniret
998 3137 1059 3228 in,
1106 3137 1296 3244 ﬁgat;
1317 3137 1563 3230 Chi-ign”;—
1606 3137 1773 3233 ius;
1799 3137 1846 3202 ο
1878 3137 2108 3221 arditate
2134 3166 2323 3221 torridi
2353 3165 2690 3236 squalebant.
2727 3137 2871 3233 Quas
2917 3137 3233 3223 solitudines
3258 3173 3313 3219 et
3333 3164 3452 3220 loca
3513 3213 3515 3215 ,

220 3258 383 3326 regina
418 3259 604 3314 Austri
635 3261 863 3330 praevisa
900 3270 983 3319 est
1022 3264 1076 3321 in
1125 3263 1296 3335 ﬁgura
1334 3264 1612 3331 Ecclesiae,
1653 3282 1773 3335 quae

219 3348 354 3402 venit
375 3350 439 3404 ad
465 3348 763 3407 Christum.
799 3351 1093 3423 Propterea
1120 3354 1263 3410 beati
1293 3371 1504 3419 sumus,
1529 3357 1767 3426 inquam,

220 3439 342 3507 quia
395 3442 527 3508 quod
589 3445 867 3513 precessit
912 3444 965 3499 in
1025 3455 1150 3516 typo
1203 3455 1259 3501 et
1314 3447 1641 3516 promissum
1691 3454 1775 3503 est

229 3530 282 3580 in
314 3528 494 3600 ﬁgura,
521 3548 613 3590 nos
660 3543 828 3593 totam
874 3543 1117 3592 tenemus
1145 3537 1200 3592 in
1255 3538 1433 3608 specie
1463 3538 1769 3604 veritatem,

226 3633 627 3693 veneramurque
654 3626 826 3695 ipsam
851 3627 1190 3698 sapientiam,
1222 3628 1501 3699 ipsumque
1527 3628 1771 3684 Salomo-

219 3723 334 3762 nem
380 3710 777 3781 amplectimur,
827 3731 1070 3771 amamus
1107 3725 1161 3772 et
1201 3727 1446 3774 tenemus
1497 3718 1550 3771 in
1590 3716 1768 3787 specie

221 3799 503 3867 veritatem,
532 3819 963 3875 veneramurque
990 3806 1159 3876 ipsam
1196 3809 1536 3878 sapientiam,
1570 3809 1769 3878 ipsum~

226 3904 320 3956 que
342 3890 673 3951 Salomonem
721 3896 1111 3966 amplectimur,
1157 3916 1401 3955 amamus
1430 3912 1479 3954 ct
1526 3910 1770 3956 tenemus

231 3978 338 4034 title.
374 3983 498 4050 Quia
526 3985 773 4056 profecto
795 3988 882 4042 hic
906 3989 1026 4060 plus
1049 3999 1132 4045 est
1151 4006 1309 4059 quam
1335 3991 1591 4047 Salomon
1616 3991 1770 4046 Chri-

224 4080 345 4137 stus,
367 4076 510 4145 cujus
534 4079 776 4149 egressio
796 4095 826 4134 a
851 4096 1059 4139 summo
1078 4081 1336 4136 caelorum
1363 4083 1596 4137 culmine
1622 4100 1769 4154 (lqu

225 4161 335 4215 sivit
360 4179 472 4219 eam
500 4182 622 4237 quae
650 4168 800 4227 venit
836 4185 867 4223 a
890 4168 1085 4226 ﬁnibus
1125 4180 1280 4226 terra:
1326 4172 1514 4228 audire
1550 4173 1766 4244 sapien-

229 4253 381 4322 tiam,
442 4270 495 4313 et
543 4260 897 4330 contemplari
959 4260 1246 4317 ineti‘abilia
1305 4274 1767 4319 sacramentorum

226 4343 327 4412 ejus
362 4351 628 4419 mysteria.
657 4349 899 4407 Tradunt
945 4353 1108 4424 igitur
1134 4351 1304 4410 Judaei
1337 4355 1477 4429 quod
1505 4355 1620 4415 haec
1646 4370 1765 4409 tnu-

226 4428 315 4486 lier
332 4434 498 4493 Meroe
524 4440 598 4493 sit
624 4449 837 4506 vocata,
866 4441 1201 4499 solummodo
1226 4428 1422 4499 nomen
1463 4454 1767 4514 qumrentes

221 4532 269 4577 et
307 4529 584 4585 carnaliter
621 4533 800 4586 omnia
849 4534 1159 4590 sentientes.
1207 4532 1314 4590 Nec
1346 4545 1524 4591 tamen
1572 4544 1768 4606 mystc-
1794 4496 1845 4569 Β

222 4616 343 4671 rium
375 4631 782 4691 recognoscant,
812 4623 953 4693 quod
980 4623 1223 4680 Christus
1252 4625 1317 4680 de
1343 4641 1399 4681 se
1425 4635 1477 4678 et
1504 4626 1764 4691 Ecclesia,

217 4722 321 4775 qua:
361 4725 482 4764 vere
547 4713 728 4783 regina
772 4720 873 4779 est,
925 4728 1044 4769 esse
1093 4714 1290 4771 docuit.
1338 4714 1587 4770 Cumulat
1639 4731 1767 4784 ergo

213 4801 372 4857 adhuc
419 4802 679 4858 invidiam
718 4802 1020 4860 Judaeorum
1070 4806 1183 4861 haec
1237 4809 1589 4876 comparatio,
1643 4808 1769 4879 quia

211 4906 298 4948 eos
338 4898 451 4950 sine
496 4897 845 4951 excusatione
891 4882 1031 4952 facit
1048 4897 1206 4970 567
1231 4898 1361 4955 ﬁdes
1402 4902 1660 4972 gentium.
1704 4900 1771 4956 Ut

211 4995 324 5037 cum
378 4986 449 5041 illi
518 4986 833 5059 prophetis,
883 4987 933 5041 id
1003 4997 1129 5054 est,
1189 4986 1338 5043 J0me
1391 4988 1772 5058 Salomonique

212 5076 459 5143 credunt,
516 5087 569 5132 et
621 5077 1053 5147 complectuntur
1102 5077 1379 5148 sapientiae
1427 5077 1765 5141 doctrinam;

212 5161 292 5216 isti
328 5163 602 5222 Christum
652 5184 755 5221 non
796 5166 1024 5222 credunt
1050 5164 1183 5221 Jona
1218 5182 1311 5221 seu
1343 5166 1629 5221 Salomone
1678 5182 1770 5234 po-

209 5257 411 5315 tiorem.
435 5259 502 5315 Et
531 5261 651 5315 ideo
696 5276 790 5314 eos
830 5258 883 5313 in
914 5258 1280 5312 resurectione
1298 5257 1485 5328 judicii
1517 5257 1768 5311 condem-

189 5349 423 5416 nahunt,
461 5351 588 5421 quia
625 5352 677 5404 in
710 5350 792 5405 his
819 5357 1067 5423 repertus
1093 5357 1172 5402 est
1198 5347 1359 5403 timor
1385 5347 1477 5402 Dei
1508 5363 1572 5401 ac
1614 5348 1765 5414 ﬁdes,

203 5439 391 5507 quibus
417 5441 504 5495 lex
532 5456 639 5495 non
670 5448 788 5495 erat
810 5440 960 5505 data,
1002 5453 1099 5494 nec
1123 5439 1294 5493 virtus
1323 5454 1461 5492 vera:
1492 5438 1769 5508 sapientim

197 5532 682 5600 praedicatanﬂinc
721 5532 889 5602 magis
937 5530 1140 5600 indigni
1193 5538 1318 5584 sunt
1364 5530 1518 5583 venia
1569 5529 1658 5598 qui
1701 5545 1767 5583 ex

188 5623 306 5695 lege
334 5633 466 5679 sunt
491 5623 757 5690 inﬁdeles,
790 5626 911 5679 dum
942 5624 1063 5693 plus
1094 5620 1213 5678 ﬁdei
1252 5623 1440 5677 sectati
1473 5633 1598 5676 sunt
1624 5637 1769 5676 com-

185 5717 452 5772 mercium
491 5715 581 5787 qui
609 5716 779 5786 legem
811 5732 914 5771 non
943 5723 1227 5781 noverant,
1258 5714 1473 5785 quando
1505 5712 1611 5769 illis
1646 5730 1769 5793 gra-

1877 3257 2027 3312 arida
2049 3256 2141 3311 diu
2168 3257 2293 3312 dum
2330 3257 2600 3319 circuiret,
2632 3265 2687 3313 et
2720 3258 3089 3325 requiesceret
3117 3257 3171 3311 in
3202 3256 3282 3312 eis
3306 3256 3446 3311 male

1873 3357 2119 3417 pacatus,
2147 3348 2366 3403 tandem
2384 3348 2670 3418 aliquando
2690 3347 2783 3402 Dei
2811 3350 2983 3419 gratia
3012 3345 3267 3415 respersi,
3292 3354 3440 3417 post—

1873 3455 2034 3509 quam
2076 3454 2172 3511 per
2202 3438 2473 3493 lavacrum
2526 3451 2679 3507 aqua:
2719 3438 2842 3491 vitae
2880 3445 3006 3491 sunt
3030 3434 3221 3498 abluti,
3256 3442 3310 3489 et
3332 3434 3450 3489 fons

1872 3529 2026 3583 vivus
2050 3529 2104 3582 in
2140 3529 2219 3582 eis
2245 3527 2468 3590 ellluxit,
2502 3526 2779 3580 habitandi
2819 3541 2942 3581 cum
2974 3524 3059 3579 his
3082 3522 3257 3576 nullus
3299 3522 3460 3592 locus.

1872 3619 1990 3675 fuit.
2036 3619 2101 3673 Et
2139 3633 2260 3674 cum
2289 3616 2401 3685 jam
2442 3618 2495 3672 in
2542 3617 2626 3671 his
2674 3616 2914 3686 requiem
2956 3629 3061 3670 non
3108 3614 3333 3668 haberet
3365 3626 3450 3667 re~

1872 3710 2069 3781 grandi
2096 3710 2236 3764 intra
2288 3724 2346 3763 se
2393 3716 2670 3778 reputans,
2700 3708 2961 3779 optimum
2992 3706 3164 3773 duxit,
3193 3704 3357 3778 568
3394 3713 3450 3762 et

1870 3816 2028 3872 posse
2052 3801 2277 3856 credidit
2312 3802 2365 3855 in
2393 3816 2512 3856 eam
2560 3800 2769 3873 regredi
2810 3800 3047 3863 domum,
3082 3799 3147 3852 de
3194 3814 3297 3865 qua
3349 3798 3443 3851 de-

1870 3888 2054 3961 pulsus
2080 3890 2231 3960 prius
2256 3904 2352 3958 per
2373 3890 2542 3959 legem
2573 3904 2635 3945 ac
2680 3889 2725 3943 si
2753 3889 2820 3943 ad
2869 3888 3128 3958 ampliora
3154 3888 3438 3953 invitatus,

1869 3980 2056 4035 exivit.
2076 3980 2155 4033 Ad
2179 3996 2337 4050 quam
2370 3995 2556 4034 rursus
2582 3979 2911 4051 regrediens,
2929 3978 3134 4033 invenit
3154 3985 3446 4032 vacantem

1869 4071 2145 4141 perotium
2185 4082 2240 4124 ct
2271 4071 2570 4124 sabbatum.
2601 4060 2837 4125 Vacabat
2883 4070 3023 4126 enim
3068 4069 3326 4139 templum
3353 4065 3444 4122 Jn-

1869 4161 2128 4224 daeorum,
2154 4160 2277 4233 quia
2304 4160 2419 4214 sine
2442 4158 2657 4215 Christo
2684 4167 2822 4223 erat,
2855 4169 2909 4212 et
2945 4159 3062 4214 sine
3089 4159 3218 4223 Deo,
3247 4167 3302 4214 et
3328 4157 3445 4212 sine

1869 4252 2108 4309 custodia
2133 4252 2463 4325 angelorum.
2491 4250 2773 4319 Quoniam,
2798 4251 2939 4305 sicut
2965 4250 3191 4322 legimus
3208 4251 3261 4304 in
3294 4249 3444 4305 Jose-

1868 4334 2133 4417 pho,7post
2147 4345 2446 4415 passionem
2461 4343 2669 4399 Domini
2682 4343 2971 4398 clamatum
2992 4352 3075 4398 est
3088 4342 3297 4411 publice
3312 4341 3451 4408 ιιιιιιη⁵

1872 4436 1939 4489 tis
1955 4436 2292 4490 audientibus
2317 4435 2370 4488 in
2390 4434 2574 4488 eadem
2603 4449 2726 4488 arce
2754 4448 3058 4488 murorum:
3081 4434 3443 4489 Transeamus

1872 4544 1935 4583 ex
1966 4527 2050 4582 his
2078 4527 2314 4583 sedibus.
2343 4526 2452 4581 Nec
2477 4527 2763 4591 immerito,
2796 4528 2922 4596 quia
2952 4527 3234 4581 Dominum
3283 4543 3441 4600 ange-

1872 4619 2044 4673 lorum
2074 4619 2425 4672 habitatorem
2461 4618 2657 4673 babere
2682 4617 2986 4673 noluerunt.
3020 4617 3084 4672 Et
3112 4618 3232 4672 ideo
3248 4620 3437 4672 eorum

1873 4710 2165 4781 exspoliata
2203 4711 2466 4780 prtesidiis
2506 4710 2731 4764 vacabat
2770 4710 2960 4765 domus
2996 4710 3113 4789 otio
3148 4711 3438 4769 vanissime

1874 4804 2082 4870 feriata,
2141 4813 2331 4859 ornata
2389 4803 2766 4872 prophetarum
2822 4802 3107 4872 prreconiis
3160 4811 3215 4857 et
3266 4802 3435 4855 tradi-

1872 4894 2104 4947 tionibus
2132 4902 2365 4962 paternae
2393 4892 2544 4961 legis,
2576 4907 2675 4946 nec
2701 4907 2806 4948 non
2836 4902 2892 4948 ct
2926 4894 3311 4964 superstitiosis
3337 4892 3435 4947 ob-

1874 4983 2285 5039 servationibus.
2346 4980 2568 5052 Propter
2622 4997 2755 5051 quas
2806 4982 3059 5053 nimirum
3122 4982 3438 5039 traditiones

1872 5075 2034 5128 etiam
2077 5076 2188 5143 ipsa
2228 5072 2362 5143 legis
2407 5072 2645 5127 custodia
2697 5071 2854 5143 longe
2908 5075 3261 5135 abscesserat,
3311 5072 3437 5142 quia

1871 5162 2047 5217 omnis
2069 5160 2150 5216 lex
2188 5171 2241 5217 et
2267 5161 2546 5232 prophetia
2573 5177 2740 5231 usque
2770 5161 2833 5215 ad
2867 5159 3124 5215 Joannem
3170 5162 3291 5214 data
3325 5160 3437 5215 fuc-

1873 5260 1974 5314 rat,
2016 5260 2071 5305 ut
2106 5250 2379 5306 Christum
2412 5251 2810 5315 annuntiarent,
2833 5265 2939 5321 quo
2966 5244 3197 5318 abjecto,
3230 5250 3432 5319 absque

1871 5344 2187 5409 habitatore,
2222 5352 2279 5396 ut
2312 5342 2443 5409 dixi,
2482 5358 2646 5397 vacua
2678 5342 2951 5406 remansit,
2984 5356 3088 5396 non
3119 5340 3289 5396 solum
3320 5341 3434 5409 ipsa

1873 5453 2022 5513 gens,
2057 5450 2240 5491 verum
2267 5436 2428 5490 etiam
2470 5442 2522 5489 et
2549 5435 2661 5504 ipsa
2698 5433 2813 5497 lex;
2847 5434 2971 5505 quia
2998 5449 3103 5487 non
3155 5441 3272 5486 erat
3295 5432 3433 5486 alius

1874 5545 2030 5597 quem
2056 5528 2424 5599 pmdiguraret
2455 5540 2626 5593 neque
2657 5524 2710 5577 in
2740 5540 2798 5578 se
2819 5518 2977 5595 Quem
3011 5526 3432 5590 demonstraret;

1874 5618 1967 5674 sed
2004 5636 2033 5672 a
2065 5620 2219 5673 nobis
2260 5628 2436 5671 tamen
2463 5612 2658 5685 legitur
2688 5615 2840 5686 plena
2875 5612 3143 5687 mysteriis
3179 5615 3246 5669 ad
3287 5613 3436 5669 testi—

1876 5710 2111 5767 monium
2135 5709 2262 5766 corﬁ
2272 5706 2550 5763 rmationis
2567 5713 2785 5774 nostrae,
2801 5715 2855 5763 et
2872 5706 2975 5763 illis
3001 5707 3071 5763 ad
3085 5706 3445 5786 opprobrium,
