3994 6364
121 418 222 473 881

901 415 1260 473 EXPOSlTlO
1296 415 1362 470 IN
1404 405 1942 472 ΜΑΤΤΗᾸΞΠΜᾙᾸ-
1979 418 2103 472 LIB.
2145 419 2254 480 νη.
2293 419 2440 475 CAP.
2484 419 2598 499 XII.

3275 406 3380 479 482'

124 539 178 591 in
212 531 623 604 comparatione
665 507 966 586 dilectionis
1005 545 1218 600 semper
1257 530 1408 585 carni
1454 528 1711 600 Spiritum
1740 535 1787 594 Α
1817 530 1962 585 circo
2011 540 2183 586 mater
2228 540 2283 586 et
2309 531 2506 586 fratres
2549 530 2801 586 differunt
2850 531 3094 597 introire,
3123 540 3181 587 ut
3213 543 3268 590 et
3295 552 3381 591 re-
3463 565 3471 573 -

121 622 501 694 praeferamus.
555 620 660 675 Sed
696 635 764 674 ne
809 618 950 674 forte
975 619 1043 674 de
1080 618 1210 674 solis
1242 617 1501 689 apostolis
1523 619 1706 674 dicere

122 715 426 778 videretur,
474 712 732 783 providus
781 711 1034 784 Magister
1082 710 1308 776 addidit,
1355 711 1518 766 etiam
1550 719 1606 766 et
1637 711 1706 766 de

125 803 358 874 singulis
395 811 540 858 recte
571 801 932 856 credentibus.

198 891 270 946 Et
307 893 604 962 quicunque
635 891 813 960 fecerit
840 891 1156 944 voluntatem
1181 889 1362 946 Patris
1389 893 1513 957 mei,
1541 892 1631 962 qui
1651 892 1708 945 in

125 983 270 1038 caelis
311 993 408 1048 est,
458 983 567 1051 ipse
593 997 739 1035 meus
789 981 975 1050 frater,
1009 989 1056 1036 et
1102 997 1272 1047 soror,
1315 992 1365 1036 et
1393 992 1560 1036 mater
1605 991 1704 1037 est.

125 1077 343 1129 Interea
389 1086 460 1128 ne
487 1073 554 1128 de
587 1071 782 1140 Joseph
831 1071 1010 1127 dicere
1050 1074 1241 1127 rursus
1266 1073 1707 1138 calumniaretur,

126 1181 255 1220 cum
310 1164 641 1218 voluntatem
689 1161 866 1216 Patris
915 1163 1244 1232 requirebat,
1292 1162 1515 1228 addidit,
1540 1163 1629 1232 qui
1653 1162 1710 1215 in

125 1259 272 1314 aclis
310 1267 410 1322 est,
440 1265 500 1310 ut
552 1263 944 1318 monstraretur
984 1254 1103 1309 luce
1147 1253 1348 1310 clarius
1375 1253 1611 1323 seipsum
1641 1251 1709 1306 de

124 1349 284 1405 caelis
309 1348 545 1411 venisse,
573 1345 820 1416 quamvis
843 1345 1010 1400 Filius
1037 1343 1268 1399 hominis
1291 1344 1348 1398 in
1372 1357 1536 1397 carne.
1561 1341 1710 1396 vide-

125 1448 300 1494 retur.
355 1437 608 1492 Formam
661 1451 873 1504 quoque
929 1435 1165 1504 seipsum
1213 1433 1462 1488 omnibus
1517 1430 1707 1502 agendi

124 1527 510 1596 sentiendique
562 1526 892 1580 constituens
945 1525 1402 1594 propinquitatum
1466 1523 1707 1576 omnium

121 1620 219 1689 jus
250 1629 410 1689 atque
445 1631 639 1672 nomen
667 1616 778 1686 jam
817 1631 922 1670 non
952 1617 1017 1671 de
1048 1615 1354 1670 conditione
1389 1613 1588 1676 carnis,
1613 1613 1706 1668 sed

128 1710 203 1763 de
269 1708 466 1762 Christi
509 1716 565 1761 et
604 1707 858 1762 Ecclesia:
902 1707 1279 1762 communione
1341 1705 1704 1760 retinendum.

126 1800 396 1866 Quoniam
428 1799 690 1864 Ecclesia,
719 1814 839 1868 quae
879 1799 933 1853 in
961 1798 1178 1854 Christo
1215 1798 1500 1870 colligitur,
1532 1807 1707 1854 mater

1809 625 2050 679 verantia
2092 633 2402 680 servaretur
2433 626 2484 680 in
2532 639 2776 690 accessu,
2805 634 2860 681 et
2907 626 3220 697 mysterium
3269 629 3380 685 for-

1809 727 2050 772 maretur
2074 717 2368 771 divinitatis
2396 732 2462 771 ex
2489 725 2774 786 proventu.
2805 715 2960 772 Unde
3001 719 3126 787 quia
3161 715 3380 790 percur-

1809 809 1979 862 rimus
2007 807 2281 863 inelimato
2330 807 2580 877 loquendi
2630 807 2789 878 572
2825 822 3022 877 genere
3059 810 3128 865 ab
3171 825 3237 864 eo
3261 810 3381 867 loco

1809 900 1902 955 ubi
1925 900 2175 954 circuibat
2209 899 2626 970 benignissimus
2659 897 2814 954 Jesus
2844 901 3080 955 civitates
3127 917 3303 957 omnes
3331 913 3381 957 et

1809 989 2023 1044 castella
2085 988 2272 1043 docens
2319 991 2373 1042 in
2426 989 2718 1058 synogagis.
2755 1005 2932 1042 eorum
2977 999 3023 1043 et
3087 992 3378 1059 prwdicans

1811 1077 2150 1149 Evangelium
2207 1079 2350 1148 regni
2389 1072 2600 1148 (Matth.
2651 1095 2730 1144 ix,
2763 1079 2876 1148 55),
2909 1094 3079 1149 usque
3121 1081 3189 1134 ad
3235 1081 3395 1136 hunc

1809 1167 2006 1233 locum,
2035 1169 2126 1224 ubi
2180 1169 2432 1238 deinceps
2468 1183 2638 1223 novus
2688 1169 2874 1239 incipit
2927 1171 3059 1226 ordo
3099 1174 3394 1227 narrandi.

1808 1259 1874 1313 Et
1911 1259 2037 1328 quia
2088 1259 2293 1330 ﬂagitat
2346 1261 2482 1314 ratio
2531 1267 2591 1314 ut
2617 1259 2760 1314 vires
2788 1269 3108 1330 reparentur
3138 1261 3380 1327 lectoris,

1807 1363 2061 1404 curemus
2103 1347 2265 1403 ﬁnem
2315 1349 2590 1417 imponere
2624 1348 2780 1412 libro,
2817 1349 2861 1402 si
2911 1349 3048 1405 forte
3073 1350 3141 1404 ad
3185 1365 3380 1405 novum

1808 1437 2066 1492 narrandi
2090 1451 2280 1508 genus,
2311 1438 2571 1493 recreatis
2598 1437 2826 1502 viribus,
2873 1439 3211 1492 constantius
3242 1455 3376 1509 qua-

1807 1527 2146 1596 litercunque
2178 1527 2354 1584 redire
2381 1529 2649 1598 possimus
2701 1529 2966 1596 Quoniam
3011 1546 3113 1586 nec
3143 1546 3240 1586 nos
3271 1539 3380 1585 tam

1807 1618 2015 1689 largam
2047 1618 2306 1674 habemus
2351 1620 2560 1676 dicendi
2607 1622 2888 1690 peritiam,
2927 1637 3026 1678 nec
3070 1622 3381 1678 facultatem

1809 1711 2050 1779 apposite
2081 1711 2147 1765 ad
2191 1711 2644 1780 persuadendum,
2677 1722 2736 1768 ut
2776 1728 2895 1783 quae
2921 1715 3123 1784 optima
3153 1722 3277 1769 sunt
3305 1714 3386 1768 lo-

1808 1803 2006 1872 quendi
2048 1801 2278 1872 explere.
2301 1802 2542 1869 valeam;
2573 1818 2748 1874 neque
2788 1819 2907 1860 sum
2937 1805 3382 1875 praestantissimo

123 1888 322 1944 eﬂ'ecta
347 1897 452 1954 est,
501 1889 648 1944 intus
673 1889 727 1943 in
758 1889 918 1945 corde
947 1888 1224 1944 Christum
1247 1888 1513 1960 gignendo
1537 1896 1592 1943 et
1615 1903 1704 1958 pa-
1732 1896 1780 1956 Β
1806 1895 2062 1965 pmdims
2107 1895 2342 1965 ingenio,
2399 1903 2460 1948 ut
2507 1896 2622 1951 haec
2679 1904 2790 1950 tam
2855 1895 3096 1952 difficilia
3145 1896 3380 1952 enodare

126 1982 346 2038 riendo.
380 1981 551 2037 Soror
576 1996 708 2036 vero
737 1979 1031 2036 secundum
1087 1981 1228 2049 quod
1255 1995 1417 2049 quam
1461 1994 1601 2049 saepe
1651 1980 1706 2034 in

122 2073 371 2128 Canticis
399 2071 730 2142 appellatur,
779 2071 900 2126 ideo
942 2079 998 2125 et
1044 2071 1161 2140 ipsa
1227 2079 1416 2126 vocata
1445 2080 1549 2134 est,
1581 2069 1706 2138 quia

123 2165 383 2219 Christus
411 2164 504 2219 Dei
529 2163 717 2229 Filius,
747 2163 982 2217 hominis
1017 2162 1160 2218 ﬁlius
1203 2161 1376 2218 factus
1407 2170 1511 2226 est,
1551 2162 1707 2233 juxta

126 2257 281 2326 quod
313 2263 372 2311 et
402 2256 512 2325 ipse
554 2269 786 2325 sponsus
832 2264 887 2309 et
917 2254 1085 2309 frater
1113 2263 1215 2309 est.
1247 2253 1399 2308 Unde
1425 2251 1538 2320 jam
1582 2260 1706 2306 tunc

123 2347 182 2398 in
212 2343 474 2414 apostolis
506 2358 627 2398 cum
649 2343 867 2398 Christo
895 2329 1068 2396 mater
1098 2342 1244 2397 intus
1266 2347 1384 2395 erat
1409 2349 1464 2396 et
1487 2340 1706 2404 fratres,

122 2439 266 2494 foris
295 2451 428 2492 vero
472 2436 752 2508 Synagoga
789 2435 856 2490 de
902 2449 1006 2504 qua
1037 2435 1247 2504 genitus
1275 2443 1376 2497 est,
1423 2441 1479 2488 et
1514 2433 1708 2486 fratres

120 2528 296 2584 Judaei
322 2527 525 2582 invidia
553 2527 738 2583 caecati
767 2527 1002 2590 stabant,
1055 2525 1300 2580 nolentes
1338 2525 1482 2578 intus
1533 2525 1706 2578 intra-

123 2637 182 2674 re
221 2619 291 2672 ad
336 2618 685 2682 convivium,
737 2618 791 2671 in
841 2632 948 2687 quo
997 2617 1181 2686 junior
1222 2615 1364 2670 ﬁlius
1418 2615 1710 2670 clementer

125 2719 383 2780 receptus
423 2708 759 2779 epulabatur.
809 2707 885 2762 Ex
924 2723 1030 2776 quo
1073 2707 1192 2762 loco
1233 2706 1470 2776 quidam,
1511 2705 1708 2760 fratres

121 2801 340 2854 Domini
368 2800 623 2856 dixerunt
658 2813 776 2855 esse
825 2799 962 2854 ﬁlios
1008 2795 1228 2867 Ioseph,
1275 2797 1341 2852 de
1384 2797 1486 2852 alia
1541 2812 1708 2852 uxore

121 2900 436 2961 generatos.
464 2891 734 2960 Suspicati
787 2898 915 2946 sunt
939 2890 1106 2955 enim,
1141 2897 1430 2958 sequentes
1458 2903 1526 2944 ex
1575 2905 1708 2959 apo-

121 2982 334 3052 erypbo
385 2979 696 3036 Iudaeorum
756 2979 1110 3036 deliramenta
1149 2978 1436 3049 quamdam
1484 2979 1707 3035 Estham

123 3075 502 3129 mulierculam
547 3074 732 3138 fuisse,
775 3075 838 3129 de
869 3090 975 3144 qua
1004 3073 1250 3143 genuerit
1297 3071 1455 3137 ﬁlios,
1483 3071 1574 3140 qui
1600 3069 1710 3125 fra-

126 3176 240 3221 tres
262 3167 474 3222 Domini
495 3174 836 3221 vocarentur.
869 3164 976 3219 Nos
1021 3175 1201 3220 autem
1254 3163 1449 3218 fratres
1497 3160 1706 3216 Domini

1807 1987 1964 2042 facile
2013 1995 2067 2042 et
2105 1988 2379 2057 explicare
2409 1989 2632 2057 possim.
2683 1988 2890 2044 ldcirco
2916 2003 3004 2044 me
3048 1989 3187 2044 intra
3231 2003 3380 2044 meos

1807 2077 2084 2132 continere
2123 2077 2382 2132 terminos
2437 2077 2674 2142 decrevi,
2713 2093 2848 2148 quos
2899 2077 3031 2132 mihi
3063 2079 3245 2133 divina
3298 2078 3385 2132 in-

1807 2165 1970 2220 dulsit
2011 2165 2399 2229 misericordia,
2433 2181 2502 2221 ne
2549 2166 2767 2222 modum
2808 2166 3063 2222 excedam
3113 2179 3386 2222 concessae

1806 2261 2013 2330 gratiae,
2033 2260 2288 2329 quoniam
2324 2275 2425 2315 nec
2448 2259 2657 2316 laudem
2703 2260 2926 2315 multam
2963 2260 3182 2330 requiro
3209 2259 3381 2315 homi-

1807 2365 1958 2416 num,
2011 2365 2113 2404 nec
2160 2348 2406 2419 gloriam.
2460 2350 2667 2406 Idcirco
2719 2350 2822 2406 etsi
2868 2365 2972 2405 non
3022 2349 3384 2419 eloquentiam

1806 2437 1939 2490 mihi
1967 2438 2204 2502 vindico,
2237 2452 2427 2493 sensus
2453 2446 2632 2492 tamen
2654 2437 2947 2493 catholicos
2973 2438 3259 2494 enucleare
3288 2453 3380 2492 cu-

1806 2527 1914 2598 pio.
1973 2526 2239 2593 Quoniam
2294 2528 2340 2582 si
2393 2543 2498 2582 non
2554 2528 2644 2582 alii
2693 2537 3020 2584 tractassent
3070 2527 3380 2599 Scripturas

1807 2618 2017 2673 divinas
2047 2632 2208 2688 quam
2241 2625 2484 2673 oratores
2508 2617 2732 2674 studiosi
2771 2629 2828 2673 et
2861 2619 3176 2688 prudentes,
3219 2625 3383 2688 atque

1808 2707 2158 2762 illustrissimi
2199 2707 2296 2761 viri
2327 2716 2383 2762 et
2414 2707 2678 2778 praeclari,
2735 2723 2861 2762 rara
2897 2717 3042 2763 esset
3089 2708 3390 2778 disputatio

1808 2797 2110 2852 divinorum
2153 2795 2507 2866 eloquiorum,
2543 2805 2600 2852 et
2643 2797 2877 2852 humana
2913 2797 3162 2852 facundia
3199 2796 3381 2852 lauda-

1808 2896 1959 2943 retur
1989 2887 2162 2958 magis
2189 2903 2350 2956 quam
2401 2887 2636 2944 caelestis
2663 2889 2858 2959 gratia.
2908 2888 3152 2943 Stultum.
3185 2888 3385 2958 quippe

1806 2990 1891 3038 est
1920 2982 1976 3036 in
2022 2983 2124 3037 hac
2151 2981 2350 3038 Christi
2393 2981 2601 3048 schola,
2630 2980 2947 3038 saecularem
2977 2989 3031 3052 et
3061 2995 3256 3035 vanam
3299 2994 3386 3034 se-

1807 3072 1946 3127 ctari
2007 3071 2420 3141 philosophiam,
2469 3069 2705 3126 maxime
2762 3071 2816 3125 in
2873 3071 2976 3125 hoc
3030 3068 3167 3134 loco,
3225 3083 3384 3139 quem

1812 3161 2181 3216 tractavimus.
2242 3161 2345 3216 Ubi
2389 3161 2658 3232 eliguntur
2710 3161 2940 3232 apostoli
2983 3161 3283 3230 piscatores
3330 3169 3384 3213 et

126 3273 235 3311 non
268 3257 406 3313 ﬁlios
432 3254 652 3325 Ioseph,
686 3256 776 3310 sed
805 3254 1157 3310 consobrinos
1185 3251 1499 3317 Salvatoris,
1523 3251 1704 3306 Mariae
1733 3246 1778 3310 C
1812 3253 2022 3318 rustici,
2052 3261 2108 3308 et
2155 3253 2464 3317 mittuntur,
2502 3251 2650 3308 Sicut
2683 3270 2798 3308 oves
2834 3255 2889 3307 in
2927 3254 3095 3308 medio
3142 3253 3382 3323 luporum

125 3347 329 3403 liberos
379 3347 727 3417 intelligimus
754 3353 1057 3400 matertera:
1097 3343 1331 3408 Domini,
1372 3357 1491 3412 quae
1535 3350 1708 3396 mater

127 3444 296 3500 fuisse
334 3445 532 3499 dicitur
556 3443 744 3498 Jacobi
775 3441 1022 3507 minoris,
1067 3448 1122 3494 et
1174 3440 1394 3509 Ioseph,
1434 3447 1490 3493 et
1531 3435 1705 3502 Iudae,

131 3550 275 3602 quos
313 3535 364 3588 in
403 3535 509 3590 alio
531 3533 804 3600 Evangelii
835 3532 971 3597 loco,
1014 3531 1213 3586 fratres
1240 3530 1450 3584 Domini
1474 3528 1707 3598 appella-

137 3635 226 3677 tos
256 3623 510 3694 legimus;
553 3623 751 3677 fratres
783 3622 965 3691 itaque
1006 3619 1356 3676 consobrinos
1405 3617 1509 3674 dici
1533 3616 1709 3673 omnis

127 3715 413 3784 Scriptura
453 3718 807 3771 demonstrat.
839 3715 942 3782 Qui
987 3729 1109 3768 cum
1150 3712 1425 3768 venissent
1453 3710 1519 3764 ad
1560 3725 1704 3774 eum,

125 3809 258 3876 quia
289 3817 584 3878 occupatus
613 3815 732 3864 erat
767 3807 1026 3860 Dominus
1068 3804 1214 3859 omni
1259 3801 1560 3872 frequentia
1608 3817 1705 3870 po-

124 3900 271 3970 puli,
299 3916 408 3954 non
433 3901 609 3956 minus
633 3901 686 3954 in
720 3913 883 3970 opere
913 3897 1181 3954 sermonis
1207 3896 1274 3952 ad
1310 3895 1514 3957 turbas,
1544 3909 1705 3963 quam

126 4001 191 4046 et
226 3991 286 4044 in
319 3991 557 4045 doctrina
583 3991 808 4046 interius
827 3990 895 4044 ad
920 3987 1233 4058 discipulos,
1268 3987 1322 4041 in
1351 3984 1526 4040 ofﬁcio
1551 3999 1708 4038 cura-

125 4081 321 4146 tionis,
351 4097 449 4138 nec
475 4097 583 4138 non
624 4091 678 4137 et
706 4082 760 4154 in
793 4081 1138 4151 responsione
1178 4079 1281 4134 sibi
1313 4077 1701 4134 insidiantium.

123 4172 386 4227 Omnium
418 4182 594 4228 tamen
621 4173 676 4226 in
719 4173 968 4226 omnibus
1012 4185 1175 4224 unam
1204 4170 1530 4238 operabatur
1559 4167 1702 4222 salu-

126 4273 262 4325 tem,
299 4263 405 4329 Qui
442 4264 551 4318 vult
570 4279 746 4318 omnes
779 4263 1011 4317 homines
1037 4259 1206 4315 salvos
1239 4260 1377 4328 ﬁeri,
1425 4267 1485 4313 ut
1519 4272 1708 4313 omnes

127 4354 382 4409 venirent
424 4355 493 4407 ad
541 4353 860 4424 agnitionem
893 4350 1120 4406 veritatis
1151 4349 1202 4420 (1
1246 4348 1380 4403 Tim.
1422 4363 1482 4414 ιι,
1517 4347 1595 4418 4).
1621 4346 1709 4401 ld-

1811 3343 2025 3415 (Matth.
2076 3359 2131 3410 x,
2171 3343 2282 3414 16),
2333 3344 2398 3398 ad
2440 3344 2689 3399 universa
2739 3352 3130 3400 tormentorum
3180 3337 3385 3412 genera

1814 3434 2163 3503 perferenda;
2214 3435 2304 3488 ubi
2353 3433 2708 3488 instituuntur
2741 3433 2966 3503 apostoli
3010 3432 3257 3502 discipuli
3314 3432 3383 3486 ad

1813 3539 2032 3596 agones,
2059 3533 2113 3579 et
2157 3524 2358 3578 nullam
2403 3539 2646 3594 quaerere
2703 3523 3063 3592 eloquentiam
3106 3522 3382 3591 iubentur.

1812 3615 2169 3685 Quapropter,
2227 3617 2312 3670 his
2361 3617 2432 3670 ita
2466 3615 2730 3680 decursis,
2765 3613 2984 3670 festinet
3031 3615 3225 3680 oratio,
3279 3629 3384 3666 una

1813 3721 1936 3760 cum
1994 3705 2492 3774 prazcellentissimo
2537 3705 2873 3774 eloquiorum
2921 3703 3226 3758 divinorum
3273 3717 3386 3758 ma-

1813 3799 2002 3870 gistro,
2032 3799 2250 3853 modum
2305 3799 2553 3869 loquendi
2605 3798 2805 3864 facere,
2856 3807 2911 3854 et
2947 3813 3069 3854 cum
3101 3798 3218 3868 ipso
3237 3797 3388 3852 beni-

1811 3890 2074 3960 gnissimo
2106 3890 2404 3955 Salvatore,
2454 3890 2708 3960 quoniam
2754 3900 2809 3945 et
2844 3889 2959 3960 ipse
3005 3888 3240 3952 festinat,
3290 3904 3409 3944 nos

1811 3994 2004 4034 navem
2036 3981 2328 4036 ascendere
2356 3979 2651 4045 valeamus,
2685 3989 2747 4035 ut
2792 3980 3005 4037 dicatur
3048 3981 3203 4036 nobis
3245 3980 3388 4050 quod

1809 4069 2010 4150 dictum
2036 4078 2119 4126 est
2144 4071 2229 4125 his
2267 4071 2358 4140 qui
2390 4085 2514 4125 cum
2540 4085 2605 4128 eo
2630 4079 2787 4126 erant
2830 4071 2884 4126 in
2914 4071 3038 4126 navi
3064 4088 3076 4124 :
3113 4069 3265 4123 Vobis
3293 4071 3390 4122 da-

1812 4168 1924 4213 tum
1951 4169 2024 4215 est
2049 4177 2198 4216 nosse
2226 4161 2528 4232 mysterium
2568 4162 2714 4231 regni
2748 4160 2865 4225 Dei,
2911 4161 3112 4215 cwteris
3134 4169 3308 4212 autem
3335 4159 3390 4212 in

1813 4251 2075 4320 parabolis
2131 4251 2281 4322 (Luc.
2331 4267 2449 4318 Vlll,
2496 4251 2609 4322 10),
2661 4267 2730 4307 ne
2771 4250 2911 4307 forte
2945 4266 3066 4306 cum
3115 4249 3288 4304 turbis
3337 4248 3388 4301 in

1818 4349 1961 4397 terra
1989 4343 2350 4399 inveniamur.

147 4500 3378 4546 __________________________________.

1227 4651 1656 4715 PREFATIO
1699 4648 1913 4712 LIBRI
1956 4649 2297 4712 SEPTlMl.

1576 4804 1982 4821 _

207 4897 453 4953 Breviter
487 4901 765 4952 recenseat
796 4892 1009 4948 animus
1034 4907 1155 4964 quas
1184 4889 1554 4954 tractavimus,
1582 4904 1717 4959 quo-
1741 4897 1795 4958 1)
1821 4890 1936 4946 vini
1981 4887 2273 4945 testimonii
2307 4886 2630 4943 auctoritate
2673 4883 2906 4940 ﬁrmata.
2945 4882 3187 4939 Festinet
3224 4880 3388 4952 igitur

130 4993 288 5046 niam
321 4989 506 5044 timide
530 4988 780 5051 disserui,
809 4987 934 5056 quia
961 5000 1097 5055 pene
1123 5000 1155 5039 a
1185 4982 1330 5038 nullo
1357 4984 1460 5037 hoc
1486 4981 1541 5035 in
1571 4990 1710 5036 tem-

129 5099 276 5155 pore
307 5081 653 5136 inveniuntur
703 5077 914 5148 impleri
958 5092 1078 5146 quae
1114 5074 1392 5144 iubentur.
1445 5072 1715 5128 Describit

127 5176 287 5232 enim
336 5188 515 5229 sermo
552 5172 765 5227 divinus
807 5171 984 5225 virum
1030 5167 1430 5245 Evangelicum,
1463 5164 1622 5236 573
1661 5173 1716 5220 et

128 5267 383 5337 depingit
421 5279 530 5320 non
577 5262 826 5334 penicillo
856 5270 951 5316 aut
994 5259 1224 5321 calamo,
1278 5257 1371 5313 sed
1401 5256 1610 5311 ratione
1649 5269 1713 5308 ac

126 5359 424 5428 disciplina
450 5355 688 5413 omlestis
714 5352 1038 5426 magisterii,
1067 5359 1129 5406 ut
1150 5359 1295 5404 totus
1317 5349 1525 5419 integer
1552 5348 1715 5402 homo

126 5448 369 5504 interius
407 5445 748 5502 reformetur.
797 5442 1040 5512 llincque
1074 5440 1364 5510 jungamus
1407 5452 1528 5508 quae
1578 5436 1718 5491 dicta

125 5545 266 5594 sunt
300 5537 354 5590 in
399 5537 559 5591 domo
603 5534 720 5588 luce
762 5531 961 5587 clarius
1006 5529 1420 5602 perfectioribus
1462 5526 1718 5581 attributa

125 5629 436 5702 parabolis,
464 5643 584 5698 quae
612 5637 737 5682 sunt
762 5625 1050 5682 obscurius
1081 5624 1252 5678 turbis
1279 5631 1336 5678 et
1358 5621 1602 5694 plebibus
1622 5621 1720 5675 ad-

125 5724 414 5786 umbrata,
437 5729 496 5774 ut
517 5735 673 5775 nosse
695 5717 963 5790 possimus
987 5732 1109 5771 cum
1132 5713 1386 5786 apostolis
1409 5713 1720 5784 mysterium

122 5814 383 5871 caelestis
409 5814 585 5884 regni,
615 5823 670 5868 et
697 5811 996 5880 intelligere
1024 5810 1305 5877 aenigmata
1338 5821 1456 5877 qua:
1486 5815 1610 5860 sunt
1640 5807 1720 5861 di-

1820 4996 1976 5038 mens
1999 4981 2327 5055 peritissima
2376 4979 2520 5034 inter
2562 4986 2824 5047 utrasque
2873 4977 3133 5032 librorum
3184 4963 3394 5043 partes,

1821 5087 1985 5126 unam
2021 5072 2102 5126 sui
2130 5070 2344 5125 habitus
2378 5068 2588 5124 efﬁcere
2629 5077 2917 5132 texturam,
2948 5073 3007 5119 ut
3033 5061 3192 5133 paulo
3232 5059 3394 5114 altius

1823 5160 2091 5216 luculenta
2144 5159 2421 5230 Evangelii
2459 5159 2708 5230 dogmata
2740 5155 3066 5225 conspiciat;
3098 5164 3258 5220 quam
3289 5149 3397 5202 sint

1820 5253 2116 5324 splendida,
2147 5265 2306 5323 quam
2328 5251 2609 5323 praeclara,
2639 5250 2686 5305 si
2719 5263 2824 5318 quo
2845 5245 3003 5300 modo
3026 5243 3210 5297 videre
3230 5241 3399 5310 possit

1823 5351 2084 5415 quantum
2111 5343 2457 5414 pmemineat
2483 5343 2602 5413 ejus
2632 5340 2896 5403 doctrina,
2921 5350 3084 5407 quam
3115 5332 3399 5402 pulchram

1828 5436 1894 5490 de
1937 5449 1998 5489 se
2035 5433 2228 5489 reddat
2268 5433 2557 5503 imaginem
2603 5444 2670 5484 ex
2715 5427 2924 5482 visione
2977 5421 3242 5494 veritatis.
3290 5420 3400 5498 Ita:

1827 5536 1984 5583 tenus
2023 5535 2084 5581 ut
2134 5526 2189 5580 in
2239 5537 2558 5594 quocunque
2607 5516 2902 5591 perterruit
2945 5529 3044 5570 nos
3097 5512 3400 5568 sublimitas

1826 5627 2220 5688 praeceptorum
2253 5615 2393 5669 infra
2432 5614 2670 5675 domum,
2701 5606 2921 5662 auribus
2955 5604 3156 5660 nostris
3199 5597 3399 5657 divini;

1829 5721 1914 5768 tus
1953 5709 2358 5773 commendata;
2393 5721 2460 5759 ne
2485 5702 2625 5757 forte
2657 5699 3014 5770 impossibilia
3054 5705 3398 5755 censeantur,

1831 5812 1999 5859 totum
2031 5799 2333 5856 demulceat
2365 5795 2604 5852 suavitas
2633 5791 3030 5864 parabolarum,
3072 5797 3126 5844 et
3152 5792 3402 5859 perornct
