4004 6362
575 384 680 442 485

1378 382 1434 437 S.
1478 380 1838 438 PASCHASII
1874 378 2221 439 RADBERTI
2257 378 2549 436 ABBATIS
2582 372 3032 435 CORBEIENSIS

3730 370 3824 428 ιιι

571 511 757 556 earum
789 496 1041 551 varietas.
1085 493 1287 564 Sicque
1308 493 1421 562 jam
1451 495 1727 563 aequaliter
1755 494 2030 565 perfusum
2070 494 2148 546 lu-
2179 498 2224 560 Α
2254 492 2540 564 infatigati,
2562 492 2723 547 etiam
2754 491 2897 545 inter
2916 488 3110 544 ﬂuctus
3129 466 3386 551 tuaris,et
3407 486 3749 541 committunt
3775 500 3826 541 se

572 605 697 646 men
743 588 796 643 in
851 585 1105 641 cordibus
1144 586 1364 649 nostris,
1412 585 1554 640 nulla
1605 602 1706 641 nos
1740 584 1891 641 fallat
1930 586 2153 639 claritas

571 681 716 741 inter
742 690 994 750 utrasque
1024 688 1226 747 partes.
1281 675 1390 732 Sed
1420 678 1468 732 si
1507 677 1776 733 excelsius
1814 692 1913 732 nos
1961 677 2157 732 ducere

572 772 838 834 videmur,
876 767 1021 824 nulla
1050 784 1148 824 nos
1189 768 1397 839 vertigo
1444 768 1639 839 capitis
1681 769 1934 840 decipiat,
1967 783 2156 824 verum

570 862 747 921 securi
769 861 962 926 simus,
990 860 1248 930 quoniam
1276 874 1438 916 verus
1462 869 1564 928 est,
1595 872 1652 917 et
1672 859 1786 917 falli
1816 876 1924 917 non
1954 869 2157 932 potest,

574 969 735 1029 quem
782 955 1082 1026 sequimur.
1136 954 1342 1010 Idcirco
1386 970 1679 1025 sequamur
1715 971 1838 1012 eum
1879 956 2159 1026 intrepidi,

570 1062 861 1118 sequamur
883 1045 1078 1101 securi.
1118 1044 1256 1101 Sunt
1282 1047 1426 1101 enim
1448 1046 1563 1116 ejus
1586 1046 1787 1119 refugia
1818 1048 2160 1119 quotiescun-

572 1154 678 1209 que
705 1138 963 1209 fatigatur
995 1152 1026 1191 a
1059 1137 1251 1203 turbis,
1281 1145 1373 1191 aut
1402 1138 1456 1193 in
1493 1148 1695 1206 monte,
1724 1148 1819 1193 aut
1858 1140 1914 1193 in
1968 1139 2157 1193 solitu-

574 1232 699 1288 dine
725 1232 916 1293 eremi.
944 1241 1039 1286 aut
1069 1232 1121 1286 in
1152 1232 1309 1286 mari.
1337 1232 1418 1288 Ad
1443 1249 1563 1304 quae
1591 1235 1846 1289 nimirum
1880 1234 1997 1289 loca
2034 1235 2160 1303 quia

572 1323 726 1393 plebs
762 1322 994 1377 invalida
1023 1322 1282 1378 accedere
1323 1339 1430 1378 non
1472 1324 1635 1389 valet,
1670 1325 1768 1381 soli
1799 1325 2045 1395 discipuli
2072 1341 2161 1380 se-

575 1422 841 1483 quuntur,
880 1412 932 1465 in
965 1413 1215 1468 omnibus
1245 1414 1437 1468 remoti
1461 1429 1491 1467 a
1515 1414 1785 1470 doctrina.
1818 1414 1943 1470 Ideo
1972 1430 2161 1484 peree-

575 1516 771 1578 perunt
798 1505 913 1576 jam
936 1507 989 1561 in
1029 1515 1210 1563 monte
1253 1523 1374 1578 qua:
1401 1510 1572 1565 turbae
1615 1520 1889 1580 nequeunt
1924 1511 2159 1581 assequi,

577 1605 634 1652 et
660 1597 713 1651 in
740 1597 875 1652 mari
907 1591 1030 1652 eum
1057 1613 1124 1654 eo
1160 1598 1404 1654 navicula
1426 1597 1539 1667 jam
1578 1601 1801 1669 recepti,
1833 1601 2167 1672 interrogant

581 1687 845 1742 secretius
874 1687 1131 1758 mysteria
1181 1688 1421 1743 etelestis
1447 1689 1569 1743 vitae
1611 1704 1730 1759 qua:
1774 1689 1945 1744 turbte
1989 1691 2165 1745 adhuc

581 1778 806 1833 audiunt
830 1778 884 1832 in
904 1778 1194 1847 parabolis.
1228 1778 1335 1834 Nec
1364 1780 1536 1835 virtus
1556 1794 1742 1835 eorum
1770 1780 1823 1834 in
1846 1780 1954 1835 ullo
1979 1781 2165 1835 debili-

2255 590 2513 646 naviculae
2530 604 2652 660 quae
2676 605 2707 643 a
2735 588 2952 643 Christo
2974 587 3208 659 regitur;
3257 594 3341 641 est
3364 586 3509 639 enim
3536 584 3828 640 ﬁrmissima

2256 680 2555 735 tabularum
2604 678 2939 735 connexione
2966 714 2981 743 ,
3035 677 3266 733 artiﬁcio
3315 676 3578 731 aediﬁcata
3639 675 3828 737 divino,

2257 770 2425 825 solida
2447 769 2619 840 magis
2636 770 2690 823 in
2715 768 2931 823 Christo
2952 783 3113 838 quam
3140 768 3380 823 robusta.
3415 765 3641 835 Frangit
3660 766 3831 835 itaque

2257 863 2469 929 ﬂuctus,
2502 872 2560 918 et
2585 878 2688 917 non
2716 861 3027 931 frangitur;
3062 860 3369 916 turbinibus
3396 867 3626 924 rotatur,
3666 866 3721 912 et
3742 873 3833 912 non

2260 956 2557 1025 mergitur;
2585 954 2755 1009 eludit
2784 963 2839 1009 et
2873 953 3023 1008 elidit
3053 953 3224 1009 undas
3252 962 3531 1007 ventorum
3561 966 3698 1021 quas
3739 966 3834 1006 non

2261 1047 2486 1117 recipit;
2530 1046 2827 1101 seditiones
2875 1044 3052 1115 placat
3095 1043 3468 1098 moderatione
3515 1043 3743 1113 remigii.
3791 1041 3835 1095 In

2262 1154 2366 1209 qua
2395 1138 2559 1209 igitur
2583 1138 2704 1191 navi
2736 1136 2955 1203 fratres,
3003 1136 3131 1205 quia
3171 1134 3285 1203 jam
3316 1135 3680 1198 ascendimus,
3713 1134 3835 1187 ﬁrmi

2262 1241 2318 1289 et
2357 1232 2579 1289 stabiles
2607 1246 3042 1303 permaneamus,
3096 1242 3309 1299 semper
3354 1227 3657 1282 doctrinam
3694 1222 3838 1295 57‘

2263 1324 2462 1380 Christi
2490 1331 2781 1378 sectantes.
2831 1322 2898 1376 Et
2934 1322 2980 1375 si
3015 1335 3122 1391 qua
3164 1328 3310 1383 sunt,
3341 1332 3463 1387 qua:
3494 1316 3676 1369 minus
3704 1314 3836 1381 capi-

2268 1430 2410 1481 mus,
2447 1415 2574 1485 quia
2605 1414 2770 1468 multa
2820 1421 2969 1478 sunt,
3019 1413 3414 1479 interrogemus
3458 1406 3663 1470 securi,
3697 1403 3839 1458 nullis

2266 1521 2521 1561 aurarum
2556 1504 2806 1561 fluctibus
2839 1517 3190 1567 moveamur;
3223 1501 3479 1571 quoniam
3507 1497 3611 1553 etsi
3648 1495 3838 1552 elevarr

2267 1605 2357 1653 tur
2385 1611 2554 1668 usque
2578 1596 2645 1651 ad
2673 1596 2887 1659 caelum,
2933 1610 3039 1649 non
3069 1600 3296 1664 possunt
3330 1606 3430 1647 nos
3471 1590 3707 1645 obruere
3748 1587 3840 1641 suis

2269 1690 2625 1753 allisionibus,
2684 1704 2807 1744 cum
2860 1687 3057 1757 quibus
3110 1684 3359 1739 Christus
3408 1682 3462 1735 in
3509 1695 3575 1733 ea
3622 1678 3835 1748 navigat.

2270 1780 2424 1838 Unde
2462 1781 2573 1835 ait:
2612 1779 2726 1851 Ego
2768 1778 3026 1832 vobiscum
3066 1791 3181 1830 sum
3223 1773 3462 1828 omnibus
3490 1770 3676 1824 diebus
3704 1783 3839 1836 usque

584 1878 748 1936 tatur,
780 1885 881 1925 nec
914 1870 1173 1925 fortitudo
1199 1870 1490 1942 frangitur,
1518 1886 1619 1927 nec
1643 1872 1945 1927 constantia
1972 1870 2164 1953 fatiga—
2197 1873 2245 1933 Β
2273 1875 2343 1928 ad
2368 1874 2863 1928 consummationem
2889 1870 3068 1925 strculi
3113 1868 3329 1941 (Matth.
3369 1880 3562 1930 xxvnt,
3605 1863 3731 1934 20);
3759 1870 3837 1916 et:

580 1969 692 2025 tur,
739 1977 841 2018 nec
865 1963 1176 2033 praestantia
1207 1963 1373 2018 divini
1403 1965 1605 2019 amoris
1635 1973 1890 2036 gravatur
1926 1965 2168 2034 pondere

586 2051 952 2121 inﬁrmitatis;
1006 2056 1100 2111 sed
1148 2056 1204 2110 in
1249 2056 1501 2112 omnibus
1553 2058 1817 2113 hactenus
1868 2064 2169 2128 sequuntur

2276 1970 2558 2041 Conﬁdite,
2581 1971 2705 2041 quia
2734 1984 2827 2041 ego
2856 1968 2955 2023 vici
2978 1967 3232 2021 mundum
3261 1962 3441 2036 (luun.
3464 1976 3580 2027 xvr,
3602 1960 3717 2031 33).

599 2202 3836 2230 ———-——-————_—_——————————————

1772 2357 2071 2436 LIBER
2126 2353 2668 2435 SEPTIMUS.

2016 2526 2296 2545 ψ

658 2620 807 2695 (CAP.
845 2618 1007 2692 XIII.)
1039 2619 1107 2675 In
1132 2618 1223 2675 illo
1254 2620 1338 2675 die
1364 2620 1539 2676 exiens
1582 2619 1739 2675 Iesus
1766 2620 1831 2674 de
1858 2618 2013 2674 domo
2038 2618 2172 2672 sedit

584 2729 731 2769 secus
757 2730 921 2776 mare,
951 2722 999 2767 et
1023 2723 1349 2784 congregatw
1378 2722 1497 2767 sunt
1535 2713 1603 2767 ad
1632 2729 1749 2767 eum
1774 2713 1940 2767 turba:
1967 2709 2167 2767 multae.

585 2806 823 2876 Apparet
869 2804 1033 2876 igitur
1084 2804 1227 2875 quod
1262 2804 1547 2859 Matthmus
1577 2804 1664 2859 hic
1691 2804 1935 2859 ordinem
1978 2816 2174 2856 narra-

594 2895 757 2950 tionis
793 2908 903 2949 sute
932 2906 995 2949 ac
1040 2893 1295 2963 temporis
1343 2901 1559 2949 secutus
1589 2901 1692 2958 est,
1724 2907 1845 2948 cum
1893 2892 2065 2957 dicit,
2117 2891 2171 2945 in

586 2985 680 3042 illo
712 2984 798 3040 die
829 3003 841 3039 :
877 2996 940 3041 ac
960 2985 1005 3041 si
1038 2985 1502 3056 dicatur,quando
1534 2984 1721 3040 finiunt
1750 2984 1865 3039 haec
1892 2999 2012 3054 qua:
2033 2982 2173 3036 dicta

587 3086 711 3134 sunt
742 3077 924 3143 verba,
958 3076 1058 3131 nisi
1084 3074 1221 3131 forte
1249 3076 1387 3131 diem
1416 3088 1513 3146 pro
1546 3085 1787 3145 tempore
1817 3073 2170 3145 accipiamus,

2352 2613 2421 2668 Et
2468 2612 2673 2667 locutus
2719 2621 2793 2666 est
2827 2612 2903 2666 eis
2943 2607 3110 2664 multa
3148 2610 3202 2664 in
3226 2609 3510 2681 parabolis.
3553 2608 3721 2666 Multa
3750 2613 3861 2682 qui—

2281 2707 2430 2771 dem,
2465 2707 2560 2761 sed
2588 2720 2695 2760 non
2722 2704 2923 2760 omnia.
2953 2702 3011 2758 Si
3040 2703 3185 2759 enim
3214 2702 3439 2759 dixisset
3464 2703 3647 2759 omnia
3680 2705 3735 2760 in
3784 2721 3863 2776 pa-

2288 2796 2509 2863 rabolis,
2569 2797 2771 2867 absque
2833 2796 3197 2850 emolumento
3256 2795 3429 2851 turbae
3493 2797 3865 2853 recessissent.

2283 2889 2463 2946 Turba
2499 2902 2678 2945 autem
2709 2906 2816 2945 non
2844 2889 3002 2944 unius
3034 2897 3119 2944 est
3142 2889 3402 2954 scientiae,
3436 2889 3528 2945 sed
3564 2890 3797 2947 diversa
3826 2891 3869 2946 in

2284 2983 2513 3054 singulis
2547 2983 2815 3039 voluntas.
2859 2981 3152 3053 Propterea
3187 2981 3388 3037 eisdem
3418 2982 3663 3053 loquitur
3692 2983 3873 3039 multis

2282 3075 2337 3129 in
2364 3076 2650 3146 parabolis,
2674 3085 2733 3131 ut
2748 3075 2901 3146 juxta
2920 3076 3099 3131 varias
3125 3074 3427 3131 voluntates
3452 3090 3600 3142 suas,
3629 3074 3875 3132 diversas

588 3180 719 3242 ergo
744 3169 874 3225 exiit
899 3169 966 3224 de
995 3169 1157 3223 domo
1183 3168 1235 3223 in
1263 3183 1368 3239 qua
1398 3166 1519 3233 fuit,
1556 3181 1676 3222 cum
1715 3166 1920 3221 sanatis
1966 3180 2172 3236 praece-
2201 3152 2246 3216 C
2278 3166 2587 3237 reciperent
2613 3167 2947 3238 disciplinas.
2991 3164 3127 3223 Hinc
3149 3169 3435 3239 perspicua
3467 3168 3669 3224 miscet
3688 3169 3876 3225 obscu-

588 3263 669 3334 pit
694 3277 763 3317 ne
786 3258 1132 3317 manifestum
1164 3274 1286 3316 eum
1334 3259 1611 3326 facerent;
1640 3257 1725 3314 vel
1754 3259 1806 3313 in
1835 3272 1939 3329 qua
1974 3258 2173 3312 docuec

594 3364 678 3411 rat
725 3371 847 3428 quae
894 3354 1040 3410 dicta
1078 3361 1221 3410 sunt.
1280 3352 1349 3410 Et
1395 3362 1734 3426 congregata:
1781 3360 1906 3409 Sulti.
1945 3351 2014 3407 ad
2052 3367 2175 3407 eum

591 3446 782 3511 turbae,
812 3460 934 3516 qua:
961 3445 1178 3500 domum
1222 3440 1426 3499 intrare
1456 3460 1561 3500 non
1596 3451 1867 3513 poterant,
1908 3442 1998 3497 ubi
2050 3456 2179 3512 apo-

586 3536 712 3594 aloli
748 3536 893 3592 intus
923 3535 1213 3592 audiebant
1239 3535 1517 3607 mysteria.
1542 3534 1609 3590 Et
1636 3536 1756 3591 ideo
1779 3534 1945 3589 exivit
1972 3542 2028 3588 ut
2051 3549 2179 3588 con-

591 3633 949 3699 gregarentur
979 3626 1045 3681 ad
1072 3638 1218 3691 eum,
1256 3626 1380 3695 quia
1422 3625 1732 3680 misericors
1777 3633 1877 3680 est.
1920 3623 2175 3694 Alioquin

588 3715 695 3772 nisi
721 3718 922 3773 exisset
951 3714 1018 3772 de
1046 3716 1135 3771 illa
1166 3715 1379 3771 occulta
1424 3715 1761 3770 habitatione
1813 3730 1931 3779 sua,
1964 3714 2018 3768 in
2068 3726 2175 3783 qua

584 3814 800 3878 semper
835 3823 957 3864 cum
996 3806 1106 3863 Deo
1135 3806 1295 3862 Patre
1336 3815 1439 3872 est,
1475 3820 1746 3875 nunquam
1799 3805 1865 3859 ad
1893 3820 2015 3860 eum
2043 3821 2176 3859 con-

584 3904 957 3968 gregarentur,
988 3899 1079 3967 qui
1109 3898 1337 3969 dispersi
1368 3907 1543 3964 erant,
1570 3905 1625 3953 et
1655 3899 1835 3953 vexati
1862 3898 2027 3953 variis
2061 3897 2178 3952 lan-

588 3988 868 4060 guoribus.
899 3986 1063 4043 Sedet
1104 4000 1283 4044 autem
1322 3988 1475 4058 juxta
1512 3988 1673 4058 hujus
1715 3988 1898 4043 saeculi
1926 4003 2093 4053 mare,
2122 3995 2180 4043 ut

587 4083 760 4137 iuriae
786 4089 1181 4153 congregemur
1204 4082 1270 4137 ad
1300 4098 1443 4147 eum,
1481 4090 1533 4137 et
1571 4082 1794 4136 audiant
1827 4098 1983 4137 secus
2026 4081 2178 4138 littus

588 4187 708 4241 qua:
731 4174 875 4225 intus
920 4187 1024 4225 non
1057 4174 1405 4228 merebantur
1452 4173 1662 4227 audire.
1705 4171 1810 4227 Sed
1849 4173 2177 4243 benignissi-

588 4276 709 4316 mus
758 4260 1011 4332 Magister
1037 4263 1093 4317 in
1145 4265 1257 4317 suis
1304 4262 1507 4317 indicat
1557 4261 1715 4319 factis
1753 4264 1917 4319 etiam
1959 4280 2022 4319 ea
2058 4280 2179 4333 quae

551 4353 718 4424 ‘agit.
761 4354 1018 4408 Ascendit
1055 4364 1234 4409 autem
1282 4354 1333 4406 in
1380 4354 1706 4420 naviculam,
1759 4363 1813 4410 et
1863 4355 2063 4410 resedit
2121 4355 2176 4410 in

587 4443 780 4498 mediis
817 4442 1093 4508 ﬂuctibus,
1131 4443 1221 4498 ubi
1248 4442 1401 4497 navis
1426 4443 1552 4497 hinc
1587 4444 1732 4509 inde,
1767 4445 1832 4500 de
1874 4447 2179 4501 montuosis

584 4535 742 4591 valde
783 4536 1024 4591 tunditur
1057 4535 1326 4607 procellis.
1362 4534 1467 4591 Sed
1498 4536 1655 4591 turba
1698 4538 1832 4593 foris
1869 4546 1997 4605 stat,
2027 4547 2087 4591 ut
2109 4554 2174 4593 ex

589 4627 849 4697 subjectis
899 4628 1064 4683 rebus
1111 4628 1247 4683 ratio
1278 4637 1633 4693 monstretur,
1668 4646 1786 4699 qua:
1816 4631 1869 4685 in
1897 4631 2174 4699 parabolis

591 4732 716 4779 erat
738 4722 1038 4776 locuturus.
1077 4721 1194 4789 Quo
1218 4722 1472 4777 nimirum
1508 4722 1652 4777 facto
1675 4724 1942 4793 signiﬁcat
1967 4740 2061 4781 eos
2080 4725 2175 4795 qui

582 4810 722 4868 foris
760 4821 887 4867 sunt
918 4820 1072 4866 extra
1120 4811 1442 4879 Eeclesiam,
1478 4814 1683 4868 nullam
1710 4814 1878 4869 divini
1905 4816 2176 4875 sermonis

583 4920 778 4975 capere
843 4918 1001 4973 posse
1064 4902 1498 4973 intelligentiam.
1555 4904 1719 4961 Navis
1780 4908 1921 4961 enim
1988 4912 2173 4978 typum

587 4994 811 5069 prtefert
849 4994 1121 5060 Ecclesia),
1166 4995 1306 5047 intra
1346 5011 1507 5064 quam
1546 4996 1766 5051 verbum
1792 4997 1912 5051 vitae
1938 4998 2173 5067 positum

580 5098 667 5145 est
691 5096 744 5143 et
776 5087 1119 5157 praedicatur.
1139 5084 1242 5153 Qui
1265 5094 1447 5140 autem
1469 5095 1622 5141 extra
1650 5097 1797 5153 sunt,
1828 5105 2005 5144 arena:
2025 5104 2173 5144 com-

582 5185 845 5250 parantur
870 5186 924 5232 et
950 5187 1075 5232 sunt
1113 5176 1325 5233 steriles
1356 5177 1471 5231 sine
1506 5176 1707 5245 fructu,
1742 5188 1904 5251 atque
1932 5181 2167 5236 inutiles.
2221 5171 2229 5181 ’

582 5268 791 5325 Idcirco
850 5285 970 5340 qua:
1006 5278 1381 5341 proponuntur
1436 5270 1487 5323 in
1536 5268 1807 5341 parabolis
1875 5271 2174 5342 intelligere

2205 4510 2258 4571 D

2285 3260 2381 3325 ris,
2418 3267 2475 3313 ut
2500 3274 2596 3329 per
2632 3272 2693 3314 ea
2729 3275 2847 3329 qua:
2871 3258 3085 3331 planius
3111 3258 3485 3333 intelliguntur
3507 3270 3874 3332 provocentur

2281 3350 2347 3405 ad
2384 3365 2570 3405 eorum
2598 3350 2844 3404 notitiam
2874 3365 2993 3421 quae
3028 3348 3258 3406 obscura
3289 3360 3435 3417 sunt,
3466 3358 3526 3407 ut
3549 3351 3779 3409 avidius
3800 3366 3875 3408 ro-

2282 3442 2522 3512 quirant,
2551 3451 2606 3496 et
2636 3441 2936 3512 intelligant
2967 3439 3187 3497 clarius.

2357 3532 2491 3586 Ecce
2519 3531 2643 3586 exiit
2667 3534 2757 3602 qui
2785 3532 3006 3585 seminat
3035 3533 3315 3587 seminare.
3355 3531 3505 3588 Intus
3545 3542 3690 3599 erat,
3735 3531 3869 3587 domi

2281 3624 2618 3689 versabatur,
2646 3630 2701 3677 et
2722 3622 3041 3693 loquebatur
3062 3623 3340 3695 discipulis
3360 3630 3708 3680 sacramenta
3737 3624 3870 3678 vita).

2283 3715 2489 3783 Quibus
2526 3714 2769 3786 profecto
2800 3716 2960 3770 rebus
3008 3716 3186 3781 docet,
3217 3724 3275 3769 ut
3323 3716 3453 3782 dixi,
3497 3718 3647 3786 quod
3683 3714 3873 3771 exierit

2289 3808 2355 3862 de
2392 3805 2550 3872 cwlo,
2592 3816 2645 3862 et
2689 3807 2836 3862 venit
2866 3807 2918 3861 in
2961 3807 3219 3862 mundum
3252 3811 3393 3878 quod
3424 3819 3506 3864 est
3539 3824 3697 3865 secus
3728 3817 3872 3862 mare

2287 3901 2498 3967 sedere,
2543 3910 2637 3956 aut
2672 3902 2737 3957 de
2762 3899 2977 3963 Judteis,
3011 3902 3136 3971 quia
3160 3901 3309 3955 venit
3340 3900 3408 3955 ad
3440 3912 3653 3971 gentes,
3686 3913 3868 3954 ascen—

2287 3993 2472 4064 ditque
2512 4009 2728 4059 navem,
2760 3992 2813 4047 id
2843 3998 2927 4047 est
2954 3990 3271 4047 Ecclesiam.
3304 3990 3499 4047 Turbae
3530 4006 3661 4047 vero
3691 3989 3762 4042 ad
3798 3986 3870 4039 lit-

2287 4095 2373 4141 tus
2441 4095 2682 4151 stantes,
2726 4095 3049 4156 prarsentem
3106 4085 3269 4139 vitam
3320 4083 3649 4156 significant.
3700 4078 3870 4135 Exivit

2286 4192 2523 4247 namque
2560 4178 2624 4233 de
2656 4177 2815 4231 domo
2856 4192 2949 4231 sua
2985 4175 3076 4245 qui
3118 4176 3353 4231 seminat
3380 4175 3608 4231 verbum
3661 4172 3778 4237 Dei,
3817 4177 3870 4223 ut

2287 4271 2580 4325 seminaret
2605 4271 2655 4323 in
2680 4270 2931 4340 gentibus
2964 4287 2975 4322 :
3014 4268 3092 4323 sic
3116 4269 3258 4323 enim
3289 4268 3357 4323 de
3391 4284 3449 4323 se
3466 4268 3700 4338 loquitur
3720 4262 3868 4337 quasi

2287 4362 2353 4417 de
2382 4362 2776 4432 aiio,qnoniam
2811 4364 2924 4433 ipse
2950 4370 3033 4418 est
3059 4362 3202 4416 solus
3230 4368 3379 4416 Sator
3398 4363 3798 4420 universorum,
3820 4364 3869 4411 et

2286 4468 2494 4508 semen.
2530 4454 2597 4506 Et
2633 4453 2750 4508 ideo
2779 4454 2982 4523 absque
3017 4452 3124 4508 ullo
3154 4453 3477 4523 Cognomine
3514 4469 3574 4508 se
3616 4451 3863 4507 insinuat.

2285 4543 2412 4612 quia
2451 4542 2566 4612 ipse
2604 4551 2686 4597 est
2728 4543 2819 4612 qui
2850 4544 3065 4613 pmprie
3099 4552 3153 4597 et
3194 4543 3546 4614 singulariter
3588 4542 3868 4597 seminator

2282 4632 2503 4688 dicitttr.
2538 4628 2711 4685 Simul
2737 4633 2967 4687 observa
2998 4632 3140 4686 hanc
3168 4648 3288 4686 esse
3317 4633 3547 4701 primam
3594 4626 3863 4701 parabola-

2282 4740 2425 4789 rum,
2457 4739 2576 4793 qua:
2618 4740 2739 4779 cum
2786 4725 3238 4794 interpretatione
3288 4741 3386 4779 sua
3437 4725 3611 4794 posita
3660 4730 3762 4777 est.
3809 4717 3867 4773 Et

2282 4814 2605 4878 cavendum,
2633 4829 3013 4885 quamcunque
3040 4831 3227 4869 earum
3256 4814 3521 4869 Dominus
3552 4814 3798 4883 exponit,
3821 4815 3866 4864 et

2282 4918 2500 4980 rogatus
2529 4925 2559 4963 a
2614 4908 2926 4979 discipulis,
2970 4908 3220 4980 proprios
3270 4923 3550 4963 sermones
3598 4922 3729 4961 suos
3770 4904 3869 4975 ipse

2282 5000 2525 5065 disserit,
2554 5016 2621 5055 ne
2657 5000 2738 5053 vel
2767 5000 2912 5053 aliud
2966 5000 3047 5055 vel
3097 5001 3219 5071 plus
3262 5000 3636 5072 superstitiose
3680 4993 3868 5068 aliquid

2283 5094 2511 5151 velimus
2535 5095 2857 5166 intelligere,
2886 5112 3045 5165 quam
3071 5095 3137 5150 ab
3162 5111 3229 5150 eo
3250 5096 3551 5166 expositum
3575 5103 3680 5150 est.
3717 5093 3873 5149 Porro

2282 5184 2423 5242 hanc
2445 5186 2752 5259 parabolam
2784 5187 3003 5258 quidam
3029 5185 3409 5242 haereticorum
3436 5187 3502 5240 ad
3531 5186 3881 5258 comproban-

2282 5277 2407 5331 datu
2451 5270 2695 5334 haeresim
2745 5295 2896 5333 suam
2932 5288 3237 5344 assumunt,
3272 5289 3383 5333 tres
3428 5277 3675 5333 volentes
3718 5279 3887 5336 intro-

2284 5369 2483 5424 ducere
2516 5378 2758 5436 naturas,
2792 5368 3001 5426 scilicet
3025 5369 3344 5440 spiritalem,
3376 5371 3694 5437 animalem,
3729 5382 3899 5445 atque

2286 5469 2591 5525 terrenam;
2633 5476 2755 5515 cum
2786 5461 2873 5516 hic
2914 5469 3150 5533 quatuor
3202 5462 3439 5517 sationes
3487 5476 3910 5520 connumeren'

2284 5559 2393 5615 tur,
2424 5544 2528 5605 una
2553 5550 2704 5619 juxta
2751 5551 2916 5618 viam,
2956 5553 3056 5608 alia
3092 5554 3233 5611 inter
3274 5564 3516 5626 petrosa,
3551 5553 3726 5608 tertia
3762 5556 3919 5617 inter

2284 5641 2488 5712 spinas,
2523 5650 2715 5711 quarta
2743 5658 2873 5697 vero
2902 5660 3021 5713 qua:
3052 5645 3104 5698 in
3146 5654 3289 5699 terra
3341 5646 3476 5698 bona
3521 5642 3937 5709 fructiﬁcasse

2280 5731 2503 5789 dicitur.
2558 5732 2799 5801 Quarum
2831 5734 3243 5806 intelligentiam
3279 5735 3345 5790 ab
3371 5735 3487 5804 ipso
3538 5731 3804 5796 Domino
3840 5762 3942 5801 ree

2286 5826 2587 5894 quiremus.
2631 5824 2851 5882 Interim
2880 5842 3008 5882 vero
3037 5824 3391 5882 differendum
3417 5840 3758 5897 parumper,
3826 5839 3953 5895 do/

586 5379 700 5419 non
746 5372 991 5432 possunt.
1036 5362 1144 5417 Aut
1192 5370 1339 5417 certe
1387 5360 1504 5417 ideo
1540 5369 1686 5417 stant
1733 5364 1796 5417 in
1844 5363 2022 5419 littore
2066 5363 2174 5420 fixo

584 5452 777 5521 gradu,
820 5459 878 5506 ut
911 5449 1221 5524 diligentius
1276 5438 1496 5506 audiant
1545 5467 1663 5521 quae
1712 5453 2009 5508 dicuntur:
2042 5470 2175 5523 quo-

582 5541 731 5595 niam
758 5542 985 5597 necdum
1012 5558 1132 5598 cum
1163 5540 1314 5609 Jesu,
1342 5558 1515 5614 neque
1545 5558 1666 5597 cum
1704 5541 1863 5614 575
1894 5544 2172 5613 apostolis,

584 5632 823 5703 pericula
842 5644 897 5690 et
917 5638 1262 5705 tentationes,
1296 5637 1491 5708 quibus
1512 5635 1620 5706 jam
1650 5636 1996 5707 premebatur
2020 5637 2174 5694 Chri-

586 5734 703 5779 stus
737 5740 765 5777 a
798 5727 909 5781 suis
936 5726 1356 5794 insidiatoribus,
1398 5730 1539 5785 ferre
1584 5739 1854 5800 pOterant.
1893 5730 2046 5786 Unde
2086 5748 2174 5787 se-

588 5815 774 5884 quitur
807 5831 821 5869 :

2129 5922 2181 5934 πη
