  <div class='ocr_page' id='page_1' title='image "/cluster/home/n/w/nwhite01/storage/ocr_20150623/120/hvd.32044015466923/248.png"; bbox 0 0 3994 6364; ppageno 0'>
   <div class='ocr_carea' id='block_1_1' title="bbox 58 390 191 457">
    <p class='ocr_par' dir='ltr' id='par_1_1' title="bbox 58 390 191 457">
     <span class='ocr_line' id='line_1_1' title="bbox 58 390 191 457; baseline 0 0"><span class='ocrx_word' id='word_1_1' title='bbox 58 390 191 457; x_wconf 72' lang='grc'><strong>485</strong></span> 
     </span>
    </p>
   </div>
   <div class='ocr_carea' id='block_1_2' title="bbox 848 374 2598 456">
    <p class='ocr_par' dir='ltr' id='par_1_2' title="bbox 848 374 2598 456">
     <span class='ocr_line' id='line_1_2' title="bbox 848 374 2598 456; baseline -0.005 -6"><span class='ocrx_word' id='word_1_2' title='bbox 848 388 1217 450; x_wconf 81' lang='lat' dir='ltr'><strong>EXPOSITIO</strong></span> <span class='ocrx_word' id='word_1_3' title='bbox 1254 386 1322 448; x_wconf 80' lang='lat' dir='ltr'><strong>IN</strong></span> <span class='ocrx_word' id='word_1_4' title='bbox 1356 378 1801 447; x_wconf 65' lang='grc' dir='ltr'><strong>ΜΑΤἸἮΔΖΗΗ.</strong></span> <span class='ocrx_word' id='word_1_5' title='bbox 1840 416 1911 431; x_wconf 91' lang='grc'><strong>--</strong></span> <span class='ocrx_word' id='word_1_6' title='bbox 1946 378 2078 446; x_wconf 76' lang='lat' dir='ltr'><strong>LIB.</strong></span> <span class='ocrx_word' id='word_1_7' title='bbox 2121 384 2232 456; x_wconf 68' lang='grc' dir='ltr'><strong>τῇ,</strong></span> <span class='ocrx_word' id='word_1_8' title='bbox 2269 376 2423 445; x_wconf 77' lang='lat' dir='ltr'><strong>CAP.</strong></span> <span class='ocrx_word' id='word_1_9' title='bbox 2460 374 2598 444; x_wconf 78' lang='grc' dir='ltr'>ιωι.</span> 
     </span>
    </p>
   </div>
   <div class='ocr_carea' id='block_1_3' title="bbox 3268 380 3377 449">
    <p class='ocr_par' dir='ltr' id='par_1_3' title="bbox 3268 380 3377 449">
     <span class='ocr_line' id='line_1_3' title="bbox 3268 380 3377 449; baseline 0 -2"><span class='ocrx_word' id='word_1_10' title='bbox 3268 380 3377 449; x_wconf 76' lang='lat' dir='ltr'><strong>tss</strong></span> 
     </span>
    </p>
   </div>
   <div class='ocr_carea' id='block_1_4' title="bbox 60 496 3373 581">
    <p class='ocr_par' dir='ltr' id='par_1_4' title="bbox 60 496 3373 581">
     <span class='ocr_line' id='line_1_4' title="bbox 60 496 3373 581; baseline -0.002 -11"><span class='ocrx_word' id='word_1_11' title='bbox 60 527 191 570; x_wconf 76' lang='lat' dir='ltr'><strong>nec</strong></span> <span class='ocrx_word' id='word_1_12' title='bbox 244 525 377 567; x_wconf 88' lang='lat' dir='ltr'><strong>eum</strong></span> <span class='ocrx_word' id='word_1_13' title='bbox 428 508 561 581; x_wconf 80' lang='lat' dir='ltr'><strong>ipsis</strong></span> <span class='ocrx_word' id='word_1_14' title='bbox 613 506 910 579; x_wconf 86' lang='lat' dir='ltr'><strong>discipulis,</strong></span> <span class='ocrx_word' id='word_1_15' title='bbox 947 516 1161 565; x_wconf 82' lang='lat' dir='ltr'><strong>secreto</strong></span> <span class='ocrx_word' id='word_1_16' title='bbox 1204 504 1451 565; x_wconf 82' lang='lat' dir='ltr'><strong>eamdem</strong></span> <span class='ocrx_word' id='word_1_17' title='bbox 1496 504 1684 562; x_wconf 88' lang='lat' dir='ltr'><strong>audire</strong></span> <span class='ocrx_word' id='word_1_18' title='bbox 1712 496 1766 567; x_wconf 63' lang='grc' dir='ltr'><strong>Α</strong></span> <span class='ocrx_word' id='word_1_19' title='bbox 1788 505 1916 561; x_wconf 90' lang='lat' dir='ltr'><strong>boni</strong></span> <span class='ocrx_word' id='word_1_20' title='bbox 1946 504 2064 561; x_wconf 89' lang='lat' dir='ltr'><strong>sine</strong></span> <span class='ocrx_word' id='word_1_21' title='bbox 2093 503 2217 572; x_wconf 86' lang='lat' dir='ltr'><strong>ﬁde,</strong></span> <span class='ocrx_word' id='word_1_22' title='bbox 2248 504 2532 576; x_wconf 83' lang='lat' dir='ltr'><strong>ipsumque</strong></span> <span class='ocrx_word' id='word_1_23' title='bbox 2552 510 2687 574; x_wconf 77' lang='lat' dir='ltr'><strong>opus</strong></span> <span class='ocrx_word' id='word_1_24' title='bbox 2714 512 2947 559; x_wconf 85' lang='lat' dir='ltr'><strong>vacuum</strong></span> <span class='ocrx_word' id='word_1_25' title='bbox 2972 510 3076 569; x_wconf 88' lang='lat' dir='ltr'><strong>est,</strong></span> <span class='ocrx_word' id='word_1_26' title='bbox 3110 505 3238 576; x_wconf 85' lang='lat' dir='ltr'><strong>quia</strong></span> <span class='ocrx_word' id='word_1_27' title='bbox 3264 521 3373 563; x_wconf 91' lang='lat' dir='ltr'><strong>non</strong></span> 
     </span>
    </p>
   </div>
   <div class='ocr_carea' id='block_1_5' title="bbox 60 594 1681 673">
    <p class='ocr_par' dir='ltr' id='par_1_5' title="bbox 60 594 1681 673">
     <span class='ocr_line' id='line_1_5' title="bbox 60 594 1681 673; baseline -0.006 -15"><span class='ocrx_word' id='word_1_28' title='bbox 60 602 389 673; x_wconf 81' lang='lat' dir='ltr'><strong>possimus.</strong></span> <span class='ocrx_word' id='word_1_29' title='bbox 438 594 506 657; x_wconf 83' lang='lat' dir='ltr'><strong>Et</strong></span> <span class='ocrx_word' id='word_1_30' title='bbox 555 597 876 654; x_wconf 87' lang='lat' dir='ltr'><strong>accedentes</strong></span> <span class='ocrx_word' id='word_1_31' title='bbox 925 596 1176 669; x_wconf 82' lang='lat' dir='ltr'><strong>discipuli</strong></span> <span class='ocrx_word' id='word_1_32' title='bbox 1223 597 1340 669; x_wconf 84' lang='lat' dir='ltr'><strong>ejus</strong></span> <span class='ocrx_word' id='word_1_33' title='bbox 1382 596 1681 653; x_wconf 72' lang='lat' dir='ltr'><strong>dixerunt:</strong></span> 
     </span>
    </p>
   </div>
   <div class='ocr_carea' id='block_1_6' title="bbox 62 684 1682 761">
    <p class='ocr_par' dir='ltr' id='par_1_6' title="bbox 62 684 1682 761">
     <span class='ocr_line' id='line_1_6' title="bbox 62 684 1682 761; baseline -0.003 -13"><span class='ocrx_word' id='word_1_34' title='bbox 62 690 457 761; x_wconf 70' lang='lat' dir='ltr'><strong>Quaerendum</strong></span> <span class='ocrx_word' id='word_1_35' title='bbox 480 689 665 760; x_wconf 77' lang='lat' dir='ltr'><strong>itaque</strong></span> <span class='ocrx_word' id='word_1_36' title='bbox 692 688 960 759; x_wconf 88' lang='lat' dir='ltr'><strong>quomodo</strong></span> <span class='ocrx_word' id='word_1_37' title='bbox 988 687 1251 745; x_wconf 85' lang='lat' dir='ltr'><strong>accedunt</strong></span> <span class='ocrx_word' id='word_1_38' title='bbox 1277 684 1523 758; x_wconf 70' lang='lat' dir='ltr'><strong>dIScipuli</strong></span> <span class='ocrx_word' id='word_1_39' title='bbox 1544 685 1682 756; x_wconf 84' lang='lat' dir='ltr'><strong>ejus,</strong></span> 
     </span>
    </p>
   </div>
   <div class='ocr_carea' id='block_1_7' title="bbox 63 772 1678 849">
    <p class='ocr_par' dir='ltr' id='par_1_7' title="bbox 63 772 1678 849">
     <span class='ocr_line' id='line_1_7' title="bbox 63 772 1678 849; baseline -0.006 -8"><span class='ocrx_word' id='word_1_40' title='bbox 63 800 210 841; x_wconf 83' lang='lat' dir='ltr'><strong>cum</strong></span> <span class='ocrx_word' id='word_1_41' title='bbox 240 780 410 839; x_wconf 84' lang='lat' dir='ltr'><strong>Jesus</strong></span> <span class='ocrx_word' id='word_1_42' title='bbox 434 782 488 838; x_wconf 90' lang='lat' dir='ltr'><strong>in</strong></span> <span class='ocrx_word' id='word_1_43' title='bbox 511 779 633 837; x_wconf 92' lang='lat' dir='ltr'><strong>navi</strong></span> <span class='ocrx_word' id='word_1_44' title='bbox 664 778 929 837; x_wconf 75' lang='lat' dir='ltr'><strong>sedebat?</strong></span> <span class='ocrx_word' id='word_1_45' title='bbox 975 777 1089 835; x_wconf 80' lang='lat' dir='ltr'><strong>Nisi</strong></span> <span class='ocrx_word' id='word_1_46' title='bbox 1119 779 1245 849; x_wconf 83' lang='lat' dir='ltr'><strong>quia</strong></span> <span class='ocrx_word' id='word_1_47' title='bbox 1268 772 1678 849; x_wconf 86' lang='lat' dir='ltr'><strong>intelligendum</strong></span> 
     </span>
    </p>
   </div>
   <div class='ocr_carea' id='block_1_8' title="bbox 64 869 1685 947">
    <p class='ocr_par' dir='ltr' id='par_1_8' title="bbox 64 869 1685 947">
     <span class='ocr_line' id='line_1_8' title="bbox 64 869 1685 947; baseline -0.007 -13"><span class='ocrx_word' id='word_1_48' title='bbox 64 884 163 934; x_wconf 84' lang='lat' dir='ltr'><strong>est</strong></span> <span class='ocrx_word' id='word_1_49' title='bbox 196 874 354 947; x_wconf 88' lang='lat' dir='ltr'><strong>quod</strong></span> <span class='ocrx_word' id='word_1_50' title='bbox 383 873 585 929; x_wconf 91' lang='lat' dir='ltr'><strong>dudum</strong></span> <span class='ocrx_word' id='word_1_51' title='bbox 625 886 749 927; x_wconf 89' lang='lat' dir='ltr'><strong>cum</strong></span> <span class='ocrx_word' id='word_1_52' title='bbox 777 871 893 942; x_wconf 88' lang='lat' dir='ltr'><strong>ipso</strong></span> <span class='ocrx_word' id='word_1_53' title='bbox 920 882 1115 926; x_wconf 87' lang='lat' dir='ltr'><strong>navem</strong></span> <span class='ocrx_word' id='word_1_54' title='bbox 1156 869 1592 935; x_wconf 84' lang='lat' dir='ltr'><strong>conscenderint,</strong></span> <span class='ocrx_word' id='word_1_55' title='bbox 1630 876 1685 923; x_wconf 88' lang='lat' dir='ltr'><strong>et</strong></span> 
     </span>
    </p>
   </div>
   <div class='ocr_carea' id='block_1_9' title="bbox 66 958 1684 1033">
    <p class='ocr_par' dir='ltr' id='par_1_9' title="bbox 66 958 1684 1033">
     <span class='ocr_line' id='line_1_9' title="bbox 66 958 1684 1033; baseline -0.004 -12"><span class='ocrx_word' id='word_1_56' title='bbox 66 966 155 1022; x_wconf 85' lang='lat' dir='ltr'><strong>ibi</strong></span> <span class='ocrx_word' id='word_1_57' title='bbox 188 980 323 1021; x_wconf 88' lang='lat' dir='ltr'><strong>cum</strong></span> <span class='ocrx_word' id='word_1_58' title='bbox 355 978 423 1019; x_wconf 91' lang='lat' dir='ltr'><strong>eo</strong></span> <span class='ocrx_word' id='word_1_59' title='bbox 465 968 674 1019; x_wconf 88' lang='lat' dir='ltr'><strong>stantes</strong></span> <span class='ocrx_word' id='word_1_60' title='bbox 715 975 879 1032; x_wconf 84' lang='lat' dir='ltr'><strong>super</strong></span> <span class='ocrx_word' id='word_1_61' title='bbox 919 961 1369 1033; x_wconf 70' lang='lat' dir='ltr'><strong>interpretatione</strong></span> <span class='ocrx_word' id='word_1_62' title='bbox 1413 958 1684 1032; x_wconf 65' lang='lat' dir='ltr'><strong>parabolae</strong></span> 
     </span>
    </p>
   </div>
   <div class='ocr_carea' id='block_1_10' title="bbox 65 1048 1684 1126">
    <p class='ocr_par' dir='ltr' id='par_1_10' title="bbox 65 1048 1684 1126">
     <span class='ocr_line' id='line_1_10' title="bbox 65 1048 1684 1126; baseline -0.004 -12"><span class='ocrx_word' id='word_1_63' title='bbox 65 1054 359 1115; x_wconf 73' lang='lat' dir='ltr'><strong>sciscitati</strong></span> <span class='ocrx_word' id='word_1_64' title='bbox 385 1062 530 1112; x_wconf 89' lang='lat' dir='ltr'><strong>sunt.</strong></span> <span class='ocrx_word' id='word_1_65' title='bbox 563 1053 634 1109; x_wconf 86' lang='lat' dir='ltr'><strong>Et</strong></span> <span class='ocrx_word' id='word_1_66' title='bbox 658 1048 823 1126; x_wconf 74' lang='lat'><strong>576</strong></span> <span class='ocrx_word' id='word_1_67' title='bbox 846 1053 1141 1109; x_wconf 90' lang='lat' dir='ltr'><strong>notandum</strong></span> <span class='ocrx_word' id='word_1_68' title='bbox 1169 1052 1292 1124; x_wconf 82' lang='lat' dir='ltr'><strong>quia</strong></span> <span class='ocrx_word' id='word_1_69' title='bbox 1326 1061 1384 1109; x_wconf 91' lang='lat' dir='ltr'><strong>et</strong></span> <span class='ocrx_word' id='word_1_70' title='bbox 1416 1052 1491 1109; x_wconf 85' lang='lat' dir='ltr'><strong>illi</strong></span> <span class='ocrx_word' id='word_1_71' title='bbox 1529 1064 1684 1108; x_wconf 86' lang='lat' dir='ltr'><strong>acce-</strong></span> 
     </span>
    </p>
   </div>
   <div class='ocr_carea' id='block_1_11' title="bbox 68 1144 1686 1223">
    <p class='ocr_par' dir='ltr' id='par_1_11' title="bbox 68 1144 1686 1223">
     <span class='ocr_line' id='line_1_11' title="bbox 68 1144 1686 1223; baseline -0.004 -14"><span class='ocrx_word' id='word_1_72' title='bbox 68 1152 281 1209; x_wconf 85' lang='lat' dir='ltr'><strong>dentes</strong></span> <span class='ocrx_word' id='word_1_73' title='bbox 326 1152 684 1223; x_wconf 74' lang='lat' dir='ltr'><strong>interrogant,</strong></span> <span class='ocrx_word' id='word_1_74' title='bbox 714 1156 770 1205; x_wconf 92' lang='lat' dir='ltr'><strong>et</strong></span> <span class='ocrx_word' id='word_1_75' title='bbox 801 1148 971 1204; x_wconf 70' lang='lat' dir='ltr'><strong>turba:</strong></span> <span class='ocrx_word' id='word_1_76' title='bbox 1000 1152 1207 1204; x_wconf 83' lang='lat' dir='ltr'><strong>stantes</strong></span> <span class='ocrx_word' id='word_1_77' title='bbox 1234 1147 1479 1204; x_wconf 87' lang='lat' dir='ltr'><strong>audiunt.</strong></span> <span class='ocrx_word' id='word_1_78' title='bbox 1527 1144 1686 1204; x_wconf 79' lang='lat' dir='ltr'><strong>Jesus</strong></span> 
     </span>
    </p>
   </div>
   <div class='ocr_carea' id='block_1_12' title="bbox 65 1241 1682 1314">
    <p class='ocr_par' dir='ltr' id='par_1_12' title="bbox 65 1241 1682 1314">
     <span class='ocr_line' id='line_1_12' title="bbox 65 1241 1682 1314; baseline -0.001 -15"><span class='ocrx_word' id='word_1_79' title='bbox 65 1261 216 1302; x_wconf 73' lang='lat' dir='ltr'><strong>vero</strong></span> <span class='ocrx_word' id='word_1_80' title='bbox 251 1245 546 1314; x_wconf 86' lang='lat' dir='ltr'><strong>majestate</strong></span> <span class='ocrx_word' id='word_1_81' title='bbox 568 1258 664 1299; x_wconf 88' lang='lat' dir='ltr'><strong>sua</strong></span> <span class='ocrx_word' id='word_1_82' title='bbox 690 1257 913 1299; x_wconf 89' lang='lat' dir='ltr'><strong>securus</strong></span> <span class='ocrx_word' id='word_1_83' title='bbox 944 1242 1095 1299; x_wconf 86' lang='lat' dir='ltr'><strong>sedet</strong></span> <span class='ocrx_word' id='word_1_84' title='bbox 1122 1243 1177 1297; x_wconf 91' lang='lat' dir='ltr'><strong>in</strong></span> <span class='ocrx_word' id='word_1_85' title='bbox 1209 1242 1357 1309; x_wconf 87' lang='lat' dir='ltr'><strong>navi,</strong></span> <span class='ocrx_word' id='word_1_86' title='bbox 1388 1241 1542 1314; x_wconf 89' lang='lat' dir='ltr'><strong>quasi</strong></span> <span class='ocrx_word' id='word_1_87' title='bbox 1589 1241 1682 1297; x_wconf 88' lang='lat' dir='ltr'><strong>do-</strong></span> 
     </span>
    </p>
   </div>
   <div class='ocr_carea' id='block_1_13' title="bbox 68 1331 1682 1407">
    <p class='ocr_par' dir='ltr' id='par_1_13' title="bbox 68 1331 1682 1407">
     <span class='ocr_line' id='line_1_13' title="bbox 68 1331 1682 1407; baseline -0.005 -11"><span class='ocrx_word' id='word_1_88' title='bbox 68 1348 205 1396; x_wconf 90' lang='lat' dir='ltr'><strong>ctor</strong></span> <span class='ocrx_word' id='word_1_89' title='bbox 224 1346 285 1395; x_wconf 90' lang='lat' dir='ltr'><strong>et</strong></span> <span class='ocrx_word' id='word_1_90' title='bbox 326 1335 538 1407; x_wconf 79' lang='lat' dir='ltr'><strong>judex;</strong></span> <span class='ocrx_word' id='word_1_91' title='bbox 578 1332 783 1393; x_wconf 87' lang='lat' dir='ltr'><strong>idcirco</strong></span> <span class='ocrx_word' id='word_1_92' title='bbox 828 1335 961 1390; x_wconf 87' lang='lat' dir='ltr'><strong>istos</strong></span> <span class='ocrx_word' id='word_1_93' title='bbox 1009 1331 1167 1390; x_wconf 85' lang='lat' dir='ltr'><strong>docet</strong></span> <span class='ocrx_word' id='word_1_94' title='bbox 1207 1333 1528 1390; x_wconf 86' lang='lat' dir='ltr'><strong>accedentes</strong></span> <span class='ocrx_word' id='word_1_95' title='bbox 1556 1332 1682 1400; x_wconf 90' lang='lat' dir='ltr'><strong>ﬁde,</strong></span> 
     </span>
    </p>
   </div>
   <div class='ocr_carea' id='block_1_14' title="bbox 64 1422 1683 1494">
    <p class='ocr_par' dir='ltr' id='par_1_14' title="bbox 64 1422 1683 1494">
     <span class='ocr_line' id='line_1_14' title="bbox 64 1422 1683 1494; baseline -0.006 -5"><span class='ocrx_word' id='word_1_96' title='bbox 64 1433 232 1489; x_wconf 89' lang='lat' dir='ltr'><strong>inter</strong></span> <span class='ocrx_word' id='word_1_97' title='bbox 263 1428 479 1489; x_wconf 89' lang='lat' dir='ltr'><strong>medios</strong></span> <span class='ocrx_word' id='word_1_98' title='bbox 513 1429 873 1487; x_wconf 87' lang='lat' dir='ltr'><strong>tentationum</strong></span> <span class='ocrx_word' id='word_1_99' title='bbox 903 1426 1119 1494; x_wconf 81' lang='lat' dir='ltr'><strong>ﬂuctus,</strong></span> <span class='ocrx_word' id='word_1_100' title='bbox 1166 1422 1285 1482; x_wconf 92' lang='lat' dir='ltr'><strong>illos</strong></span> <span class='ocrx_word' id='word_1_101' title='bbox 1312 1425 1598 1493; x_wconf 84' lang='lat' dir='ltr'><strong>discernit,</strong></span> <span class='ocrx_word' id='word_1_102' title='bbox 1628 1434 1683 1480; x_wconf 91' lang='lat' dir='ltr'><strong>et</strong></span> 
     </span>
    </p>
   </div>
   <div class='ocr_carea' id='block_1_15' title="bbox 66 1517 1682 1593">
    <p class='ocr_par' dir='ltr' id='par_1_15' title="bbox 66 1517 1682 1593">
     <span class='ocr_line' id='line_1_15' title="bbox 66 1517 1682 1593; baseline -0.004 -15"><span class='ocrx_word' id='word_1_103' title='bbox 66 1522 475 1579; x_wconf 83' lang='lat' dir='ltr'><strong>tantummodo</strong></span> <span class='ocrx_word' id='word_1_104' title='bbox 525 1520 577 1575; x_wconf 92' lang='lat' dir='ltr'><strong>in</strong></span> <span class='ocrx_word' id='word_1_105' title='bbox 631 1518 904 1593; x_wconf 87' lang='lat' dir='ltr'><strong>parabolis</strong></span> <span class='ocrx_word' id='word_1_106' title='bbox 954 1518 1145 1575; x_wconf 91' lang='lat' dir='ltr'><strong>audire</strong></span> <span class='ocrx_word' id='word_1_107' title='bbox 1196 1517 1496 1589; x_wconf 86' lang='lat' dir='ltr'><strong>permittit;</strong></span> <span class='ocrx_word' id='word_1_108' title='bbox 1556 1518 1682 1589; x_wconf 88' lang='lat' dir='ltr'><strong>quia</strong></span> 
     </span>
    </p>
   </div>
   <div class='ocr_carea' id='block_1_16' title="bbox 63 1610 1678 1683">
    <p class='ocr_par' dir='ltr' id='par_1_16' title="bbox 63 1610 1678 1683">
     <span class='ocr_line' id='line_1_16' title="bbox 63 1610 1678 1683; baseline -0.003 -13"><span class='ocrx_word' id='word_1_109' title='bbox 63 1612 332 1671; x_wconf 81' lang='lat' dir='ltr'><strong>necdum</strong></span> <span class='ocrx_word' id='word_1_110' title='bbox 358 1621 512 1671; x_wconf 89' lang='lat' dir='ltr'><strong>erant</strong></span> <span class='ocrx_word' id='word_1_111' title='bbox 532 1610 711 1669; x_wconf 85' lang='lat' dir='ltr'><strong>idonei</strong></span> <span class='ocrx_word' id='word_1_112' title='bbox 741 1613 883 1669; x_wconf 81' lang='lat' dir='ltr'><strong>ferre</strong></span> <span class='ocrx_word' id='word_1_113' title='bbox 917 1611 1266 1677; x_wconf 89' lang='lat' dir='ltr'><strong>tentationes,</strong></span> <span class='ocrx_word' id='word_1_114' title='bbox 1290 1611 1419 1683; x_wconf 85' lang='lat' dir='ltr'><strong>quia</strong></span> <span class='ocrx_word' id='word_1_115' title='bbox 1447 1610 1678 1668; x_wconf 90' lang='lat' dir='ltr'><strong>necdum</strong></span> 
     </span>
    </p>
   </div>
   <div class='ocr_carea' id='block_1_17' title="bbox 64 1703 726 1775">
    <p class='ocr_par' dir='ltr' id='par_1_17' title="bbox 64 1703 726 1775">
     <span class='ocr_line' id='line_1_17' title="bbox 64 1703 726 1775; baseline -0.006 -13"><span class='ocrx_word' id='word_1_116' title='bbox 64 1704 339 1775; x_wconf 77' lang='lat' dir='ltr'><strong>probati.</strong></span> <span class='ocrx_word' id='word_1_117' title='bbox 376 1703 444 1760; x_wconf 88' lang='lat' dir='ltr'><strong>Et</strong></span> <span class='ocrx_word' id='word_1_118' title='bbox 472 1704 591 1759; x_wconf 89' lang='lat' dir='ltr'><strong>ideo</strong></span> <span class='ocrx_word' id='word_1_119' title='bbox 612 1704 690 1760; x_wconf 90' lang='lat' dir='ltr'><strong>ait</strong></span> <span class='ocrx_word' id='word_1_120' title='bbox 715 1723 726 1758; x_wconf 92' lang='lat'><strong>:</strong></span> 
     </span>
    </p>
   </div>
   <div class='ocr_carea' id='block_1_18' title="bbox 176 1792 1679 1868">
    <p class='ocr_par' dir='ltr' id='par_1_18' title="bbox 176 1792 1679 1868">
     <span class='ocr_line' id='line_1_18' title="bbox 176 1792 1679 1868; baseline 0.001 -19"><span class='ocrx_word' id='word_1_121' title='bbox 176 1792 345 1850; x_wconf 80' lang='lat' dir='ltr'><strong>Vobis</strong></span> <span class='ocrx_word' id='word_1_122' title='bbox 387 1796 571 1850; x_wconf 85' lang='lat' dir='ltr'><strong>datum</strong></span> <span class='ocrx_word' id='word_1_123' title='bbox 615 1804 691 1850; x_wconf 87' lang='lat' dir='ltr'><strong>est</strong></span> <span class='ocrx_word' id='word_1_124' title='bbox 734 1811 885 1850; x_wconf 88' lang='lat' dir='ltr'><strong>nosse</strong></span> <span class='ocrx_word' id='word_1_125' title='bbox 927 1797 1178 1868; x_wconf 78' lang='lat' dir='ltr'><strong>mysteria</strong></span> <span class='ocrx_word' id='word_1_126' title='bbox 1210 1796 1355 1868; x_wconf 81' lang='lat' dir='ltr'><strong>regni</strong></span> <span class='ocrx_word' id='word_1_127' title='bbox 1409 1795 1679 1865; x_wconf 65' lang='lat' dir='ltr'><strong>calorum,</strong></span> 
     </span>
    </p>
   </div>
   <div class='ocr_carea' id='block_1_19' title="bbox 1786 596 3372 667">
    <p class='ocr_par' dir='ltr' id='par_1_19' title="bbox 1786 596 3372 667">
     <span class='ocr_line' id='line_1_19' title="bbox 1786 596 3372 667; baseline 0.001 -12"><span class='ocrx_word' id='word_1_128' title='bbox 1786 604 1869 655; x_wconf 90' lang='lat' dir='ltr'><strong>est</strong></span> <span class='ocrx_word' id='word_1_129' title='bbox 1900 596 1955 654; x_wconf 90' lang='lat' dir='ltr'><strong>in</strong></span> <span class='ocrx_word' id='word_1_130' title='bbox 1990 596 2226 655; x_wconf 85' lang='lat' dir='ltr'><strong>Christo.</strong></span> <span class='ocrx_word' id='word_1_131' title='bbox 2268 598 2370 667; x_wconf 80' lang='lat' dir='ltr'><strong>Qui</strong></span> <span class='ocrx_word' id='word_1_132' title='bbox 2418 607 2597 654; x_wconf 90' lang='lat' dir='ltr'><strong>autem</strong></span> <span class='ocrx_word' id='word_1_133' title='bbox 2631 597 2794 653; x_wconf 87' lang='lat' dir='ltr'><strong>habet</strong></span> <span class='ocrx_word' id='word_1_134' title='bbox 2836 596 3112 654; x_wconf 80' lang='lat' dir='ltr'><strong>Christum</strong></span> <span class='ocrx_word' id='word_1_135' title='bbox 3156 598 3213 654; x_wconf 87' lang='lat' dir='ltr'><strong>in</strong></span> <span class='ocrx_word' id='word_1_136' title='bbox 3246 600 3372 667; x_wconf 88' lang='lat' dir='ltr'><strong>ﬁde,</strong></span> 
     </span>
    </p>
   </div>
   <div class='ocr_carea' id='block_1_20' title="bbox 1785 688 3376 763">
    <p class='ocr_par' dir='ltr' id='par_1_20' title="bbox 1785 688 3376 763">
     <span class='ocr_line' id='line_1_20' title="bbox 1785 688 3376 763; baseline 0.001 -17"><span class='ocrx_word' id='word_1_137' title='bbox 1785 690 2082 747; x_wconf 87' lang='lat' dir='ltr'><strong>secundum</strong></span> <span class='ocrx_word' id='word_1_138' title='bbox 2116 705 2254 763; x_wconf 79' lang='lat' dir='ltr'><strong>Opus</strong></span> <span class='ocrx_word' id='word_1_139' title='bbox 2300 688 2448 758; x_wconf 90' lang='lat' dir='ltr'><strong>ﬁdei,</strong></span> <span class='ocrx_word' id='word_1_140' title='bbox 2479 691 2667 761; x_wconf 89' lang='lat' dir='ltr'><strong>utique</strong></span> <span class='ocrx_word' id='word_1_141' title='bbox 2692 698 2748 747; x_wconf 90' lang='lat' dir='ltr'><strong>et</strong></span> <span class='ocrx_word' id='word_1_142' title='bbox 2792 690 3012 747; x_wconf 80' lang='lat' dir='ltr'><strong>Patrem</strong></span> <span class='ocrx_word' id='word_1_143' title='bbox 3054 691 3236 748; x_wconf 84' lang='lat' dir='ltr'><strong>habet.</strong></span> <span class='ocrx_word' id='word_1_144' title='bbox 3270 692 3376 760; x_wconf 80' lang='lat' dir='ltr'><strong>Qui</strong></span> 
     </span>
    </p>
   </div>
   <div class='ocr_carea' id='block_1_21' title="bbox 1786 780 3374 854">
    <p class='ocr_par' dir='ltr' id='par_1_21' title="bbox 1786 780 3374 854">
     <span class='ocr_line' id='line_1_21' title="bbox 1786 780 3374 854; baseline -0.001 -16"><span class='ocrx_word' id='word_1_145' title='bbox 1786 792 1965 839; x_wconf 89' lang='lat' dir='ltr'><strong>autem</strong></span> <span class='ocrx_word' id='word_1_146' title='bbox 1995 781 2212 839; x_wconf 85' lang='lat' dir='ltr'><strong>Patrem</strong></span> <span class='ocrx_word' id='word_1_147' title='bbox 2246 790 2300 839; x_wconf 91' lang='lat' dir='ltr'><strong>et</strong></span> <span class='ocrx_word' id='word_1_148' title='bbox 2326 780 2544 846; x_wconf 79' lang='lat' dir='ltr'><strong>Filium,</strong></span> <span class='ocrx_word' id='word_1_149' title='bbox 2587 796 2715 839; x_wconf 87' lang='lat' dir='ltr'><strong>vere</strong></span> <span class='ocrx_word' id='word_1_150' title='bbox 2752 790 2808 838; x_wconf 89' lang='lat' dir='ltr'><strong>et</strong></span> <span class='ocrx_word' id='word_1_151' title='bbox 2834 781 3098 854; x_wconf 80' lang='lat' dir='ltr'><strong>Spiritum</strong></span> <span class='ocrx_word' id='word_1_152' title='bbox 3127 792 3374 839; x_wconf 79' lang='lat' dir='ltr'><strong>sanctum</strong></span> 
     </span>
    </p>
   </div>
   <div class='ocr_carea' id='block_1_22' title="bbox 1786 876 3379 949">
    <p class='ocr_par' dir='ltr' id='par_1_22' title="bbox 1786 876 3379 949">
     <span class='ocr_line' id='line_1_22' title="bbox 1786 876 3379 949; baseline -0.001 -15"><span class='ocrx_word' id='word_1_153' title='bbox 1786 878 1981 945; x_wconf 86' lang='lat' dir='ltr'><strong>habet,</strong></span> <span class='ocrx_word' id='word_1_154' title='bbox 2024 890 2254 949; x_wconf 87' lang='lat' dir='ltr'><strong>quorum</strong></span> <span class='ocrx_word' id='word_1_155' title='bbox 2303 887 2403 949; x_wconf 31' lang='lat' dir='ltr'><strong>est.</strong></span> <span class='ocrx_word' id='word_1_156' title='bbox 2431 878 2673 949; x_wconf 85' lang='lat' dir='ltr'><strong>spiritus.</strong></span> <span class='ocrx_word' id='word_1_157' title='bbox 2711 876 2847 946; x_wconf 84' lang='lat' dir='ltr'><strong>Quia</strong></span> <span class='ocrx_word' id='word_1_158' title='bbox 2909 877 3054 948; x_wconf 84' lang='lat' dir='ltr'><strong>qdod</strong></span> <span class='ocrx_word' id='word_1_159' title='bbox 3107 877 3226 934; x_wconf 85' lang='lat' dir='ltr'><strong>sine</strong></span> <span class='ocrx_word' id='word_1_160' title='bbox 3270 876 3379 933; x_wconf 76' lang='lat' dir='ltr'><strong>ﬁde</strong></span> 
     </span>
    </p>
   </div>
   <div class='ocr_carea' id='block_1_23' title="bbox 1785 968 3377 1043">
    <p class='ocr_par' dir='ltr' id='par_1_23' title="bbox 1785 968 3377 1043">
     <span class='ocr_line' id='line_1_23' title="bbox 1785 968 3377 1043; baseline -0.001 -16"><span class='ocrx_word' id='word_1_161' title='bbox 1785 976 1888 1036; x_wconf 89' lang='lat' dir='ltr'><strong>est,</strong></span> <span class='ocrx_word' id='word_1_162' title='bbox 1919 980 2201 1043; x_wconf 88' lang='lat' dir='ltr'><strong>peccatum</strong></span> <span class='ocrx_word' id='word_1_163' title='bbox 2236 977 2340 1037; x_wconf 88' lang='lat' dir='ltr'><strong>est,</strong></span> <span class='ocrx_word' id='word_1_164' title='bbox 2369 976 2506 1027; x_wconf 85' lang='lat' dir='ltr'><strong>teste</strong></span> <span class='ocrx_word' id='word_1_165' title='bbox 2529 969 2820 1042; x_wconf 82' lang='lat' dir='ltr'><strong>Apostolo;</strong></span> <span class='ocrx_word' id='word_1_166' title='bbox 2864 968 3072 1027; x_wconf 85' lang='lat' dir='ltr'><strong>idcirco</strong></span> <span class='ocrx_word' id='word_1_167' title='bbox 3110 980 3241 1027; x_wconf 85' lang='lat' dir='ltr'><strong>vere</strong></span> <span class='ocrx_word' id='word_1_168' title='bbox 3282 970 3377 1042; x_wconf 85' lang='lat' dir='ltr'><strong>qui</strong></span> 
     </span>
    </p>
   </div>
   <div class='ocr_carea' id='block_1_24' title="bbox 1785 1061 3377 1135">
    <p class='ocr_par' dir='ltr' id='par_1_24' title="bbox 1785 1061 3377 1135">
     <span class='ocr_line' id='line_1_24' title="bbox 1785 1061 3377 1135; baseline 0.001 -17"><span class='ocrx_word' id='word_1_169' title='bbox 1785 1064 1926 1120; x_wconf 88' lang='lat' dir='ltr'><strong>hanc</strong></span> <span class='ocrx_word' id='word_1_170' title='bbox 1962 1078 2069 1119; x_wconf 92' lang='lat' dir='ltr'><strong>non</strong></span> <span class='ocrx_word' id='word_1_171' title='bbox 2106 1064 2288 1127; x_wconf 86' lang='lat' dir='ltr'><strong>habet,</strong></span> <span class='ocrx_word' id='word_1_172' title='bbox 2318 1065 2461 1135; x_wconf 84' lang='lat' dir='ltr'><strong>quod</strong></span> <span class='ocrx_word' id='word_1_173' title='bbox 2490 1063 2702 1120; x_wconf 85' lang='lat' dir='ltr'><strong>videtur</strong></span> <span class='ocrx_word' id='word_1_174' title='bbox 2731 1063 2953 1129; x_wconf 86' lang='lat' dir='ltr'><strong>habere,</strong></span> <span class='ocrx_word' id='word_1_175' title='bbox 2988 1061 3266 1120; x_wconf 74' lang='lat' dir='ltr'><strong>auferetur</strong></span> <span class='ocrx_word' id='word_1_176' title='bbox 3308 1063 3377 1120; x_wconf 84' lang='lat' dir='ltr'><strong>ab</strong></span> 
     </span>
    </p>
   </div>
   <div class='ocr_carea' id='block_1_25' title="bbox 1786 1154 3370 1227">
    <p class='ocr_par' dir='ltr' id='par_1_25' title="bbox 1786 1154 3370 1227">
     <span class='ocr_line' id='line_1_25' title="bbox 1786 1154 3370 1227; baseline 0.001 -15"><span class='ocrx_word' id='word_1_177' title='bbox 1786 1171 1871 1212; x_wconf 93' lang='lat' dir='ltr'><strong>eo.</strong></span> <span class='ocrx_word' id='word_1_178' title='bbox 1914 1155 2042 1212; x_wconf 59' lang='lat' dir='ltr'><strong>Hac</strong></span> <span class='ocrx_word' id='word_1_179' title='bbox 2080 1156 2244 1227; x_wconf 77' lang='lat' dir='ltr'><strong>igitur</strong></span> <span class='ocrx_word' id='word_1_180' title='bbox 2272 1156 2338 1211; x_wconf 89' lang='lat' dir='ltr'><strong>de</strong></span> <span class='ocrx_word' id='word_1_181' title='bbox 2384 1156 2470 1212; x_wconf 86' lang='lat' dir='ltr'><strong>his</strong></span> <span class='ocrx_word' id='word_1_182' title='bbox 2506 1156 2744 1227; x_wconf 84' lang='lat' dir='ltr'><strong>loquitur</strong></span> <span class='ocrx_word' id='word_1_183' title='bbox 2772 1157 2865 1227; x_wconf 84' lang='lat' dir='ltr'><strong>qui</strong></span> <span class='ocrx_word' id='word_1_184' title='bbox 2904 1160 3055 1212; x_wconf 85' lang='lat' dir='ltr'><strong>stant</strong></span> <span class='ocrx_word' id='word_1_185' title='bbox 3082 1154 3137 1212; x_wconf 90' lang='lat' dir='ltr'><strong>in</strong></span> <span class='ocrx_word' id='word_1_186' title='bbox 3164 1154 3370 1222; x_wconf 79' lang='lat' dir='ltr'><strong>littore,</strong></span> 
     </span>
    </p>
   </div>
   <div class='ocr_carea' id='block_1_26' title="bbox 1785 1242 3379 1319">
    <p class='ocr_par' dir='ltr' id='par_1_26' title="bbox 1785 1242 3379 1319">
     <span class='ocr_line' id='line_1_26' title="bbox 1785 1242 3379 1319; baseline 0.002 -18"><span class='ocrx_word' id='word_1_187' title='bbox 1785 1255 1840 1301; x_wconf 88' lang='lat' dir='ltr'><strong>et</strong></span> <span class='ocrx_word' id='word_1_188' title='bbox 1875 1246 2189 1302; x_wconf 86' lang='lat' dir='ltr'><strong>dividuntur</strong></span> <span class='ocrx_word' id='word_1_189' title='bbox 2215 1246 2283 1303; x_wconf 90' lang='lat' dir='ltr'><strong>ab</strong></span> <span class='ocrx_word' id='word_1_190' title='bbox 2310 1246 2437 1304; x_wconf 83' lang='lat' dir='ltr'><strong>lesu</strong></span> <span class='ocrx_word' id='word_1_191' title='bbox 2476 1254 2697 1319; x_wconf 85' lang='lat' dir='ltr'><strong>propter</strong></span> <span class='ocrx_word' id='word_1_192' title='bbox 2743 1242 3002 1303; x_wconf 87' lang='lat' dir='ltr'><strong>tumultus</strong></span> <span class='ocrx_word' id='word_1_193' title='bbox 3036 1246 3243 1312; x_wconf 66' lang='lat' dir='ltr'><strong>saeculi,</strong></span> <span class='ocrx_word' id='word_1_194' title='bbox 3277 1263 3379 1304; x_wconf 90' lang='lat' dir='ltr'><strong>nec</strong></span> 
     </span>
    </p>
   </div>
   <div class='ocr_carea' id='block_1_27' title="bbox 1786 1338 3377 1412">
    <p class='ocr_par' dir='ltr' id='par_1_27' title="bbox 1786 1338 3377 1412">
     <span class='ocr_line' id='line_1_27' title="bbox 1786 1338 3377 1412; baseline 0.002 -19"><span class='ocrx_word' id='word_1_195' title='bbox 1786 1338 2010 1394; x_wconf 89' lang='lat' dir='ltr'><strong>audiunt</strong></span> <span class='ocrx_word' id='word_1_196' title='bbox 2039 1340 2107 1395; x_wconf 90' lang='lat' dir='ltr'><strong>ad</strong></span> <span class='ocrx_word' id='word_1_197' title='bbox 2140 1338 2401 1411; x_wconf 90' lang='lat' dir='ltr'><strong>liquidum</strong></span> <span class='ocrx_word' id='word_1_198' title='bbox 2427 1354 2548 1411; x_wconf 83' lang='lat' dir='ltr'><strong>quae</strong></span> <span class='ocrx_word' id='word_1_199' title='bbox 2578 1340 2850 1397; x_wconf 87' lang='lat' dir='ltr'><strong>dicuntur.</strong></span> <span class='ocrx_word' id='word_1_200' title='bbox 2876 1338 3171 1412; x_wconf 81' lang='lat' dir='ltr'><strong>Propterea</strong></span> <span class='ocrx_word' id='word_1_201' title='bbox 3204 1341 3256 1397; x_wconf 92' lang='lat' dir='ltr'><strong>in</strong></span> <span class='ocrx_word' id='word_1_202' title='bbox 3287 1356 3377 1412; x_wconf 89' lang='lat' dir='ltr'><strong>pa-</strong></span> 
     </span>
    </p>
   </div>
   <div class='ocr_carea' id='block_1_28' title="bbox 1785 1428 3377 1503">
    <p class='ocr_par' dir='ltr' id='par_1_28' title="bbox 1785 1428 3377 1503">
     <span class='ocr_line' id='line_1_28' title="bbox 1785 1428 3377 1503; baseline 0.002 -18"><span class='ocrx_word' id='word_1_203' title='bbox 1785 1429 1988 1486; x_wconf 87' lang='lat' dir='ltr'><strong>rabolis</strong></span> <span class='ocrx_word' id='word_1_204' title='bbox 2015 1438 2099 1486; x_wconf 90' lang='lat' dir='ltr'><strong>est</strong></span> <span class='ocrx_word' id='word_1_205' title='bbox 2123 1431 2203 1487; x_wconf 86' lang='lat' dir='ltr'><strong>eis</strong></span> <span class='ocrx_word' id='word_1_206' title='bbox 2230 1446 2393 1488; x_wconf 90' lang='lat' dir='ltr'><strong>omne</strong></span> <span class='ocrx_word' id='word_1_207' title='bbox 2423 1432 2566 1503; x_wconf 88' lang='lat' dir='ltr'><strong>quod</strong></span> <span class='ocrx_word' id='word_1_208' title='bbox 2606 1432 2834 1487; x_wconf 86' lang='lat' dir='ltr'><strong>audiunt</strong></span> <span class='ocrx_word' id='word_1_209' title='bbox 2860 1432 3158 1489; x_wconf 80' lang='lat' dir='ltr'><strong>Secundum</strong></span> <span class='ocrx_word' id='word_1_210' title='bbox 3183 1428 3377 1488; x_wconf 89' lang='lat' dir='ltr'><strong>Isaiam</strong></span> 
     </span>
    </p>
   </div>
   <div class='ocr_carea' id='block_1_29' title="bbox 1784 1521 3378 1592">
    <p class='ocr_par' dir='ltr' id='par_1_29' title="bbox 1784 1521 3378 1592">
     <span class='ocr_line' id='line_1_29' title="bbox 1784 1521 3378 1592; baseline -0.001 -16"><span class='ocrx_word' id='word_1_211' title='bbox 1784 1521 2128 1592; x_wconf 85' lang='lat' dir='ltr'><strong>prophetam,</strong></span> <span class='ocrx_word' id='word_1_212' title='bbox 2151 1521 2244 1591; x_wconf 87' lang='lat' dir='ltr'><strong>qui</strong></span> <span class='ocrx_word' id='word_1_213' title='bbox 2274 1521 2349 1576; x_wconf 90' lang='lat' dir='ltr'><strong>ait</strong></span> <span class='ocrx_word' id='word_1_214' title='bbox 2377 1539 2390 1576; x_wconf 91' lang='lat'><strong>:</strong></span> <span class='ocrx_word' id='word_1_215' title='bbox 2416 1521 2614 1576; x_wconf 86' lang='lat' dir='ltr'><strong>Auditu</strong></span> <span class='ocrx_word' id='word_1_216' title='bbox 2653 1521 2902 1587; x_wconf 74' lang='lat' dir='ltr'><strong>audietis,</strong></span> <span class='ocrx_word' id='word_1_217' title='bbox 2941 1531 2989 1576; x_wconf 84' lang='lat' dir='ltr'><strong>et</strong></span> <span class='ocrx_word' id='word_1_218' title='bbox 3033 1530 3138 1576; x_wconf 78' lang='lat' dir='ltr'><strong>non</strong></span> <span class='ocrx_word' id='word_1_219' title='bbox 3182 1521 3378 1577; x_wconf 85' lang='lat' dir='ltr'><strong>intelli-</strong></span> 
     </span>
    </p>
   </div>
   <div class='ocr_carea' id='block_1_30' title="bbox 1784 1608 3379 1684">
    <p class='ocr_par' dir='ltr' id='par_1_30' title="bbox 1784 1608 3379 1684">
     <span class='ocr_line' id='line_1_30' title="bbox 1784 1608 3379 1684; baseline 0.003 -17"><span class='ocrx_word' id='word_1_220' title='bbox 1784 1612 1947 1684; x_wconf 88' lang='lat' dir='ltr'><strong>getis,</strong></span> <span class='ocrx_word' id='word_1_221' title='bbox 1992 1622 2041 1667; x_wconf 90' lang='lat' dir='ltr'><strong>et</strong></span> <span class='ocrx_word' id='word_1_222' title='bbox 2098 1613 2329 1670; x_wconf 77' lang='lat' dir='ltr'><strong>videntes</strong></span> <span class='ocrx_word' id='word_1_223' title='bbox 2382 1613 2649 1681; x_wconf 80' lang='lat' dir='ltr'><strong>uidebitis,</strong></span> <span class='ocrx_word' id='word_1_224' title='bbox 2695 1622 2745 1670; x_wconf 88' lang='lat' dir='ltr'><strong>et</strong></span> <span class='ocrx_word' id='word_1_225' title='bbox 2793 1631 2897 1669; x_wconf 88' lang='lat' dir='ltr'><strong>non</strong></span> <span class='ocrx_word' id='word_1_226' title='bbox 2948 1614 3205 1670; x_wconf 82' lang='lat' dir='ltr'><strong>uidebitis.</strong></span> <span class='ocrx_word' id='word_1_227' title='bbox 3252 1608 3379 1671; x_wconf 71' lang='lat' dir='ltr'><strong>llaec</strong></span> 
     </span>
    </p>
   </div>
   <div class='ocr_carea' id='block_1_31' title="bbox 1783 1704 3375 1777">
    <p class='ocr_par' dir='ltr' id='par_1_31' title="bbox 1783 1704 3375 1777">
     <span class='ocr_line' id='line_1_31' title="bbox 1783 1704 3375 1777; baseline 0.001 -18"><span class='ocrx_word' id='word_1_228' title='bbox 1783 1705 1982 1776; x_wconf 88' lang='lat' dir='ltr'><strong>quippe</strong></span> <span class='ocrx_word' id='word_1_229' title='bbox 2025 1704 2091 1760; x_wconf 91' lang='lat' dir='ltr'><strong>de</strong></span> <span class='ocrx_word' id='word_1_230' title='bbox 2142 1705 2315 1761; x_wconf 88' lang='lat' dir='ltr'><strong>turbis</strong></span> <span class='ocrx_word' id='word_1_231' title='bbox 2362 1706 2682 1777; x_wconf 88' lang='lat' dir='ltr'><strong>prophetata</strong></span> <span class='ocrx_word' id='word_1_232' title='bbox 2737 1716 2899 1773; x_wconf 87' lang='lat' dir='ltr'><strong>sunt,</strong></span> <span class='ocrx_word' id='word_1_233' title='bbox 2941 1720 3059 1777; x_wconf 70' lang='lat' dir='ltr'><strong>quae</strong></span> <span class='ocrx_word' id='word_1_234' title='bbox 3101 1720 3207 1762; x_wconf 89' lang='lat' dir='ltr'><strong>non</strong></span> <span class='ocrx_word' id='word_1_235' title='bbox 3259 1719 3375 1761; x_wconf 87' lang='lat' dir='ltr'><strong>me-</strong></span> 
     </span>
    </p>
   </div>
   <div class='ocr_carea' id='block_1_32' title="bbox 1783 1794 3379 1868">
    <p class='ocr_par' dir='ltr' id='par_1_32' title="bbox 1783 1794 3379 1868">
     <span class='ocr_line' id='line_1_32' title="bbox 1783 1794 3379 1868; baseline 0 -17"><span class='ocrx_word' id='word_1_236' title='bbox 1783 1804 1975 1851; x_wconf 89' lang='lat' dir='ltr'><strong>rentur</strong></span> <span class='ocrx_word' id='word_1_237' title='bbox 2003 1795 2192 1852; x_wconf 90' lang='lat' dir='ltr'><strong>audire</strong></span> <span class='ocrx_word' id='word_1_238' title='bbox 2216 1810 2544 1861; x_wconf 83' lang='lat' dir='ltr'><strong>sermonem,</strong></span> <span class='ocrx_word' id='word_1_239' title='bbox 2581 1796 2766 1852; x_wconf 87' lang='lat' dir='ltr'><strong>auditu</strong></span> <span class='ocrx_word' id='word_1_240' title='bbox 2796 1796 2996 1864; x_wconf 88' lang='lat' dir='ltr'><strong>cordis,</strong></span> <span class='ocrx_word' id='word_1_241' title='bbox 3027 1797 3282 1868; x_wconf 86' lang='lat' dir='ltr'><strong>quoniam</strong></span> <span class='ocrx_word' id='word_1_242' title='bbox 3311 1794 3379 1851; x_wconf 86' lang='lat' dir='ltr'><strong>de</strong></span> 
     </span>
    </p>
   </div>
   <div class='ocr_carea' id='block_1_33' title="bbox 66 1876 3377 1960">
    <p class='ocr_par' dir='ltr' id='par_1_33' title="bbox 66 1876 3377 1960">
     <span class='ocr_line' id='line_1_33' title="bbox 66 1876 3377 1960; baseline 0 -19"><span class='ocrx_word' id='word_1_243' title='bbox 66 1884 194 1942; x_wconf 87' lang='lat' dir='ltr'><strong>illis</strong></span> <span class='ocrx_word' id='word_1_244' title='bbox 228 1897 412 1942; x_wconf 81' lang='lat' dir='ltr'><strong>autem</strong></span> <span class='ocrx_word' id='word_1_245' title='bbox 462 1896 565 1942; x_wconf 84' lang='lat' dir='ltr'><strong>non</strong></span> <span class='ocrx_word' id='word_1_246' title='bbox 595 1896 671 1942; x_wconf 86' lang='lat' dir='ltr'><strong>est</strong></span> <span class='ocrx_word' id='word_1_247' title='bbox 714 1886 919 1942; x_wconf 84' lang='lat' dir='ltr'><strong>datum.</strong></span> <span class='ocrx_word' id='word_1_248' title='bbox 964 1886 1202 1944; x_wconf 77' lang='lat' dir='ltr'><strong>Audiam</strong></span> <span class='ocrx_word' id='word_1_249' title='bbox 1247 1886 1546 1960; x_wconf 86' lang='lat' dir='ltr'><strong>Pelagiani,</strong></span> <span class='ocrx_word' id='word_1_250' title='bbox 1590 1888 1683 1959; x_wconf 91' lang='lat' dir='ltr'><strong>qui</strong></span> <span class='ocrx_word' id='word_1_251' title='bbox 1713 1876 1760 1938; x_wconf 87' lang='grc' dir='ltr'><strong>Β</strong></span> <span class='ocrx_word' id='word_1_252' title='bbox 1787 1886 2006 1943; x_wconf 89' lang='lat' dir='ltr'><strong>Christo</strong></span> <span class='ocrx_word' id='word_1_253' title='bbox 2035 1886 2170 1943; x_wconf 91' lang='lat' dir='ltr'><strong>nihil</strong></span> <span class='ocrx_word' id='word_1_254' title='bbox 2198 1888 2341 1943; x_wconf 88' lang='lat' dir='ltr'><strong>aliud</strong></span> <span class='ocrx_word' id='word_1_255' title='bbox 2381 1889 2688 1945; x_wconf 84' lang='lat' dir='ltr'><strong>sentiebant</strong></span> <span class='ocrx_word' id='word_1_256' title='bbox 2718 1889 2820 1945; x_wconf 90' lang='lat' dir='ltr'><strong>nisi</strong></span> <span class='ocrx_word' id='word_1_257' title='bbox 2855 1891 2999 1960; x_wconf 86' lang='lat' dir='ltr'><strong>quod</strong></span> <span class='ocrx_word' id='word_1_258' title='bbox 3041 1888 3212 1945; x_wconf 87' lang='lat' dir='ltr'><strong>oculis</strong></span> <span class='ocrx_word' id='word_1_259' title='bbox 3259 1900 3377 1944; x_wconf 90' lang='lat' dir='ltr'><strong>car-</strong></span> 
     </span>
    </p>
   </div>
   <div class='ocr_carea' id='block_1_34' title="bbox 64 1979 1676 2053">
    <p class='ocr_par' dir='ltr' id='par_1_34' title="bbox 64 1979 1676 2053">
     <span class='ocr_line' id='line_1_34' title="bbox 64 1979 1676 2053; baseline -0.001 -16"><span class='ocrx_word' id='word_1_260' title='bbox 64 1982 202 2037; x_wconf 86' lang='lat' dir='ltr'><strong>sine</strong></span> <span class='ocrx_word' id='word_1_261' title='bbox 273 1983 459 2053; x_wconf 88' lang='lat' dir='ltr'><strong>gratia</strong></span> <span class='ocrx_word' id='word_1_262' title='bbox 518 1980 615 2038; x_wconf 85' lang='lat' dir='ltr'><strong>Dei</strong></span> <span class='ocrx_word' id='word_1_263' title='bbox 677 1980 970 2052; x_wconf 83' lang='lat' dir='ltr'><strong>quidquam</strong></span> <span class='ocrx_word' id='word_1_264' title='bbox 1029 1997 1088 2037; x_wconf 89' lang='lat' dir='ltr'><strong>se</strong></span> <span class='ocrx_word' id='word_1_265' title='bbox 1140 1980 1341 2037; x_wconf 90' lang='lat' dir='ltr'><strong>habere</strong></span> <span class='ocrx_word' id='word_1_266' title='bbox 1392 1979 1676 2051; x_wconf 87' lang='lat' dir='ltr'><strong>jactitant,</strong></span> 
     </span>
    </p>
   </div>
   <div class='ocr_carea' id='block_1_35' title="bbox 62 2068 1680 2144">
    <p class='ocr_par' dir='ltr' id='par_1_35' title="bbox 62 2068 1680 2144">
     <span class='ocr_line' id='line_1_35' title="bbox 62 2068 1680 2144; baseline 0.001 -18"><span class='ocrx_word' id='word_1_267' title='bbox 62 2070 352 2143; x_wconf 83' lang='lat' dir='ltr'><strong>quoniam</strong></span> <span class='ocrx_word' id='word_1_268' title='bbox 378 2068 512 2127; x_wconf 87' lang='lat' dir='ltr'><strong>nihil</strong></span> <span class='ocrx_word' id='word_1_269' title='bbox 543 2068 830 2143; x_wconf 23' lang='lat' dir='ltr'><strong>sineodono</strong></span> <span class='ocrx_word' id='word_1_270' title='bbox 861 2070 956 2127; x_wconf 88' lang='lat' dir='ltr'><strong>Dei</strong></span> <span class='ocrx_word' id='word_1_271' title='bbox 983 2071 1303 2143; x_wconf 89' lang='lat' dir='ltr'><strong>percipitur.</strong></span> <span class='ocrx_word' id='word_1_272' title='bbox 1336 2071 1491 2128; x_wconf 88' lang='lat' dir='ltr'><strong>Unde</strong></span> <span class='ocrx_word' id='word_1_273' title='bbox 1534 2068 1680 2144; x_wconf 83' lang='lat' dir='ltr'><strong>Apo-</strong></span> 
     </span>
    </p>
   </div>
   <div class='ocr_carea' id='block_1_36' title="bbox 62 2160 1683 2236">
    <p class='ocr_par' dir='ltr' id='par_1_36' title="bbox 62 2160 1683 2236">
     <span class='ocr_line' id='line_1_36' title="bbox 62 2160 1683 2236; baseline -0.001 -17"><span class='ocrx_word' id='word_1_274' title='bbox 62 2163 265 2220; x_wconf 87' lang='lat' dir='ltr'><strong>stolus</strong></span> <span class='ocrx_word' id='word_1_275' title='bbox 291 2183 308 2217; x_wconf 88' lang='lat'><strong>:</strong></span> <span class='ocrx_word' id='word_1_276' title='bbox 342 2162 479 2230; x_wconf 84' lang='lat' dir='ltr'><strong>Quid</strong></span> <span class='ocrx_word' id='word_1_277' title='bbox 509 2160 665 2218; x_wconf 87' lang='lat' dir='ltr'><strong>habes</strong></span> <span class='ocrx_word' id='word_1_278' title='bbox 701 2162 841 2236; x_wconf 89' lang='lat' dir='ltr'><strong>quod</strong></span> <span class='ocrx_word' id='word_1_279' title='bbox 875 2179 978 2218; x_wconf 91' lang='lat' dir='ltr'><strong>non</strong></span> <span class='ocrx_word' id='word_1_280' title='bbox 1002 2162 1247 2235; x_wconf 84' lang='lat' dir='ltr'><strong>accepisti</strong></span> <span class='ocrx_word' id='word_1_281' title='bbox 1278 2161 1329 2235; x_wconf 90' lang='grc'><strong>(1</strong></span> <span class='ocrx_word' id='word_1_282' title='bbox 1354 2160 1477 2219; x_wconf 84' lang='lat' dir='ltr'><strong>Cor.</strong></span> <span class='ocrx_word' id='word_1_283' title='bbox 1498 2179 1574 2229; x_wconf 84' lang='lat' dir='ltr'><strong>tv,</strong></span> <span class='ocrx_word' id='word_1_284' title='bbox 1589 2163 1683 2234; x_wconf 87' lang='lat'><strong>7)?</strong></span> 
     </span>
    </p>
   </div>
   <div class='ocr_carea' id='block_1_37' title="bbox 60 2254 1681 2327">
    <p class='ocr_par' dir='ltr' id='par_1_37' title="bbox 60 2254 1681 2327">
     <span class='ocr_line' id='line_1_37' title="bbox 60 2254 1681 2327; baseline -0.002 -15"><span class='ocrx_word' id='word_1_285' title='bbox 60 2254 396 2327; x_wconf 81' lang='lat' dir='ltr'><strong>Propterea</strong></span> <span class='ocrx_word' id='word_1_286' title='bbox 428 2271 578 2312; x_wconf 88' lang='lat' dir='ltr'><strong>nemo</strong></span> <span class='ocrx_word' id='word_1_287' title='bbox 598 2264 893 2327; x_wconf 74' lang='lat' dir='ltr'><strong>praesumat</strong></span> <span class='ocrx_word' id='word_1_288' title='bbox 920 2254 986 2311; x_wconf 88' lang='lat' dir='ltr'><strong>de</strong></span> <span class='ocrx_word' id='word_1_289' title='bbox 1012 2270 1092 2321; x_wconf 92' lang='lat' dir='ltr'><strong>se,</strong></span> <span class='ocrx_word' id='word_1_290' title='bbox 1117 2254 1245 2327; x_wconf 90' lang='lat' dir='ltr'><strong>quia</strong></span> <span class='ocrx_word' id='word_1_291' title='bbox 1272 2254 1406 2310; x_wconf 86' lang='lat' dir='ltr'><strong>nihil</strong></span> <span class='ocrx_word' id='word_1_292' title='bbox 1432 2255 1595 2312; x_wconf 89' lang='lat' dir='ltr'><strong>habet</strong></span> <span class='ocrx_word' id='word_1_293' title='bbox 1612 2270 1681 2311; x_wconf 80' lang='lat' dir='ltr'><strong>ex</strong></span> 
     </span>
    </p>
   </div>
   <div class='ocr_carea' id='block_1_38' title="bbox 62 2346 1679 2420">
    <p class='ocr_par' dir='ltr' id='par_1_38' title="bbox 62 2346 1679 2420">
     <span class='ocr_line' id='line_1_38' title="bbox 62 2346 1679 2420; baseline 0.001 -17"><span class='ocrx_word' id='word_1_294' title='bbox 62 2362 156 2413; x_wconf 84' lang='lat' dir='ltr'><strong>se,</strong></span> <span class='ocrx_word' id='word_1_295' title='bbox 190 2347 309 2405; x_wconf 90' lang='lat' dir='ltr'><strong>nisi</strong></span> <span class='ocrx_word' id='word_1_296' title='bbox 338 2347 452 2404; x_wconf 87' lang='lat' dir='ltr'><strong>sola</strong></span> <span class='ocrx_word' id='word_1_297' title='bbox 477 2347 690 2404; x_wconf 87' lang='lat' dir='ltr'><strong>delicta.</strong></span> <span class='ocrx_word' id='word_1_298' title='bbox 737 2347 976 2404; x_wconf 82' lang='lat' dir='ltr'><strong>Accedat</strong></span> <span class='ocrx_word' id='word_1_299' title='bbox 1012 2346 1176 2420; x_wconf 89' lang='lat' dir='ltr'><strong>igitur</strong></span> <span class='ocrx_word' id='word_1_300' title='bbox 1204 2346 1404 2413; x_wconf 88' lang='lat' dir='ltr'><strong>alacer,</strong></span> <span class='ocrx_word' id='word_1_301' title='bbox 1436 2347 1541 2403; x_wconf 91' lang='lat' dir='ltr'><strong>ﬁde</strong></span> <span class='ocrx_word' id='word_1_302' title='bbox 1584 2348 1679 2405; x_wconf 86' lang='lat' dir='ltr'><strong>de-</strong></span> 
     </span>
    </p>
   </div>
   <div class='ocr_carea' id='block_1_39' title="bbox 62 2437 1681 2508">
    <p class='ocr_par' dir='ltr' id='par_1_39' title="bbox 62 2437 1681 2508">
     <span class='ocr_line' id='line_1_39' title="bbox 62 2437 1681 2508; baseline 0.001 -15"><span class='ocrx_word' id='word_1_303' title='bbox 62 2446 269 2506; x_wconf 72' lang='lat' dir='ltr'><strong>votus,</strong></span> <span class='ocrx_word' id='word_1_304' title='bbox 320 2439 497 2508; x_wconf 87' lang='lat' dir='ltr'><strong>gratia</strong></span> <span class='ocrx_word' id='word_1_305' title='bbox 534 2437 722 2495; x_wconf 90' lang='lat' dir='ltr'><strong>ﬁrmus</strong></span> <span class='ocrx_word' id='word_1_306' title='bbox 774 2438 827 2494; x_wconf 93' lang='lat' dir='ltr'><strong>in</strong></span> <span class='ocrx_word' id='word_1_307' title='bbox 876 2438 1163 2506; x_wconf 88' lang='lat' dir='ltr'><strong>cbaritate,</strong></span> <span class='ocrx_word' id='word_1_308' title='bbox 1212 2448 1273 2494; x_wconf 90' lang='lat' dir='ltr'><strong>ut</strong></span> <span class='ocrx_word' id='word_1_309' title='bbox 1319 2437 1505 2494; x_wconf 87' lang='lat' dir='ltr'><strong>audiat</strong></span> <span class='ocrx_word' id='word_1_310' title='bbox 1557 2453 1681 2495; x_wconf 92' lang='lat' dir='ltr'><strong>cum</strong></span> 
     </span>
    </p>
   </div>
   <div class='ocr_carea' id='block_1_40' title="bbox 65 2528 1679 2603">
    <p class='ocr_par' dir='ltr' id='par_1_40' title="bbox 65 2528 1679 2603">
     <span class='ocr_line' id='line_1_40' title="bbox 65 2528 1679 2603; baseline 0 -18"><span class='ocrx_word' id='word_1_311' title='bbox 65 2528 357 2603; x_wconf 75' lang='lat' dir='ltr'><strong>apostolis</strong></span> <span class='ocrx_word' id='word_1_312' title='bbox 387 2531 443 2585; x_wconf 87' lang='lat' dir='ltr'><strong>in</strong></span> <span class='ocrx_word' id='word_1_313' title='bbox 472 2530 613 2596; x_wconf 76' lang='lat' dir='ltr'><strong>navi,</strong></span> <span class='ocrx_word' id='word_1_314' title='bbox 646 2538 707 2586; x_wconf 92' lang='lat' dir='ltr'><strong>ut</strong></span> <span class='ocrx_word' id='word_1_315' title='bbox 730 2528 994 2601; x_wconf 88' lang='lat' dir='ltr'><strong>intelligat</strong></span> <span class='ocrx_word' id='word_1_316' title='bbox 1028 2528 1174 2601; x_wconf 90' lang='lat' dir='ltr'><strong>quod</strong></span> <span class='ocrx_word' id='word_1_317' title='bbox 1215 2529 1402 2585; x_wconf 90' lang='lat' dir='ltr'><strong>datum</strong></span> <span class='ocrx_word' id='word_1_318' title='bbox 1431 2540 1516 2586; x_wconf 89' lang='lat' dir='ltr'><strong>est</strong></span> <span class='ocrx_word' id='word_1_319' title='bbox 1554 2529 1679 2597; x_wconf 89' lang='lat' dir='ltr'><strong>illis,</strong></span> 
     </span>
    </p>
   </div>
   <div class='ocr_carea' id='block_1_41' title="bbox 67 2622 1680 2695">
    <p class='ocr_par' dir='ltr' id='par_1_41' title="bbox 67 2622 1680 2695">
     <span class='ocr_line' id='line_1_41' title="bbox 67 2622 1680 2695; baseline -0.001 -16"><span class='ocrx_word' id='word_1_320' title='bbox 67 2624 213 2695; x_wconf 83' lang='lat' dir='ltr'><strong>quia</strong></span> <span class='ocrx_word' id='word_1_321' title='bbox 243 2624 395 2695; x_wconf 91' lang='lat' dir='ltr'><strong>quod</strong></span> <span class='ocrx_word' id='word_1_322' title='bbox 419 2623 528 2680; x_wconf 88' lang='lat' dir='ltr'><strong>illis</strong></span> <span class='ocrx_word' id='word_1_323' title='bbox 554 2631 611 2681; x_wconf 88' lang='lat' dir='ltr'><strong>et</strong></span> <span class='ocrx_word' id='word_1_324' title='bbox 638 2625 822 2680; x_wconf 91' lang='lat' dir='ltr'><strong>datum</strong></span> <span class='ocrx_word' id='word_1_325' title='bbox 855 2632 960 2689; x_wconf 90' lang='lat' dir='ltr'><strong>est,</strong></span> <span class='ocrx_word' id='word_1_326' title='bbox 987 2623 1242 2679; x_wconf 88' lang='lat' dir='ltr'><strong>omnibus</strong></span> <span class='ocrx_word' id='word_1_327' title='bbox 1265 2632 1352 2679; x_wconf 89' lang='lat' dir='ltr'><strong>est</strong></span> <span class='ocrx_word' id='word_1_328' title='bbox 1386 2622 1680 2695; x_wconf 86' lang='lat' dir='ltr'><strong>repromis-</strong></span> 
     </span>
    </p>
   </div>
   <div class='ocr_carea' id='block_1_42' title="bbox 68 2714 1679 2790">
    <p class='ocr_par' dir='ltr' id='par_1_42' title="bbox 68 2714 1679 2790">
     <span class='ocr_line' id='line_1_42' title="bbox 68 2714 1679 2790; baseline -0.002 -15"><span class='ocrx_word' id='word_1_329' title='bbox 68 2734 235 2776; x_wconf 88' lang='lat' dir='ltr'><strong>sum.</strong></span> <span class='ocrx_word' id='word_1_330' title='bbox 270 2716 529 2790; x_wconf 68' lang='lat' dir='ltr'><strong>ﬂagtium</strong></span> <span class='ocrx_word' id='word_1_331' title='bbox 569 2716 735 2790; x_wconf 88' lang='lat' dir='ltr'><strong>igitur</strong></span> <span class='ocrx_word' id='word_1_332' title='bbox 762 2724 848 2773; x_wconf 91' lang='lat' dir='ltr'><strong>est</strong></span> <span class='ocrx_word' id='word_1_333' title='bbox 881 2716 1026 2787; x_wconf 90' lang='lat' dir='ltr'><strong>quod</strong></span> <span class='ocrx_word' id='word_1_334' title='bbox 1057 2714 1160 2771; x_wconf 89' lang='lat' dir='ltr'><strong>illis</strong></span> <span class='ocrx_word' id='word_1_335' title='bbox 1181 2716 1368 2772; x_wconf 92' lang='lat' dir='ltr'><strong>datum</strong></span> <span class='ocrx_word' id='word_1_336' title='bbox 1390 2723 1474 2771; x_wconf 89' lang='lat' dir='ltr'><strong>est</strong></span> <span class='ocrx_word' id='word_1_337' title='bbox 1498 2728 1679 2782; x_wconf 84' lang='lat' dir='ltr'><strong>nosse,</strong></span> 
     </span>
    </p>
   </div>
   <div class='ocr_carea' id='block_1_43' title="bbox 69 2808 1681 2883">
    <p class='ocr_par' dir='ltr' id='par_1_43' title="bbox 69 2808 1681 2883">
     <span class='ocr_line' id='line_1_43' title="bbox 69 2808 1681 2883; baseline -0.001 -17"><span class='ocrx_word' id='word_1_338' title='bbox 69 2812 219 2883; x_wconf 81' lang='lat' dir='ltr'><strong>quia</strong></span> <span class='ocrx_word' id='word_1_339' title='bbox 252 2811 371 2867; x_wconf 75' lang='lat' dir='ltr'><strong>htec</strong></span> <span class='ocrx_word' id='word_1_340' title='bbox 398 2820 473 2865; x_wconf 87' lang='lat' dir='ltr'><strong>est</strong></span> <span class='ocrx_word' id='word_1_341' title='bbox 504 2808 610 2866; x_wconf 79' lang='lat' dir='ltr'><strong>vita</strong></span> <span class='ocrx_word' id='word_1_342' title='bbox 640 2820 857 2876; x_wconf 68' lang='lat' dir='ltr'><strong>(eterna,</strong></span> <span class='ocrx_word' id='word_1_343' title='bbox 888 2819 945 2864; x_wconf 87' lang='lat' dir='ltr'><strong>ut</strong></span> <span class='ocrx_word' id='word_1_344' title='bbox 978 2819 1293 2880; x_wconf 82' lang='lat' dir='ltr'><strong>cognoscant</strong></span> <span class='ocrx_word' id='word_1_345' title='bbox 1329 2818 1378 2864; x_wconf 88' lang='lat' dir='ltr'><strong>te</strong></span> <span class='ocrx_word' id='word_1_346' title='bbox 1406 2808 1576 2864; x_wconf 87' lang='lat' dir='ltr'><strong>solum</strong></span> <span class='ocrx_word' id='word_1_347' title='bbox 1599 2826 1681 2865; x_wconf 82' lang='lat' dir='ltr'><strong>ve-</strong></span> 
     </span>
    </p>
   </div>
   <div class='ocr_carea' id='block_1_44' title="bbox 69 2898 1680 2972">
    <p class='ocr_par' dir='ltr' id='par_1_44' title="bbox 69 2898 1680 2972">
     <span class='ocr_line' id='line_1_44' title="bbox 69 2898 1680 2972; baseline -0.002 -14"><span class='ocrx_word' id='word_1_348' title='bbox 69 2921 200 2958; x_wconf 82' lang='lat' dir='ltr'><strong>rum</strong></span> <span class='ocrx_word' id='word_1_349' title='bbox 242 2901 434 2967; x_wconf 77' lang='lat' dir='ltr'><strong>Deum,</strong></span> <span class='ocrx_word' id='word_1_350' title='bbox 474 2911 546 2966; x_wconf 89' lang='lat' dir='ltr'><strong>et,</strong></span> <span class='ocrx_word' id='word_1_351' title='bbox 576 2918 730 2972; x_wconf 85' lang='lat' dir='ltr'><strong>quem</strong></span> <span class='ocrx_word' id='word_1_352' title='bbox 756 2899 965 2968; x_wconf 79' lang='lat' dir='ltr'><strong>misisti,</strong></span> <span class='ocrx_word' id='word_1_353' title='bbox 994 2898 1180 2955; x_wconf 74' lang='lat' dir='ltr'><strong>Iesum</strong></span> <span class='ocrx_word' id='word_1_354' title='bbox 1207 2898 1475 2955; x_wconf 84' lang='lat' dir='ltr'><strong>Christum</strong></span> <span class='ocrx_word' id='word_1_355' title='bbox 1499 2898 1680 2972; x_wconf 81' lang='lat' dir='ltr'><strong>(Joan.</strong></span> 
     </span>
    </p>
   </div>
   <div class='ocr_carea' id='block_1_45' title="bbox 67 2990 1685 3064">
    <p class='ocr_par' dir='ltr' id='par_1_45' title="bbox 67 2990 1685 3064">
     <span class='ocr_line' id='line_1_45' title="bbox 67 2990 1685 3064; baseline -0.002 -15"><span class='ocrx_word' id='word_1_356' title='bbox 67 3010 227 3060; x_wconf 82' lang='lat' dir='ltr'><strong>xvu,</strong></span> <span class='ocrx_word' id='word_1_357' title='bbox 275 2990 358 3064; x_wconf 79' lang='lat'><strong>&#39;5).</strong></span> <span class='ocrx_word' id='word_1_358' title='bbox 403 2990 651 3064; x_wconf 88' lang='lat' dir='ltr'><strong>Cognitio</strong></span> <span class='ocrx_word' id='word_1_359' title='bbox 693 2992 891 3064; x_wconf 89' lang='lat' dir='ltr'><strong>quippe</strong></span> <span class='ocrx_word' id='word_1_360' title='bbox 924 2992 1041 3048; x_wconf 62' lang='lat' dir='ltr'><strong>haec</strong></span> <span class='ocrx_word' id='word_1_361' title='bbox 1086 3007 1342 3064; x_wconf 88' lang='lat' dir='ltr'><strong>magnum</strong></span> <span class='ocrx_word' id='word_1_362' title='bbox 1388 3000 1474 3048; x_wconf 89' lang='lat' dir='ltr'><strong>est</strong></span> <span class='ocrx_word' id='word_1_363' title='bbox 1505 3006 1685 3048; x_wconf 88' lang='lat' dir='ltr'><strong>sacra-</strong></span> 
     </span>
    </p>
   </div>
   <div class='ocr_carea' id='block_1_46' title="bbox 67 3078 1684 3153">
    <p class='ocr_par' dir='ltr' id='par_1_46' title="bbox 67 3078 1684 3153">
     <span class='ocr_line' id='line_1_46' title="bbox 67 3078 1684 3153; baseline -0.004 -13"><span class='ocrx_word' id='word_1_364' title='bbox 67 3092 366 3151; x_wconf 83' lang='lat' dir='ltr'><strong>mentum,</strong></span> <span class='ocrx_word' id='word_1_365' title='bbox 396 3080 539 3137; x_wconf 89' lang='lat' dir='ltr'><strong>unde</strong></span> <span class='ocrx_word' id='word_1_366' title='bbox 561 3082 763 3139; x_wconf 89' lang='lat' dir='ltr'><strong>dictum</strong></span> <span class='ocrx_word' id='word_1_367' title='bbox 793 3090 909 3139; x_wconf 87' lang='lat' dir='ltr'><strong>est:</strong></span> <span class='ocrx_word' id='word_1_368' title='bbox 941 3080 1180 3153; x_wconf 85' lang='lat' dir='ltr'><strong>Regnum</strong></span> <span class='ocrx_word' id='word_1_369' title='bbox 1202 3078 1300 3137; x_wconf 87' lang='lat' dir='ltr'><strong>Dei</strong></span> <span class='ocrx_word' id='word_1_370' title='bbox 1322 3082 1461 3135; x_wconf 87' lang='lat' dir='ltr'><strong>intra</strong></span> <span class='ocrx_word' id='word_1_371' title='bbox 1490 3097 1577 3136; x_wconf 82' lang='lat' dir='ltr'><strong>vos</strong></span> <span class='ocrx_word' id='word_1_372' title='bbox 1610 3088 1684 3136; x_wconf 87' lang='lat' dir='ltr'><strong>est</strong></span> 
     </span>
    </p>
   </div>
   <div class='ocr_carea' id='block_1_47' title="bbox 72 3169 1686 3247">
    <p class='ocr_par' dir='ltr' id='par_1_47' title="bbox 72 3169 1686 3247">
     <span class='ocr_line' id='line_1_47' title="bbox 72 3169 1686 3247; baseline -0.002 -18"><span class='ocrx_word' id='word_1_373' title='bbox 72 3172 248 3247; x_wconf 69' lang='lat' dir='ltr'><strong>(Lar.</strong></span> <span class='ocrx_word' id='word_1_374' title='bbox 285 3189 425 3240; x_wconf 77' lang='lat' dir='ltr'><strong>xvii,</strong></span> <span class='ocrx_word' id='word_1_375' title='bbox 450 3172 563 3242; x_wconf 74' lang='lat'><strong>2|).</strong></span> <span class='ocrx_word' id='word_1_376' title='bbox 598 3170 667 3228; x_wconf 85' lang='lat' dir='ltr'><strong>Et</strong></span> <span class='ocrx_word' id='word_1_377' title='bbox 693 3173 819 3244; x_wconf 87' lang='lat' dir='ltr'><strong>quia</strong></span> <span class='ocrx_word' id='word_1_378' title='bbox 856 3173 961 3228; x_wconf 93' lang='lat' dir='ltr'><strong>hoc</strong></span> <span class='ocrx_word' id='word_1_379' title='bbox 995 3185 1123 3228; x_wconf 89' lang='lat' dir='ltr'><strong>vere</strong></span> <span class='ocrx_word' id='word_1_380' title='bbox 1163 3169 1508 3227; x_wconf 86' lang='lat' dir='ltr'><strong>crediderant</strong></span> <span class='ocrx_word' id='word_1_381' title='bbox 1557 3185 1686 3242; x_wconf 82' lang='lat' dir='ltr'><strong>apo-</strong></span> 
     </span>
    </p>
   </div>
   <div class='ocr_carea' id='block_1_48' title="bbox 1782 1978 3374 2052">
    <p class='ocr_par' dir='ltr' id='par_1_48' title="bbox 1782 1978 3374 2052">
     <span class='ocr_line' id='line_1_48' title="bbox 1782 1978 3374 2052; baseline 0 -18"><span class='ocrx_word' id='word_1_382' title='bbox 1782 1978 1899 2036; x_wconf 90' lang='lat' dir='ltr'><strong>neis</strong></span> <span class='ocrx_word' id='word_1_383' title='bbox 1926 1979 2200 2035; x_wconf 78' lang='lat' dir='ltr'><strong>videbant.</strong></span> <span class='ocrx_word' id='word_1_384' title='bbox 2245 1978 2476 2036; x_wconf 88' lang='lat' dir='ltr'><strong>Carnem</strong></span> <span class='ocrx_word' id='word_1_385' title='bbox 2524 1981 2723 2052; x_wconf 89' lang='lat' dir='ltr'><strong>quippe</strong></span> <span class='ocrx_word' id='word_1_386' title='bbox 2763 1988 2820 2036; x_wconf 92' lang='lat' dir='ltr'><strong>et</strong></span> <span class='ocrx_word' id='word_1_387' title='bbox 2855 1996 3055 2051; x_wconf 91' lang='lat' dir='ltr'><strong>corpus</strong></span> <span class='ocrx_word' id='word_1_388' title='bbox 3095 1980 3374 2043; x_wconf 82' lang='lat' dir='ltr'><strong>videbant,</strong></span> 
     </span>
    </p>
   </div>
   <div class='ocr_carea' id='block_1_49' title="bbox 1781 2070 3378 2145">
    <p class='ocr_par' dir='ltr' id='par_1_49' title="bbox 1781 2070 3378 2145">
     <span class='ocr_line' id='line_1_49' title="bbox 1781 2070 3378 2145; baseline 0.001 -18"><span class='ocrx_word' id='word_1_389' title='bbox 1781 2071 1878 2127; x_wconf 86' lang='lat' dir='ltr'><strong>sed</strong></span> <span class='ocrx_word' id='word_1_390' title='bbox 1920 2086 2028 2127; x_wconf 89' lang='lat' dir='ltr'><strong>non</strong></span> <span class='ocrx_word' id='word_1_391' title='bbox 2068 2070 2409 2128; x_wconf 88' lang='lat' dir='ltr'><strong>divinitatem</strong></span> <span class='ocrx_word' id='word_1_392' title='bbox 2448 2070 2567 2144; x_wconf 83' lang='lat' dir='ltr'><strong>ejus</strong></span> <span class='ocrx_word' id='word_1_393' title='bbox 2610 2071 2901 2130; x_wconf 81' lang='lat' dir='ltr'><strong>facientem</strong></span> <span class='ocrx_word' id='word_1_394' title='bbox 2944 2080 3010 2130; x_wconf 82' lang='lat' dir='ltr'><strong>ea</strong></span> <span class='ocrx_word' id='word_1_395' title='bbox 3044 2089 3164 2145; x_wconf 69' lang='lat' dir='ltr'><strong>quae</strong></span> <span class='ocrx_word' id='word_1_396' title='bbox 3197 2072 3378 2129; x_wconf 86' lang='lat' dir='ltr'><strong>divina</strong></span> 
     </span>
    </p>
   </div>
   <div class='ocr_carea' id='block_1_50' title="bbox 1782 2162 3379 2236">
    <p class='ocr_par' dir='ltr' id='par_1_50' title="bbox 1782 2162 3379 2236">
     <span class='ocr_line' id='line_1_50' title="bbox 1782 2162 3379 2236; baseline 0.003 -18"><span class='ocrx_word' id='word_1_397' title='bbox 1782 2170 1971 2230; x_wconf 89' lang='lat' dir='ltr'><strong>erant,</strong></span> <span class='ocrx_word' id='word_1_398' title='bbox 2005 2162 2397 2236; x_wconf 90' lang='lat' dir='ltr'><strong>intelligebant.</strong></span> <span class='ocrx_word' id='word_1_399' title='bbox 2434 2164 2770 2221; x_wconf 84' lang='lat' dir='ltr'><strong>Audiebatur</strong></span> <span class='ocrx_word' id='word_1_400' title='bbox 2803 2165 3018 2236; x_wconf 87' lang='lat' dir='ltr'><strong>quidem</strong></span> <span class='ocrx_word' id='word_1_401' title='bbox 3062 2180 3164 2221; x_wconf 75' lang='lat' dir='ltr'><strong>vox</strong></span> <span class='ocrx_word' id='word_1_402' title='bbox 3201 2162 3379 2222; x_wconf 82' lang='lat' dir='ltr'><strong>Patris</strong></span> 
     </span>
    </p>
   </div>
   <div class='ocr_carea' id='block_1_51' title="bbox 1783 2254 3376 2330">
    <p class='ocr_par' dir='ltr' id='par_1_51' title="bbox 1783 2254 3376 2330">
     <span class='ocr_line' id='line_1_51' title="bbox 1783 2254 3376 2330; baseline 0.001 -17"><span class='ocrx_word' id='word_1_403' title='bbox 1783 2254 2056 2313; x_wconf 87' lang='lat' dir='ltr'><strong>dicentis:</strong></span> <span class='ocrx_word' id='word_1_404' title='bbox 2090 2256 2193 2312; x_wconf 85' lang='lat' dir='ltr'><strong>Hic</strong></span> <span class='ocrx_word' id='word_1_405' title='bbox 2238 2266 2313 2315; x_wconf 86' lang='lat' dir='ltr'><strong>est</strong></span> <span class='ocrx_word' id='word_1_406' title='bbox 2344 2254 2520 2313; x_wconf 86' lang='lat' dir='ltr'><strong>Filius</strong></span> <span class='ocrx_word' id='word_1_407' title='bbox 2548 2275 2693 2313; x_wconf 85' lang='lat' dir='ltr'><strong>meus</strong></span> <span class='ocrx_word' id='word_1_408' title='bbox 2735 2255 3001 2330; x_wconf 62' lang='lat' dir='ltr'><strong>dilectus&#39;(</strong></span> <span class='ocrx_word' id='word_1_409' title='bbox 3019 2258 3211 2315; x_wconf 69' lang='lat' dir='ltr'><strong>Matth.</strong></span> <span class='ocrx_word' id='word_1_410' title='bbox 3242 2274 3376 2327; x_wconf 79' lang='lat' dir='ltr'><strong>xm,</strong></span> 
     </span>
    </p>
   </div>
   <div class='ocr_carea' id='block_1_52' title="bbox 1782 2346 3380 2421">
    <p class='ocr_par' dir='ltr' id='par_1_52' title="bbox 1782 2346 3380 2421">
     <span class='ocr_line' id='line_1_52' title="bbox 1782 2346 3380 2421; baseline -0.001 -15"><span class='ocrx_word' id='word_1_411' title='bbox 1782 2348 1900 2421; x_wconf 75' lang='lat'><strong>55),</strong></span> <span class='ocrx_word' id='word_1_412' title='bbox 1942 2358 1999 2405; x_wconf 87' lang='lat' dir='ltr'><strong>et</strong></span> <span class='ocrx_word' id='word_1_413' title='bbox 2049 2366 2156 2406; x_wconf 92' lang='lat' dir='ltr'><strong>non</strong></span> <span class='ocrx_word' id='word_1_414' title='bbox 2196 2349 2518 2416; x_wconf 89' lang='lat' dir='ltr'><strong>audiebant;</strong></span> <span class='ocrx_word' id='word_1_415' title='bbox 2562 2350 2689 2420; x_wconf 90' lang='lat' dir='ltr'><strong>quia</strong></span> <span class='ocrx_word' id='word_1_416' title='bbox 2732 2346 2987 2407; x_wconf 89' lang='lat' dir='ltr'><strong>dicebant</strong></span> <span class='ocrx_word' id='word_1_417' title='bbox 3017 2369 3030 2405; x_wconf 90' lang='lat'><strong>:</strong></span> <span class='ocrx_word' id='word_1_418' title='bbox 3058 2349 3248 2407; x_wconf 85' lang='lat' dir='ltr'><strong>Nonne</strong></span> <span class='ocrx_word' id='word_1_419' title='bbox 3293 2351 3380 2406; x_wconf 85' lang='lat' dir='ltr'><strong>hic</strong></span> 
     </span>
    </p>
   </div>
   <div class='ocr_carea' id='block_1_53' title="bbox 1783 2437 3377 2510">
    <p class='ocr_par' dir='ltr' id='par_1_53' title="bbox 1783 2437 3377 2510">
     <span class='ocr_line' id='line_1_53' title="bbox 1783 2437 3377 2510; baseline 0.002 -16"><span class='ocrx_word' id='word_1_420' title='bbox 1783 2448 1858 2494; x_wconf 89' lang='lat' dir='ltr'><strong>est</strong></span> <span class='ocrx_word' id='word_1_421' title='bbox 1900 2437 2044 2509; x_wconf 76' lang='lat' dir='ltr'><strong>ﬁlius</strong></span> <span class='ocrx_word' id='word_1_422' title='bbox 2089 2438 2278 2509; x_wconf 74' lang='lat' dir='ltr'><strong>fabri!</strong></span> <span class='ocrx_word' id='word_1_423' title='bbox 2325 2438 2618 2510; x_wconf 79' lang='lat' dir='ltr'><strong>Propterea</strong></span> <span class='ocrx_word' id='word_1_424' title='bbox 2661 2441 2984 2496; x_wconf 89' lang='lat' dir='ltr'><strong>accedamus</strong></span> <span class='ocrx_word' id='word_1_425' title='bbox 3025 2452 3080 2496; x_wconf 91' lang='lat' dir='ltr'><strong>et</strong></span> <span class='ocrx_word' id='word_1_426' title='bbox 3115 2454 3216 2498; x_wconf 88' lang='lat' dir='ltr'><strong>nos</strong></span> <span class='ocrx_word' id='word_1_427' title='bbox 3253 2456 3377 2497; x_wconf 90' lang='lat' dir='ltr'><strong>cum</strong></span> 
     </span>
    </p>
   </div>
   <div class='ocr_carea' id='block_1_54' title="bbox 1783 2529 3375 2603">
    <p class='ocr_par' dir='ltr' id='par_1_54' title="bbox 1783 2529 3375 2603">
     <span class='ocr_line' id='line_1_54' title="bbox 1783 2529 3375 2603; baseline -0.001 -16"><span class='ocrx_word' id='word_1_428' title='bbox 1783 2530 2061 2601; x_wconf 87' lang='lat' dir='ltr'><strong>discipulis</strong></span> <span class='ocrx_word' id='word_1_429' title='bbox 2085 2531 2153 2586; x_wconf 91' lang='lat' dir='ltr'><strong>ad</strong></span> <span class='ocrx_word' id='word_1_430' title='bbox 2178 2529 2383 2596; x_wconf 72' lang='lat' dir='ltr'><strong>Iesum,</strong></span> <span class='ocrx_word' id='word_1_431' title='bbox 2417 2538 2473 2586; x_wconf 92' lang='lat' dir='ltr'><strong>et</strong></span> <span class='ocrx_word' id='word_1_432' title='bbox 2492 2546 2764 2603; x_wconf 65' lang='lat' dir='ltr'><strong>~rogemus</strong></span> <span class='ocrx_word' id='word_1_433' title='bbox 2793 2530 3179 2588; x_wconf 88' lang='lat' dir='ltr'><strong>discretionem</strong></span> <span class='ocrx_word' id='word_1_434' title='bbox 3220 2547 3375 2602; x_wconf 89' lang='lat' dir='ltr'><strong>para-</strong></span> 
     </span>
    </p>
   </div>
   <div class='ocr_carea' id='block_1_55' title="bbox 1783 2620 3379 2687">
    <p class='ocr_par' dir='ltr' id='par_1_55' title="bbox 1783 2620 3379 2687">
     <span class='ocr_line' id='line_1_55' title="bbox 1783 2620 3379 2687; baseline -0.001 -8"><span class='ocrx_word' id='word_1_435' title='bbox 1783 2620 2053 2687; x_wconf 90' lang='lat' dir='ltr'><strong>bolarum,</strong></span> <span class='ocrx_word' id='word_1_436' title='bbox 2083 2637 2152 2678; x_wconf 90' lang='lat' dir='ltr'><strong>ne</strong></span> <span class='ocrx_word' id='word_1_437' title='bbox 2189 2637 2313 2677; x_wconf 90' lang='lat' dir='ltr'><strong>cum</strong></span> <span class='ocrx_word' id='word_1_438' title='bbox 2352 2621 2523 2677; x_wconf 86' lang='lat' dir='ltr'><strong>turbis</strong></span> <span class='ocrx_word' id='word_1_439' title='bbox 2553 2620 2755 2676; x_wconf 84' lang='lat' dir='ltr'><strong>frustra</strong></span> <span class='ocrx_word' id='word_1_440' title='bbox 2785 2637 2944 2677; x_wconf 90' lang='lat' dir='ltr'><strong>aures</strong></span> <span class='ocrx_word' id='word_1_441' title='bbox 2972 2629 3029 2678; x_wconf 92' lang='lat' dir='ltr'><strong>et</strong></span> <span class='ocrx_word' id='word_1_442' title='bbox 3066 2620 3253 2679; x_wconf 88' lang='lat' dir='ltr'><strong>oculos</strong></span> <span class='ocrx_word' id='word_1_443' title='bbox 3280 2622 3379 2677; x_wconf 86' lang='lat' dir='ltr'><strong>ha-</strong></span> 
     </span>
    </p>
   </div>
   <div class='ocr_carea' id='block_1_56' title="bbox 1783 2708 3372 2783">
    <p class='ocr_par' dir='ltr' id='par_1_56' title="bbox 1783 2708 3372 2783">
     <span class='ocr_line' id='line_1_56' title="bbox 1783 2708 3372 2783; baseline -0.001 -15"><span class='ocrx_word' id='word_1_444' title='bbox 1783 2711 1917 2768; x_wconf 90' lang='lat' dir='ltr'><strong>bere</strong></span> <span class='ocrx_word' id='word_1_445' title='bbox 1962 2710 2258 2767; x_wconf 86' lang='lat' dir='ltr'><strong>videamus.</strong></span> <span class='ocrx_word' id='word_1_446' title='bbox 2309 2708 2418 2767; x_wconf 89' lang='lat' dir='ltr'><strong>Sed</strong></span> <span class='ocrx_word' id='word_1_447' title='bbox 2459 2712 2746 2767; x_wconf 88' lang='lat' dir='ltr'><strong>obscurius</strong></span> <span class='ocrx_word' id='word_1_448' title='bbox 2774 2716 2860 2767; x_wconf 90' lang='lat' dir='ltr'><strong>est</strong></span> <span class='ocrx_word' id='word_1_449' title='bbox 2896 2709 3074 2779; x_wconf 84' lang='lat' dir='ltr'><strong>valde,</strong></span> <span class='ocrx_word' id='word_1_450' title='bbox 3120 2712 3264 2783; x_wconf 89' lang='lat' dir='ltr'><strong>quod</strong></span> <span class='ocrx_word' id='word_1_451' title='bbox 3314 2712 3372 2767; x_wconf 87' lang='lat' dir='ltr'><strong>in</strong></span> 
     </span>
    </p>
   </div>
   <div class='ocr_carea' id='block_1_57' title="bbox 1784 2798 3375 2873">
    <p class='ocr_par' dir='ltr' id='par_1_57' title="bbox 1784 2798 3375 2873">
     <span class='ocr_line' id='line_1_57' title="bbox 1784 2798 3375 2873; baseline -0.001 -15"><span class='ocrx_word' id='word_1_452' title='bbox 1784 2801 1922 2858; x_wconf 87' lang='lat' dir='ltr'><strong>lsaia</strong></span> <span class='ocrx_word' id='word_1_453' title='bbox 1942 2799 2097 2871; x_wconf 81' lang='lat' dir='ltr'><strong>juxta</strong></span> <span class='ocrx_word' id='word_1_454' title='bbox 2127 2800 2454 2858; x_wconf 86' lang='lat' dir='ltr'><strong>Hebraicam</strong></span> <span class='ocrx_word' id='word_1_455' title='bbox 2484 2801 2767 2861; x_wconf 82' lang='lat' dir='ltr'><strong>veritatem</strong></span> <span class='ocrx_word' id='word_1_456' title='bbox 2800 2798 3051 2873; x_wconf 87' lang='lat' dir='ltr'><strong>legimus,</strong></span> <span class='ocrx_word' id='word_1_457' title='bbox 3085 2801 3177 2857; x_wconf 90' lang='lat' dir='ltr'><strong>ubi</strong></span> <span class='ocrx_word' id='word_1_458' title='bbox 3205 2810 3375 2857; x_wconf 86' lang='lat' dir='ltr'><strong>totum</strong></span> 
     </span>
    </p>
   </div>
   <div class='ocr_carea' id='block_1_58' title="bbox 1787 2891 3381 2966">
    <p class='ocr_par' dir='ltr' id='par_1_58' title="bbox 1787 2891 3381 2966">
     <span class='ocr_line' id='line_1_58' title="bbox 1787 2891 3381 2966; baseline -0.003 -15"><span class='ocrx_word' id='word_1_459' title='bbox 1787 2893 2105 2966; x_wconf 90' lang='lat' dir='ltr'><strong>imperative</strong></span> <span class='ocrx_word' id='word_1_460' title='bbox 2142 2892 2361 2964; x_wconf 90' lang='lat' dir='ltr'><strong>ponitur</strong></span> <span class='ocrx_word' id='word_1_461' title='bbox 2396 2912 2409 2947; x_wconf 92' lang='lat'>:</span> <span class='ocrx_word' id='word_1_462' title='bbox 2451 2891 2648 2949; x_wconf 81' lang='lat' dir='ltr'><strong>Audite</strong></span> <span class='ocrx_word' id='word_1_463' title='bbox 2675 2894 2884 2959; x_wconf 90' lang='lat' dir='ltr'><strong>auditu,</strong></span> <span class='ocrx_word' id='word_1_464' title='bbox 2915 2900 2971 2949; x_wconf 89' lang='lat' dir='ltr'><strong>et</strong></span> <span class='ocrx_word' id='word_1_465' title='bbox 3014 2891 3180 2949; x_wconf 89' lang='lat' dir='ltr'><strong>nolite</strong></span> <span class='ocrx_word' id='word_1_466' title='bbox 3226 2891 3381 2948; x_wconf 86' lang='lat' dir='ltr'><strong>intel-</strong></span> 
     </span>
    </p>
   </div>
   <div class='ocr_carea' id='block_1_59' title="bbox 1786 2980 3380 3060">
    <p class='ocr_par' dir='ltr' id='par_1_59' title="bbox 1786 2980 3380 3060">
     <span class='ocr_line' id='line_1_59' title="bbox 1786 2980 3380 3060; baseline -0.001 -18"><span class='ocrx_word' id='word_1_467' title='bbox 1786 2986 1988 3060; x_wconf 89' lang='lat' dir='ltr'><strong>ligere;</strong></span> <span class='ocrx_word' id='word_1_468' title='bbox 2041 2992 2099 3043; x_wconf 91' lang='lat' dir='ltr'><strong>et</strong></span> <span class='ocrx_word' id='word_1_469' title='bbox 2147 2986 2324 3043; x_wconf 82' lang='lat' dir='ltr'><strong>videte</strong></span> <span class='ocrx_word' id='word_1_470' title='bbox 2378 2985 2532 3052; x_wconf 89' lang='lat' dir='ltr'><strong>visu,</strong></span> <span class='ocrx_word' id='word_1_471' title='bbox 2579 2988 2636 3041; x_wconf 90' lang='lat' dir='ltr'><strong>et</strong></span> <span class='ocrx_word' id='word_1_472' title='bbox 2681 2984 2850 3042; x_wconf 91' lang='lat' dir='ltr'><strong>nolite</strong></span> <span class='ocrx_word' id='word_1_473' title='bbox 2901 2990 3256 3058; x_wconf 80' lang='lat' dir='ltr'><strong>cognoscere.</strong></span> <span class='ocrx_word' id='word_1_474' title='bbox 3301 2980 3380 3040; x_wconf 83' lang='lat' dir='ltr'><strong>Ac</strong></span> 
     </span>
    </p>
   </div>
   <div class='ocr_carea' id='block_1_60' title="bbox 1788 3072 3380 3150">
    <p class='ocr_par' dir='ltr' id='par_1_60' title="bbox 1788 3072 3380 3150">
     <span class='ocr_line' id='line_1_60' title="bbox 1788 3072 3380 3150; baseline -0.003 -16"><span class='ocrx_word' id='word_1_475' title='bbox 1788 3078 2083 3150; x_wconf 88' lang='lat' dir='ltr'><strong>deinceps:</strong></span> <span class='ocrx_word' id='word_1_476' title='bbox 2113 3072 2340 3133; x_wconf 72' lang='lat' dir='ltr'><strong>Excwca</strong></span> <span class='ocrx_word' id='word_1_477' title='bbox 2382 3093 2475 3132; x_wconf 90' lang='lat' dir='ltr'><strong>cor</strong></span> <span class='ocrx_word' id='word_1_478' title='bbox 2515 3074 2696 3149; x_wconf 84' lang='lat' dir='ltr'><strong>populi</strong></span> <span class='ocrx_word' id='word_1_479' title='bbox 2740 3072 2924 3149; x_wconf 86' lang='lat' dir='ltr'><strong>hujus,</strong></span> <span class='ocrx_word' id='word_1_480' title='bbox 2965 3082 3016 3132; x_wconf 88' lang='lat' dir='ltr'><strong>et</strong></span> <span class='ocrx_word' id='word_1_481' title='bbox 3070 3088 3223 3132; x_wconf 84' lang='lat' dir='ltr'><strong>aures</strong></span> <span class='ocrx_word' id='word_1_482' title='bbox 3266 3075 3380 3146; x_wconf 86' lang='lat' dir='ltr'><strong>ejus</strong></span> 
     </span>
    </p>
   </div>
   <div class='ocr_carea' id='block_1_61' title="bbox 1789 3164 3382 3244">
    <p class='ocr_par' dir='ltr' id='par_1_61' title="bbox 1789 3164 3382 3244">
     <span class='ocr_line' id='line_1_61' title="bbox 1789 3164 3382 3244; baseline -0.003 -17"><span class='ocrx_word' id='word_1_483' title='bbox 1789 3188 2016 3244; x_wconf 88' lang='lat' dir='ltr'><strong>aggrava</strong></span> <span class='ocrx_word' id='word_1_484' title='bbox 2066 3168 2201 3244; x_wconf 90' lang='lat' dir='ltr'><strong>(Isa.</strong></span> <span class='ocrx_word' id='word_1_485' title='bbox 2252 3185 2327 3237; x_wconf 85' lang='lat' dir='ltr'><strong>vt,</strong></span> <span class='ocrx_word' id='word_1_486' title='bbox 2373 3168 2486 3242; x_wconf 88' lang='lat' dir='ltr'><strong>l0),</strong></span> <span class='ocrx_word' id='word_1_487' title='bbox 2523 3176 2582 3225; x_wconf 89' lang='lat' dir='ltr'><strong>et</strong></span> <span class='ocrx_word' id='word_1_488' title='bbox 2627 3166 2816 3224; x_wconf 89' lang='lat' dir='ltr'><strong>oculos</strong></span> <span class='ocrx_word' id='word_1_489' title='bbox 2859 3164 2977 3237; x_wconf 82' lang='lat' dir='ltr'><strong>ejus</strong></span> <span class='ocrx_word' id='word_1_490' title='bbox 3025 3164 3241 3234; x_wconf 86' lang='lat' dir='ltr'><strong>claude,</strong></span> <span class='ocrx_word' id='word_1_491' title='bbox 3284 3182 3382 3224; x_wconf 89' lang='lat' dir='ltr'><strong>seu</strong></span> 
     </span>
    </p>
   </div>
   <div class='ocr_carea' id='block_1_62' title="bbox 72 3235 3378 3336">
    <p class='ocr_par' dir='ltr' id='par_1_62' title="bbox 72 3235 3378 3336">
     <span class='ocr_line' id='line_1_62' title="bbox 72 3235 3378 3336; baseline -0.003 -8"><span class='ocrx_word' id='word_1_492' title='bbox 72 3235 241 3332; x_wconf 56' lang='lat' dir='ltr'><strong>stoli.</strong></span> <span class='ocrx_word' id='word_1_493' title='bbox 284 3235 562 3322; x_wconf 54' lang='lat' dir='ltr'><strong>habsbadt</strong></span> <span class='ocrx_word' id='word_1_494' title='bbox 602 3235 815 3322; x_wconf 48' lang='lat' dir='ltr'><strong>non-ex</strong></span> <span class='ocrx_word' id='word_1_495' title='bbox 857 3279 939 3331; x_wconf 75' lang='lat' dir='ltr'><strong>se.</strong></span> <span class='ocrx_word' id='word_1_496' title='bbox 983 3262 1079 3319; x_wconf 78' lang='lat' dir='ltr'><strong>sed</strong></span> <span class='ocrx_word' id='word_1_497' title='bbox 1125 3279 1192 3319; x_wconf 71' lang='grc' dir='ltr'>ει</span> <span class='ocrx_word' id='word_1_498' title='bbox 1238 3263 1381 3318; x_wconf 74' lang='grc' dir='ltr'><strong>ἀοηο</strong></span> <span class='ocrx_word' id='word_1_499' title='bbox 1433 3256 1526 3318; x_wconf 72' lang='lat' dir='ltr'><strong>Dei</strong></span> <span class='ocrx_word' id='word_1_500' title='bbox 1573 3235 1687 3332; x_wconf 59' lang='lat' dir='ltr'><strong>iam</strong></span> <span class='ocrx_word' id='word_1_501' title='bbox 1714 3235 1761 3301; x_wconf 66' lang='grc' dir='ltr'>ο</span> <span class='ocrx_word' id='word_1_502' title='bbox 1793 3235 2012 3326; x_wconf 52' lang='lat' dir='ltr'><strong>caetera.</strong></span> <span class='ocrx_word' id='word_1_503' title='bbox 2058 3235 2160 3324; x_wconf 68' lang='lat' dir='ltr'><strong>llic</strong></span> <span class='ocrx_word' id='word_1_504' title='bbox 2189 3235 2368 3321; x_wconf 88' lang='lat' dir='ltr'><strong>tamen</strong></span> <span class='ocrx_word' id='word_1_505' title='bbox 2400 3235 2505 3320; x_wconf 81' lang='lat' dir='ltr'><strong>non</strong></span> <span class='ocrx_word' id='word_1_506' title='bbox 2549 3262 2871 3336; x_wconf 90' lang='lat' dir='ltr'><strong>imperative</strong></span> <span class='ocrx_word' id='word_1_507' title='bbox 2889 3235 3120 3330; x_wconf 84' lang='lat' dir='ltr'><strong>dicitur,</strong></span> <span class='ocrx_word' id='word_1_508' title='bbox 3159 3262 3254 3320; x_wconf 87' lang='lat' dir='ltr'><strong>sed</strong></span> <span class='ocrx_word' id='word_1_509' title='bbox 3294 3262 3378 3317; x_wconf 88' lang='lat' dir='ltr'><strong>in-</strong></span> 
     </span>
    </p>
   </div>
   <div class='ocr_carea' id='block_1_63' title="bbox 72 3355 1581 3430">
    <p class='ocr_par' dir='ltr' id='par_1_63' title="bbox 72 3355 1581 3430">
     <span class='ocr_line' id='line_1_63' title="bbox 72 3355 1581 3430; baseline -0.006 -13"><span class='ocrx_word' id='word_1_510' title='bbox 72 3360 223 3418; x_wconf 85' lang='lat' dir='ltr'><strong>illud</strong></span> <span class='ocrx_word' id='word_1_511' title='bbox 252 3361 311 3416; x_wconf 91' lang='lat' dir='ltr'><strong>in</strong></span> <span class='ocrx_word' id='word_1_512' title='bbox 337 3373 446 3430; x_wconf 90' lang='lat' dir='ltr'><strong>quo</strong></span> <span class='ocrx_word' id='word_1_513' title='bbox 472 3367 556 3415; x_wconf 90' lang='lat' dir='ltr'><strong>est</strong></span> <span class='ocrx_word' id='word_1_514' title='bbox 584 3358 692 3415; x_wconf 90' lang='lat' dir='ltr'><strong>vita</strong></span> <span class='ocrx_word' id='word_1_515' title='bbox 719 3367 941 3414; x_wconf 65' lang='lat' dir='ltr'><strong>aeterna.</strong></span> <span class='ocrx_word' id='word_1_516' title='bbox 972 3355 1267 3429; x_wconf 88' lang='lat' dir='ltr'><strong>Propterea</strong></span> <span class='ocrx_word' id='word_1_517' title='bbox 1291 3356 1541 3426; x_wconf 86' lang='lat' dir='ltr'><strong>sequitur</strong></span> <span class='ocrx_word' id='word_1_518' title='bbox 1565 3369 1581 3408; x_wconf 88' lang='lat'><strong>:</strong></span> 
     </span>
    </p>
   </div>
   <div class='ocr_carea' id='block_1_64' title="bbox 156 3443 1690 3518">
    <p class='ocr_par' dir='ltr' id='par_1_64' title="bbox 156 3443 1690 3518">
     <span class='ocr_line' id='line_1_64' title="bbox 156 3443 1690 3518; baseline -0.003 -13"><span class='ocrx_word' id='word_1_519' title='bbox 156 3448 273 3518; x_wconf 80' lang='lat' dir='ltr'><strong>Qui</strong></span> <span class='ocrx_word' id='word_1_520' title='bbox 302 3450 445 3504; x_wconf 75' lang='lat' dir='ltr'><strong>enirn</strong></span> <span class='ocrx_word' id='word_1_521' title='bbox 471 3447 624 3502; x_wconf 83' lang='lat' dir='ltr'><strong>habet</strong></span> <span class='ocrx_word' id='word_1_522' title='bbox 653 3446 867 3501; x_wconf 80' lang='lat' dir='ltr'><strong>dabitur</strong></span> <span class='ocrx_word' id='word_1_523' title='bbox 891 3446 958 3511; x_wconf 89' lang='lat' dir='ltr'><strong>ei,</strong></span> <span class='ocrx_word' id='word_1_524' title='bbox 986 3455 1034 3500; x_wconf 90' lang='lat' dir='ltr'><strong>et</strong></span> <span class='ocrx_word' id='word_1_525' title='bbox 1064 3443 1373 3511; x_wconf 83' lang='lat' dir='ltr'><strong>abundabit;</strong></span> <span class='ocrx_word' id='word_1_526' title='bbox 1401 3445 1492 3516; x_wconf 85' lang='lat' dir='ltr'><strong>qui</strong></span> <span class='ocrx_word' id='word_1_527' title='bbox 1515 3454 1690 3500; x_wconf 88' lang='lat' dir='ltr'><strong>autem</strong></span> 
     </span>
    </p>
   </div>
   <div class='ocr_carea' id='block_1_65' title="bbox 74 3534 1687 3610">
    <p class='ocr_par' dir='ltr' id='par_1_65' title="bbox 74 3534 1687 3610">
     <span class='ocr_line' id='line_1_65' title="bbox 74 3534 1687 3610; baseline -0.001 -14"><span class='ocrx_word' id='word_1_528' title='bbox 74 3554 131 3597; x_wconf 81' lang='lat' dir='ltr'><strong>et</strong></span> <span class='ocrx_word' id='word_1_529' title='bbox 168 3557 287 3596; x_wconf 76' lang='lat' dir='ltr'><strong>non</strong></span> <span class='ocrx_word' id='word_1_530' title='bbox 330 3539 500 3606; x_wconf 84' lang='lat' dir='ltr'><strong>habet,</strong></span> <span class='ocrx_word' id='word_1_531' title='bbox 532 3550 579 3594; x_wconf 86' lang='lat' dir='ltr'><strong>et</strong></span> <span class='ocrx_word' id='word_1_532' title='bbox 616 3538 759 3610; x_wconf 86' lang='lat' dir='ltr'><strong>quod</strong></span> <span class='ocrx_word' id='word_1_533' title='bbox 791 3536 943 3593; x_wconf 84' lang='lat' dir='ltr'><strong>habet</strong></span> <span class='ocrx_word' id='word_1_534' title='bbox 987 3537 1258 3609; x_wconf 77' lang='lat' dir='ltr'><strong>auferetur</strong></span> <span class='ocrx_word' id='word_1_535' title='bbox 1280 3536 1345 3592; x_wconf 92' lang='lat' dir='ltr'><strong>ab</strong></span> <span class='ocrx_word' id='word_1_536' title='bbox 1380 3554 1461 3592; x_wconf 86' lang='lat' dir='ltr'><strong>eo.</strong></span> <span class='ocrx_word' id='word_1_537' title='bbox 1502 3534 1561 3593; x_wconf 89' lang='lat' dir='ltr'><strong>ld</strong></span> <span class='ocrx_word' id='word_1_538' title='bbox 1583 3545 1687 3604; x_wconf 84' lang='lat' dir='ltr'><strong>est,</strong></span> 
     </span>
    </p>
   </div>
   <div class='ocr_carea' id='block_1_66' title="bbox 75 3624 1688 3705">
    <p class='ocr_par' dir='ltr' id='par_1_66' title="bbox 75 3624 1688 3705">
     <span class='ocr_line' id='line_1_66' title="bbox 75 3624 1688 3705; baseline -0.004 -18"><span class='ocrx_word' id='word_1_539' title='bbox 75 3630 184 3705; x_wconf 83' lang='lat' dir='ltr'><strong>qui</strong></span> <span class='ocrx_word' id='word_1_540' title='bbox 227 3626 398 3686; x_wconf 84' lang='lat' dir='ltr'><strong>habet</strong></span> <span class='ocrx_word' id='word_1_541' title='bbox 433 3628 750 3701; x_wconf 80' lang='lat' dir='ltr'><strong>mysterium</strong></span> <span class='ocrx_word' id='word_1_542' title='bbox 796 3628 946 3700; x_wconf 89' lang='lat' dir='ltr'><strong>regni</strong></span> <span class='ocrx_word' id='word_1_543' title='bbox 978 3627 1105 3694; x_wconf 85' lang='lat' dir='ltr'><strong>Dei,</strong></span> <span class='ocrx_word' id='word_1_544' title='bbox 1147 3636 1205 3683; x_wconf 93' lang='lat' dir='ltr'><strong>et</strong></span> <span class='ocrx_word' id='word_1_545' title='bbox 1230 3624 1391 3683; x_wconf 88' lang='lat' dir='ltr'><strong>ﬁdem</strong></span> <span class='ocrx_word' id='word_1_546' title='bbox 1419 3624 1688 3699; x_wconf 89' lang='lat' dir='ltr'><strong>integram</strong></span> 
     </span>
    </p>
   </div>
   <div class='ocr_carea' id='block_1_67' title="bbox 78 3714 1689 3795">
    <p class='ocr_par' dir='ltr' id='par_1_67' title="bbox 78 3714 1689 3795">
     <span class='ocr_line' id='line_1_67' title="bbox 78 3714 1689 3795; baseline -0.005 -15"><span class='ocrx_word' id='word_1_547' title='bbox 78 3724 241 3795; x_wconf 73' lang='lat' dir='ltr'><strong>(qua:</strong></span> <span class='ocrx_word' id='word_1_548' title='bbox 278 3735 353 3777; x_wconf 78' lang='lat' dir='ltr'><strong>ex</strong></span> <span class='ocrx_word' id='word_1_549' title='bbox 377 3735 464 3778; x_wconf 87' lang='lat' dir='ltr'><strong>me</strong></span> <span class='ocrx_word' id='word_1_550' title='bbox 489 3720 592 3792; x_wconf 86' lang='lat' dir='ltr'><strong>est)</strong></span> <span class='ocrx_word' id='word_1_551' title='bbox 621 3719 883 3792; x_wconf 89' lang='lat' dir='ltr'><strong>possidet,</strong></span> <span class='ocrx_word' id='word_1_552' title='bbox 909 3718 1068 3775; x_wconf 87' lang='lat' dir='ltr'><strong>sicuti</strong></span> <span class='ocrx_word' id='word_1_553' title='bbox 1107 3735 1225 3781; x_wconf 89' lang='lat' dir='ltr'><strong>vos,</strong></span> <span class='ocrx_word' id='word_1_554' title='bbox 1257 3714 1476 3775; x_wconf 90' lang='lat' dir='ltr'><strong>dabitur</strong></span> <span class='ocrx_word' id='word_1_555' title='bbox 1496 3718 1545 3775; x_wconf 90' lang='lat' dir='ltr'><strong>ei</strong></span> <span class='ocrx_word' id='word_1_556' title='bbox 1596 3734 1689 3773; x_wconf 87' lang='lat' dir='ltr'><strong>au-</strong></span> 
     </span>
    </p>
   </div>
   <div class='ocr_carea' id='block_1_68' title="bbox 75 3808 1689 3886">
    <p class='ocr_par' dir='ltr' id='par_1_68' title="bbox 75 3808 1689 3886">
     <span class='ocr_line' id='line_1_68' title="bbox 75 3808 1689 3886; baseline -0.003 -17"><span class='ocrx_word' id='word_1_557' title='bbox 75 3822 386 3886; x_wconf 84' lang='lat' dir='ltr'><strong>gmentum</strong></span> <span class='ocrx_word' id='word_1_558' title='bbox 442 3812 662 3883; x_wconf 72' lang='lat' dir='ltr'><strong>gratim,</strong></span> <span class='ocrx_word' id='word_1_559' title='bbox 712 3811 855 3867; x_wconf 89' lang='lat' dir='ltr'><strong>sicut</strong></span> <span class='ocrx_word' id='word_1_560' title='bbox 896 3809 1186 3883; x_wconf 85' lang='lat' dir='ltr'><strong>Apostolus</strong></span> <span class='ocrx_word' id='word_1_561' title='bbox 1241 3808 1336 3877; x_wconf 88' lang='lat' dir='ltr'><strong>ait,</strong></span> <span class='ocrx_word' id='word_1_562' title='bbox 1397 3810 1689 3866; x_wconf 88' lang='lat' dir='ltr'><strong>secundum</strong></span> 
     </span>
    </p>
   </div>
   <div class='ocr_carea' id='block_1_69' title="bbox 76 3903 1689 3975">
    <p class='ocr_par' dir='ltr' id='par_1_69' title="bbox 76 3903 1689 3975">
     <span class='ocr_line' id='line_1_69' title="bbox 76 3903 1689 3975; baseline -0.001 -15"><span class='ocrx_word' id='word_1_563' title='bbox 76 3918 427 3962; x_wconf 84' lang='lat' dir='ltr'><strong>mensuram</strong></span> <span class='ocrx_word' id='word_1_564' title='bbox 461 3903 615 3970; x_wconf 85' lang='lat' dir='ltr'><strong>ﬁdei;</strong></span> <span class='ocrx_word' id='word_1_565' title='bbox 656 3904 911 3975; x_wconf 87' lang='lat' dir='ltr'><strong>quoniam</strong></span> <span class='ocrx_word' id='word_1_566' title='bbox 942 3903 1096 3959; x_wconf 81' lang='lat' dir='ltr'><strong>radix</strong></span> <span class='ocrx_word' id='word_1_567' title='bbox 1135 3905 1378 3960; x_wconf 90' lang='lat' dir='ltr'><strong>omnium</strong></span> <span class='ocrx_word' id='word_1_568' title='bbox 1425 3903 1689 3960; x_wconf 89' lang='lat' dir='ltr'><strong>virtutum</strong></span> 
     </span>
    </p>
   </div>
   <div class='ocr_carea' id='block_1_70' title="bbox 75 3993 1693 4067">
    <p class='ocr_par' dir='ltr' id='par_1_70' title="bbox 75 3993 1693 4067">
     <span class='ocr_line' id='line_1_70' title="bbox 75 3993 1693 4067; baseline -0.004 -11"><span class='ocrx_word' id='word_1_569' title='bbox 75 4007 148 4056; x_wconf 88' lang='lat' dir='ltr'><strong>et</strong></span> <span class='ocrx_word' id='word_1_570' title='bbox 195 3995 611 4052; x_wconf 81' lang='lat' dir='ltr'><strong>fundamentum</strong></span> <span class='ocrx_word' id='word_1_571' title='bbox 651 3995 786 4052; x_wconf 90' lang='lat' dir='ltr'><strong>ﬁdes</strong></span> <span class='ocrx_word' id='word_1_572' title='bbox 828 4004 934 4062; x_wconf 92' lang='lat' dir='ltr'><strong>est,</strong></span> <span class='ocrx_word' id='word_1_573' title='bbox 983 4010 1145 4067; x_wconf 90' lang='lat' dir='ltr'><strong>super</strong></span> <span class='ocrx_word' id='word_1_574' title='bbox 1193 4011 1356 4066; x_wconf 89' lang='lat' dir='ltr'><strong>quam</strong></span> <span class='ocrx_word' id='word_1_575' title='bbox 1394 3993 1693 4051; x_wconf 72' lang='lat' dir='ltr'><strong>aediﬁcatur</strong></span> 
     </span>
    </p>
   </div>
   <div class='ocr_carea' id='block_1_71' title="bbox 74 4081 1690 4160">
    <p class='ocr_par' dir='ltr' id='par_1_71' title="bbox 74 4081 1690 4160">
     <span class='ocr_line' id='line_1_71' title="bbox 74 4081 1690 4160; baseline -0.002 -12"><span class='ocrx_word' id='word_1_576' title='bbox 74 4091 354 4153; x_wconf 84' lang='lat' dir='ltr'><strong>omnium</strong></span> <span class='ocrx_word' id='word_1_577' title='bbox 403 4081 656 4145; x_wconf 81' lang='lat' dir='ltr'><strong>virtutum</strong></span> <span class='ocrx_word' id='word_1_578' title='bbox 705 4097 1003 4156; x_wconf 88' lang='lat' dir='ltr'><strong>structura,</strong></span> <span class='ocrx_word' id='word_1_579' title='bbox 1035 4103 1197 4160; x_wconf 89' lang='lat' dir='ltr'><strong>quam</strong></span> <span class='ocrx_word' id='word_1_580' title='bbox 1223 4090 1314 4160; x_wconf 93' lang='lat' dir='ltr'><strong>qui</strong></span> <span class='ocrx_word' id='word_1_581' title='bbox 1366 4087 1615 4145; x_wconf 85' lang='lat' dir='ltr'><strong>habuerit</strong></span> <span class='ocrx_word' id='word_1_582' title='bbox 1640 4088 1690 4145; x_wconf 89' lang='lat' dir='ltr'><strong>ei</strong></span> 
     </span>
    </p>
   </div>
   <div class='ocr_carea' id='block_1_72' title="bbox 78 4181 1695 4247">
    <p class='ocr_par' dir='ltr' id='par_1_72' title="bbox 78 4181 1695 4247">
     <span class='ocr_line' id='line_1_72' title="bbox 78 4181 1695 4247; baseline -0.005 -4"><span class='ocrx_word' id='word_1_583' title='bbox 78 4184 359 4247; x_wconf 85' lang='lat' dir='ltr'><strong>scientia,</strong></span> <span class='ocrx_word' id='word_1_584' title='bbox 383 4183 678 4238; x_wconf 89' lang='lat' dir='ltr'><strong>secundum</strong></span> <span class='ocrx_word' id='word_1_585' title='bbox 706 4196 1018 4238; x_wconf 89' lang='lat' dir='ltr'><strong>mensuram</strong></span> <span class='ocrx_word' id='word_1_586' title='bbox 1048 4182 1196 4238; x_wconf 90' lang='lat' dir='ltr'><strong>ﬁdei.</strong></span> <span class='ocrx_word' id='word_1_587' title='bbox 1230 4181 1456 4237; x_wconf 90' lang='lat' dir='ltr'><strong>Dabitur</strong></span> <span class='ocrx_word' id='word_1_588' title='bbox 1481 4190 1537 4236; x_wconf 91' lang='lat' dir='ltr'><strong>et</strong></span> <span class='ocrx_word' id='word_1_589' title='bbox 1565 4181 1695 4237; x_wconf 85' lang='lat' dir='ltr'><strong>cha-</strong></span> 
     </span>
    </p>
   </div>
   <div class='ocr_carea' id='block_1_73' title="bbox 82 4274 1695 4348">
    <p class='ocr_par' dir='ltr' id='par_1_73' title="bbox 82 4274 1695 4348">
     <span class='ocr_line' id='line_1_73' title="bbox 82 4274 1695 4348; baseline -0.004 -13"><span class='ocrx_word' id='word_1_590' title='bbox 82 4279 233 4335; x_wconf 88' lang='lat' dir='ltr'><strong>ritas</strong></span> <span class='ocrx_word' id='word_1_591' title='bbox 268 4277 327 4332; x_wconf 89' lang='lat' dir='ltr'><strong>in</strong></span> <span class='ocrx_word' id='word_1_592' title='bbox 359 4274 567 4348; x_wconf 90' lang='lat' dir='ltr'><strong>Spiritu</strong></span> <span class='ocrx_word' id='word_1_593' title='bbox 601 4284 813 4340; x_wconf 89' lang='lat' dir='ltr'><strong>sancto,</strong></span> <span class='ocrx_word' id='word_1_594' title='bbox 847 4284 908 4331; x_wconf 93' lang='lat' dir='ltr'><strong>ut</strong></span> <span class='ocrx_word' id='word_1_595' title='bbox 951 4284 1300 4347; x_wconf 89' lang='lat' dir='ltr'><strong>augmentum</strong></span> <span class='ocrx_word' id='word_1_596' title='bbox 1327 4275 1511 4345; x_wconf 89' lang='lat' dir='ltr'><strong>capiat</strong></span> <span class='ocrx_word' id='word_1_597' title='bbox 1533 4288 1695 4329; x_wconf 83' lang='lat' dir='ltr'><strong>verus</strong></span> 
     </span>
    </p>
   </div>
   <div class='ocr_carea' id='block_1_74' title="bbox 80 4362 1692 4436">
    <p class='ocr_par' dir='ltr' id='par_1_74' title="bbox 80 4362 1692 4436">
     <span class='ocr_line' id='line_1_74' title="bbox 80 4362 1692 4436; baseline -0.005 -9"><span class='ocrx_word' id='word_1_598' title='bbox 80 4367 480 4432; x_wconf 84' lang='lat' dir='ltr'><strong>Christianus,</strong></span> <span class='ocrx_word' id='word_1_599' title='bbox 506 4374 563 4423; x_wconf 91' lang='lat' dir='ltr'><strong>et</strong></span> <span class='ocrx_word' id='word_1_600' title='bbox 589 4368 728 4424; x_wconf 89' lang='lat' dir='ltr'><strong>dona</strong></span> <span class='ocrx_word' id='word_1_601' title='bbox 770 4366 1063 4423; x_wconf 89' lang='lat' dir='ltr'><strong>secundum</strong></span> <span class='ocrx_word' id='word_1_602' title='bbox 1093 4365 1520 4436; x_wconf 87' lang='lat' dir='ltr'><strong>magnitudinem</strong></span> <span class='ocrx_word' id='word_1_603' title='bbox 1546 4362 1692 4430; x_wconf 87' lang='lat' dir='ltr'><strong>ﬁdei,</strong></span> 
     </span>
    </p>
   </div>
   <div class='ocr_carea' id='block_1_75' title="bbox 81 4456 1696 4529">
    <p class='ocr_par' dir='ltr' id='par_1_75' title="bbox 81 4456 1696 4529">
     <span class='ocr_line' id='line_1_75' title="bbox 81 4456 1696 4529; baseline -0.004 -12"><span class='ocrx_word' id='word_1_604' title='bbox 81 4470 143 4517; x_wconf 91' lang='lat' dir='ltr'><strong>et</strong></span> <span class='ocrx_word' id='word_1_605' title='bbox 172 4459 492 4515; x_wconf 88' lang='lat' dir='ltr'><strong>abundabit</strong></span> <span class='ocrx_word' id='word_1_606' title='bbox 518 4459 685 4515; x_wconf 90' lang='lat' dir='ltr'><strong>etiam</strong></span> <span class='ocrx_word' id='word_1_607' title='bbox 731 4474 902 4529; x_wconf 85' lang='lat' dir='ltr'><strong>usque</strong></span> <span class='ocrx_word' id='word_1_608' title='bbox 929 4458 999 4513; x_wconf 87' lang='lat' dir='ltr'><strong>ad</strong></span> <span class='ocrx_word' id='word_1_609' title='bbox 1024 4457 1414 4529; x_wconf 87' lang='lat' dir='ltr'><strong>plenitudinem</strong></span> <span class='ocrx_word' id='word_1_610' title='bbox 1456 4456 1696 4513; x_wconf 91' lang='lat' dir='ltr'><strong>charita-</strong></span> 
     </span>
    </p>
   </div>
   <div class='ocr_carea' id='block_1_76' title="bbox 1791 3353 3383 3427">
    <p class='ocr_par' dir='ltr' id='par_1_76' title="bbox 1791 3353 3383 3427">
     <span class='ocr_line' id='line_1_76' title="bbox 1791 3353 3383 3427; baseline -0.004 -10"><span class='ocrx_word' id='word_1_611' title='bbox 1791 3361 2044 3417; x_wconf 89' lang='lat' dir='ltr'><strong>dicative.</strong></span> <span class='ocrx_word' id='word_1_612' title='bbox 2080 3358 2233 3416; x_wconf 85' lang='lat' dir='ltr'><strong>Sicut</strong></span> <span class='ocrx_word' id='word_1_613' title='bbox 2257 3366 2314 3414; x_wconf 92' lang='lat' dir='ltr'><strong>et</strong></span> <span class='ocrx_word' id='word_1_614' title='bbox 2338 3356 2517 3413; x_wconf 88' lang='lat' dir='ltr'><strong>Lucas</strong></span> <span class='ocrx_word' id='word_1_615' title='bbox 2544 3354 2598 3410; x_wconf 91' lang='lat' dir='ltr'><strong>in</strong></span> <span class='ocrx_word' id='word_1_616' title='bbox 2629 3354 2855 3411; x_wconf 82' lang='lat' dir='ltr'><strong>Actibus</strong></span> <span class='ocrx_word' id='word_1_617' title='bbox 2891 3353 3259 3427; x_wconf 87' lang='lat' dir='ltr'><strong>apostolorum</strong></span> <span class='ocrx_word' id='word_1_618' title='bbox 3288 3368 3383 3425; x_wconf 93' lang='lat' dir='ltr'><strong>po-</strong></span> 
     </span>
    </p>
   </div>
   <div class='ocr_carea' id='block_1_77' title="bbox 1792 3450 2411 3520">
    <p class='ocr_par' dir='ltr' id='par_1_77' title="bbox 1792 3450 2411 3520">
     <span class='ocr_line' id='line_1_77' title="bbox 1792 3450 2411 3520; baseline -0.011 -11"><span class='ocrx_word' id='word_1_619' title='bbox 1792 3453 1922 3509; x_wconf 78' lang='lat' dir='ltr'><strong>suit.</strong></span> <span class='ocrx_word' id='word_1_620' title='bbox 1950 3451 2102 3509; x_wconf 87' lang='lat' dir='ltr'><strong>Unde</strong></span> <span class='ocrx_word' id='word_1_621' title='bbox 2126 3450 2374 3520; x_wconf 90' lang='lat' dir='ltr'><strong>sequitur</strong></span> <span class='ocrx_word' id='word_1_622' title='bbox 2398 3468 2411 3502; x_wconf 73' lang='grc' dir='ltr'><em>τ</em></span> 
     </span>
    </p>
   </div>
   <div class='ocr_carea' id='block_1_78' title="bbox 1864 3529 3497 3609">
    <p class='ocr_par' dir='ltr' id='par_1_78' title="bbox 1864 3529 3497 3609">
     <span class='ocr_line' id='line_1_78' title="bbox 1864 3529 3497 3609; baseline -0.003 -14"><span class='ocrx_word' id='word_1_623' title='bbox 1864 3536 2228 3596; x_wconf 85' lang='lat' dir='ltr'><strong>Incrassatum</strong></span> <span class='ocrx_word' id='word_1_624' title='bbox 2250 3536 2387 3593; x_wconf 85' lang='lat' dir='ltr'><strong>enim</strong></span> <span class='ocrx_word' id='word_1_625' title='bbox 2428 3548 2502 3594; x_wconf 89' lang='lat' dir='ltr'><strong>est</strong></span> <span class='ocrx_word' id='word_1_626' title='bbox 2527 3552 2619 3592; x_wconf 82' lang='lat' dir='ltr'><strong>cor</strong></span> <span class='ocrx_word' id='word_1_627' title='bbox 2655 3537 2836 3609; x_wconf 83' lang='lat' dir='ltr'><strong>populi</strong></span> <span class='ocrx_word' id='word_1_628' title='bbox 2859 3536 3044 3607; x_wconf 76' lang='lat' dir='ltr'><strong>hujus,</strong></span> <span class='ocrx_word' id='word_1_629' title='bbox 3085 3544 3135 3591; x_wconf 92' lang='lat' dir='ltr'><strong>et</strong></span> <span class='ocrx_word' id='word_1_630' title='bbox 3165 3535 3382 3591; x_wconf 84' lang='lat' dir='ltr'><strong>auribus</strong></span> <span class='ocrx_word' id='word_1_631' title='bbox 3482 3529 3497 3545; x_wconf 88' lang='grc'><em>’</em></span> 
     </span>
    </p>
   </div>
   <div class='ocr_carea' id='block_1_79' title="bbox 1793 3622 3383 3705">
    <p class='ocr_par' dir='ltr' id='par_1_79' title="bbox 1793 3622 3383 3705">
     <span class='ocr_line' id='line_1_79' title="bbox 1793 3622 3383 3705; baseline -0.005 -18"><span class='ocrx_word' id='word_1_632' title='bbox 1793 3632 2020 3705; x_wconf 83' lang='lat' dir='ltr'><strong>graviter</strong></span> <span class='ocrx_word' id='word_1_633' title='bbox 2043 3630 2347 3685; x_wconf 73' lang='lat' dir='ltr'><strong>audierunt.</strong></span> <span class='ocrx_word' id='word_1_634' title='bbox 2387 3626 2494 3682; x_wconf 91' lang='lat' dir='ltr'><strong>Pro</strong></span> <span class='ocrx_word' id='word_1_635' title='bbox 2537 3638 2645 3697; x_wconf 91' lang='lat' dir='ltr'><strong>quo</strong></span> <span class='ocrx_word' id='word_1_636' title='bbox 2694 3624 2847 3682; x_wconf 87' lang='lat' dir='ltr'><strong>valde</strong></span> <span class='ocrx_word' id='word_1_637' title='bbox 2892 3627 3064 3683; x_wconf 89' lang='lat' dir='ltr'><strong>miror</strong></span> <span class='ocrx_word' id='word_1_638' title='bbox 3100 3636 3198 3682; x_wconf 89' lang='lat' dir='ltr'><strong>cur</strong></span> <span class='ocrx_word' id='word_1_639' title='bbox 3245 3622 3383 3679; x_wconf 75' lang='lat' dir='ltr'><strong>Mat-</strong></span> 
     </span>
    </p>
   </div>
   <div class='ocr_carea' id='block_1_80' title="bbox 1796 3714 3385 3785">
    <p class='ocr_par' dir='ltr' id='par_1_80' title="bbox 1796 3714 3385 3785">
     <span class='ocr_line' id='line_1_80' title="bbox 1796 3714 3385 3785; baseline -0.005 -5"><span class='ocrx_word' id='word_1_640' title='bbox 1796 3724 1966 3780; x_wconf 81' lang='lat' dir='ltr'><strong>thams</strong></span> <span class='ocrx_word' id='word_1_641' title='bbox 1986 3736 2116 3778; x_wconf 86' lang='lat' dir='ltr'><strong>vere</strong></span> <span class='ocrx_word' id='word_1_642' title='bbox 2136 3718 2415 3785; x_wconf 61' lang='lat' dir='ltr'><strong>Hebraeus,</strong></span> <span class='ocrx_word' id='word_1_643' title='bbox 2443 3716 2709 3774; x_wconf 87' lang='lat' dir='ltr'><strong>Hebraico</strong></span> <span class='ocrx_word' id='word_1_644' title='bbox 2729 3715 2974 3773; x_wconf 90' lang='lat' dir='ltr'><strong>scribens</strong></span> <span class='ocrx_word' id='word_1_645' title='bbox 2994 3730 3265 3783; x_wconf 86' lang='lat' dir='ltr'><strong>sermone,</strong></span> <span class='ocrx_word' id='word_1_646' title='bbox 3280 3714 3385 3772; x_wconf 88' lang='lat' dir='ltr'><strong>hoc</strong></span> 
     </span>
    </p>
   </div>
   <div class='ocr_carea' id='block_1_81' title="bbox 1795 3806 3384 3879">
    <p class='ocr_par' dir='ltr' id='par_1_81' title="bbox 1795 3806 3384 3879">
     <span class='ocr_line' id='line_1_81' title="bbox 1795 3806 3384 3879; baseline -0.008 -6"><span class='ocrx_word' id='word_1_647' title='bbox 1795 3818 1915 3875; x_wconf 87' lang='lat' dir='ltr'><strong>loco</strong></span> <span class='ocrx_word' id='word_1_648' title='bbox 1954 3822 2145 3872; x_wconf 89' lang='lat' dir='ltr'><strong>contra</strong></span> <span class='ocrx_word' id='word_1_649' title='bbox 2179 3809 2627 3869; x_wconf 87' lang='lat' dir='ltr'><strong>consuetudinem</strong></span> <span class='ocrx_word' id='word_1_650' title='bbox 2656 3822 2811 3864; x_wconf 89' lang='lat' dir='ltr'><strong>suam</strong></span> <span class='ocrx_word' id='word_1_651' title='bbox 2833 3808 2988 3878; x_wconf 77' lang='lat' dir='ltr'><strong>juxta</strong></span> <span class='ocrx_word' id='word_1_652' title='bbox 3035 3806 3384 3879; x_wconf 84' lang='lat' dir='ltr'><strong>Septuaginta</strong></span> 
     </span>
    </p>
   </div>
   <div class='ocr_carea' id='block_1_82' title="bbox 1794 3896 3385 3979">
    <p class='ocr_par' dir='ltr' id='par_1_82' title="bbox 1794 3896 3385 3979">
     <span class='ocr_line' id='line_1_82' title="bbox 1794 3896 3385 3979; baseline -0.008 -13"><span class='ocrx_word' id='word_1_653' title='bbox 1794 3911 1899 3967; x_wconf 91' lang='lat' dir='ltr'><strong>hoc</strong></span> <span class='ocrx_word' id='word_1_654' title='bbox 1934 3904 2178 3979; x_wconf 87' lang='lat' dir='ltr'><strong>posuerit</strong></span> <span class='ocrx_word' id='word_1_655' title='bbox 2229 3900 2599 3961; x_wconf 88' lang='lat' dir='ltr'><strong>testimonium</strong></span> <span class='ocrx_word' id='word_1_656' title='bbox 2646 3901 2841 3972; x_wconf 89' lang='lat' dir='ltr'><strong>magis,</strong></span> <span class='ocrx_word' id='word_1_657' title='bbox 2880 3915 3041 3972; x_wconf 85' lang='lat' dir='ltr'><strong>quam</strong></span> <span class='ocrx_word' id='word_1_658' title='bbox 3080 3898 3236 3971; x_wconf 74' lang='lat' dir='ltr'><strong>juxta</strong></span> <span class='ocrx_word' id='word_1_659' title='bbox 3276 3896 3385 3954; x_wconf 81' lang='lat' dir='ltr'><strong>lie-</strong></span> 
     </span>
    </p>
   </div>
   <div class='ocr_carea' id='block_1_83' title="bbox 1794 3989 3385 4064">
    <p class='ocr_par' dir='ltr' id='par_1_83' title="bbox 1794 3989 3385 4064">
     <span class='ocr_line' id='line_1_83' title="bbox 1794 3989 3385 4064; baseline -0.007 -8"><span class='ocrx_word' id='word_1_660' title='bbox 1794 3999 2062 4056; x_wconf 89' lang='lat' dir='ltr'><strong>braicum.</strong></span> <span class='ocrx_word' id='word_1_661' title='bbox 2108 3994 2216 4053; x_wconf 92' lang='lat' dir='ltr'><strong>Sed</strong></span> <span class='ocrx_word' id='word_1_662' title='bbox 2250 4000 2306 4051; x_wconf 92' lang='lat' dir='ltr'><strong>et</strong></span> <span class='ocrx_word' id='word_1_663' title='bbox 2356 3990 2718 4064; x_wconf 83' lang='lat' dir='ltr'><strong>Hieronymus</strong></span> <span class='ocrx_word' id='word_1_664' title='bbox 2760 3989 2815 4045; x_wconf 90' lang='lat' dir='ltr'><strong>in</strong></span> <span class='ocrx_word' id='word_1_665' title='bbox 2859 3990 3251 4046; x_wconf 89' lang='lat' dir='ltr'><strong>commentario</strong></span> <span class='ocrx_word' id='word_1_666' title='bbox 3288 3992 3385 4046; x_wconf 85' lang='lat' dir='ltr'><strong>sud</strong></span> 
     </span>
    </p>
   </div>
   <div class='ocr_carea' id='block_1_84' title="bbox 1795 4078 3386 4159">
    <p class='ocr_par' dir='ltr' id='par_1_84' title="bbox 1795 4078 3386 4159">
     <span class='ocr_line' id='line_1_84' title="bbox 1795 4078 3386 4159; baseline -0.007 -11"><span class='ocrx_word' id='word_1_667' title='bbox 1795 4090 2092 4149; x_wconf 89' lang='lat' dir='ltr'><strong>secundum</strong></span> <span class='ocrx_word' id='word_1_668' title='bbox 2129 4082 2477 4159; x_wconf 85' lang='lat' dir='ltr'><strong>Septuaginta</strong></span> <span class='ocrx_word' id='word_1_669' title='bbox 2507 4082 2612 4140; x_wconf 91' lang='lat' dir='ltr'><strong>hoc</strong></span> <span class='ocrx_word' id='word_1_670' title='bbox 2643 4082 2914 4154; x_wconf 80' lang='lat' dir='ltr'><strong>exposuit.</strong></span> <span class='ocrx_word' id='word_1_671' title='bbox 2941 4078 3087 4137; x_wconf 85' lang='lat' dir='ltr'><strong>Nihil</strong></span> <span class='ocrx_word' id='word_1_672' title='bbox 3114 4090 3293 4136; x_wconf 92' lang='lat' dir='ltr'><strong>tamen</strong></span> <span class='ocrx_word' id='word_1_673' title='bbox 3319 4080 3386 4137; x_wconf 87' lang='lat' dir='ltr'><strong>de</strong></span> 
     </span>
    </p>
   </div>
   <div class='ocr_carea' id='block_1_85' title="bbox 1796 4164 3384 4244">
    <p class='ocr_par' dir='ltr' id='par_1_85' title="bbox 1796 4164 3384 4244">
     <span class='ocr_line' id='line_1_85' title="bbox 1796 4164 3384 4244; baseline -0.007 -8"><span class='ocrx_word' id='word_1_674' title='bbox 1796 4181 1901 4237; x_wconf 89' lang='lat' dir='ltr'><strong>hac</strong></span> <span class='ocrx_word' id='word_1_675' title='bbox 1925 4176 2188 4235; x_wconf 88' lang='lat' dir='ltr'><strong>varietate</strong></span> <span class='ocrx_word' id='word_1_676' title='bbox 2216 4176 2386 4232; x_wconf 87' lang='lat' dir='ltr'><strong>movit</strong></span> <span class='ocrx_word' id='word_1_677' title='bbox 2421 4170 2755 4244; x_wconf 69' lang='lat' dir='ltr'><strong>quaestionis,</strong></span> <span class='ocrx_word' id='word_1_678' title='bbox 2792 4184 2968 4242; x_wconf 86' lang='lat' dir='ltr'><strong>neque</strong></span> <span class='ocrx_word' id='word_1_679' title='bbox 2995 4173 3047 4225; x_wconf 88' lang='lat' dir='ltr'><strong>in</strong></span> <span class='ocrx_word' id='word_1_680' title='bbox 3076 4164 3179 4227; x_wconf 86' lang='lat' dir='ltr'><strong>hoc</strong></span> <span class='ocrx_word' id='word_1_681' title='bbox 3199 4184 3384 4241; x_wconf 88' lang='lat' dir='ltr'><strong>opere,</strong></span> 
     </span>
    </p>
   </div>
   <div class='ocr_carea' id='block_1_86' title="bbox 1797 4260 3385 4343">
    <p class='ocr_par' dir='ltr' id='par_1_86' title="bbox 1797 4260 3385 4343">
     <span class='ocr_line' id='line_1_86' title="bbox 1797 4260 3385 4343; baseline -0.008 -15"><span class='ocrx_word' id='word_1_682' title='bbox 1797 4287 1972 4343; x_wconf 90' lang='lat' dir='ltr'><strong>neque</strong></span> <span class='ocrx_word' id='word_1_683' title='bbox 2015 4267 2183 4343; x_wconf 76' lang='grc'><strong>578</strong></span> <span class='ocrx_word' id='word_1_684' title='bbox 2225 4268 2280 4323; x_wconf 91' lang='lat' dir='ltr'><strong>in</strong></span> <span class='ocrx_word' id='word_1_685' title='bbox 2326 4266 2633 4336; x_wconf 79' lang='lat' dir='ltr'><strong>expositum</strong></span> <span class='ocrx_word' id='word_1_686' title='bbox 2682 4262 2860 4328; x_wconf 82' lang='lat' dir='ltr'><strong>Isaiae,</strong></span> <span class='ocrx_word' id='word_1_687' title='bbox 2908 4262 3012 4318; x_wconf 91' lang='lat' dir='ltr'><strong>nisi</strong></span> <span class='ocrx_word' id='word_1_688' title='bbox 3058 4260 3217 4328; x_wconf 81' lang='lat' dir='ltr'><strong>forte,</strong></span> <span class='ocrx_word' id='word_1_689' title='bbox 3260 4262 3385 4333; x_wconf 83' lang='lat' dir='ltr'><strong>quia</strong></span> 
     </span>
    </p>
   </div>
   <div class='ocr_carea' id='block_1_87' title="bbox 1796 4353 3388 4432">
    <p class='ocr_par' dir='ltr' id='par_1_87' title="bbox 1796 4353 3388 4432">
     <span class='ocr_line' id='line_1_87' title="bbox 1796 4353 3388 4432; baseline -0.008 -11"><span class='ocrx_word' id='word_1_690' title='bbox 1796 4381 1940 4421; x_wconf 92' lang='lat' dir='ltr'><strong>unus</strong></span> <span class='ocrx_word' id='word_1_691' title='bbox 1982 4363 2234 4432; x_wconf 89' lang='lat' dir='ltr'><strong>idemque</strong></span> <span class='ocrx_word' id='word_1_692' title='bbox 2270 4360 2354 4416; x_wconf 87' lang='lat' dir='ltr'><strong>est</strong></span> <span class='ocrx_word' id='word_1_693' title='bbox 2385 4358 2439 4414; x_wconf 90' lang='lat' dir='ltr'><strong>in</strong></span> <span class='ocrx_word' id='word_1_694' title='bbox 2490 4357 2696 4412; x_wconf 88' lang='lat' dir='ltr'><strong>eisdem</strong></span> <span class='ocrx_word' id='word_1_695' title='bbox 2747 4353 3133 4425; x_wconf 86' lang='lat' dir='ltr'><strong>interpretibus</strong></span> <span class='ocrx_word' id='word_1_696' title='bbox 3175 4368 3388 4410; x_wconf 89' lang='lat' dir='ltr'><strong>sensus.</strong></span> 
     </span>
    </p>
   </div>
   <div class='ocr_carea' id='block_1_88' title="bbox 1800 4445 3389 4518">
    <p class='ocr_par' dir='ltr' id='par_1_88' title="bbox 1800 4445 3389 4518">
     <span class='ocr_line' id='line_1_88' title="bbox 1800 4445 3389 4518; baseline -0.008 -8"><span class='ocrx_word' id='word_1_697' title='bbox 1800 4452 1907 4510; x_wconf 90' lang='lat' dir='ltr'><strong>Sed</strong></span> <span class='ocrx_word' id='word_1_698' title='bbox 1934 4461 2116 4509; x_wconf 90' lang='lat' dir='ltr'><strong>tamen</strong></span> <span class='ocrx_word' id='word_1_699' title='bbox 2146 4448 2358 4506; x_wconf 80' lang='lat' dir='ltr'><strong>facilior</strong></span> <span class='ocrx_word' id='word_1_700' title='bbox 2385 4447 2682 4505; x_wconf 90' lang='lat' dir='ltr'><strong>secundum</strong></span> <span class='ocrx_word' id='word_1_701' title='bbox 2716 4445 3087 4518; x_wconf 88' lang='lat' dir='ltr'><strong>Septuaginta,</strong></span> <span class='ocrx_word' id='word_1_702' title='bbox 3130 4445 3389 4516; x_wconf 82' lang='lat' dir='ltr'><strong>quoniam</strong></span> 
     </span>
    </p>
   </div>
   <div class='ocr_carea' id='block_1_89' title="bbox 83 4540 3390 4623">
    <p class='ocr_par' dir='ltr' id='par_1_89' title="bbox 83 4540 3390 4623">
     <span class='ocr_line' id='line_1_89' title="bbox 83 4540 3390 4623; baseline -0.003 -15"><span class='ocrx_word' id='word_1_703' title='bbox 83 4554 204 4609; x_wconf 87' lang='lat' dir='ltr'><strong>tis:</strong></span> <span class='ocrx_word' id='word_1_704' title='bbox 239 4565 414 4623; x_wconf 89' lang='lat' dir='ltr'><strong>quam</strong></span> <span class='ocrx_word' id='word_1_705' title='bbox 443 4550 537 4622; x_wconf 92' lang='lat' dir='ltr'><strong>qui</strong></span> <span class='ocrx_word' id='word_1_706' title='bbox 565 4566 672 4606; x_wconf 89' lang='lat' dir='ltr'><strong>non</strong></span> <span class='ocrx_word' id='word_1_707' title='bbox 700 4550 884 4616; x_wconf 88' lang='lat' dir='ltr'><strong>habet,</strong></span> <span class='ocrx_word' id='word_1_708' title='bbox 918 4549 973 4605; x_wconf 88' lang='lat' dir='ltr'><strong>id</strong></span> <span class='ocrx_word' id='word_1_709' title='bbox 1019 4558 1106 4605; x_wconf 92' lang='lat' dir='ltr'><strong>est</strong></span> <span class='ocrx_word' id='word_1_710' title='bbox 1149 4563 1339 4604; x_wconf 90' lang='lat' dir='ltr'><strong>veram</strong></span> <span class='ocrx_word' id='word_1_711' title='bbox 1386 4556 1442 4604; x_wconf 90' lang='lat' dir='ltr'><strong>et</strong></span> <span class='ocrx_word' id='word_1_712' title='bbox 1487 4557 1691 4604; x_wconf 87' lang='lat' dir='ltr'><strong>rectam</strong></span> <span class='ocrx_word' id='word_1_713' title='bbox 1728 4620 1753 4623; x_wconf 80' lang='lat'><strong><em>_</em></strong></span> <span class='ocrx_word' id='word_1_714' title='bbox 1800 4544 2085 4604; x_wconf 82' lang='lat' dir='ltr'><strong>diﬁicnltas</strong></span> <span class='ocrx_word' id='word_1_715' title='bbox 2144 4553 2229 4601; x_wconf 91' lang='lat' dir='ltr'><strong>est</strong></span> <span class='ocrx_word' id='word_1_716' title='bbox 2291 4544 2346 4599; x_wconf 90' lang='lat' dir='ltr'><strong>in</strong></span> <span class='ocrx_word' id='word_1_717' title='bbox 2407 4542 2707 4609; x_wconf 81' lang='lat' dir='ltr'><strong>Hebraico,</strong></span> <span class='ocrx_word' id='word_1_718' title='bbox 2754 4541 3027 4612; x_wconf 87' lang='lat' dir='ltr'><strong>quomodo</strong></span> <span class='ocrx_word' id='word_1_719' title='bbox 3072 4541 3188 4611; x_wconf 89' lang='lat' dir='ltr'><strong>ipse</strong></span> <span class='ocrx_word' id='word_1_720' title='bbox 3246 4540 3390 4597; x_wconf 86' lang='lat' dir='ltr'><strong>Deus</strong></span> 
     </span>
    </p>
   </div>
   <div class='ocr_carea' id='block_1_90' title="bbox 82 4620 3388 4715">
    <p class='ocr_par' dir='ltr' id='par_1_90' title="bbox 82 4620 3388 4715">
     <span class='ocr_line' id='line_1_90' title="bbox 82 4620 3388 4715; baseline -0.005 -12"><span class='ocrx_word' id='word_1_721' title='bbox 82 4620 288 4712; x_wconf 57' lang='lat' dir='ltr'><strong>ﬁdem,</strong></span> <span class='ocrx_word' id='word_1_722' title='bbox 318 4620 479 4715; x_wconf 79' lang='lat' dir='ltr'><strong>quod</strong></span> <span class='ocrx_word' id='word_1_723' title='bbox 497 4643 661 4702; x_wconf 85' lang='lat' dir='ltr'><strong>habet</strong></span> <span class='ocrx_word' id='word_1_724' title='bbox 690 4641 967 4700; x_wconf 80' lang='lat' dir='ltr'><strong>auferetur</strong></span> <span class='ocrx_word' id='word_1_725' title='bbox 995 4643 1064 4699; x_wconf 89' lang='lat' dir='ltr'><strong>ab</strong></span> <span class='ocrx_word' id='word_1_726' title='bbox 1109 4658 1195 4699; x_wconf 92' lang='lat' dir='ltr'><strong>eo.</strong></span> <span class='ocrx_word' id='word_1_727' title='bbox 1232 4643 1616 4700; x_wconf 80' lang='lat' dir='ltr'><strong>Verumtamen</strong></span> <span class='ocrx_word' id='word_1_728' title='bbox 1664 4654 1696 4698; x_wconf 89' lang='lat' dir='ltr'><strong>e</strong></span> <span class='ocrx_word' id='word_1_729' title='bbox 1722 4620 1774 4682; x_wconf 79' lang='grc' dir='ltr'><strong>Ῑ)</strong></span> <span class='ocrx_word' id='word_1_730' title='bbox 1798 4638 2076 4713; x_wconf 63' lang='lat' dir='ltr'><strong>praecipiat</strong></span> <span class='ocrx_word' id='word_1_731' title='bbox 2106 4634 2324 4710; x_wconf 87' lang='lat' dir='ltr'><strong>populo,</strong></span> <span class='ocrx_word' id='word_1_732' title='bbox 2354 4642 2412 4690; x_wconf 91' lang='lat' dir='ltr'><strong>ut</strong></span> <span class='ocrx_word' id='word_1_733' title='bbox 2438 4633 2624 4690; x_wconf 90' lang='lat' dir='ltr'><strong>auditu</strong></span> <span class='ocrx_word' id='word_1_734' title='bbox 2651 4632 2856 4699; x_wconf 90' lang='lat' dir='ltr'><strong>audiat,</strong></span> <span class='ocrx_word' id='word_1_735' title='bbox 2881 4638 2938 4688; x_wconf 91' lang='lat' dir='ltr'><strong>et</strong></span> <span class='ocrx_word' id='word_1_736' title='bbox 2970 4648 3076 4688; x_wconf 89' lang='lat' dir='ltr'><strong>non</strong></span> <span class='ocrx_word' id='word_1_737' title='bbox 3104 4631 3388 4705; x_wconf 83' lang='lat' dir='ltr'><strong>intelligat,</strong></span> 
     </span>
    </p>
   </div>
   <div class='ocr_carea' id='block_1_91' title="bbox 82 4728 1693 4811">
    <p class='ocr_par' dir='ltr' id='par_1_91' title="bbox 82 4728 1693 4811">
     <span class='ocr_line' id='line_1_91' title="bbox 82 4728 1693 4811; baseline -0.005 -14"><span class='ocrx_word' id='word_1_738' title='bbox 82 4737 387 4797; x_wconf 88' lang='lat' dir='ltr'><strong>contrario</strong></span> <span class='ocrx_word' id='word_1_739' title='bbox 408 4737 498 4795; x_wconf 86' lang='lat' dir='ltr'><strong>hic</strong></span> <span class='ocrx_word' id='word_1_740' title='bbox 525 4737 699 4811; x_wconf 88' lang='lat' dir='ltr'><strong>tangit</strong></span> <span class='ocrx_word' id='word_1_741' title='bbox 716 4735 933 4793; x_wconf 75' lang='lat' dir='ltr'><strong>Judzeos</strong></span> <span class='ocrx_word' id='word_1_742' title='bbox 962 4736 1052 4807; x_wconf 92' lang='lat' dir='ltr'><strong>qui</strong></span> <span class='ocrx_word' id='word_1_743' title='bbox 1084 4728 1455 4809; x_wconf 87' lang='lat' dir='ltr'><strong>gloriabantur</strong></span> <span class='ocrx_word' id='word_1_744' title='bbox 1476 4736 1530 4791; x_wconf 90' lang='lat' dir='ltr'><strong>in</strong></span> <span class='ocrx_word' id='word_1_745' title='bbox 1556 4733 1693 4808; x_wconf 80' lang='lat' dir='ltr'><strong>lege,</strong></span> 
     </span>
    </p>
   </div>
   <div class='ocr_carea' id='block_1_92' title="bbox 81 4828 1698 4900">
    <p class='ocr_par' dir='ltr' id='par_1_92' title="bbox 81 4828 1698 4900">
     <span class='ocr_line' id='line_1_92' title="bbox 81 4828 1698 4900; baseline -0.003 -13"><span class='ocrx_word' id='word_1_746' title='bbox 81 4838 145 4888; x_wconf 92' lang='lat' dir='ltr'><strong>et</strong></span> <span class='ocrx_word' id='word_1_747' title='bbox 176 4829 407 4887; x_wconf 87' lang='lat' dir='ltr'><strong>turbam</strong></span> <span class='ocrx_word' id='word_1_748' title='bbox 454 4830 510 4886; x_wconf 90' lang='lat' dir='ltr'><strong>in</strong></span> <span class='ocrx_word' id='word_1_749' title='bbox 549 4829 824 4900; x_wconf 89' lang='lat' dir='ltr'><strong>parabolis</strong></span> <span class='ocrx_word' id='word_1_750' title='bbox 851 4828 1183 4897; x_wconf 89' lang='lat' dir='ltr'><strong>audientem,</strong></span> <span class='ocrx_word' id='word_1_751' title='bbox 1216 4829 1342 4900; x_wconf 89' lang='lat' dir='ltr'><strong>quia</strong></span> <span class='ocrx_word' id='word_1_752' title='bbox 1375 4828 1535 4885; x_wconf 89' lang='lat' dir='ltr'><strong>ﬁdem</strong></span> <span class='ocrx_word' id='word_1_753' title='bbox 1577 4842 1698 4898; x_wconf 70' lang='lat' dir='ltr'><strong>qua:</strong></span> 
     </span>
    </p>
   </div>
   <div class='ocr_carea' id='block_1_93' title="bbox 80 4920 1697 4994">
    <p class='ocr_par' dir='ltr' id='par_1_93' title="bbox 80 4920 1697 4994">
     <span class='ocr_line' id='line_1_93' title="bbox 80 4920 1697 4994; baseline -0.002 -14"><span class='ocrx_word' id='word_1_754' title='bbox 80 4924 142 4980; x_wconf 90' lang='lat' dir='ltr'><strong>in</strong></span> <span class='ocrx_word' id='word_1_755' title='bbox 205 4921 439 4980; x_wconf 85' lang='lat' dir='ltr'><strong>Christo</strong></span> <span class='ocrx_word' id='word_1_756' title='bbox 487 4935 575 4982; x_wconf 88' lang='lat' dir='ltr'><strong>est</strong></span> <span class='ocrx_word' id='word_1_757' title='bbox 628 4922 861 4981; x_wconf 88' lang='lat' dir='ltr'><strong>necdum</strong></span> <span class='ocrx_word' id='word_1_758' title='bbox 917 4923 1207 4980; x_wconf 87' lang='lat' dir='ltr'><strong>habebant.</strong></span> <span class='ocrx_word' id='word_1_759' title='bbox 1259 4923 1384 4979; x_wconf 84' lang='lat' dir='ltr'><strong>ideo</strong></span> <span class='ocrx_word' id='word_1_760' title='bbox 1438 4920 1697 4994; x_wconf 91' lang='lat' dir='ltr'><strong>quidquid</strong></span> 
     </span>
    </p>
   </div>
   <div class='ocr_carea' id='block_1_94' title="bbox 76 5010 1698 5089">
    <p class='ocr_par' dir='ltr' id='par_1_94' title="bbox 76 5010 1698 5089">
     <span class='ocr_line' id='line_1_94' title="bbox 76 5010 1698 5089; baseline -0.004 -18"><span class='ocrx_word' id='word_1_761' title='bbox 76 5030 191 5089; x_wconf 85' lang='lat' dir='ltr'><strong>per</strong></span> <span class='ocrx_word' id='word_1_762' title='bbox 240 5013 422 5088; x_wconf 84' lang='lat' dir='ltr'><strong>legem</strong></span> <span class='ocrx_word' id='word_1_763' title='bbox 472 5014 850 5087; x_wconf 89' lang='lat' dir='ltr'><strong>possederant,</strong></span> <span class='ocrx_word' id='word_1_764' title='bbox 905 5013 1184 5071; x_wconf 82' lang='lat' dir='ltr'><strong>auferetur</strong></span> <span class='ocrx_word' id='word_1_765' title='bbox 1234 5012 1304 5069; x_wconf 85' lang='lat' dir='ltr'><strong>ab</strong></span> <span class='ocrx_word' id='word_1_766' title='bbox 1343 5012 1445 5069; x_wconf 89' lang='lat' dir='ltr'><strong>eis.</strong></span> <span class='ocrx_word' id='word_1_767' title='bbox 1502 5010 1698 5084; x_wconf 89' lang='lat' dir='ltr'><strong>Tangit</strong></span> 
     </span>
    </p>
   </div>
   <div class='ocr_carea' id='block_1_95' title="bbox 80 5104 1691 5181">
    <p class='ocr_par' dir='ltr' id='par_1_95' title="bbox 80 5104 1691 5181">
     <span class='ocr_line' id='line_1_95' title="bbox 80 5104 1691 5181; baseline -0.004 -17"><span class='ocrx_word' id='word_1_768' title='bbox 80 5108 276 5164; x_wconf 85' lang='lat' dir='ltr'><strong>etiam</strong></span> <span class='ocrx_word' id='word_1_769' title='bbox 322 5114 383 5162; x_wconf 90' lang='lat' dir='ltr'><strong>et</strong></span> <span class='ocrx_word' id='word_1_770' title='bbox 420 5120 517 5167; x_wconf 85' lang='lat' dir='ltr'><strong>eos</strong></span> <span class='ocrx_word' id='word_1_771' title='bbox 561 5107 654 5181; x_wconf 92' lang='lat' dir='ltr'><strong>qui</strong></span> <span class='ocrx_word' id='word_1_772' title='bbox 684 5105 940 5162; x_wconf 88' lang='lat' dir='ltr'><strong>videntur</strong></span> <span class='ocrx_word' id='word_1_773' title='bbox 964 5106 1165 5164; x_wconf 87' lang='lat' dir='ltr'><strong>habere</strong></span> <span class='ocrx_word' id='word_1_774' title='bbox 1207 5119 1309 5177; x_wconf 90' lang='lat' dir='ltr'><strong>per</strong></span> <span class='ocrx_word' id='word_1_775' title='bbox 1340 5113 1548 5160; x_wconf 70' lang='lat' dir='ltr'><strong>natura:</strong></span> <span class='ocrx_word' id='word_1_776' title='bbox 1591 5104 1691 5159; x_wconf 86' lang='lat' dir='ltr'><strong>bo-</strong></span> 
     </span>
    </p>
   </div>
   <div class='ocr_carea' id='block_1_96' title="bbox 80 5194 1694 5269">
    <p class='ocr_par' dir='ltr' id='par_1_96' title="bbox 80 5194 1694 5269">
     <span class='ocr_line' id='line_1_96' title="bbox 80 5194 1694 5269; baseline -0.006 -10"><span class='ocrx_word' id='word_1_777' title='bbox 80 5216 228 5259; x_wconf 88' lang='lat' dir='ltr'><strong>nnm</strong></span> <span class='ocrx_word' id='word_1_778' title='bbox 287 5209 439 5256; x_wconf 80' lang='lat' dir='ltr'><strong>certe</strong></span> <span class='ocrx_word' id='word_1_779' title='bbox 485 5207 579 5257; x_wconf 88' lang='lat' dir='ltr'><strong>aut</strong></span> <span class='ocrx_word' id='word_1_780' title='bbox 622 5199 907 5259; x_wconf 86' lang='lat' dir='ltr'><strong>simulatas</strong></span> <span class='ocrx_word' id='word_1_781' title='bbox 950 5199 1066 5255; x_wconf 89' lang='lat' dir='ltr'><strong>sine</strong></span> <span class='ocrx_word' id='word_1_782' title='bbox 1112 5198 1218 5255; x_wconf 86' lang='lat' dir='ltr'><strong>ﬁde</strong></span> <span class='ocrx_word' id='word_1_783' title='bbox 1264 5199 1521 5263; x_wconf 87' lang='lat' dir='ltr'><strong>virtutes,</strong></span> <span class='ocrx_word' id='word_1_784' title='bbox 1567 5194 1694 5269; x_wconf 90' lang='lat' dir='ltr'><strong>quia</strong></span> 
     </span>
    </p>
   </div>
   <div class='ocr_carea' id='block_1_97' title="bbox 78 5287 1697 5365">
    <p class='ocr_par' dir='ltr' id='par_1_97' title="bbox 78 5287 1697 5365">
     <span class='ocr_line' id='line_1_97' title="bbox 78 5287 1697 5365; baseline -0.006 -12"><span class='ocrx_word' id='word_1_785' title='bbox 78 5294 427 5353; x_wconf 72' lang='lat' dir='ltr'><strong>auferantur</strong></span> <span class='ocrx_word' id='word_1_786' title='bbox 471 5294 541 5351; x_wconf 85' lang='lat' dir='ltr'><strong>ab</strong></span> <span class='ocrx_word' id='word_1_787' title='bbox 588 5293 699 5361; x_wconf 83' lang='lat' dir='ltr'><strong>eis;</strong></span> <span class='ocrx_word' id='word_1_788' title='bbox 751 5293 1009 5365; x_wconf 89' lang='lat' dir='ltr'><strong>quoniam</strong></span> <span class='ocrx_word' id='word_1_789' title='bbox 1068 5292 1180 5349; x_wconf 87' lang='lat' dir='ltr'><strong>sine</strong></span> <span class='ocrx_word' id='word_1_790' title='bbox 1231 5291 1338 5362; x_wconf 73' lang='lat' dir='ltr'><strong>[ide</strong></span> <span class='ocrx_word' id='word_1_791' title='bbox 1383 5287 1697 5362; x_wconf 81' lang='lat' dir='ltr'><strong>impossibile</strong></span> 
     </span>
    </p>
   </div>
   <div class='ocr_carea' id='block_1_98' title="bbox 78 5379 1695 5457">
    <p class='ocr_par' dir='ltr' id='par_1_98' title="bbox 78 5379 1695 5457">
     <span class='ocr_line' id='line_1_98' title="bbox 78 5379 1695 5457; baseline -0.006 -14"><span class='ocrx_word' id='word_1_792' title='bbox 78 5397 165 5443; x_wconf 82' lang='lat' dir='ltr'><strong>est</strong></span> <span class='ocrx_word' id='word_1_793' title='bbox 217 5384 439 5456; x_wconf 86' lang='lat' dir='ltr'><strong>placere</strong></span> <span class='ocrx_word' id='word_1_794' title='bbox 476 5383 588 5439; x_wconf 88' lang='lat' dir='ltr'><strong>Deo</strong></span> <span class='ocrx_word' id='word_1_795' title='bbox 624 5382 784 5457; x_wconf 81' lang='lat' dir='ltr'><strong>(Heb.</strong></span> <span class='ocrx_word' id='word_1_796' title='bbox 816 5399 892 5451; x_wconf 80' lang='grc' dir='ltr'>ιι,</span> <span class='ocrx_word' id='word_1_797' title='bbox 928 5380 1006 5453; x_wconf 87' lang='grc'><strong>6).</strong></span> <span class='ocrx_word' id='word_1_798' title='bbox 1052 5381 1236 5453; x_wconf 82' lang='lat' dir='ltr'><strong>Neque</strong></span> <span class='ocrx_word' id='word_1_799' title='bbox 1282 5389 1510 5453; x_wconf 89' lang='lat' dir='ltr'><strong>possunt</strong></span> <span class='ocrx_word' id='word_1_800' title='bbox 1537 5379 1695 5451; x_wconf 90' lang='lat' dir='ltr'><strong>quid-</strong></span> 
     </span>
    </p>
   </div>
   <div class='ocr_carea' id='block_1_99' title="bbox 76 5470 1697 5550">
    <p class='ocr_par' dir='ltr' id='par_1_99' title="bbox 76 5470 1697 5550">
     <span class='ocr_line' id='line_1_99' title="bbox 76 5470 1697 5550; baseline -0.006 -16"><span class='ocrx_word' id='word_1_801' title='bbox 76 5479 255 5550; x_wconf 81' lang='lat' dir='ltr'><strong>piam</strong></span> <span class='ocrx_word' id='word_1_802' title='bbox 311 5475 588 5547; x_wconf 81' lang='lat' dir='ltr'><strong>sapienter</strong></span> <span class='ocrx_word' id='word_1_803' title='bbox 639 5475 962 5546; x_wconf 87' lang='lat' dir='ltr'><strong>intelligere,</strong></span> <span class='ocrx_word' id='word_1_804' title='bbox 1018 5473 1111 5545; x_wconf 90' lang='lat' dir='ltr'><strong>qui</strong></span> <span class='ocrx_word' id='word_1_805' title='bbox 1160 5480 1325 5545; x_wconf 89' lang='lat' dir='ltr'><strong>caput</strong></span> <span class='ocrx_word' id='word_1_806' title='bbox 1376 5470 1537 5544; x_wconf 81' lang='lat'><strong>577</strong></span> <span class='ocrx_word' id='word_1_807' title='bbox 1592 5484 1697 5525; x_wconf 91' lang='lat' dir='ltr'><strong>non</strong></span> 
     </span>
    </p>
   </div>
   <div class='ocr_carea' id='block_1_100' title="bbox 1800 4720 3390 4796">
    <p class='ocr_par' dir='ltr' id='par_1_100' title="bbox 1800 4720 3390 4796">
     <span class='ocr_line' id='line_1_100' title="bbox 1800 4720 3390 4796; baseline -0.008 -7"><span class='ocrx_word' id='word_1_808' title='bbox 1800 4741 1855 4789; x_wconf 93' lang='lat' dir='ltr'><strong>et</strong></span> <span class='ocrx_word' id='word_1_809' title='bbox 1882 4728 2071 4787; x_wconf 87' lang='lat' dir='ltr'><strong>videns</strong></span> <span class='ocrx_word' id='word_1_810' title='bbox 2096 4728 2296 4795; x_wconf 88' lang='lat' dir='ltr'><strong>videat,</strong></span> <span class='ocrx_word' id='word_1_811' title='bbox 2322 4735 2377 4783; x_wconf 87' lang='lat' dir='ltr'><strong>et</strong></span> <span class='ocrx_word' id='word_1_812' title='bbox 2403 4741 2509 4782; x_wconf 89' lang='lat' dir='ltr'><strong>non</strong></span> <span class='ocrx_word' id='word_1_813' title='bbox 2539 4730 2827 4796; x_wconf 87' lang='lat' dir='ltr'><strong>agnoscat;</strong></span> <span class='ocrx_word' id='word_1_814' title='bbox 2858 4720 2942 4780; x_wconf 90' lang='lat' dir='ltr'><strong>vel</strong></span> <span class='ocrx_word' id='word_1_815' title='bbox 2964 4725 3233 4795; x_wconf 88' lang='lat' dir='ltr'><strong>quomodo</strong></span> <span class='ocrx_word' id='word_1_816' title='bbox 3260 4721 3390 4777; x_wconf 87' lang='lat' dir='ltr'><strong>Pro-</strong></span> 
     </span>
    </p>
   </div>
   <div class='ocr_carea' id='block_1_101' title="bbox 1797 4817 3382 4897">
    <p class='ocr_par' dir='ltr' id='par_1_101' title="bbox 1797 4817 3382 4897">
     <span class='ocr_line' id='line_1_101' title="bbox 1797 4817 3382 4897; baseline -0.006 -16"><span class='ocrx_word' id='word_1_817' title='bbox 1797 4824 1960 4897; x_wconf 86' lang='lat' dir='ltr'><strong>pheta</strong></span> <span class='ocrx_word' id='word_1_818' title='bbox 1986 4823 2359 4880; x_wconf 75' lang='lat' dir='ltr'><strong>introducatur</strong></span> <span class='ocrx_word' id='word_1_819' title='bbox 2377 4820 2444 4875; x_wconf 88' lang='lat' dir='ltr'><strong>ad</strong></span> <span class='ocrx_word' id='word_1_820' title='bbox 2470 4818 2759 4874; x_wconf 86' lang='lat' dir='ltr'><strong>Dominum</strong></span> <span class='ocrx_word' id='word_1_821' title='bbox 2783 4817 2896 4873; x_wconf 91' lang='lat' dir='ltr'><strong>suis</strong></span> <span class='ocrx_word' id='word_1_822' title='bbox 2918 4817 3167 4889; x_wconf 84' lang='lat' dir='ltr'><strong>precibus</strong></span> <span class='ocrx_word' id='word_1_823' title='bbox 3187 4832 3382 4888; x_wconf 81' lang='lat' dir='ltr'><strong>agens;</strong></span> 
     </span>
    </p>
   </div>
   <div class='ocr_carea' id='block_1_102' title="bbox 1798 4906 3388 4982">
    <p class='ocr_par' dir='ltr' id='par_1_102' title="bbox 1798 4906 3388 4982">
     <span class='ocr_line' id='line_1_102' title="bbox 1798 4906 3388 4982; baseline -0.007 -14"><span class='ocrx_word' id='word_1_824' title='bbox 1798 4910 2047 4977; x_wconf 74' lang='lat' dir='ltr'><strong>Excwca,</strong></span> <span class='ocrx_word' id='word_1_825' title='bbox 2094 4910 2301 4982; x_wconf 88' lang='lat' dir='ltr'><strong>inquit,</strong></span> <span class='ocrx_word' id='word_1_826' title='bbox 2333 4925 2426 4964; x_wconf 89' lang='lat' dir='ltr'><strong>cor</strong></span> <span class='ocrx_word' id='word_1_827' title='bbox 2457 4906 2636 4979; x_wconf 79' lang='lat' dir='ltr'><strong>populi</strong></span> <span class='ocrx_word' id='word_1_828' title='bbox 2664 4907 2845 4979; x_wconf 84' lang='lat' dir='ltr'><strong>hujus,</strong></span> <span class='ocrx_word' id='word_1_829' title='bbox 2873 4906 2919 4961; x_wconf 79' lang='lat' dir='ltr'><strong>e&#39;t</strong></span> <span class='ocrx_word' id='word_1_830' title='bbox 2958 4924 3112 4962; x_wconf 83' lang='lat' dir='ltr'><strong>aures</strong></span> <span class='ocrx_word' id='word_1_831' title='bbox 3150 4906 3264 4978; x_wconf 87' lang='lat' dir='ltr'><strong>ejus</strong></span> <span class='ocrx_word' id='word_1_832' title='bbox 3301 4922 3388 4976; x_wconf 82' lang='lat' dir='ltr'><strong>ag-</strong></span> 
     </span>
    </p>
   </div>
   <div class='ocr_carea' id='block_1_103' title="bbox 1796 4992 3388 5075">
    <p class='ocr_par' dir='ltr' id='par_1_103' title="bbox 1796 4992 3388 5075">
     <span class='ocr_line' id='line_1_103' title="bbox 1796 4992 3388 5075; baseline -0.004 -17"><span class='ocrx_word' id='word_1_833' title='bbox 1796 5020 1979 5075; x_wconf 77' lang='lat' dir='ltr'><strong>grava,</strong></span> <span class='ocrx_word' id='word_1_834' title='bbox 2022 5008 2070 5057; x_wconf 85' lang='lat' dir='ltr'><strong>et</strong></span> <span class='ocrx_word' id='word_1_835' title='bbox 2098 5002 2276 5057; x_wconf 83' lang='lat' dir='ltr'><strong>oculos</strong></span> <span class='ocrx_word' id='word_1_836' title='bbox 2317 4998 2431 5071; x_wconf 87' lang='lat' dir='ltr'><strong>ejus</strong></span> <span class='ocrx_word' id='word_1_837' title='bbox 2473 4998 2693 5065; x_wconf 85' lang='lat' dir='ltr'><strong>claude;</strong></span> <span class='ocrx_word' id='word_1_838' title='bbox 2733 5012 2798 5055; x_wconf 84' lang='lat' dir='ltr'><strong>ne</strong></span> <span class='ocrx_word' id='word_1_839' title='bbox 2836 4996 2973 5071; x_wconf 77' lang='lat' dir='ltr'><strong>forte</strong></span> <span class='ocrx_word' id='word_1_840' title='bbox 3014 4999 3183 5053; x_wconf 86' lang='lat' dir='ltr'><strong>videat</strong></span> <span class='ocrx_word' id='word_1_841' title='bbox 3222 4992 3388 5052; x_wconf 84' lang='lat' dir='ltr'><strong>oculis</strong></span> 
     </span>
    </p>
   </div>
   <div class='ocr_carea' id='block_1_104' title="bbox 1796 5082 3390 5164">
    <p class='ocr_par' dir='ltr' id='par_1_104' title="bbox 1796 5082 3390 5164">
     <span class='ocr_line' id='line_1_104' title="bbox 1796 5082 3390 5164; baseline -0.006 -10"><span class='ocrx_word' id='word_1_842' title='bbox 1796 5098 1925 5164; x_wconf 87' lang='lat' dir='ltr'><strong>suis,</strong></span> <span class='ocrx_word' id='word_1_843' title='bbox 1956 5106 2006 5152; x_wconf 87' lang='lat' dir='ltr'><strong>et</strong></span> <span class='ocrx_word' id='word_1_844' title='bbox 2037 5095 2256 5151; x_wconf 87' lang='lat' dir='ltr'><strong>auribus</strong></span> <span class='ocrx_word' id='word_1_845' title='bbox 2282 5093 2504 5160; x_wconf 89' lang='lat' dir='ltr'><strong>audiat,</strong></span> <span class='ocrx_word' id='word_1_846' title='bbox 2541 5103 2591 5149; x_wconf 87' lang='lat' dir='ltr'><strong>et</strong></span> <span class='ocrx_word' id='word_1_847' title='bbox 2619 5082 2777 5149; x_wconf 87' lang='lat' dir='ltr'><strong>corde</strong></span> <span class='ocrx_word' id='word_1_848' title='bbox 2809 5090 3060 5162; x_wconf 83' lang='lat' dir='ltr'><strong>intelligat</strong></span> <span class='ocrx_word' id='word_1_849' title='bbox 3090 5096 3140 5146; x_wconf 87' lang='lat' dir='ltr'><strong>et</strong></span> <span class='ocrx_word' id='word_1_850' title='bbox 3184 5106 3390 5145; x_wconf 85' lang='lat' dir='ltr'><strong>conver-</strong></span> 
     </span>
    </p>
   </div>
   <div class='ocr_carea' id='block_1_105' title="bbox 1798 5174 3389 5257">
    <p class='ocr_par' dir='ltr' id='par_1_105' title="bbox 1798 5174 3389 5257">
     <span class='ocr_line' id='line_1_105' title="bbox 1798 5174 3389 5257; baseline -0.005 -12"><span class='ocrx_word' id='word_1_851' title='bbox 1798 5200 1943 5245; x_wconf 87' lang='lat' dir='ltr'><strong>tatur</strong></span> <span class='ocrx_word' id='word_1_852' title='bbox 1967 5204 2029 5241; x_wconf 90' lang='lat' dir='ltr'><strong>ac</strong></span> <span class='ocrx_word' id='word_1_853' title='bbox 2053 5196 2270 5241; x_wconf 86' lang='lat' dir='ltr'><strong>sanetur</strong></span> <span class='ocrx_word' id='word_1_854' title='bbox 2301 5182 2434 5257; x_wconf 87' lang='lat' dir='ltr'><strong>(Isa.</strong></span> <span class='ocrx_word' id='word_1_855' title='bbox 2462 5200 2539 5251; x_wconf 84' lang='lat' dir='ltr'><strong>Vt,</strong></span> <span class='ocrx_word' id='word_1_856' title='bbox 2564 5182 2672 5254; x_wconf 82' lang='grc'><strong>10).</strong></span> <span class='ocrx_word' id='word_1_857' title='bbox 2702 5183 2857 5252; x_wconf 83' lang='lat' dir='ltr'><strong>Quod</strong></span> <span class='ocrx_word' id='word_1_858' title='bbox 2886 5174 2933 5239; x_wconf 83' lang='lat' dir='ltr'><strong>si</strong></span> <span class='ocrx_word' id='word_1_859' title='bbox 2973 5178 3155 5238; x_wconf 84' lang='lat' dir='ltr'><strong>divino</strong></span> <span class='ocrx_word' id='word_1_860' title='bbox 3180 5176 3389 5251; x_wconf 79' lang='lat' dir='ltr'><strong>judicio</strong></span> 
     </span>
    </p>
   </div>
   <div class='ocr_carea' id='block_1_106' title="bbox 1798 5273 3387 5346">
    <p class='ocr_par' dir='ltr' id='par_1_106' title="bbox 1798 5273 3387 5346">
     <span class='ocr_line' id='line_1_106' title="bbox 1798 5273 3387 5346; baseline -0.004 -10"><span class='ocrx_word' id='word_1_861' title='bbox 1798 5278 1999 5336; x_wconf 73' lang='lat' dir='ltr'><strong>factum</strong></span> <span class='ocrx_word' id='word_1_862' title='bbox 2029 5285 2134 5344; x_wconf 87' lang='lat' dir='ltr'><strong>est,</strong></span> <span class='ocrx_word' id='word_1_863' title='bbox 2164 5286 2218 5331; x_wconf 93' lang='lat' dir='ltr'><strong>et</strong></span> <span class='ocrx_word' id='word_1_864' title='bbox 2254 5275 2595 5341; x_wconf 87' lang='lat' dir='ltr'><strong>auctoritate,</strong></span> <span class='ocrx_word' id='word_1_865' title='bbox 2624 5273 2766 5346; x_wconf 91' lang='lat' dir='ltr'><strong>quod</strong></span> <span class='ocrx_word' id='word_1_866' title='bbox 2798 5275 3119 5346; x_wconf 90' lang='lat' dir='ltr'><strong>imperatum</strong></span> <span class='ocrx_word' id='word_1_867' title='bbox 3147 5280 3251 5341; x_wconf 89' lang='lat' dir='ltr'><strong>est,</strong></span> <span class='ocrx_word' id='word_1_868' title='bbox 3280 5288 3387 5330; x_wconf 86' lang='lat' dir='ltr'><strong>non</strong></span> 
     </span>
    </p>
   </div>
   <div class='ocr_carea' id='block_1_107' title="bbox 1800 5364 3391 5440">
    <p class='ocr_par' dir='ltr' id='par_1_107' title="bbox 1800 5364 3391 5440">
     <span class='ocr_line' id='line_1_107' title="bbox 1800 5364 3391 5440; baseline -0.003 -12"><span class='ocrx_word' id='word_1_869' title='bbox 1800 5371 1960 5428; x_wconf 83' lang='lat' dir='ltr'><strong>video</strong></span> <span class='ocrx_word' id='word_1_870' title='bbox 1989 5386 2083 5428; x_wconf 86' lang='lat' dir='ltr'><strong>eos</strong></span> <span class='ocrx_word' id='word_1_871' title='bbox 2112 5384 2235 5426; x_wconf 89' lang='lat' dir='ltr'><strong>esse</strong></span> <span class='ocrx_word' id='word_1_872' title='bbox 2279 5369 2334 5424; x_wconf 91' lang='lat' dir='ltr'><strong>in</strong></span> <span class='ocrx_word' id='word_1_873' title='bbox 2364 5367 2520 5440; x_wconf 90' lang='lat' dir='ltr'><strong>culpa</strong></span> <span class='ocrx_word' id='word_1_874' title='bbox 2560 5367 2652 5439; x_wconf 90' lang='lat' dir='ltr'><strong>qui</strong></span> <span class='ocrx_word' id='word_1_875' title='bbox 2683 5382 2791 5421; x_wconf 87' lang='lat' dir='ltr'><strong>non</strong></span> <span class='ocrx_word' id='word_1_876' title='bbox 2834 5364 3041 5431; x_wconf 87' lang='lat' dir='ltr'><strong>vident,</strong></span> <span class='ocrx_word' id='word_1_877' title='bbox 3084 5364 3177 5420; x_wconf 85' lang='lat' dir='ltr'><strong>sed</strong></span> <span class='ocrx_word' id='word_1_878' title='bbox 3218 5366 3391 5439; x_wconf 86' lang='lat' dir='ltr'><strong>magis</strong></span> 
     </span>
    </p>
   </div>
   <div class='ocr_carea' id='block_1_108' title="bbox 1805 5457 3391 5536">
    <p class='ocr_par' dir='ltr' id='par_1_108' title="bbox 1805 5457 3391 5536">
     <span class='ocr_line' id='line_1_108' title="bbox 1805 5457 3391 5536; baseline -0.003 -16"><span class='ocrx_word' id='word_1_879' title='bbox 1805 5460 1894 5520; x_wconf 90' lang='lat' dir='ltr'><strong>ille</strong></span> <span class='ocrx_word' id='word_1_880' title='bbox 1935 5462 2026 5536; x_wconf 89' lang='lat' dir='ltr'><strong>qui</strong></span> <span class='ocrx_word' id='word_1_881' title='bbox 2054 5462 2348 5520; x_wconf 63' lang='lat' dir='ltr'><strong>excaecavit</strong></span> <span class='ocrx_word' id='word_1_882' title='bbox 2394 5475 2510 5528; x_wconf 90' lang='lat' dir='ltr'><strong>eos,</strong></span> <span class='ocrx_word' id='word_1_883' title='bbox 2539 5469 2595 5517; x_wconf 91' lang='lat' dir='ltr'><strong>et</strong></span> <span class='ocrx_word' id='word_1_884' title='bbox 2641 5458 2791 5514; x_wconf 83' lang='lat' dir='ltr'><strong>dedit</strong></span> <span class='ocrx_word' id='word_1_885' title='bbox 2828 5457 3016 5513; x_wconf 89' lang='lat' dir='ltr'><strong>oculos</strong></span> <span class='ocrx_word' id='word_1_886' title='bbox 3045 5458 3114 5515; x_wconf 89' lang='lat' dir='ltr'><strong>ad</strong></span> <span class='ocrx_word' id='word_1_887' title='bbox 3159 5474 3265 5514; x_wconf 90' lang='lat' dir='ltr'><strong>non</strong></span> <span class='ocrx_word' id='word_1_888' title='bbox 3308 5458 3391 5515; x_wconf 86' lang='lat' dir='ltr'><strong>vi-</strong></span> 
     </span>
    </p>
   </div>
   <div class='ocr_carea' id='block_1_109' title="bbox 79 5546 3389 5644">
    <p class='ocr_par' dir='ltr' id='par_1_109' title="bbox 79 5546 3389 5644">
     <span class='ocr_line' id='line_1_109' title="bbox 79 5546 3389 5644; baseline -0.004 -29"><span class='ocrx_word' id='word_1_889' title='bbox 79 5546 320 5632; x_wconf 58' lang='lat' dir='ltr'><strong>m“;</strong></span> <span class='ocrx_word' id='word_1_890' title='bbox 359 5546 417 5628; x_wconf 51' lang='grc' dir='ltr'><strong>εἰ,</strong></span> <span class='ocrx_word' id='word_1_891' title='bbox 469 5586 530 5629; x_wconf 60' lang='lat' dir='ltr'><strong>se</strong></span> <span class='ocrx_word' id='word_1_892' title='bbox 584 5571 885 5644; x_wconf 46' lang='lat' dir='ltr'><strong>sapientia,</strong></span> <span class='ocrx_word' id='word_1_893' title='bbox 938 5569 1045 5627; x_wconf 68' lang='lat' dir='ltr'><strong>sed</strong></span> <span class='ocrx_word' id='word_1_894' title='bbox 1084 5584 1153 5626; x_wconf 66' lang='grc' dir='ltr'><strong>ηε</strong></span> <span class='ocrx_word' id='word_1_895' title='bbox 1202 5567 1341 5625; x_wconf 55' lang='lat' dir='ltr'><strong>forte</strong></span> <span class='ocrx_word' id='word_1_896' title='bbox 1394 5566 1591 5638; x_wconf 66' lang='lat' dir='ltr'><strong>aliquis</strong></span> <span class='ocrx_word' id='word_1_897' title='bbox 1640 5580 1701 5624; x_wconf 60' lang='lat' dir='ltr'><strong>se</strong></span> <span class='ocrx_word' id='word_1_898' title='bbox 1804 5548 2058 5612; x_wconf 80' lang='lat' dir='ltr'><strong>dentium.</strong></span> <span class='ocrx_word' id='word_1_899' title='bbox 2088 5550 2240 5612; x_wconf 89' lang='lat' dir='ltr'><strong>Unde</strong></span> <span class='ocrx_word' id='word_1_900' title='bbox 2268 5551 2618 5644; x_wconf 87' lang='lat' dir='ltr'><strong>Septuaginta</strong></span> <span class='ocrx_word' id='word_1_901' title='bbox 2648 5548 2820 5644; x_wconf 77' lang='lat' dir='ltr'><strong>magis</strong></span> <span class='ocrx_word' id='word_1_902' title='bbox 2848 5546 3076 5603; x_wconf 87' lang='lat' dir='ltr'><strong>liberum</strong></span> <span class='ocrx_word' id='word_1_903' title='bbox 3106 5546 3389 5604; x_wconf 86' lang='lat' dir='ltr'><strong>arbitrium</strong></span> 
     </span>
    </p>
   </div>
   <div class='ocr_carea' id='block_1_110' title="bbox 77 5661 1700 5738">
    <p class='ocr_par' dir='ltr' id='par_1_110' title="bbox 77 5661 1700 5738">
     <span class='ocr_line' id='line_1_110' title="bbox 77 5661 1700 5738; baseline -0.002 -17"><span class='ocrx_word' id='word_1_904' title='bbox 77 5671 263 5738; x_wconf 83' lang='lat' dir='ltr'><strong>putet</strong></span> <span class='ocrx_word' id='word_1_905' title='bbox 306 5662 471 5720; x_wconf 76' lang='lat' dir='ltr'><strong>ﬁdem</strong></span> <span class='ocrx_word' id='word_1_906' title='bbox 520 5664 722 5721; x_wconf 89' lang='lat' dir='ltr'><strong>habere</strong></span> <span class='ocrx_word' id='word_1_907' title='bbox 768 5679 891 5722; x_wconf 85' lang='lat' dir='ltr'><strong>eum</strong></span> <span class='ocrx_word' id='word_1_908' title='bbox 939 5663 1112 5721; x_wconf 88' lang='lat' dir='ltr'><strong>credit</strong></span> <span class='ocrx_word' id='word_1_909' title='bbox 1150 5664 1203 5719; x_wconf 88' lang='lat' dir='ltr'><strong>in</strong></span> <span class='ocrx_word' id='word_1_910' title='bbox 1252 5662 1547 5726; x_wconf 85' lang='lat' dir='ltr'><strong>Christum,</strong></span> <span class='ocrx_word' id='word_1_911' title='bbox 1584 5661 1700 5718; x_wconf 88' lang='lat' dir='ltr'><strong>sine</strong></span> 
     </span>
    </p>
   </div>
   <div class='ocr_carea' id='block_1_111' title="bbox 80 5751 1700 5828">
    <p class='ocr_par' dir='ltr' id='par_1_111' title="bbox 80 5751 1700 5828">
     <span class='ocr_line' id='line_1_111' title="bbox 80 5751 1700 5828; baseline -0.001 -18"><span class='ocrx_word' id='word_1_912' title='bbox 80 5753 377 5828; x_wconf 78' lang='lat' dir='ltr'><strong>operibus</strong></span> <span class='ocrx_word' id='word_1_913' title='bbox 408 5751 653 5827; x_wconf 60' lang='lat' dir='ltr'><strong>iustitia,</strong></span> <span class='ocrx_word' id='word_1_914' title='bbox 680 5754 838 5821; x_wconf 87' lang='lat' dir='ltr'><strong>sciat,</strong></span> <span class='ocrx_word' id='word_1_915' title='bbox 876 5753 1000 5825; x_wconf 89' lang='lat' dir='ltr'><strong>quia</strong></span> <span class='ocrx_word' id='word_1_916' title='bbox 1037 5752 1255 5828; x_wconf 76' lang='lat' dir='ltr'><strong>siupus</strong></span> <span class='ocrx_word' id='word_1_917' title='bbox 1300 5753 1421 5810; x_wconf 87' lang='lat' dir='ltr'><strong>ﬁdei</strong></span> <span class='ocrx_word' id='word_1_918' title='bbox 1464 5769 1569 5809; x_wconf 92' lang='lat' dir='ltr'><strong>non</strong></span> <span class='ocrx_word' id='word_1_919' title='bbox 1606 5754 1700 5809; x_wconf 86' lang='lat' dir='ltr'><strong>ha-</strong></span> 
     </span>
    </p>
   </div>
   <div class='ocr_carea' id='block_1_112' title="bbox 82 5846 1699 5920">
    <p class='ocr_par' dir='ltr' id='par_1_112' title="bbox 82 5846 1699 5920">
     <span class='ocr_line' id='line_1_112' title="bbox 82 5846 1699 5920; baseline -0.002 -13"><span class='ocrx_word' id='word_1_920' title='bbox 82 5851 217 5920; x_wconf 74' lang='lat' dir='ltr'><strong>bet,</strong></span> <span class='ocrx_word' id='word_1_921' title='bbox 268 5848 407 5906; x_wconf 80' lang='lat' dir='ltr'><strong>ﬁdes</strong></span> <span class='ocrx_word' id='word_1_922' title='bbox 449 5857 662 5906; x_wconf 88' lang='lat' dir='ltr'><strong>mortua</strong></span> <span class='ocrx_word' id='word_1_923' title='bbox 690 5859 794 5907; x_wconf 87' lang='lat' dir='ltr'><strong>est.</strong></span> <span class='ocrx_word' id='word_1_924' title='bbox 824 5847 895 5905; x_wconf 84' lang='lat' dir='ltr'><strong>Et</strong></span> <span class='ocrx_word' id='word_1_925' title='bbox 941 5848 985 5905; x_wconf 88' lang='lat' dir='ltr'><strong>si</strong></span> <span class='ocrx_word' id='word_1_926' title='bbox 1019 5847 1266 5904; x_wconf 88' lang='lat' dir='ltr'><strong>habuerit</strong></span> <span class='ocrx_word' id='word_1_927' title='bbox 1310 5863 1446 5918; x_wconf 89' lang='lat' dir='ltr'><strong>opus</strong></span> <span class='ocrx_word' id='word_1_928' title='bbox 1483 5846 1699 5917; x_wconf 88' lang='lat' dir='ltr'><strong>aliquod</strong></span> 
     </span>
    </p>
   </div>
   <div class='ocr_carea' id='block_1_113' title="bbox 1806 5640 3393 5708">
    <p class='ocr_par' dir='ltr' id='par_1_113' title="bbox 1806 5640 3393 5708">
     <span class='ocr_line' id='line_1_113' title="bbox 1806 5640 3393 5708; baseline -0.007 0"><span class='ocrx_word' id='word_1_929' title='bbox 1806 5664 2026 5708; x_wconf 85' lang='lat' dir='ltr'><strong>servare</strong></span> <span class='ocrx_word' id='word_1_930' title='bbox 2069 5648 2321 5705; x_wconf 83' lang='lat' dir='ltr'><strong>videntur</strong></span> <span class='ocrx_word' id='word_1_931' title='bbox 2365 5658 2488 5702; x_wconf 91' lang='lat' dir='ltr'><strong>cum</strong></span> <span class='ocrx_word' id='word_1_932' title='bbox 2536 5641 2690 5697; x_wconf 91' lang='lat' dir='ltr'><strong>aiunt</strong></span> <span class='ocrx_word' id='word_1_933' title='bbox 2720 5658 2735 5695; x_wconf 89' lang='lat'><strong>:</strong></span> <span class='ocrx_word' id='word_1_934' title='bbox 2769 5640 3129 5698; x_wconf 87' lang='lat' dir='ltr'><strong>lncrassatum</strong></span> <span class='ocrx_word' id='word_1_935' title='bbox 3170 5648 3254 5698; x_wconf 89' lang='lat' dir='ltr'><strong>est</strong></span> <span class='ocrx_word' id='word_1_936' title='bbox 3299 5658 3393 5698; x_wconf 87' lang='lat' dir='ltr'><strong>cor</strong></span> 
     </span>
    </p>
   </div>
   <div class='ocr_carea' id='block_1_114' title="bbox 1804 5728 3393 5815">
    <p class='ocr_par' dir='ltr' id='par_1_114' title="bbox 1804 5728 3393 5815">
     <span class='ocr_line' id='line_1_114' title="bbox 1804 5728 3393 5815; baseline -0.009 -16"><span class='ocrx_word' id='word_1_937' title='bbox 1804 5741 1986 5815; x_wconf 89' lang='lat' dir='ltr'><strong>populi</strong></span> <span class='ocrx_word' id='word_1_938' title='bbox 2015 5732 2196 5810; x_wconf 80' lang='lat' dir='ltr'><strong>huius,</strong></span> <span class='ocrx_word' id='word_1_939' title='bbox 2222 5744 2278 5794; x_wconf 89' lang='lat' dir='ltr'><strong>et</strong></span> <span class='ocrx_word' id='word_1_940' title='bbox 2302 5732 2524 5790; x_wconf 89' lang='lat' dir='ltr'><strong>auribus</strong></span> <span class='ocrx_word' id='word_1_941' title='bbox 2559 5730 2795 5803; x_wconf 85' lang='lat' dir='ltr'><strong>graviter</strong></span> <span class='ocrx_word' id='word_1_942' title='bbox 2827 5728 3133 5799; x_wconf 88' lang='lat' dir='ltr'><strong>audierunt,</strong></span> <span class='ocrx_word' id='word_1_943' title='bbox 3170 5739 3223 5787; x_wconf 87' lang='lat' dir='ltr'><strong>et</strong></span> <span class='ocrx_word' id='word_1_944' title='bbox 3267 5732 3393 5788; x_wconf 70' lang='lat' dir='ltr'><strong>octi-</strong></span> 
     </span>
    </p>
   </div>
   <div class='ocr_carea' id='block_1_115' title="bbox 1806 5820 3394 5903">
    <p class='ocr_par' dir='ltr' id='par_1_115' title="bbox 1806 5820 3394 5903">
     <span class='ocr_line' id='line_1_115' title="bbox 1806 5820 3394 5903; baseline -0.008 -8"><span class='ocrx_word' id='word_1_945' title='bbox 1806 5839 1889 5895; x_wconf 85' lang='lat' dir='ltr'><strong>los</strong></span> <span class='ocrx_word' id='word_1_946' title='bbox 1930 5850 2059 5893; x_wconf 84' lang='lat' dir='ltr'><strong>suos</strong></span> <span class='ocrx_word' id='word_1_947' title='bbox 2100 5836 2560 5903; x_wconf 85' lang='lat' dir='ltr'><strong>compresserunt,</strong></span> <span class='ocrx_word' id='word_1_948' title='bbox 2607 5844 2702 5885; x_wconf 86' lang='lat' dir='ltr'><strong>seu</strong></span> <span class='ocrx_word' id='word_1_949' title='bbox 2749 5837 2962 5885; x_wconf 64' lang='lat' dir='ltr'><strong>caetera.</strong></span> <span class='ocrx_word' id='word_1_950' title='bbox 3032 5820 3105 5883; x_wconf 87' lang='lat' dir='ltr'><strong>Ut</strong></span> <span class='ocrx_word' id='word_1_951' title='bbox 3159 5840 3225 5883; x_wconf 78' lang='lat' dir='ltr'><strong>ex</strong></span> <span class='ocrx_word' id='word_1_952' title='bbox 3280 5820 3394 5884; x_wconf 70' lang='lat' dir='ltr'><strong>suis</strong></span> 
     </span>
    </p>
   </div>
  </div>
