4004 6362
619 354 721 408 487

1420 349 1478 404 S.
1519 347 1874 404 PASCHASII
1915 342 2258 400 RADBERTI
2296 339 2586 397 ABBATIS
2621 335 3072 395 CORBEIENSIS
3779 336 3869 390 488

617 472 826 527 actibus
848 478 995 537 justo
1021 467 1111 521 Dei
1141 465 1366 534 judicio,
1396 467 1461 521 ad
1491 467 1671 521 divina
1712 464 2076 536 intelligenda,
2105 463 2192 517 in-
2220 468 2272 526 Α
2295 477 2473 530 pacem
2499 461 2554 512 in
2577 457 2766 528 popqu
2791 473 2885 510 suo
2914 453 3088 528 (Psat.
3108 467 3326 517 Lxxxtv,
3353 451 3430 522 9).
3457 451 3712 521 Alioquin
3739 453 3870 507 nulla

617 564 764 635 digni
789 563 1113 632 judicentur.
1142 559 1248 615 Sed
1297 560 1500 630 absque
1543 561 1646 614 hoc
1691 557 2018 619 testimonio,
2051 554 2217 624 quod,

617 671 760 713 nunc
804 667 1062 710 conamur
1100 666 1387 722 exponere,
1420 659 1600 704 manet
1642 650 1829 704 eadem
1872 645 2098 716 quaestio
2141 645 2192 698 in

616 746 878 804 ecclesiis.
921 743 1058 812 Quia
1088 757 1185 798 seu
1215 742 1286 797 sit
1311 741 1512 796 dictum
1545 741 1864 810 imperativo
1891 738 2069 802 modo,
2101 750 2195 791 seu

617 837 924 900 indicativo,
968 849 1136 889 unum
1178 841 1294 898 est,
1343 833 1596 902 quoniam
1637 831 1842 886 nullum
1876 829 2020 883 Deus
2063 842 2194 882 con-

615 931 834 986 demnat
876 929 994 984 sine
1023 926 1172 996 justo
1194 925 1397 995 judicio
1426 941 1542 981 suo.
1578 925 1763 994 Neque
1807 921 2110 993 praescribit
2137 927 2196 974 ut

612 1018 787 1089 possis
814 1017 995 1073 dicere
1035 1016 1178 1086 quod
1223 1016 1338 1084 ipse
1369 1017 1440 1070 sit
1468 1023 1656 1071 auctor
1684 1014 1833 1078 mali,
1862 1013 1954 1068 sed
2001 1012 2196 1082 quibus

613 1110 725 1163 vult
755 1109 1066 1173 miseretur,
1094 1116 1150 1162 et
1179 1106 1384 1162 emollit
1422 1116 1484 1161 ut
1515 1114 1922 1170 convertantur,
1969 1113 2024 1159 et
2061 1118 2196 1173 quos

613 1199 723 1251 vult
761 1199 996 1254 indurat.
1044 1197 1162 1254 Non
1193 1199 1337 1268 quod
1380 1199 1520 1253 Deus
1568 1199 1801 1267 aliquem
1840 1204 2076 1250 excaecat
2128 1210 2197 1250 ne

609 1290 790 1344 videat
815 1291 992 1346 cordis
1032 1290 1208 1355 oculo,
1236 1298 1330 1344 aut
1354 1290 1571 1344 indurat
1607 1302 1674 1342 ne
1704 1295 2071 1353 convertatur,
2101 1285 2195 1340 sed

608 1383 732 1452 quia
764 1380 878 1450 jam
905 1397 1106 1438 caecum
1135 1389 1189 1436 et
1220 1381 1525 1435 induratum
1551 1378 1699 1447 justo
1728 1377 1936 1445 judicio
1963 1392 2081 1442 suo,
2111 1391 2195 1430 re-

607 1473 832 1540 linquit,
880 1487 980 1527 nec
1025 1470 1289 1525 illuminat
1336 1478 1395 1523 ut
1441 1469 1619 1523 videat
1660 1468 1839 1522 lumen
1886 1467 2042 1531 vitzc,
2095 1479 2194 1518 nec

605 1561 813 1615 emollit
854 1569 914 1615 ut
957 1568 1308 1616 convertatur
1337 1568 1392 1615 et
1419 1568 1657 1615 sanetur.
1687 1558 2029 1628 Quapropter
2072 1571 2194 1611 cum

605 1650 719 1704 hazc
765 1651 937 1707 soluta
973 1651 1136 1706 fuerit
1174 1653 1421 1721 quaestio,
1467 1651 1743 1706 solventur
1781 1661 1837 1704 et
1873 1660 2083 1705 casteria
2139 1650 2190 1702 in

605 1743 1018 1814 quamplurimis
1041 1743 1196 1809 locis,
1225 1751 1317 1797 aut
1340 1758 1463 1797 cum
1495 1743 1706 1797 czeleris
1735 1743 1837 1796 hoc
1866 1741 1983 1796 loco
2009 1749 2064 1794 et
2090 1740 2191 1793 ista

2299 551 2574 622 beatitudo
2612 557 2718 614 est,
2749 548 2935 602 audire
2971 554 3026 600 et
3054 543 3236 598 videre
3264 543 3405 613 quod
3444 543 3670 600 audiunt
3710 553 3764 598 ct
3803 545 3870 598 vi-

2298 642 2424 696 dent
2457 638 2724 703 universi;
2753 636 2917 692 veluti
2947 635 3198 690 viderunt
3229 633 3504 688 Christum
3532 633 3660 688 boni
3691 632 3871 688 malive

2298 733 2353 786 in
2379 746 2562 795 carne,
2592 739 2648 784 et
2673 729 2900 783 audiunt
2941 725 3289 796 Evangelium
3331 722 3512 780 cuncti
3537 723 3630 794 qui
3664 724 3872 778 veniunt

2299 823 2363 876 ad
2409 821 2736 884 Ecclesiam,
2786 819 2912 874 licet
2956 832 3063 872 nou
3108 816 3406 886 intelligant
3447 830 3566 885 quin
3608 814 3868 885 leguntur.

2297 913 2466 968 Porro
2492 911 2633 982 quod
2660 910 2904 980 sequitur
2929 928 2942 964 :

2371 1001 2508 1067 Quia
2552 1001 2701 1054 multi
2726 999 2988 1070 propheta:
3011 1009 3058 1052 et
3080 999 3216 1068 justi
3261 998 3532 1066 cupierunt
3567 996 3746 1049 videre
3771 1012 3874 1065 qua

2299 1093 2502 1156 videtis,
2538 1101 2586 1145 et
2611 1106 2714 1144 non
2742 1089 3007 1154 viderunt,
3033 1098 3079 1142 et
3109 1089 3292 1142 audire
3317 1104 3434 1154 qua:
3456 1086 3678 1151 auditis,
3711 1096 3758 1139 et
3785 1102 3873 1138 non

2298 1186 2597 1238 audierunt.
2634 1182 2859 1238 Videtur
2889 1181 3015 1236 huic
3063 1180 3180 1235 loco
3208 1195 3330 1234 esse
3371 1178 3706 1234 contrarium
3746 1182 3874 1247 quod

2299 1275 2424 1329 alibi
2458 1274 2652 1329 dicitur
2682 1273 2992 1326 :Abraham
3022 1271 3224 1340 cupivit
3266 1271 3450 1325 videre
3491 1271 3632 1325 diem
3681 1285 3872 1332 meum,

2297 1365 2432 1418 vidit
2473 1371 2528 1418 et
2563 1363 2778 1434 gavisus
2809 1370 2909 1417 est.
2945 1360 3331 1417 Verumtamen
3360 1377 3468 1416 non
3497 1362 3658 1424 dixit,
3689 1360 3876 1417 Omnes

2297 1455 2574 1524 prophetae
2599 1463 2652 1508 et
2676 1453 2807 1523 justi
2836 1453 3120 1521 cupierunt
3153 1452 3336 1507 videre
3364 1467 3484 1521 qua:
3527 1451 3747 1516 videtis,
3788 1453 3875 1505 sed

2301 1543 2473 1596 multi.
2509 1542 2661 1598 Unde
2704 1543 2843 1596 inter
2872 1542 3071 1596 multos
3099 1550 3314 1612 poterat
3360 1539 3499 1604 ﬁeri,
3531 1549 3589 1594 ut
3623 1540 3716 1594 alii
3745 1541 3877 1595 vide-

2298 1633 2436 1698 rint,
2468 1632 2558 1686 alii
2602 1647 2708 1686 non
2753 1633 3003 1686 viderint.
3036 1631 3142 1687 Sed
3176 1633 3522 1687 temerarimn
3566 1641 3651 1687 est
3697 1633 3763 1686 de
3802 1633 3876 1686 bis

2296 1724 2570 1793 quidpiam
2592 1723 2835 1789 deﬁnire,
2867 1733 2959 1778 aut
2989 1725 3182 1778 merita
3209 1732 3518 1778 sanctorum
3551 1723 3872 1778 discernere.

609 1834 996 1890 indissolubilis
1031 1835 1166 1900 erit.
1201 1834 1466 1902 Quoniam
1509 1833 1805 1888 secundum
1835 1831 2151 1902 Apostolum
2181 1848 2192 1883 :
2225 1817 2273 1876 Β
2302 1815 2436 1870 Nam
2481 1817 2754 1872 Abraham
2794 1817 2928 1871 Vidit
2982 1817 3034 1871 ίη
3084 1816 3397 1886 aenigmate.
3451 1815 3617 1886 580
3659 1817 3792 1870 νίάίῐ
3831 1817 3874 1868 in

608 1919 876 1976 Conclusit
918 1922 1060 1976 Deus
1097 1923 1273 1976 omnia
1303 1926 1396 1975 sub
1424 1932 1654 1991 peccato,
1690 1932 1744 1974 ut
1779 1923 2016 1974 omnibus
2043 1923 2196 1974 mise-

605 2026 782 2068 reatur
838 2013 1012 2085 (Rom.
1046 2031 1123 2080 χι,
1163 2014 1233 2069 ’52
1269 2024 1316 2068 et
1354 2013 1465 2084 33).
1503 2013 1794 2068 Admirans
1835 2028 2048 2082 quoque
2096 2012 2196 2067 Do—

602 2106 736 2160 mini
767 2115 1129 2171 sacramenta,
1174 2105 1355 2160 intulit
1384 2107 1569 2161 dicens
1599 2123 1610 2159 :
1653 2105 1697 2160 Ο
1731 2105 1954 2159 altitudo
1983 2105 2193 2158 divitia-

604 2213 719 2250 rum
744 2197 1013 2266 sapientia:
1038 2206 1085 2251 et
1109 2196 1340 2251 scientia:
1363 2195 1481 2262 Dei,
1503 2213 1660 2268 quam
1687 2196 2049 2251 inscrutabilia
2073 2205 2193 2250 sunt

597 2289 803 2358 iudicia
839 2289 960 2354 Dei,
989 2299 1037 2343 et
1070 2289 1453 2359 investigabiles
1482 2292 1578 2344 via:
1607 2290 1720 2359 ejus
1745 2290 1765 2341 !
1807 2288 2192 2342 Verumtamen

601 2380 658 2434 in
710 2381 812 2436 hoc
853 2381 972 2436 loco
1015 2381 1117 2435 tria
1149 2367 1496 2436 considerare
1539 2388 1772 2450 oportet.
1809 2381 2016 2445 Unum,
2048 2379 2194 2450 quod

601 2486 700 2542 pro
730 2471 1098 2543 magnitudine
1133 2471 1355 2526 sceleris
1385 2472 1548 2526 etiam
1577 2471 1665 2526 isti
1707 2470 1800 2540 qui
1830 2479 2188 2534 excaecantur,

490 2561 500 2573 '
597 2570 654 2616 et
695 2570 1009 2631 presserunt
1050 2577 1210 2617 aures
1253 2577 1402 2628 suas,
1444 2577 1513 2617 ne
1548 2561 1798 2616 audirent
1838 2561 2002 2616 verba
2046 2562 2190 2625 vitae,

597 2653 920 2719 pmnitentia
950 2653 1154 2724 indigni
1181 2652 1407 2721 judicati
1436 2662 1592 2719 sunt;
1626 2653 1767 2706 aliud
1799 2667 1946 2716 vero,
1974 2652 2115 2721 quod
2146 2652 2191 2705 si

597 2751 944 2798 convertatur
979 2743 1125 2812 quis,
1155 2751 1210 2797 et
1237 2744 1611 2812 paenitentiam
1642 2744 1832 2814 egerit,
1868 2752 1924 2796 et
1954 2741 2189 2796 audierit

598 2842 761 2889 rectae
788 2834 912 2888 ﬁdei
947 2844 1306 2898 sacramenta,
1337 2850 1527 2888 verum
1556 2835 1680 2903 quia
1708 2834 1988 2889 sanabitur
2019 2848 2051 2886 a
2077 2833 2182 2886 Do-

597 2926 762 2988 mino,
793 2934 850 2978 et
878 2926 1058 2982 salvus
1099 2927 1233 2991 erit,
1265 2925 1392 2981 licet
1431 2926 1486 2979 in
1534 2926 1773 2995 quolibet
1817 2925 2058 2980 facinore
2100 2926 2190 2979 de-

599 3024 808 3082 tentus;
860 3017 1080 3071 tertium
1128 3031 1278 3081 vero,
1325 3016 1489 3086 579
1539 3018 1593 3071 in
1641 3017 1890 3072 omnibus
1935 3017 2051 3071 istis
2096 3017 2188 3086 qui

597 3114 854 3175 pereunt,
900 3106 991 3176 qui
1032 3107 1268 3178 graviter
1311 3107 1498 3159 audire
1546 3107 1820 3172 dicuntur,
1850 3115 1906 3163 et
1935 3107 2191 3161 claudunt

597 3195 784 3250 oculos
828 3211 956 3250 suos
981 3211 1048 3250 ne
1075 3197 1312 3262 videant,
1344 3205 1402 3250 ut
1430 3206 1709 3264 sanentur,
1739 3198 2016 3252 sciendum
2046 3197 2187 3267 quod
2213 3171 2261 3234 ο

601 3300 708 3341 non
737 3295 944 3340 natura:
966 3286 1158 3340 vitium
1187 3293 1288 3350 est,
1323 3286 1419 3340 sed
1443 3286 1728 3341 arbitrium
1758 3287 1912 3342 malae
1943 3287 2189 3342 volunta-

603 3378 690 3432 tis.
722 3377 978 3447 Sequitur
998 3393 1011 3430 :

678 3477 848 3533 Vestri
878 3489 1052 3532 autem
1083 3478 1216 3532 beati
1248 3477 1408 3542 oculi,
1437 3478 1559 3547 quia
1583 3477 1777 3542 vident,
1806 3487 1852 3530 et
1883 3492 2036 3530 aures
2065 3477 2190 3546 quia

600 3567 842 3622 audiunt.
871 3567 1013 3638 Ergo
1057 3553 1180 3623 ideo
1221 3567 1386 3633 beati,
1423 3568 1550 3637 quia
1578 3568 1762 3621 datum
1788 3574 1870 3621 est
1899 3566 2003 3620 illis
2031 3581 2192 3620 nosse

602 3661 917 3732 mysterium
963 3660 1157 3732 Regni.
1202 3661 1267 3713 Et
1313 3660 1449 3714 mira
1489 3659 1727 3715 locutio:
1779 3658 1962 3723 Beati,
1995 3659 2190 3726 inquit,

598 3753 739 3808 oculi
788 3752 954 3808 vestri
1004 3752 1129 3821 quia
1175 3751 1390 3816 vident,
1433 3760 1488 3806 et
1530 3766 1721 3816 aures,
1770 3752 1893 3819 quia
1944 3751 2188 3806 audiunt.

599 3841 850 3910 Nunquid
899 3856 1005 3895 non
1049 3856 1238 3896 omnes
1269 3841 1570 3909 _videbant,
1617 3848 1672 3894 et
1726 3840 2017 3894 audiebant
2065 3839 2192 3893 boni

603 3933 820 3996 malive,
869 3933 1031 3986 etiam
1081 3941 1136 3986 et
1171 3932 1394 3986 bestiae?
1438 3931 1590 3997 Quod
1635 3930 1810 3985 Lucas
1858 3931 2191 4000 evangelista

603 4019 946 4075 manifestius
986 4021 1244 4086 insinuat,
1278 4021 1500 4075 dicens:
1528 4020 1680 4074 Beati
1717 4020 1856 4074 oculi
1894 4023 1984 4090 qui
2020 4021 2193 4074 vident

602 4128 721 4182 qua:
748 4129 834 4166 vos
865 4112 1048 4166 videtis
1077 4111 1226 4184 (Luc.
1255 4128 1310 4176 x,
1339 4110 1452 4182 25).
1485 4110 1690 4166 Idcirco
1721 4126 1786 4165 ex
1819 4112 1920 4166 hoc
1960 4111 2078 4165 loco
2107 4127 2195 4165 re-

609 4204 731 4276 gula
763 4203 1022 4258 sumenda
1069 4212 1180 4267 est,
1224 4213 1488 4276 quatenus
1519 4202 1805 4256 locutionis
1833 4202 2022 4257 modos
2065 4202 2194 4256 divi-

606 4274 797 4349 narum
822 4294 1227 4363 Scripturarum
1251 4274 1491 4362 apertius
1523 4291 1901 4362 intelligamus.
1929 4293 2193 4359 Quoniam

605 4386 686 4439 eis
735 4386 917 4440 datum
966 4393 1084 4439 erat
1131 4402 1279 4439 nosse
1318 4385 1621 4453 mysterium
1667 4386 1810 4454 regni
1861 4384 1953 4438 Dei
1995 4384 2190 4455 (Marc.

607 4495 684 4543 tv,
713 4479 823 4549 ll).
852 4477 919 4532 Et
945 4477 1070 4532 inde
1105 4486 1221 4532 erat
1249 4477 1392 4546 quod
1424 4476 1693 4541 videbant,
1729 4485 1784 4532 et
1813 4477 2104 4531 audiebant
2138 4478 2191 4530 in

608 4571 789 4634 corde,
828 4569 881 4623 in
917 4583 1024 4638 quo
1070 4570 1237 4624 turbae
1264 4577 1318 4623 et
1346 4567 1400 4623 hi
1433 4568 1526 4638 qui
1570 4569 1705 4624 foris
1744 4578 1896 4634 sunt,
1935 4570 2190 4623 excaecati

607 4671 782 4716 erant.
827 4659 932 4713 Sed
959 4662 1086 4730 quia
1116 4677 1305 4716 omnes
1329 4660 1515 4715 oculos
1545 4661 1723 4715 carnis
1754 4669 1810 4715 et
1837 4676 1998 4714 aures
2026 4661 2193 4715 liabe-

608 4753 757 4815 bant,
799 4752 917 4807 ideo
941 4750 1054 4820 jam
1085 4769 1244 4822 supra
1270 4753 1450 4807 cordis
1489 4753 1801 4821 requirebat
1830 4753 2017 4807 dicens
2045 4771 2057 4806 :
2090 4752 2192 4818 Qui

609 4843 764 4897 habet
787 4859 940 4897 aures
965 4844 1233 4910 audiendi,
1268 4844 1448 4898 audiat
1481 4845 1661 4915 (Apoc.
1688 4861 1762 4911 vi,
1791 4845 1876 4909 15,
1909 4845 2021 4917 22).
2057 4845 2191 4913 Quia

612 4934 689 4990 illi
734 4934 879 4990 beati
909 4942 1034 4989 sunt
1061 4934 1202 4988 oculi
1236 4936 1328 5004 qui
1372 4945 1598 5006 possunt
1630 4935 1833 4992 Christi
1872 4950 2195 5007 cognoscere

611 5034 972 5089 sacramenta,
1002 5033 1058 5080 et
1083 5039 1220 5094 quos
1248 5022 1405 5079 Jesus
1446 5025 1612 5078 levari
1655 5027 1809 5096 jubet
1849 5027 1904 5080 in
1946 5026 2194 5090 sublime,

611 5122 674 5168 ut
699 5115 990 5169 candentes
1024 5111 1140 5182 jam
1187 5121 1398 5183 segetes
1439 5115 1721 5183 aspiciant.
1771 5116 1971 5169 Verum
2000 5125 2055 5170 et
2094 5116 2196 5170 illae

615 5221 775 5262 aures
827 5206 1029 5271 beatae,
1073 5205 1140 5259 de
1181 5205 1376 5274 quibus
1415 5203 1581 5260 Isaias
1628 5206 1895 5275 loquitur,
1939 5207 2198 5260 Dominus

616 5300 864 5369 apposuit
892 5299 1024 5354 mihi
1057 5297 1373 5352 auriculam.
1405 5296 1620 5353 Necnon
1646 5309 1699 5352 et
1722 5297 1822 5354 Job
1842 5317 1856 5352 :
1876 5298 2077 5352 Audita
2103 5317 2200 5352 au-

618 5392 710 5455 ris,
741 5390 934 5458 inquit,
961 5389 1137 5443 audivi
1166 5397 1214 5442 te
1242 5387 1362 5459 (Job
1408 5405 1542 5454 xui,
1571 5388 1660 5458 5);
1695 5404 1868 5458 neque
1905 5390 2049 5444 enim
2095 5391 2198 5444 nisi

619 5495 746 5534 aure
774 5481 1008 5536 auditur.
1038 5478 1143 5535 Sed
1171 5479 1288 5534 ideo
1311 5479 1434 5550 jure
1460 5479 1647 5534 audire
1677 5494 1734 5533 se
1763 5479 1914 5545 dicit,
1943 5480 2199 5547 quoniam

619 5569 766 5624 intus
793 5580 911 5625 erat
945 5573 1087 5640 quod
1113 5571 1335 5635 audivit,
1382 5572 1526 5626 intus
1554 5570 1643 5640 qui
1682 5570 2024 5640 loquebatur,
2055 5570 2200 5625 intus

619 5675 718 5731 per
759 5662 900 5730 quod
943 5661 1211 5718 audiebat.
1263 5662 1414 5718 Unde
1462 5661 1626 5717 David
1660 5680 1672 5716 :
1711 5661 1960 5728 Audiam,
2005 5661 2196 5732 inquit,

622 5753 747 5824 quid
770 5751 1015 5822 loquatur
1042 5756 1097 5807 in
1121 5771 1200 5808 me
1226 5754 1674 5826 DominusDeus;
1704 5756 1949 5826 quoniam
1971 5753 2201 5825 loquitur

2297 1908 2501 1976 specie,
2532 1907 2758 1978 apostoli
2807 1917 2988 1962 autem
3040 1909 3092 1962 in
3137 1909 3252 1978 ipsa
3280 1903 3652 1975 ‘completione
3694 1908 3876 1962 verita-

2299 2004 2384 2056 tis.
2420 2001 2483 2055 Et
2517 2001 2638 2056 ideo
2667 2000 2828 2066 beati,
2857 2001 2984 2070 quia
3025 2002 3168 2071 quod
3214 2001 3454 2054 futurum
3486 1999 3561 2053 illi
3590 2000 3880 2054 cernebant

2297 2094 2349 2147 in
2381 2092 2594 2162 spiritu,
2629 2091 2717 2144 isti
2745 2091 2858 2160 jam
2904 2092 3225 2161 completum
3270 2091 3525 2145 videbant
3566 2090 3619 2144 in
3650 2090 3876 2153 Christo,

2295 2193 2349 2238 et
2375 2185 2442 2237 ad
2468 2183 2800 2237 voluntatem
2844 2182 3248 2254 interrogabant
3271 2197 3394 2236 eum
3422 2182 3488 2235 de
3527 2183 3807 2246 omnibus,
3833 2192 3879 2236 et

2295 2273 2754 2328 convescebantur
2779 2273 2826 2326 ei
2855 2273 2908 2327 in
2939 2273 3189 2327 omnibus
3215 2271 3588 2326 sacramentis.
3617 2271 3688 2325 Et
3735 2279 3879 2325 tanto

2293 2363 2659 2433 perspicacius
2680 2373 2872 2418 cuncta
2894 2371 3178 2427 noverant,
3202 2372 3404 2432 quanto
3426 2363 3751 2431 praesentius
3773 2363 3880 2433 ejus

2293 2456 2608 2510 fruebantur
2630 2454 2857 2524 eloquiis
2885 2463 2938 2509 et
2964 2454 3243 2510 doctrinis.

2366 2548 2547 2603 Omnis
2578 2550 2667 2619 qui
2703 2548 2849 2602 audit
2880 2547 3088 2602 verbum
3122 2549 3264 2618 regni
3296 2557 3340 2601 et
3373 2564 3475 2601 non
3505 2547 3777 2618 intelligit,
3808 2564 3880 2601 ve-

2294 2643 2366 2695 nit
2398 2642 2566 2696 malus
2594 2652 2641 2696 et
2677 2642 2812 2712 rapit
2841 2641 2980 2712 quod
3009 2642 3319 2695 seminatum
3355 2649 3430 2694 est
3457 2641 3511 2694 in
3546 2641 3702 2694 corde
3743 2641 3881 2710 ejus;

2293 2750 2356 2788 ex
2384 2749 2490 2802 quo
2515 2735 2835 2797 ostenditur,
2860 2734 2985 2802 quia
3008 2733 3100 2803 qui
3130 2749 3237 2788 non
3265 2733 3515 2802 intelligit
3543 2734 3689 2802 quod
3715 2735 3878 2796 audit,

2293 2841 2419 2880 vere
2462 2841 2560 2880 nec
2597 2826 2745 2880 audit
2785 2826 2969 2879 auditu
3017 2826 3195 2891 auris,
3240 2827 3365 2894 quia
3415 2842 3522 2880 non
3571 2827 3719 2896 capit
3774 2843 3881 2896 qtue

2293 2919 2441 2973 audit
2467 2928 2625 2973 sen'su
2656 2919 2855 2974 carnis.
2888 2917 3038 2973 Unde
3082 2921 3332 2974 hortatur
3363 2935 3459 2974 nos
3484 2930 3544 2972 ut
3573 2920 3881 2990 diligentius

2292 3011 2574 3064 audiamus
2599 3027 2718 3080 quae
2754 3011 3007 3066 dicuntur
3049 3012 3102 3066 in
3136 3011 3431 3081 Scripturis
3461 3013 3700 3067 divinis:
3745 3011 3881 3066 Venit

2291 3103 2484 3168 malus,
2526 3104 2720 3173 inquit,
2759 3113 2808 3157 et
2836 3105 2970 3173 rapit
2999 3104 3138 3173 quod
3173 3105 3488 3158 seminatum
3530 3116 3604 3158 est
3646 3105 3700 3156 in
3739 3105 3882 3157 corde

2291 3195 2423 3262 ejus.
2468 3194 2636 3248 Malus
2666 3193 2831 3263 igitur
2857 3194 3054 3248 bonum
3098 3209 3284 3248 semen
3315 3195 3475 3262 rapit,
3511 3208 3619 3247 non
3668 3193 3881 3247 aliunde

2291 3299 2453 3352 quam
2496 3283 2562 3337 de
2592 3284 2777 3348 corde,
2821 3283 2874 3337 in
2914 3297 3020 3352 quo
3065 3283 3386 3338 seminatum
3426 3291 3529 3336 est.
3574 3281 3693 3336 Non
3745 3283 3878 3352 quod

2292 3372 2395 3425 ulla
2437 3372 2721 3426 diversitas
2748 3371 2943 3426 litterze
2977 3373 3068 3435 sit,
3097 3372 3147 3426 id
3188 3381 3272 3427 est
3318 3373 3622 3426 animarum
3655 3373 3880 3428 creden-

2295 3464 2464 3529 tium;
2495 3464 2587 3518 sed
2617 3464 2744 3532 quia
2772 3481 2920 3518 secus
2949 3465 3084 3517 viam
3119 3465 3326 3528 cecidit,
3359 3465 3478 3519 ideo
3512 3465 3754 3518 volucres
3784 3462 3884 3517 caeli

2293 3557 2624 3612 comederunt
2668 3557 2800 3610 illud
2851 3556 3000 3627 (Luc.
3043 3571 3171 3620 vui,
3221 3555 3296 3628 5).
3350 3556 3520 3610 Secus
3555 3556 3702 3609 viam
3764 3570 3882 3624 ergo

2294 3648 2437 3703 cadit
2474 3663 2655 3703 semen
2700 3646 2871 3712 verbi,
2901 3645 3117 3714 quando
3153 3646 3254 3715 ipsi
3287 3646 3558 3699 daemones
3601 3644 3754 3697 viam
3797 3642 3885 3696 sibi

2296 3741 2503 3795 faciunt
2527 3740 2580 3793 in
2608 3738 2811 3804 anima,
2838 3746 2897 3791 ut
2923 3746 3006 3792 est
3032 3737 3160 3792 illud
3187 3755 3198 3790 :
3231 3737 3516 3790 Incurrere
3548 3737 3755 3791 animae
3794 3746 3888 3789 tusc

2295 3841 2349 3885 ut
2387 3843 2712 3886 transeamus
2740 3845 2840 3900 per
2883 3845 3004 3884 eam
3050 3829 3186 3899 (Isa.
3216 3846 3290 3894 LI,
3317 3827 3434 3899 25).
3483 3827 3749 3899 Alioquin
3795 3828 3889 3881 nisi

2298 3936 2465 3975 curva
2494 3929 2640 3975 esset
2671 3919 2872 3984 anima,
2906 3919 2959 3973 id
2988 3928 3070 3974 est
3103 3919 3248 3974 vitiis
3287 3919 3569 3988 implicita,
3601 3921 3890 3974 transitum

2294 4027 2392 4082 per
2417 4028 2537 4068 eam
2563 4013 2836 4068 dzemoncs
2861 4027 2967 4066 non
2991 4013 3286 4077 haberent;
3324 4012 3416 4066 sed
3458 4012 3583 4080 quia
3611 4012 3692 4066 eis
3725 4021 3891 4066 trans-

2298 4104 2432 4157 itum
2481 4105 2533 4157 in
2567 4118 2624 4158 se
2662 4105 2922 4172 przebuit,
2964 4113 3250 4174 propterea
3294 4103 3554 4174 quidquid
3589 4107 3894 4171 seminatur

2297 4196 2350 4250 in
2387 4211 2451 4250 ea
2479 4196 2626 4260 boni,
2673 4196 2930 4251 continuo
2959 4195 3133 4249 malus
3181 4195 3343 4262 rapit.
3374 4194 3481 4250 Nec
3527 4203 3713 4266 potest
3746 4196 3895 4249 aliter

2297 4287 2470 4341 donec
2498 4285 2695 4340 misera
2729 4286 2910 4340 anima
2941 4286 2995 4339 in
3021 4301 3079 4340 se
3110 4286 3308 4340 talibus
3335 4286 3438 4341 iter
3466 4286 3775 4357 praebuerit
3802 4289 3896 4355 spi-

2297 4376 2509 4431 ritibus.
2542 4375 2676 4429 Mira
2699 4376 2965 4445 siquidem
2997 4376 3218 4440 locutio,
3247 4384 3307 4430 ut
3333 4392 3455 4431 cum
3482 4376 3716 4432 verbum
3752 4379 3894 4447 regni

2297 4466 2620 4519 seminatum
2650 4465 2704 4518 in
2733 4465 2896 4519 corde
2924 4465 3139 4530 dicitur,
3169 4465 3362 4520 transit
3390 4466 3656 4520 continuo
3681 4469 3754 4522 ad
3779 4483 3894 4523 eum

2301 4558 2355 4611 in
2386 4573 2492 4626 quo
2520 4557 2838 4622 seminatur,
2871 4557 2945 4611 ita
2977 4559 3161 4612 dicens
3188 4577 3200 4612 ε

2372 4648 2474 4702 Hic
2499 4658 2591 4714 est,
2625 4650 2821 4718 inquit,
2861 4651 2950 4720 qui
2978 4667 3123 4704 secus
3161 4652 3296 4705 viam
3339 4656 3631 4712 seminata:
3677 4671 3781 4714 est.
3825 4661 3898 4715 Ac

2302 4765 2398 4820 per
2429 4751 2534 4804 hoc
2562 4758 2616 4803 et
2650 4749 2872 4804 verbum
2905 4764 3086 4804 semen
3118 4758 3224 4815 est,
3259 4759 3314 4806 et
3352 4752 3464 4822 ipse
3510 4753 3563 4808 in
3588 4770 3709 4824 quo
3740 4760 3900 4814 semi-

2302 4849 2486 4896 natum
2514 4849 2615 4894 est.
2663 4838 2963 4908 Utrumque
2993 4848 3193 4905 tamen,
3233 4842 3359 4909 quia
3388 4840 3539 4910 juxta
3568 4845 3724 4901 viam
3756 4859 3897 4908 sunt,

2303 4947 2408 4986 non
2439 4932 2623 5000 utique
2665 4929 2816 4998 juxta
2861 4930 3002 4983 viam
3047 4930 3192 4984 illam
3223 4945 3343 5000 qua:
3370 4919 3618 4988 Christus
3666 4948 3780 5004 est,
3813 4939 3900 4992 sed

2307 5040 2462 5078 secus
2504 5039 2622 5078 eam
2672 5039 2833 5092 quam
2879 5023 2980 5093 ipsi
3029 5024 3130 5077 sibi
3177 5024 3448 5079 daemones
3497 5027 3901 5092 attribuerunt,

2299 5133 2422 5172 cum
2469 5132 2589 5171 eam
2634 5131 2664 5169 a
2696 5123 2836 5170 statu
2879 5115 3220 5171 rectitudinis
3260 5115 3521 5172 deﬂexam
3565 5128 3627 5172 et
3674 5137 3900 5175 curvam

2300 5206 2648 5270 invenerunt,
2698 5204 2818 5259 ideo
2867 5205 3123 5261 continuo
3177 5205 3408 5262 Satanas
3461 5207 3600 5277 rapit
3655 5210 3797 5266 illud
3843 5213 3904 5266 de

2299 5298 2479 5361 corde,
2507 5312 2573 5349 ne
2600 5297 2883 5352 credentes
2911 5297 3046 5352 salvi
3073 5297 3224 5352 ﬁant.
3248 5299 3348 5366 Qui
3380 5300 3571 5355 modus
3595 5300 3905 5359 locutionis

2304 5386 2599 5442 secundum
2624 5386 2820 5442 idioma
2850 5401 3129 5440 sacrarum
3158 5387 3561 5457 Scripturarum
3586 5389 3904 5456 invenitur,

2307 5493 2373 5532 ne
2403 5477 2692 5532 carnaliter
2736 5478 2850 5531 hate
2887 5477 3144 5546 parabola
3185 5480 3484 5532 aestimetur
3529 5479 3709 5534 dicta.
3753 5481 3906 5536 Unde

2308 5567 2516 5622 Marcus
2548 5567 2874 5637 evangelista
2902 5567 3294 5637 signiﬁcantius
3327 5566 3523 5622 ait:Hi
3550 5578 3742 5623 autem
3788 5577 3909 5625 sunt

2307 5660 2445 5714 circa
2478 5661 2617 5714 viam
2644 5660 2730 5712 ubi
2771 5661 3057 5714 seminatur
3090 5660 3319 5726 verbum,
3357 5669 3404 5714 et
3447 5676 3563 5713 cum
3602 5661 3912 5724 audierint,

2308 5756 2552 5810 continuo
2578 5756 2713 5810 venit
2743 5754 2989 5821 Satanas,
3018 5767 3066 5808 et
3104 5756 3274 5826 aufert
3312 5754 3520 5809 verbum
3560 5757 3712 5825 quod
3756 5741 3915 5810 semi~
