4004 6362
142 305 228 365 ιω
866 297 1228 356 EXPOSITIO
1265 297 1332 353 IN
1371 294 1810 352 MATTHA‘JUM.
1848 325 1917 335 —-
1956 295 2081 350 LIB.
2129 296 2243 362 VII,
2283 295 2438 351 CAP.
2479 287 2632 352 XIII:

3292 299 3400 358 490

140 427 300 477 nutum
341 427 419 472 est
461 419 518 471 in
550 416 792 472 cordibus
838 430 1019 469 eorum
1055 413 1249 486 (Marc.
1292 413 1513 483 IV;‘I5).
1543 409 1707 478 Quasi
1738 413 1789 472 Α
1812 416 1868 464 et
1915 408 2128 464 fallacia
2189 409 2518 473 divitiarum,
2572 409 2696 480 quia
2745 409 2953 465 blanda:
3003 421 3131 467 sunt
3178 413 3421 491 divitiae.”

143 510 340 573 diceret,
385 508 513 578 quia
564 507 665 578 ipsi
707 505 860 578 juxta
903 506 1051 561 viam
1093 514 1254 571 sunt,
1297 514 1353 559 et
1386 506 1529 559 viam
1564 505 1616 559 in
1651 519 1710 560 se

142 601 465 672 praebuerunt
495 596 652 668 581
688 595 1041 661 daemonibus,
1084 595 1208 652 ideo
1251 594 1495 651 aufertur
1523 596 1590 650 ab
1629 597 1710 652 eis

143 688 256 760 quod
282 688 618 744 seminatum
639 694 742 741 est.
765 685 834 740 Et
859 685 934 740 ait
961 687 1066 740 hoc
1101 683 1407 751 Mattheus,
1444 693 1504 740 ut
1533 694 1706 741 totum

144 777 437 850 spiritaliter
464 775 609 846 quod
636 791 798 846 supra
827 776 1030 832 dictum
1067 784 1171 842 est,
1211 775 1279 831 de
1311 776 1520 833 semine
1548 776 1712 833 intel-

144 870 330 941 ligatur.
367 867 576 938 Sicque
603 868 851 937 sequitur
874 885 887 922 :

197 959 287 1024 Qui
329 969 514 1013 autem
534 975 690 1030 super
713 970 923 1028 petram
950 959 1238 1014 seminatus
1263 970 1362 1024 est,
1398 961 1484 1015 hic
1513 971 1588 1016 est
1619 963 1711 1032 qui

143 1049 322 1102 rerbum
364 1049 543 1113 audit,
590 1057 637 1103 et
667 1051 914 1103 continuo
958 1067 1076 1104 cum
1106 1051 1301 1121 gaudio
1334 1052 1524 1120 accipit
1554 1051 1710 1106 illud.

145 1137 508 1192 Verumtamen
530 1154 689 1209 supra
712 1139 1044 1208 propositum
1073 1150 1175 1206 est,
1198 1140 1342 1210 quod
1369 1141 1474 1196 alia
1498 1141 1710 1196 cecidt.L

145 1241 264 1296 rum,
283 1230 340 1284 id
381 1240 470 1286 est
497 1231 724 1296 semina,
750 1247 914 1302 super
937 1241 1175 1302 petrosa.
1205 1231 1274 1286 Et
1309 1247 1453 1287 nunc
1483 1232 1597 1304 ipse
1627 1248 1712 1289 se-

144 1324 350 1378 minatns
374 1322 582 1377 dicitur
625 1337 788 1392 supra
837 1330 1077 1393 petrosa,
1127 1323 1181 1378 in
1211 1338 1319 1395 quo
1377 1325 1710 1382 seminatum

143 1422 208 1469 est
229 1428 413 1469 semen
433 1414 586 1469 verbi
614 1455 629 1479 ,
665 1415 792 1484 quia
821 1414 935 1484 ipse
963 1421 1106 1469 totus
1142 1414 1194 1469 in
1243 1415 1410 1470 corde
1463 1414 1709 1485 lapideus

143 1511 187 1558 et
203 1504 357 1559 durus
379 1503 514 1558 vitio
539 1518 637 1560 suo
656 1502 885 1559 etl'ectus
911 1511 1012 1560 est.
1039 1503 1287 1560 Habebat
1312 1514 1490 1562 tamen
1520 1522 1710 1576 quam-

146 1593 531 1664 tulamcunque,
557 1593 686 1650 licet
703 1611 810 1651 non
838 1595 1062 1650 multam
1088 1605 1309 1661 terram,
1334 1597 1388 1652 id
1410 1605 1494 1652 est
1521 1612 1710 1668 quam-

147 1685 253 1740 dam
280 1685 610 1742 aﬂ'ectionem
639 1689 912 1760 (quamvis
931 1691 1000 1745 ad
1027 1692 1263 1761 tempus)
1286 1690 1438 1757 boni,
1484 1701 1540 1747 et
1583 1692 1708 1750 ideo

1813 497 1973 554 Aliud
1997 499 2180 570 itaque
2216 508 2381 571 agunt
2411 508 2465 555 et
2493 500 2637 555 aliud
2676 500 3028 571 pollicentur;
3076 503 3279 558 lubrica
3320 513 3408 560 est

1814 605 2001 648 earum
2028 593 2324 662 possessio.
2355 593 2594 660 Quarum
2649 593 3062 648 oblectamentis
3087 604 3142 649 et
3172 595 3406 653 fallaciis

1815 685 2110 742 suffocatur
2142 685 2370 740 verbum
2401 685 2514 750 Dei,
2545 686 2670 740 dum
2699 685 2938 740 instabili
2976 688 3146 756 gradu
3197 689 3306 744 cito
3352 699 3408 744 et

1814 779 2079 834 habentes
2107 779 2381 842 deserunt,
2422 786 2478 833 et
2524 795 2629 832 non
2658 778 2921 833 habentes
2973 779 3244 837 reficiunt.
3278 781 3406 854 Haec

1812 868 1920 923 tria
1948 868 2214 939 siquidem
2234 869 2500 924 seminum
2528 867 2603 922 illi
2628 877 2934 936 congruunt
2987 868 3109 924 loco
3161 871 3252 925 ubi
3286 872 3402 926 ait:

1814 958 2094 1014 Descendit
2130 959 2329 1030 pluvia,
2357 961 2612 1030 ﬂeverunt
2636 960 2792 1024 venti,
2816 970 2862 1014 et
2890 960 3155 1015 irruerunt
3182 963 3408 1032 ﬂumina

1815 1048 2033 1120 (Matth.
2066 1065 2162 1116 vn,
2188 1049 2401 1120 25-27).
2429 1049 2696 1118 Quoniam
2727 1051 2828 1105 tria
2855 1060 2982 1106 sunt
3020 1053 3144 1117 ista,
3190 1052 3245 1108 in
3281 1055 3404 1124 qui-

1812 1142 1914 1198 bus
1943 1157 2048 1198 non
2073 1141 2246 1198 solum
2278 1141 2606 1214 agricultura
2632 1143 2984 1208 subvertitur,
3015 1158 3202 1198 verum
3239 1145 3406 1200 etiam

1813 1241 2090 1287 structura
2115 1231 2283 1287 divini
2317 1230 2533 1288 aediﬁcii
2564 1232 2918 1287 subvertitur.

1891 1321 2155 1388 Quivero,
2184 1322 2379 1392 inquit,
2405 1323 2462 1376 in
2507 1331 2701 1376 terram
2745 1323 2934 1376 bonam
2980 1325 3268 1380 seminatus
3307 1335 3405 1392 est,

1813 1414 1897 1467 hic
1917 1423 1994 1468 est
2015 1413 2103 1485 qui
2122 1413 2271 1467 audit
2297 1413 2527 1478 verbum,
2555 1423 2602 1467 et
2620 1408 2954 1492 intelligitfgt
2975 1415 3206 1485 fructum
3229 1418 3405 1487 aﬂ'ert.

1811 1504 1984 1574 Aptus
2009 1504 2226 1575 quidem
2257 1504 2390 1560 ordo
2423 1513 2484 1559 ut
2517 1505 2752 1575 primum
2785 1506 2969 1561 audiat
2995 1508 3117 1577 quis
3157 1510 3405 1575 verbum,

1813 1594 2009 1649 deinde
2060 1593 2354 1666 intelligat;
2412 1597 2667 1665 quoniam
2743 1597 2932 1652 audire
3004 1608 3210 1654 tantum
3275 1615 3407 1655 aure

1813 1684 2014 1750 carnis,
2057 1692 2114 1739 et
2157 1700 2266 1740 non
2296 1685 2594 1756 intelligere
2634 1701 2765 1742 aure
2795 1688 3012 1756 mentis,
3064 1705 3257 1760 parum
3300 1698 3404 1745 est.

146 1775 318 1830 dicitur
344 1793 466 1832 cum
497 1780 694 1849 gaudio
723 1781 1048 1851 suscepisse.
1083 1781 1189 1836 Sed
1209 1782 1337 1852 quia
1368 1796 1474 1838 non
1519 1784 1707 1840 habuit
1733 1775 1782 1837 Β
1810 1774 2195 1834 Verumtamen
2246 1779 2540 1834 admonent
2568 1780 2670 1851 ipsi
2691 1783 2891 1852 gradus
2937 1783 2992 1837 in
3041 1792 3186 1840 terra
3243 1783 3405 1848 bona.

143 1869 460 1926 altitudinem
493 1882 671 1938 terrae,
699 1873 1164 1946 longanimitatem
1207 1875 1415 1931 scilicet
1441 1885 1496 1930 et
1518 1892 1706 1946 perse-

143 1972 395 2017 verantem
438 1963 782 2033 patientiam,
829 1966 964 2021 vicit
1013 1966 1210 2021 duritia
1238 1966 1420 2022 cordis
1471 1966 1710 2037 pluviam

140 2050 279 2107 divini
307 2053 488 2117 verbi,
518 2069 619 2110 nec
663 2054 855 2112 habuit
903 2071 1088 2113 semen
1137 2057 1422 2114 humorem
1465 2059 1706 2125 virtutis,

140 2157 225 2213 quo
251 2145 501 2200 radicem
518 2145 760 2200 firmaret
787 2147 1029 2203 seminis.
1059 2147 1195 2215 Quia
1230 2149 1542 2220 temporalis
1565 2160 1705 2218 erat,

137 2252 214 2292 nec
246 2237 314 2292 ad
347 2247 561 2293 aeterna
585 2239 829 2304 tendens,
860 2249 1148 2310 propterea
1173 2251 1320 2297 recte
1342 2243 1559 2299 dicitur.

193 2325 360 2381 Facta
381 2338 563 2382 autem
577 2329 913 2385 tribulatione
927 2341 974 2385 et
988 2334 1347 2402 persecutione
1368 2345 1580 2406 propter
1593 2353 1647 2392 ve
1655 2353 1709 2389 r-

138 2417 232 2470 bum
243 2419 503 2473 continuo
526 2420 939 2476 scandalizatur.
957 2422 1109 2490 Quod
1124 2439 1286 2493 supra
1301 2424 1531 2496 dixerat,
1551 2444 1710 2485 arue-

137 2520 254 2565 runt.
289 2511 362 2566 Et
392 2513 692 2568 notandum
721 2527 788 2570 ex
814 2516 994 2572 verbis
1047 2518 1285 2586 Domini,
1319 2522 1445 2590 quia
1479 2523 1533 2577 in
1585 2533 1710 2581 ortu

135 2599 241 2655 solis
259 2602 350 2657 vel
386 2603 576 2659 calore
597 2621 760 2675 quam
790 2622 934 2679 saepe
958 2609 1013 2665 in
1043 2611 1346 2682 Scripturis
1369 2614 1569 2673 divinis
1593 2627 1711 2674 ten-

137 2692 247 2747 tatio
270 2693 362 2748 vel
393 2697 707 2764 persecutio
734 2697 1068 2770 designatur,
1093 2701 1236 2757 sicut
1273 2711 1357 2759 est
1405 2697 1535 2761 illud
1561 2724 1575 2762 :
1603 2705 1712 2762 Per

135 2783 248 2837 diem
276 2785 364 2839 sol
410 2803 517 2840 non
559 2797 672 2842 uret
707 2798 777 2856 te,
809 2805 972 2861 neque
1007 2791 1135 2847 luna
1175 2811 1267 2864 per
1304 2806 1504 2851 noctem
1531 2797 1706 2867 (Psal.

136 2890 240 2942 cxx,
263 2878 344 2948 6).
385 2878 658 2944 Quoniam
681 2899 819 2954 quos
846 2888 957 2942 urit
979 2891 1210 2948 tentatio
1251 2893 1334 2948 vel
1377 2897 1709 2966 persecutio,

135 2969 359 3034 quianon
377 2969 584 3026 habent
596 2973 877 3032 humorem
891 2982 1316 3048 perseverantia:
1339 2983 1394 3039 in
1422 2985 1708 3055 charitate,

135 3060 245 3125 cito,
267 3061 417 3117 facta
449 3062 875 3138 interrogatione
904 3069 972 3126 de
995 3072 1182 3138 verbo,
1213 3085 1478 3131 corruunt
1510 3078 1564 3133 in
1606 3094 1708 3134 ne-

1813 1869 2000 1939 quales
2078 1871 2187 1926 sint
2264 1872 2474 1942 przefati
2545 1870 2972 1930 ditl‘erentiarum
3068 1876 3279 1933 fructus
3351 1877 3405 1932 in

1813 1969 1958 2016 terra
1988 1961 2150 2028 mala,
2179 1962 2307 2017 dum
2357 1964 2410 2018 in
2453 1973 2684 2037 utraque
2738 1976 2894 2037 parte
2948 1977 3058 2023 tres
3120 1968 3408 2024 inveniun-

1812 2061 1905 2108 tur
1957 2055 2204 2111 variasse
2263 2056 2393 2112 licet
2447 2059 2608 2115 unius
2657 2060 2881 2116 seminis
2927 2061 3251 2133 qualitates;
3296 2078 3404 2116 non

1811 2147 1956 2218 quod
2020 2148 2246 2204 seminis
2307 2149 2498 2205 vitium
2567 2162 2733 2218 esset,
2807 2153 2902 2208 sed
2975 2153 3103 2224 quia
3171 2154 3408 2225 qualitas

1808 2239 2156 2312 agricultura:
2201 2241 2254 2296 id
2302 2243 2566 2310 attulerit,
2617 2254 2677 2300 ut
2722 2246 2888 2300 etiam
2937 2245 2992 2300 in
3035 2262 3141 2301 una
3190 2247 3408 2300 eadem.

1810 2345 1916 2400 que
1967 2333 2108 2387 bona
2155 2340 2320 2398 terra,
2363 2342 2473 2389 tres
2520 2336 2680 2391 unius
2732 2337 2955 2394 seminis
2996 2337 3248 2394 dicantur
3278 2353 3408 2408 pro-

1810 2420 1933 2477 latae
1962 2421 2173 2478 fructus
2203 2423 2499 2489 ubertates,
2541 2428 2824 2482 centesimi
2877 2427 3086 2484 scilicet
3139 2437 3196 2484 et
3242 2444 3406 2484 sexa-

1810 2516 2036 2587 gesimi,
2088 2532 2190 2572 nec
2225 2532 2333 2572 non
2369 2526 2424 2572 et
2474 2517 2754 2574 tricesimi.
2783 2517 3170 2574 Verumtamen
3210 2533 3310 2574 nec
3351 2520 3404 2574 in

1813 2606 1922 2673 illa,
1947 2621 2047 2662 nec
2088 2607 2144 2662 in
2189 2607 2292 2662 ista
2337 2617 2496 2679 parte
2538 2617 2780 2663 mutatur
2825 2617 3034 2665 natura:
3079 2611 3404 2677 substantia,

1811 2696 1907 2753 sed
1931 2695 2183 2753 voluntas
2224 2706 2280 2752 et
2329 2697 2659 2768 agricultura
2691 2698 2932 2754 ﬁdelium
2969 2700 3054 2755 vel
3083 2699 3400 2756 inﬁdelium.

1810 2786 1868 2842 In
1905 2803 2136 2858 quorum
2164 2789 2348 2856 corda,
2401 2790 2528 2860 quia
2558 2791 2708 2845 venit
2766 2791 2939 2848 malus
2988 2801 3043 2846 et
3088 2793 3230 2864 rapit
3263 2795 3407 2864 quod

1811 2881 2136 2936 seminatum
2160 2891 2244 2937 est
2274 2882 2329 2937 in
2363 2883 2528 2938 corde
2550 2881 2688 2953 ejus,
2722 2884 2850 2941 inde
2879 2887 3117 2942 secundo
3145 2904 3211 2944 ae
3248 2889 3410 2944 tertio

1811 2971 1918 3027 ait:
1947 2969 2052 3026 Hic
2078 2981 2154 3027 est
2184 2974 2277 3044 qui
2303 2973 2514 3028 verbum
2536 2976 2706 3030 audit.
2729 2975 2994 3033 Similiter
3013 2987 3070 3034 et
3097 2979 3150 3033 in
3186 2979 3406 3050 exposi-

1814 3064 1960 3120 tione
1987 3065 2144 3120 bona:
2173 3074 2350 3131 terrte,
2385 3066 2486 3122 iste
2507 3075 2612 3133 est,
2639 3067 2836 3138 inquit,
2872 3070 2963 3138 qui
3013 3071 3183 3138 audit,
3213 3069 3409 3128 deinde

137 3152 410 3219 gationem.
446 3152 553 3210 Sed
599 3172 792 3230 magna
823 3160 1083 3217 distantia
1130 3172 1213 3220 es;
1256 3164 1398 3222 ίηιει-
1443 3183 1566 3223 eum
1615 3171 1707 3241 qui
1735 3146 1782 3211 C
1814 3155 2081 3227 intelligit,
2115 3171 2180 3210 ac
2230 3155 2308 3212 sic
2350 3157 2557 3229 profert
2600 3157 2838 3214 fructum
2870 3161 3266 3228 doctrinarum,
3296 3179 3406 3222 non

139 3241 304 3298 multis
357 3244 800 3304 tribulationibus
846 3253 1132 3324 poenisque
1177 3257 1520 3326 compellitur
1553 3258 1712 3316 Chri-

136 3338 261 3385 stum
296 3350 520 3405 negare,
553 3345 610 3392 et
637 3351 762 3394 eum
792 3341 886 3412 qui
920 3342 987 3397 ad
1014 3344 1244 3413 primam
1275 3350 1710 3417 persecutionem

135 3426 304 3480 statim
335 3428 736 3486 scandalizatur
785 3442 843 3488 et
897 3436 1122 3490 corruit.
1155 3435 1420 3495 Similiter
1466 3450 1522 3497 et
1573 3443 1713 3500 inter

133 3528 252 3569 eum
275 3519 370 3588 qui
391 3520 641 3588 proclivis
661 3532 746 3578 est
774 3525 1014 3594 quotidie
1042 3527 1109 3582 ad
1130 3531 1488 3599 peccandum,
1510 3542 1567 3588 et
1586 3550 1710 3591 eum

134 3606 228 3674 qui
271 3609 600 3676 gravioribus
650 3615 872 3670 tandem
917 3618 1156 3674 vincitur
1207 3623 1616 3691 tentationibus,
1665 3627 1712 3682 si

132 3700 395 3754 continuo
425 3701 596 3757 divina
623 3704 910 3762 clementia
940 3706 1106 3764 fuerit
1133 3722 1430 3770 recreatus.

204 3792 309 3858 Qui
334 3805 507 3848 autem
536 3798 822 3854 seminatus
847 3811 922 3854 est
947 3800 1002 3854 in
1031 3802 1215 3871 spinis,
1243 3805 1328 3859 hic
1359 3817 1434 3862 est
1461 3810 1552 3878 qui
1602 3825 1712 3864 ver-

133 3886 245 3936 bum
270 3887 440 3951 audit,
496 3897 545 3941 et
598 3888 953 3946 sollicitudine
990 3891 1144 3947 istius
1189 3895 1390 3960 swculi,
1420 3907 1466 3951 et
1493 3896 1712 3968 fallacia

133 3979 447 4047 diuitiarum,
474 3982 702 4052 su/focat
741 3985 968 4052 verbum,
1000 3995 1049 4040 et
1092 3987 1202 4041 sine
1241 3988 1420 4058 fructu
1474 3993 1708 4061 efficitur.

131 4070 385 4128 Similiter
403 4089 568 4146 supra
596 4074 801 4130 dictum
821 4085 928 4143 est,
969 4077 1072 4133 alia
1095 4079 1410 4136 ceciderunt
1434 4081 1486 4138 in
1519 4084 1712 4155 spinis,

133 4164 177 4218 id
197 4175 274 4220 est
303 4166 413 4221 alia
443 4168 676 4222 semina.
730 4166 828 4224 Hic
862 4184 991 4225 vero
1033 4170 1147 4242 ipse
1191 4173 1245 4227 in
1292 4189 1399 4243 quo
1445 4177 1710 4232 seminata

131 4267 264 4324 sunt,
292 4259 603 4314 seminatus
625 4272 745 4314 esse
771 4259 992 4327 dicitur,
1018 4262 1144 4332 quia
1177 4278 1361 4320 semen
1395 4268 1546 4322 verbi
1574 4267 1627 4322 in
1653 4283 1713 4324 se

131 4348 320 4416 habuit,
342 4358 404 4405 ut
425 4365 524 4421 per
551 4349 656 4405 hoc
675 4351 817 4421 quod
841 4353 1168 4408 seminatum
1189 4367 1272 4410 est
1297 4355 1409 4426 ipse
1447 4357 1540 4428 qui
1583 4373 1709 4429 per-

130 4443 255 4511 cepit
275 4442 588 4499 seminatus
611 4442 958 4514 intelligatur,
988 4443 1127 4500 inter
1149 4447 1327 4501 saeculi
1349 4444 1565 4504 divitias
1593 4466 1711 4506 cre-

1811 3249 1993 3304 minus
2020 3249 2076 3304 in
2101 3264 2284 3319 opere,
2317 3265 2481 3320 quam
2511 3251 2564 3305 in
2607 3251 2904 3308 intellectu.
2939 3253 3205 3322 Quoniam
3239 3255 3404 3328 583

1813 3337 2072 3408 quidquid
2099 3339 2297 3394 meruit
2348 3340 2556 3404 audire,
2598 3341 2874 3397 festinavit
2901 3358 3062 3399 nosse
3106 3353 3162 3400 et
3218 3345 3411 3402 intelli-

1812 3449 1962 3505 gere,
1991 3449 2111 3505 quze
2133 3450 2262 3492 vero
2292 3435 2582 3501 intellexit,
2632 3452 2795 3508 opere
2825 3437 3070 3508 implere.
3097 3439 3166 3495 Et
3187 3455 3254 3496 ex
3304 3441 3410 3498 hoc

1812 3526 2013 3596 quippe
2050 3525 2193 3580 trino
2223 3527 2502 3596 profectus
2522 3529 2715 3598 gradu,
2747 3530 2992 3585 nascitur
3015 3531 3230 3587 culmen
3261 3549 3411 3589 sum-

1813 3631 1916 3671 mae
1943 3616 2317 3688 perfectionis,
2345 3630 2403 3673 ut
2433 3621 2506 3674 sit
2533 3621 2711 3676 omnis
2731 3621 2972 3678 Ecclesia
3006 3622 3232 3691 Christi,
3251 3626 3404 3682 hica-

1814 3717 2044 3774 merata,
2079 3709 2162 3765 vel
2195 3711 2564 3766 tricamerata.
2584 3713 2640 3767 In
2667 3713 2864 3785 quibus
2884 3715 3131 3785 profecto
3150 3719 3408 3789 gradibus

1815 3800 1969 3870 quasi
1995 3815 2093 3870 per
2124 3801 2362 3856 tabulata
2402 3803 2584 3874 templi
2623 3805 2737 3860 veri
2795 3805 3117 3871 Salomonis,
3161 3811 3408 3865 ascendi-

1815 3901 1906 3950 tur
1931 3908 2105 3964 usque
2125 3895 2193 3950 ad
2220 3910 2403 3950 arcem
2430 3896 2654 3969 integra:
2680 3897 3051 3967 perfectionis.
3092 3900 3408 3974 Depingitur

1818 3993 2002 4041 autem
2025 3986 2129 4043 iste
2152 4003 2435 4054 numerus,
2460 3987 2803 4057 Centesimus,
2837 3996 3192 4064 sexagesimus
3238 4006 3285 4050 et
3312 3996 3409 4050 tri-

1815 4079 2059 4145 cesimus,
2089 4078 2255 4134 etiam
2294 4078 2449 4148 juxta
2478 4090 2666 4137 aetates
2714 4083 2963 4138 humana:
3002 4093 3230 4140 naturae.
3259 4085 3406 4152 Quo-

1815 4172 1964 4228 niam
1995 4173 2160 4229 homo
2188 4189 2312 4230 cum
2343 4173 2507 4230 fuerit
2534 4175 2755 4246 triginta
2799 4193 3090 4244 annorum,
3123 4189 3249 4236 tunc
3295 4181 3406 4235 for-

1817 4268 2058 4324 tissimus
2085 4268 2316 4326 habetur
2339 4270 2406 4325 ad
2429 4270 2633 4333 omnia,
2657 4279 2712 4325 et
2738 4272 3106 4340 sponsalitatis
3130 4274 3255 4344 jura
3285 4290 3405 4330 am-

1814 4360 1958 4431 plius
1997 4362 2366 4431 amplectitur,
2419 4378 2485 4420 ac
2543 4363 2670 4418 hinc
2705 4364 2829 4420 inde
2876 4365 2969 4421 lilii
3024 4378 3402 4436 procreantur.

1814 4449 2022 4506 Idcirco
2055 4452 2156 4507 sub
2198 4451 2302 4508 hoc
2353 4468 2581 4509 numero
2629 4452 2840 4510 fructus
2885 4457 3291 4528 conjugatorum
3339 4460 3410 4517 ab

130 4548 271 4590 scens
298 4544 365 4592 et
389 4533 636 4590 fallacias
656 4512 936 4592 vanitatis.
969 4535 1080 4592 Nec
1101 4536 1264 4608 582
1310 4539 1472 4610 igitur
1509 4541 1705 4596 mirum
1740 4512 1788 4572 D
1814 4541 2070 4597 omnibus
2103 4541 2503 4598 Ecclesiasticis
2546 4543 2680 4598 viris
2710 4543 2835 4612 jure
2865 4512 3173 4615 expdnitur.
3205 4549 3410 4607 Deinde

129 4625 164 4678 si
193 4626 311 4682 talis
343 4625 419 4681 sit
443 4625 670 4692 locutio,
701 4641 824 4682 cum
855 4635 910 4682 et
941 4627 1039 4697 ipsi
1063 4629 1231 4699 Spinze
1264 4628 1535 4696 dicantur,
1569 4632 1709 4687 sicut

128 4725 199 4770 est
214 4716 346 4772 illud
365 4717 418 4771 in
431 4715 677 4773 Canticis
692 4733 707 4770 :
723 4714 871 4772 Sicut
890 4715 1058 4771 lilium
1076 4719 1210 4774 inter
1220 4720 1420 4790 spinas,
1435 4723 1510 4777 sic
1529 4723 1707 4777 anima

126 4822 226 4861 aea
260 4809 407 4862 inter
437 4806 583 4875 ﬁlias
613 4804 792 4877 (Cant.
831 4823 870 4873 ι,
895 4807 982 4878 2);
1017 4825 1267 4880 quarum,
1299 4811 1424 4866 licet
1458 4811 1708 4879 ﬂoreant,

123 4913 398 4969 nunquam
420 4897 493 4953 ab
532 4897 640 4954 illis
667 4907 752 4954 est
781 4898 990 4956 fructus
1012 4902 1154 4956 sicut
1176 4916 1276 4958 nec
1302 4918 1447 4958 curae
1483 4904 1708 4970 .sazculi,

123 4989 212 5044 etsi
228 4991 535 5047 videantur
557 4990 739 5046 cibum
761 4991 966 5047 habere
985 4992 1192 5050 salutis.
1209 4993 1363 5052 Unde
1385 5006 1440 5051 et
1456 4997 1523 5052 ad
1535 4997 1707 5052 Adam

121 5091 258 5145 quta
283 5082 537 5140 litteram
557 5083 726 5140 etiam
751 5084 980 5155 ﬁgurate
1003 5086 1277 5156 loquitur:
1304 5087 1436 5142 Cum
1465 5100 1710 5161 operatus

121 5174 272 5239 fueris
294 5187 530 5244 terram,
558 5178 738 5248 spinas
757 5187 806 5234 et
833 5178 1054 5234 tribulos
1079 5181 1386 5252 germinabit
1412 5183 1523 5237 tibi.
1561 5183 1711 5241 Unde

119 5265 166 5319 in
190 5269 401 5323 sudore
424 5269 649 5323 vesceris
675 5285 812 5339 pane
838 5279 929 5324 tuo
960 5268 1113 5341 (Gen.
1168 5287 1252 5338 Ill,
1281 5271 1392 5340 I9).
1445 5272 1710 5341 Quoniam

119 5360 436 5432 quicunque
478 5359 663 5417 seculi
691 5375 750 5416 se
789 5360 997 5418 dederit
1039 5363 1406 5435 voluptatibus
1453 5365 1712 5436 curisque

115 5453 263 5510 istius
291 5453 515 5520 mundi,
541 5467 740 5524 panem
771 5454 1046 5511 ccelestem
1075 5466 1131 5512 et
1157 5457 1336 5512 cibum
1375 5472 1560 5512 verum
1606 5475 1712 5514 non

114 5545 210 5601 nisi
239 5548 396 5603 inter
423 5546 616 5618 spinas
642 5547 909 5614 comedit;
941 5558 1181 5606 attamen
1210 5550 1263 5606 in
1301 5551 1501 5608 sudore
1529 5561 1583 5606 et
1630 5554 1710 5606 la-

109 5642 237 5694 bore
267 5639 484 5695 nimio:
503 5638 642 5706 Quia
667 5640 807 5695 dives
823 5641 1031 5712 difﬁcile
1057 5643 1272 5698 intrabit
1295 5645 1349 5698 in
1375 5660 1589 5716 regnum
1618 5661 1715 5699 coe-

108 5729 279 5787 lorum
313 5732 543 5806 (Matth.
591 5749 703 5796 xix,
738 5733 854 5806 23).
903 5735 1191 5805 Eleganter
1231 5746 1409 5793 autem
1446 5737 1708 5807 adjunxit,

443 5825 721 5888 Ριτιιοι.
767 5826 966 5892 CXX.

1817 4634 2188 4705 sexagesimus
2238 4644 2489 4705 augetur,
2543 4635 2670 4705 quia
2718 4651 2841 4692 cum
2891 4639 2960 4693 ad
3006 4639 3146 4696 hanc
3189 4649 3404 4698 tetatem

1817 4723 2132 4794 pervenerit
2159 4725 2299 4794 quis,
2349 4724 2551 4780 desinit
2584 4725 2697 4796 jam
2745 4727 3090 4798 belligerare,
3136 4732 3304 4787 etiam
3349 4742 3408 4788 et

1818 4814 1958 4870 ﬁlios
2005 4815 2277 4871 interdum
2328 4830 2636 4886 procreare.
2694 4816 2807 4873 Sub
2847 4835 2956 4890 quo
2989 4836 3124 4879 sane
3177 4839 3408 4880 numero

1816 4909 2104 4965 viduarum
2131 4917 2188 4965 et
2224 4910 2466 4966 omnium
2495 4913 2888 4970 continentium
2918 4917 3054 4974 ordo
3101 4919 3406 4992 deprehen-

1815 5000 1988 5066 ditur;
2015 5014 2248 5070 quorum
2287 5000 2408 5056 ideo
2436 5001 2710 5072 copiosior
2763 5003 2993 5072 fructus,
3048 5007 3175 5078 quia
3230 5010 3406 5082 magis

1813 5101 1940 5149 sunt
1959 5109 1990 5148 a
2011 5092 2195 5148 saeculi
2233 5092 2444 5148 actibus
2467 5092 2653 5160 alieni,
2686 5096 2788 5151 sub
2833 5097 3080 5168 angustia
3110 5099 3406 5168 pcenitudi-

1812 5185 1900 5240 nis
1919 5195 1976 5238 et
2005 5183 2350 5239 tribulatione
2376 5185 2448 5254 pii
2479 5184 2704 5253 laboris,
2722 5185 2834 5244 Deo
2855 5202 3052 5245 vacare
3081 5200 3403 5246 noscuntur.

1820 5275 1971 5331 Unde
1998 5283 2055 5330 et
2080 5275 2372 5347 Apostolus
2398 5275 2638 5344 viduam,
2683 5294 2804 5350 quae
2855 5295 2984 5337 vere
3031 5281 3192 5338 vidua
3235 5284 3306 5340 sit
3350 5294 3408 5340 et

1818 5367 2080 5432 desolata,
2113 5381 2219 5423 non
2253 5367 2436 5424 minus
2461 5384 2626 5440 quam
2655 5371 2934 5443 sexaginta
2963 5389 3228 5430 annorum
3249 5374 3404 5446 jubet

1819 5457 2038 5530 eligere.
2063 5457 2202 5514 Hinc
2219 5467 2276 5514 et
2295 5459 2522 5516 ctelibes
2544 5468 2830 5526 vocantur,
2855 5477 2922 5518 eo
2950 5466 3093 5534 quod
3114 5464 3227 5536 jam
3256 5469 3406 5525 dein-

1820 5565 1946 5622 ceps
1975 5551 2254 5607 cmlestem
2294 5551 2460 5606 vitam
2486 5550 2722 5607 debeant
2747 5553 2968 5620 ducere,
3012 5566 3071 5612 ut
3122 5559 3190 5614 ad
3235 5560 3406 5631 dupli-

1821 5650 2001 5697 catum
2027 5640 2285 5708 fructum,
2313 5642 2454 5698 sicut
2503 5650 2558 5696 et
2607 5641 2783 5699 vidua:
2828 5646 2880 5702 in
2920 5663 3020 5704 sua
3056 5650 3405 5710 destitutione

1822 5735 2033 5806 possint
2056 5734 2376 5801 ascendere,
2424 5743 2486 5790 ut
2539 5732 2795 5806 deinceps
2837 5735 2951 5807 jam
3003 5741 3193 5812 sopitis
3246 5744 3405 5816 hujus

2810 5831 2887 5890 16
