4004 6362
611 224 715 281 891»

607 338 737 415 vita!
784 328 1126 407 pa'ssionibus
1161 334 1337 391 omnis
1375 336 1610 392 conditio
1661 336 1727 393 ad
1774 337 2013 393 melioris
2064 339 2190 393 vitze
2224 341 2270 399 Α

609 424 825 501 negotia
855 427 1133 484 sortiatur.
1162 426 1331 482 Porro
1359 427 1716 483 centesimum
1763 426 1995 483 fructum
2043 443 2195 498 reque

607 517 915 592 virginibus
938 517 1020 572 vel
1058 519 1389 588 martyribus
1425 529 1804 574 consecratum
1849 528 1904 575 et
1949 522 2195 576 recondi-

609 616 726 665 tum
759 608 1065 674 credimus;
1089 608 1338 678 quamvis
1372 609 1590 679 quidam
1640 620 1949 666 nostrorum
1989 612 2193 666 solum-

606 701 776 757 modo
825 700 891 755 ad
941 708 1230 770 martyres,
1294 709 1516 769 propter
1566 710 1931 774 contemptum
1982 703 2189 766 moi-tis,

610 793 743 849 illud
771 791 975 847 referre
993 791 1307 855 contendat,
1333 798 1387 846 et
1412 790 1477 845 ad
1515 791 1749 862 virgines
1775 793 2192 864 sexagesimum,

607 891 832 966 propter
855 883 1025 937 otium
1057 882 1306 949 interius,
1338 891 1394 937 ut
1425 882 1519 949 ait,
1551 883 1791 953 deputat,
1815 886 1939 954 quia
1965 899 2069 938 non
2100 900 2196 954 pu-

607 987 777 1050 gnant
813 984 1003 1033 contra
1026 975 1472 1030 consuetudinem
1494 977 1692 1031 carnis.
1720 975 1825 1031 Sed
1862 976 1996 1031 mira
2035 976 2197 1031 inter-

603 1068 862 1140 pretatio,
902 1068 992 1122 ubi
1048 1082 1149 1121 nec
1180 1065 1354 1138 gratia
1380 1066 1698 1132 aestimatur,
1733 1082 1830 1121 nec
1863 1066 2195 1136 incorruptio

545 1157 550 1161 ’
601 1170 948 1227 conservata,
979 1176 1098 1230 qua:
1129 1174 1352 1215 consors
1389 1159 1700 1232 angelorum
1732 1168 1844 1224 est,‘
1878 1159 1991 1214 suis
2034 1157 2197 1228 privi-

606 1248 762 1323 kgiis
800 1252 1118 1315 honoratur,
1146 1248 1299 1316 Quod
1322 1249 1366 1303 si
1391 1249 1464 1303 ita
1494 1258 1659 1313 esset,
1689 1248 1815 1320 quia
1847 1264 1953 1302 non
1980 1256 2087 1313 est,
2119 1248 2195 1301 vi-

608 1342 831 1421 deretur
882 1341 1248 1397 caelibatorum
1295 1349 1350 1395 et
1400 1340 1705 1405 viduarum,
1751 1348 1912 1410 atque
1955 1338 2194 1393 omnium

602 1433 1025 1499 continentium,
1057 1433 1143 1503 vel
1171 1432 1544 1503 ptenitentium
1593 1429 1729 1487 ordo
1773 1430 2040 1499 exclusus,
2072 1429 2196 1500 qui-

604 1506 711 1582 ltus
738 1532 861 1596 post
895 1496 1143 1597 militia‘m
1165 1496 1248 1577 vel
1268 1522 1460 1588 otium,
1487 1520 1642 1592 quasi
1693 1498 2062 1591 sexagenariis
2081 1496 2194 1587 iam

605 1614 876 1692 duplicata
908 1633 1116 1674 merces
1150 1617 1219 1673 ob
1246 1624 1615 1686 contemptum
1642 1614 1825 1670 saeculi
1852 1615 1975 1685 jure
2003 1629 2196 1683 repen-

606 1711 772 1766 ditur.
796 1711 941 1778 Quas
968 1718 1171 1782 partes,
1194 1709 1320 1781 quia
1344 1707 1465 1778 pius
1488 1705 1744 1778 Magister
1771 1720 1877 1760 non
1897 1702 2190 1774 expressit,
2222 1713 2270 1774 Β

603 1790 707 1859 nec
753 1803 1004 1865 secrevit,
1034 1801 1152 1856 'nec
1192 1798 1603 1864 demonstravit,
1646 1810 1746 1852 nec
1793 1795 2054 1860 deﬁnivit,
2087 1810 2194 1850 non

602 1894 729 1949 ilco
758 1903 936 1947 tamen
964 1891 1143 1955 libere
1164 1892 1423 1945 oberrare
1453 1888 1619 1962 585.
1639 1889 1902 1945 debemus
1953 1902 1983 1941 a
2013 1886 2194 1958 regula

600 1976 869 2041 veritatis.
916 1983 1168 2053 Alioquin
1215 1982 1268 2036 in
1327 1991 1439 2036 toto
1495 1981 1654 2050 hujus
1701 1980 1974 2052 parabolae
2020 1988 2193 2045 textu,

605 2067 733 2149 quid
767 2085 928 2147 putas
946 2073 1214 2145 quomodo
1256 2074 1459 2128 veritas
1487 2072 1819 2128 elucesceret
1851 2081 2013 2143 tantae
2041 2072 2197 2128 intel-

602 2170 863 2242 ligentia,
890 2170 991 2225 nisi
1025 2169 1205 2223 divina
1263 2168 1563 2224 auctoritas
1607 2183 1726 2222 eam
1761 2166 2092 2222 reserasset?
2121 2168 2196 2221 De

602 2278 710 2339 qua
733 2263 963 2318 veritate
990 2262 1077 2315 vix
1109 2258 1335 2330 perfecti
1360 2261 1413 2314 in
1446 2259 1532 2314 his
1580 2274 1701 2330 qua:
1731 2267 1940 2313 restant
1988 2273 2046 2312 se
2071 2272 2196 2312 cou-

600 2355 791 2411 venire
813 2360 1054 2425 possunt.
1085 2350 1238 2408 Unde
1267 2350 1689 2421 benignissimus
1724 2348 1972 2404 Salvator
2006 2350 2059 2403 in
2091 2362 2195 2403 ρεθ-

600 2448 736 2504 teris
779 2454 835 2501 ut
872 2444 1107 2515 regulam
1134 2443 1423 2508 tractandi,
1455 2441 1748 2514 parabolis,
1793 2457 1856 2495 ac
1887 2441 1929 2495 si
1958 2440 2194 2511 prudens

601 2546 812 2605 orator,
839 2536 1154 2592 ostenderet
1198 2534 1340 2589 hanc
1380 2548 1477 2605 per
1504 2548 1561 2588 se
1617 2533 1953 2603 parabolam,
2008 2531 2193 2601 paucis

599 2632 895 2705 etplanarc
917 2630 1327 2695 voluitverbis;
1366 2628 1620 2698 deinceps
1649 2627 1925 2682 auditores
1971 2640 2097 2680 suos
2137 2633 2195 2678 ut

598 2737 925 2803 provocaret
961 2728 1027 2782 ad
1072 2723 1482 2795 intelligentiam
1524 2721 1877 2790 reliquarum,
1913 2734 2048 2788 quas
2075 2734 2195 2789 pro-

597 2818 799 2890 posuit,
830 2814 1228 2887 parabolarum.
1258 2811 1406 2867 Fecit
1425 2812 1589 2873 enim,
1617 2820 1677 2863 ut
1697 2810 1868 2873 aiunt,
1900 2808 1967 2861 ad
1997 2805 2191 2862 simili-

600 2910 845 2966 tudinem
876 2906 1143 2977 portantis
1169 2919 1266 2959 vas
1292 2903 1507 2973 plenum
1540 2900 1690 2956 miris
1725 2908 1781 2955 et
1810 2898 2038 2954 diversis
2067 2912 2191 2967 spe-

603 3002 809 3066 ciebus,
832 3014 969 3071 quas
998 2998 1051 3051 in
1084 3007 1226 3051 terra
1258 3011 1380 3049 cum
1419 2992 1695 3057 detulerit,
1742 2991 1832 3046 ubi
1861 3000 2017 3045 antea
2065 3004 2191 3043 nec-

604 3097 732 3153 dum
768 3096 897 3150 vism
926 3092 1158 3153 fuerant,
1190 3089 1483 3163 ostendunt
1518 3101 1680 3141 unam
1711 3100 1779 3140 ex
1804 3084 2006 3139 eisdem
2033 3083 2189 3138 valde
2217 3078 2263 3141 C

597 3186 949 3257 locupletem,
976 3192 1030 3238 et
1062 3181 1243 3236 multis
1259 3188 1579 3247 exornatam
1603 3177 1893 3241 coloribus,
1924 3184 2189 3245 quatenus

599 3293 669 3335 ex
699 3278 800 3334 hac
842 3291 946 3330 una
981 3280 1237 3344 provocet
1277 3279 1609 3325 mercatores
1654 3269 1803 3339 regni
1833 3266 2075 3323 caelestis
2123 3265 2190 3319 ad

599 3380 801 3428 cetera
828 3383 946 3440 qua:
969 3367 1116 3423 intus
1142 3364 1427 3420 obscurius
1447 3361 1827 3418 obvolvuntur.
1849 3360 1914 3415 Et
1935 3359 2056 3414 ideo
2080 3368 2188 3413 tam

600 3464 814 3523 diversa
843 3458 1114 3532 proponit,
1141 3466 1199 3512 ut
1222 3470 1380 3511 omne
1414 3454 1685 3510 fastidium
1723 3454 2030 3523 detergeat;
2064 3450 2189 3521 quia

598 3557 753 3614 novit
777 3553 1016 3611 etelestis
1042 3558 1230 3606 orator
1274 3547 1570 3604 secundum
1600 3543 2046 3600 consuetudinem
2097 3557 2192 3613 pa-

594 3651 740 3716 trias,
765 3650 816 3704 in
848 3646 1117 3718 parabolis
1141 3643 1397 3715 graviter,
1415 3639 1651 3711 copiose,
1666 3646 1965 3706 ornateque
1988 3634 2187 3688 dicere.

596 3742 762 3805 Novit
785 3749 840 3796 et
858 3735 1423 3810 peritissimedocere,
1439 3732 1650 3786 animos
1670 3742 2014 3785 commovere
2029 3740 2192 3797 gran-

603 3833 746 3888 diter
773 3828 1127 3887 audientium,
1159 3822 1450 3877 ellicaciter
1478 3820 1828 3891 persuadere,
1859 3825 1918 3871 ιιι
1948 3816 2193 3870 diversas

601 3920 935 3976 audientium
1009 3917 1318 3970 voluntates
1387 3910 1727 3968 suavissimis
1808 3907 2189 3980 parabolarum

599 4011 835 4069 oblectet
856 4006 1266 4064 blandimentis.
1296 4005 1363 4058 Et
1395 4004 1516 4058 ideo
1558 4018 1625 4057 ex
1660 4016 1766 4055 una
1805 4002 1993 4055 eadem
2023 4007 2188 4063 terra,

600 4104 937 4159 tricesimum
969 4108 1025 4156 et
1062 4098 1461 4168 sexagesimum
1490 4103 1651 4165 atque
1678 4094 2033 4150 centesimum
2074 4091 2189 4146 l‘ru-

602 4202 750 4249 ctum
800 4190 1144 4261 repromittit,
1185 4188 1342 4259 juxta
1410 4186 1634 4241 culturae
1695 4185 2033 4255 qualitatem.
2086 4182 2193 4239 Sed

602 4290 804 4355 quanta
855 4281 928 4336 sit
970 4282 1161 4335 horum
1210 4278 1472 4350 graduum
1530 4276 1839 4342 diversitas,
1883 4284 2193 4345 quantaque

606 4372 804 4429 divinae
845 4371 1125 4444 sapientiae
1171 4368 1452 4439 maiestas,
1478 4375 1533 4422 et
1581 4375 1782 4437 quanta
1813 4373 2055 4437 potestas
2082 4363 2191 4419 elo—

605 4465 842 4536 quentia:
861 4434 992 4528 suae,
1023 4434 1391 4532 quantumque
1414 4434 1625 4529 pondus
1656 4434 1851 4513 habeat
1879 4456 1934 4511 in
1968 4456 2193 4525 loquen-
2221 4434 2276 4494 Ῑ)

604 4555 695 4623 do,
727 4569 886 4609 nemo
917 4551 1113 4621 estqui
1143 4550 1303 4622 digne
1356 4548 1613 4603 admirari
1658 4548 1846 4620 possit,
1895 4561 2054 4601 nemo
2102 4545 2193 4615 qui

604 4646 672 4705 ad
707 4645 967 4716 liquidum
981 4642 1273 4713 explicare.
1302 4639 1456 4697 Unde
1478 4638 1760 4696 videamus
1784 4639 1946 4695 etiam
1971 4638 2024 4692 in
2053 4652 2195 4693 com-

603 4742 886 4817 putatione
927 4738 1259 4800 Grzecorum,
1296 4736 1390 4809 qui
1442 4751 1659 4808 semper
1699 4735 2020 4807 sapientiam
2050 4749 2194 4803 quae-

602 4823 1012 4903 runt‘qualiter
1058 4830 1157 4884 iste
1201 4829 1466 4885 formetur
1506 4842 1783 4883 numerus.
1814 4826 1948 4882 Nam
1987 4825 2197 4882 tricesi-

608 4941 758 4981 mum
782 4938 1067 4979 numerum
1107 4919 1273 4975 iidem
1304 4917 1609 4991 ad'nuptias
1647 4918 1908 4983 referunt,
1939 4918 2195 4989 quoniam

602 5016 662 5073 in
705 5015 926 5071 sinistra
985 5028 1148 5067 manu
1171 5011 1286 5083 ipsa
1336 5010 1626 5081 digitorum
1676 5008 2001 5081 complexio,
2042 5009 2196 5079 quasi

604 5092 881 5164 submolli
914 5102 1101 5159 osculo
1150 5099 1406 5157 maritum
1426 5092 1595 5155 ‘simul
1627 5100 1866 5172 depingit
1914 5108 1969 5155 et
2007 5098 2195 5167 conju-

607 5207 749 5272 gem.
778 5184 1196 5270 Sexagesimum
1218 5210 1372 5261 vero,
1403 5194 1469 5248 ad
1501 5193 1691 5248 viduas
1721 5209 1813 5248 seu
1855 5192 2093 5257 caelibes,
2130 5206 2195 5247 eo

609 5287 757 5359 quod
779 5289 881 5347 sub
900 5288 1032 5359 jugo
1060 5285 1429 5344 tribulationis
1459 5292 1514 5339 et
1550 5285 1924 5356 angustiarum
1956 5285 2067 5339 sint
2103 5298 2197 5353 po-

609 5378 751 5445 sitae,
777 5378 1161 5437 determinant.
1193 5375 1348 5433 Unde
1391 5384 1447 5432 et
1480 5391 1511 5430 a
1541 5374 1736 5445 pollice
1788 5375 1950 5430 iudex
1997 5375 2196 5447 digitus

611 5467 933 5538 deprimitur
954 5468 1158 5524 ftedere
1179 5467 1479 5533 viduitatis,
1507 5474 1566 5521 ut
1597 5474 1803 5538 quanto
1848 5463 2024 5536 major
2062 5464 2197 5521 dilli-

611 5548 786 5615 cultas
835 5559 1117 5630 gravitatis
1162 5568 1218 5616 et
1248 5561 1454 5638 oneris,
1498 5567 1650 5616 tanto
1702 5557 1872 5628 magis
1915 5558 2197 5629 praemium

616 5642 895 5717 amatur.
927 5647 1097 5715 Porro
1123 5653 1471 5719 centesimus,
1498 5652 1623 5722 quia
1656 5651 1724 5707 ad
1751 5650 1988 5722 virgines
2032 5651 2197 5706 refer-

1406 220 1464 280 s.
1505 205 1864 282 rsscuasn
1904 222 2253 281 munem
2289 222 2580 281 seems
2617 217 3070 285 CORBEIENSIS

2299 345 2406 402 tur,
2454 353 2547 393 seu
2608 345 2897 409 martyres,
2948 338 3013 393 de
3060 337 3283 396 sinistra
3343 345 3523 404 transit
3552 351 3616 408 Id
3655 354 3805 416 dexte-

2296 444 2445 495 ram;
2500 428 2574 482 ita
2621 437 2680 483 ut
2728 428 2923 498 quibus
2970 429 3153 502 digitis
3221 435 3410 503 nuptiae
3476 438 3800 519 signiﬁcantur,

2297 531 2353 576 et
2413 521 2585 577 viduae
2650 522 2909 578 circulum
2989 521 3200 580 faciens
3271 541 3512 586 coronam
3588 539 3806 608 exprimat

2296 614 2459 688 585
2488 615 2827 687 virginitatis.
2862 615 2932 671 Et
2976 616 3080 673 hoc
3111 626 3196 673 est
3222 621 3360 690 quod
3396 623 3594 680 canitur
3621 627 3670 683 in
3694 633 3807 700 psal-

2296 707 2431 763 mis:
2463 707 2640 761 Aslitit
2686 708 2863 776 regina
2898 725 2931 761 a
2980 709 3180 763 dextris
3222 711 3323 765 tuis
3349 711 3520 783 (Psal.
3548 730 3677 784 xm,
3699 720 3808 792 10);

2294 800 2421 869 quia
2451 814 2577 855 vera
2607 800 2959 870 incorruptio,
2986 816 3141 856 soror
3160 811 3244 857 est
3263 802 3598 876 Angelorum,
3625 824 3810 880 quorum

2297 891 2528 949 societas
2554 892 2606 946 in
2631 892 2851 947 Christo
2875 892 2927 949 in
2951 893 3158 949 dextris
3178 894 3359 965 utique
3380 897 3665 957 collocatur.
3678 904 3813 960 Aliam

2294 998 2496 1052 quoque
2514 980 2818 1051 parabolam
2846 983 3111 1052 proposuit
3156 984 3250 1048 eis,
3279 983 3467 1040 dicens.
3501 985 3648 1046 Recte
3672 989 3813 1057 aliain,

2297 1074 2421 1144 quia
2455 1072 2634 1127 multae
2652 1082 2797 1141 sunt,
2829 1084 2882 1130 et
2907 1089 3014 1130 non
3038 1074 3283 1141 alteram,
3335 1092 3401 1133 ne
3441 1077 3570 1135 forte
3602 1080 3703 1137 dum
3724 1091 3814 1138 tan-

2297 1170 2411 1217 tum
2462 1162 2918 1243 intelligerentur,
2971 1180 3106 1235 quas
3156 1166 3270 1236 ipse
3308 1178 3491 1224 auctor
3530 1170 3643 1229 vitae
3672 1185 3819 1243 perse

2297 1254 2592 1311 clementer
2617 1239 2885 1326 exposuit,
2935 1257 3063 1313 licet
3097 1260 3285 1329 paucis
3324 1260 3376 1316 in
3423 1260 3590 1318 medio
3628 1239 3818 1335 interpo—

2297 1347 2438 1412 sitis,
2470 1356 2529 1401 ut
2558 1356 2876 1403 caeterarum
2912 1348 3265 1418 intelligentia
3314 1366 3380 1407 ex
3410 1352 3522 1407 istis
3545 1352 3726 1411 avidius
3752 1366 3821 1410 re-

2296 1438 2563 1509 quiratur.
2596 1437 2834 1504 Quarum
2878 1438 3002 1508 quia
3051 1437 3274 1495 ﬂoridus
3316 1447 3399 1494 est
3445 1440 3743 1505 intellectus,
3778 1449 3822 1498 et

2297 1530 2469 1588 dulcis
2495 1529 2732 1598 auditus,
2754 1531 3045 1603 plurimum
3079 1534 3272 1589 invitat
3298 1533 3550 1590 lectorem
3577 1534 3637 1592 ad
3666 1536 3822 1605 reliqua

2297 1622 2351 1678 in
2383 1623 2617 1689 caeteris,
2643 1638 2764 1694 quae
2788 1622 3017 1679 obscura
3057 1633 3218 1691 sunt,
3250 1625 3585 1695 requirenda.
3614 1623 3727 1693 Quia
3750 1626 3819 1681 be-

2296 1713 2647 1786 nignissimus
2690 1711 2943 1770 Salvator
2984 1716 3139 1786 quasi
3194 1716 3458 1785 praedives
3504 1713 3650 1771 valde
3685 1725 3823 1787 pater-

2299 1803 2535 1859 familias
2579 1818 2717 1874 quos
2755 1804 2949 1860 invitat
2996 1805 3062 1861 ad
3114 1805 3304 1877 epulas
3341 1814 3550 1860 aeternae
3594 1804 3821 1869 satietatis,

2297 1895 2512 1951 interim
2549 1895 2779 1951 diversis
2820 1895 3137 1953 deliciarum
3180 1897 3411 1967 reﬁcere
3452 1904 3599 1953 curat
3636 1896 3764 1961 cibis,
3784 1896 3824 1950 in

2299 1989 2411 2054 via,
2444 1996 2504 2042 ut
2554 1988 2924 2062 unusquisque
2978 1990 3281 2047 secundum
3326 1999 3571 2046 naturam
3618 1986 3826 2047 stomachi

2297 2080 2380 2137 sui
2412 2079 2667 2135 alimenta
2690 2079 2949 2151 percipiat
2976 2081 3192 2137 salutis.
3240 2080 3348 2138 Sed
3376 2082 3499 2152 quia
3535 2081 3629 2137 has
3644 2087 3826 2143 tantum,

2298 2180 2359 2225 ut
2385 2171 2520 2234 dixi,
2552 2171 2708 2237 duas,
2746 2169 2874 2227 licet
2918 2172 3107 2241 paucis
3154 2171 3476 2243 interjectis,
3535 2171 3644 2243 ipse
3682 2184 3761 2240 per
3784 2182 3828 2225 se

2297 2263 2572 2333 exposuit,
2609 2261 2770 2320 simul
2813 2262 3119 2335 jungendas
3143 2264 3359 2320 censui.
3383 2263 3452 2318 Et
3493 2262 3625 2320 sicut
3651 2273 3827 2324 essete-

2296 2353 2449 2410 lestis
2497 2355 2761 2426 sapientia
2803 2353 3089 2427 Splendore
3137 2354 3341 2410 divinae
3371 2349 3710 2425 intelligentia
3740 2350 3828 2406 illu-

2298 2446 2529 2501 stravit:
2566 2445 2641 2501 ita
2690 2445 3010 2517 legentibus,
3064 2447 3232 2502 simul
3286 2456 3349 2502 ut
3403 2444 3673 2518 propositae
3710 2451 3828 2507 sunt,

2298 2540 2578 2612 assignare
2609 2540 2847 2595 decrevi.
3208 2608 3213 2613 η

2371 2630 2560 2687 Simile
2606 2642 2705 2699 est,
2760 2632 2954 2702 inquit,
3009 2649 3229 2704 regnum
3280 2631 3529 2687 caelorum
3568 2627 3825 2697 homini“

2296 2723 2567 2778 seminavit
2597 2724 2786 2778 bonum
2828 2739 3003 2779 semen
3054 2724 3110 2777 in
3159 2741 3295 2796 agro
3345 2740 3459 2778 suo.
3494 2720 3652 2790 Quam
3690 2719 3828 2785 itaque

2296 2817 2726 2883 similitudinem,
2758 2832 2943 2872 coram
2982 2816 3181 2891 turbis,
3234 2833 3344 2873 una
3383 2832 3505 2873 cum
3528 2812 3733 2879 caeteris,
3760 2810 3829 2867 ob-

2297 2922 2454 2963 scure
2482 2907 2638 2963 valde
2668 2908 2959 2978 peroravit.
3001 2907 3214 2964 Deinde
3264 2908 3502 2965 dimissis
3539 2904 3692 2964 turbis
3721 2901 3829 2959 venit

2296 2999 2351 3053 in
2387 3001 2625 3064 domum,
2659 3008 2713 3052 et
2751 3010 3098 3056 accesserunt
3149 3002 3224 3057 ad
3254 3017 3379 3057 eum
3424 2996 3677 3069 discipuli,
3715 2993 3830 3063 quasi

2296 3089 2605 3155 domestici,
2623 3090 2777 3159 quasi
2807 3091 3237 3160 familiarissimi,
3261 3101 3318 3148 et
3342 3092 3526 3147 dicunt
3546 3089 3621 3145 ei:
3644 3082 3831 3142 Edissere

2297 3179 2441 3233 nobis
2471 3179 2775 3248 parabolam
2804 3180 3130 3235 zizaniorum
3164 3184 3307 3253 agri.
3339 3180 3469 3251 Quae
3498 3179 3595 3236 nisi
3611 3174 3832 3235 obscurior

2295 3260 2572 3323 videretur
2596 3268 2706 3339 p‘rze
2734 3271 2967 3336 cteteris,
2987 3285 3340 3343 nequaquam
3362 3275 3430 3328 de
3460 3273 3559 3327 hac
3583 3268 3681 3327 sola
3704 3267 3827 3322 inter-

2296 3369 2553 3428 rogarent
2581 3359 2734 3430 quasi
2765 3360 2943 3425 inscii,
2977 3377 3138 3430 quam
3190 3376 3293 3418 nec
3329 3361 3554 3434 populus
3587 3356 3832 3415 merebatur

2296 3448 2508 3516 audire,
2543 3466 2643 3506 nec
2666 3459 2896 3521 poterat.
2929 3451 3133 3519 Quibus
3163 3455 3292 3526 pius
3330 3454 3587 3526 Magister
3606 3449 3697 3504 ait:

2370 3543 2473 3610 Qui
2495 3546 2716 3599 seminat
2744 3554 2818 3599 est
2844 3542 3016 3599 Filius
3039 3546 3300 3612 hominis,
3321 3563 3448 3618 ager
3470 3548 3710 3600 autemetl
3726 3551 3835 3594 σκιη-

2295 3638 2415 3699 dus,
2446 3638 2637 3692 bonum
2670 3655 2787 3693 vero
2840 3656 3013 3694 semen
3063 3641 3101 3694 ii
3140 3654 3273 3697 sunt
3312 3643 3413 3711 ﬁlii
3465 3640 3638 3712 regni;
3678 3632 3835 3691 tinnit!

2295 3738 2468 3783 autem
2494 3728 2593 3799 ﬁlii
2619 3740 2739 3783 sunt
2769 3746 3007 3801 nequam.
3029 3729 3300 3787 Inimicus
3320 3734 3412 3804 qui
3430 3728 3835 3803 superumildlﬁ“

2295 3812 2558 3883 diabolus,
2607 3826 2660 3871 et
2706 3828 2920 3875 caetera.
2955 3818 3081 3876 Haec
3129 3820 3264 3878 ideo
3296 3822 3556 3893 priemisi,
3593 3828 3646 3873 ut
3672 3812 3840 3872 liberior

2295 3908 2520 3962 daretur
2568 3906 2797 3964 facultas
2833 3909 3107 3980 loquendi,
3141 3921 3201 3967 et
3248 3912 3602 3984 multiplicem
3637 3903 3837 3979 qtltesllo'

2297 4014 2420 4054 nem
2445 4016 2513 4053 ex
2534 3999 2619 4054 his
2649 3999 2838 4070 paucis
2862 4017 2982 4073 quae
3013 4014 3266 4061 reserata
3294 4013 3426 4061 sunt
3455 4020 3484 4059 a
3515 4001 3737 4061 Domino.
3753 4008 3841 4067 Ρθτ·

2296 4088 2563 4158 spicacius
2585 4088 3023 4160 intelligeremus.
3058 4091 3336 4158 Quoniam
3360 4109 3484 4165 qua:
3508 4089 3728 4163 exposita
3747 4088 3840 4139 sunt

2295 4187 2350 4232 et
2398 4187 2599 4234 nostrae
2641 4179 3007 4253 intelligentiae
3037 4182 3327 4252 derelicta,
3367 4183 3688 4242 enucleatius
3710 4172 3845 4246 requi-

2296 4271 2462 4326 renda
2484 4271 2932 4328 suntetbreviter
2954 4278 3290 4333 annotanda.
3319 4277 3459 4345 Quia
3478 4276 3545 4331 ad
3568 4275 3662 4330 hoc
3676 4268 3843 4327 divinus

2297 4362 2505 4417 arbiter
2534 4361 2732 4419 clausis
2767 4364 2902 4435 tegit
2948 4366 3241 4423 veritatem
3291 4368 3510 4442 ﬁguris,
3551 4356 3846 4424 sacramentis

2300 4451 2613 4516 obumbrat,
2643 4452 2900 4509 obscurat
2924 4456 3223 4526 mysteriis,
3256 4467 3322 4514 ut
3360 4458 3551 4515 ﬁdeles
3569 4464 3622 4512 et
3648 4448 3792 4508 devoti
3806 4443 3844 4499 in

2300 4540 2387 4595 his
2409 4550 2787 4598 exerceantur.
2818 4543 3054 4614 Exponit
3092 4549 3366 4606 nonnulla
3428 4548 3702 4610 secretius,
3725 4548 3773 4596 ut
3801 4533 3851 4591 ad

2300 4646 2364 4687 ea
2393 4646 2514 4702 quae
2536 4631 2751 4687 obtecta
2774 4644 2901 4690 sunt
2923 4635 3196 4694 avidiores
3229 4640 3320 4699 sui
3356 4628 3669 4698 reddantur.
3712 4624 3850 4689 Simila

2300 4733 2397 4789 est,
2430 4722 2627 4794 inquit,
2661 4723 2828 4798 586
2873 4743 3086 4797 regnum
3113 4730 3378 4788 calorum
3407 4712 3626 4796 homini,
3652 4721 3855 4801 quoniam

2301 4811 2551 4869 Christus
2596 4813 2772 4870 factus
2806 4825 2889 4871 est
2915 4815 3098 4883 homo,
3138 4828 3201 4874 ut
3252 4810 3514 4892 pereunti
3554 4814 3763 4877 humano
3787 4822 3853 4882 se-

2306 4909 2425 4966 neri
2451 4900 2779 4967 subveniret.
2813 4908 2913 4979 Qui
2960 4913 3122 4969 homo
3151 4916 3459 4974 seminavit
3491 4917 3684 4973 bonum
3715 4917 3858 4965 semen

2307 5000 2363 5056 in
2384 5016 2515 5072 agro
2544 5016 2663 5056 suo.
2697 5000 2866 5057 Audis
2895 5003 3361 5072 quemadmodum
3394 5007 3511 5079 ipse
3543 4985 3683 5083 Deus,
3714 5001 3856 5055 homo.

2306 5100 2456 5148 sator
2484 5092 2691 5158 mundi,
2720 5105 2901 5154 rerum
2928 5094 3191 5166 principia
3224 5096 3377 5155 bona
3416 5099 3571 5167 fecit,
3600 5080 3693 5154 nec
3712 5089 3859 5165 ullum

2306 5182 2506 5238 malum
2533 5184 2601 5239 ab
2622 5191 2844 5238 auctore
2870 5183 3061 5265 prima:
3083 5186 3321 5257 originis
3352 5176 3643 5262 processit,
3669 5166 3751 5242 sed
3774 5191 3862 5235 om-

2302 5279 2390 5335 nia
2423 5278 2574 5335 valde
2598 5278 2738 5334 bona
2780 5280 2928 5336 fecit.
2954 5279 3163 5338 Idcirco
3190 5297 3308 5340 non
3342 5295 3477 5345 sunt
3514 5267 3751 5349 audiendi
3774 5270 3862 5353 tta-

2303 5370 2516 5437 nichaei,
2582 5384 2679 5425 seu
2720 5362 2906 5427 caeteri
2956 5372 3201 5429 haeretici
3227 5415 3259 5444 ,.
3313 5378 3412 5448 qui
3465 5356 3655 5451 dicunt
3692 5359 3864 5453 alia“id

2304 5458 2431 5519 mali
2460 5478 2581 5519 esse
2618 5474 2859 5522 creatum
2888 5481 2920 5522 a
2966 5465 3079 5524 Deo
3108 5469 3502 5541 tenebrarum,
3543 5450 3781 5544 quoniam
3816 5457 3866 5513 ab

2307 5556 2525 5612 inimico
2583 5558 3070 5628 superseminatum
3106 5569 3191 5617 est
3249 5565 3489 5633 malum,
3534 5572 3591 5621 et
3634 5572 3733 5617 non
3772 5564 3869 5625 pm‘

2308 5645 2549 5706 creatum
2575 5653 2642 5705 ab
2671 5661 2891 5708 auctore
2919 5654 3156 5727 Deo,qui
3178 5668 3390 5715 cuncta
3415 5654 3717 5718 fecitvalde
3738 5652 3870 5708 bona-
