4004 6362
622 287 727 346 495

1402 293 1491 350 .S.
1529 292 1881 350 PASCHASII
1917 291 2268 350 RADBERTI
2304 290 2594 348 ABBATIS
2630 289 3076 347 CORBEIENSIS
3706 307 3781 366 ωδ

617 401 800 488 dicetis
837 401 995 457 simul
1039 411 1088 458 et
1135 402 1383 458 triticum.
1445 405 1695 477 Alioquin
1741 405 2196 461 clementissimus
2221 418 2275 474 Α
2300 420 2522 475 regnum
2549 405 2808 460 caelorum
2831 419 2926 458 sua
2951 403 3314 474 singularitate
3338 416 3784 477 potens,a2ternitaw

617 491 900 559 Dominus,
939 494 1042 550 nisi
1073 495 1174 550 hoc
1198 493 1411 565 iuberet
1434 497 1707 552 videretur
1727 498 1915 553 tollere
1937 499 2202 567 paeniten-

618 582 772 638 tiam.
807 572 914 640 Sed
970 586 1203 654 imperiti
1251 586 1488 642 cultores
1540 596 1594 642 et
1647 589 1826 659 operis
1885 589 1978 644 Dei
2007 589 2198 657 nescii,

620 682 796 745 neque
845 676 1124 732 scientiam
1188 677 1527 733 discretionis
1579 679 1858 743 habentes,
1911 678 2198 749 aliquando

617 752 747 820 dum
793 767 1015 836 cupiunt
1063 767 1293 822 evellere
1354 768 1560 834 lolium,
1614 770 1889 825 cradicant
1937 769 2097 824 simul
2143 775 2198 823 et

618 857 878 912 triticum.
937 856 1053 912 Non
1113 859 1234 914 dico
1294 868 1355 913 ut
1422 861 1784 915 contradicam
1860 860 1989 914 illud
2055 860 2196 930 Apo-

613 945 738 1002 stoli
769 986 784 1010 ,
840 945 1054 1015 Auferte
1104 947 1303 1002 malum
1357 966 1421 1002 ea:
1479 950 1617 1004 vobis
1663 949 1732 1019 (Ι
1769 949 1889 1004 Cor.
1950 967 2004 1014 v,
2059 950 2190 1020 15);

613 1038 757 1106 quod
783 1038 1115 1093 contrarium
1144 1040 1270 1095 huic
1292 1040 1410 1095 loco
1425 1057 1621 1096 sonare
1643 1043 1880 1096 videtur.
1912 1041 2018 1096 Sed
2051 1041 2191 1096 aliud

616 1119 784 1200 589
820 1138 901 1184 est
949 1131 1012 1184 de
1038 1131 1338 1187 manifestis
1365 1135 1671 1204 apertisque
1708 1135 2021 1189 criminibus
2043 1133 2188 1200 iudi-

613 1234 742 1273 care
774 1221 824 1274 in
857 1219 1115 1284 Ecclesia,
1159 1221 1304 1276 aliud
1344 1223 1408 1277 de
1454 1224 1537 1276 his
1569 1240 1687 1292 qua:
1722 1225 1898 1278 adhuc
1936 1225 2088 1292 quasi
2135 1225 2190 1278 in

615 1313 782 1368 herba
804 1313 989 1368 latent.
1029 1313 1158 1368 Nam
1189 1315 1415 1380 zizania,
1445 1317 1586 1385 quod
1624 1332 1721 1370 nos
1759 1317 1938 1370 lolium
1963 1332 2082 1370 esse
2112 1316 2192 1370 di-

615 1402 812 1468 cimus,
835 1413 1122 1474 antequam
1157 1405 1210 1460 iu
1235 1405 1468 1460 culmum
1501 1407 1738 1471 veniant,
1763 1407 1890 1461 dum
1939 1407 1991 1460 in
2024 1406 2187 1461 herba

616 1503 765 1559 sunt,
797 1503 942 1549 tanta
983 1496 1274 1550 similitudo
1318 1497 1371 1551 in
1427 1497 1507 1552 eis
1559 1507 1662 1562 est,
1707 1507 1764 1551 ut
1821 1498 2053 1552 discerni
2099 1498 2186 1551 vix

621 1594 715 1638 aut
763 1601 1035 1654 nunquam
1090 1587 1312 1656 possint.
1371 1587 1438 1640 Et
1489 1588 1608 1641 ideo
1651 1587 1946 1652 Dominus,
1987 1587 2185 1652 Sinite,

611 1674 810 1744 inquit,
847 1693 1005 1747 usque
1033 1678 1100 1729 ad
1129 1693 1362 1731 messem.
1396 1677 1656 1744 Quoniam
1687 1687 1862 1748 potest
1895 1678 2008 1731 ﬁeri
2043 1679 2184 1747 quod

2301 496 2448 561 felix,
2499 496 2779 576 divinitate
2836 495 3184 566 prmfulgens,
3240 506 3346 554 toto
3390 500 3612 557 diﬂ'usum
3659 511 3780 576 caelo,

2303 599 2413 644 tota
2461 599 2604 643 terra
2637 587 2939 642 dilatatum.
2975 586 3080 642 Sed
3111 589 3341 658 cogitare
3380 606 3478 646 non
3501 594 3694 662 sufﬁcio,
3715 617 3785 670 pe.

2300 688 2516 736 netrare
2545 694 2650 734 non
2677 677 2850 744 valeo,
2881 678 2970 733 illa
3001 680 3262 748 sapientia
3308 679 3496 748 divina,
3536 685 3646 755 quid
3676 693 3785 759 quod

2300 779 2408 826 tam
2458 771 2832 826 inaestimabile
2881 779 3295 836 sacramentum,
3332 780 3535 844 tamque
3572 777 3788 837 ineﬂ‘abile

2297 864 2693 934 grano-sinapis
2733 873 2998 929 coarctat,
3037 872 3090 918 et
3130 863 3266 919 infra
3308 874 3502 920 tantam
3543 871 3787 938 parvissimi

2297 954 2518 1007 seminis
2540 953 2809 1008 concludit
2862 954 3185 1025 angustiam.
3242 953 3393 1020 Hinc,
3432 972 3614 1026 quaeso,
3655 973 3790 1016 cesset

2295 1042 2565 1098 oblatrare
2595 1044 2847 1099 haeretica
2896 1045 3138 1114 pravitas
3187 1047 3326 1116 quod
3358 1047 3489 1101 Deus
3516 1048 3619 1104 ﬁeri
3647 1051 3790 1121 digna-

2295 1143 2380 1189 tus
2408 1143 2491 1188 est
2521 1136 2700 1198 homo,
2729 1135 2773 1188 si
2823 1134 3056 1190 ccelestis
3088 1137 3238 1206 regni
3283 1136 3527 1205 maiestas
3554 1141 3702 1194 omnis
3721 1156 3790 1196 us-

2293 1241 2398 1296 que
2439 1226 2505 1279 ad
2545 1227 2696 1296 grani
2753 1227 3158 1283 similitudinem
3202 1229 3360 1282 venit.
3411 1229 3539 1296 Quid
3587 1232 3792 1299 quaeritur

2293 1317 2434 1386 quod
2464 1315 2722 1372 Dominus
2746 1318 2909 1372 totius
2933 1319 3116 1372 mundi
3143 1317 3369 1372 formam
3399 1319 3530 1373 servi
3556 1322 3790 1388 acceperit?

2291 1407 2458 1462 Porro
2488 1423 2708 1478 regnum
2764 1409 3047 1474 caelorum,
3088 1410 3230 1464 sicut
3253 1409 3356 1472 iam
3398 1425 3546 1479 supra
3582 1411 3692 1476 dixi,
3725 1412 3793 1466 tri-

2288 1497 2498 1568 pliciter
2527 1499 2808 1569 accipitur,
2842 1499 3050 1554 scilicet
3090 1508 3184 1554 aut
3239 1501 3352 1569 ipse
3399 1499 3644 1564 Christus,
3689 1501 3794 1556 sicut

2290 1589 2392 1644 hoc
2417 1588 2558 1654 loco,
2588 1599 2681 1643 aut
2709 1605 2948 1660 praesens
2984 1589 3223 1644 Ecclesia
3249 1590 3386 1643 sicut
3412 1590 3462 1644 in
3491 1605 3634 1658 quam
3673 1590 3796 1659 pluri-

2289 1681 2421 1745 mis;
2447 1689 2596 1735 certe
2631 1689 2724 1734 aut
2752 1681 3122 1751 Evangelium,
3153 1681 3296 1750 quod
3335 1689 3388 1734 et
3430 1680 3510 1734 hic
3545 1680 3686 1734 etiam
3715 1696 3794 1735 non

612 1761 772 1817 hodie
801 1764 1006 1818 zizania
1039 1766 1272 1831 videtur,
1298 1782 1422 1821 cras
1448 1768 1684 1822 triticum
1721 1769 1835 1833 ﬁat,
1863 1778 1918 1822 et
1944 1767 2086 1837 quod
2117 1767 2183 1821 ad
2213 1755 2261 1818 Β
2290 1771 2706 1842 lncongruentcr
2751 1773 3100 1842 significatur.
3123 1771 3258 1837 Quia
3293 1772 3427 1824 ultra
3466 1773 3677 1826 omnium
3709 1773 3798 1842 phi-

608 1869 847 1924 przesens
876 1866 1027 1926 paret
1058 1857 1316 1922 triticum,
1337 1859 1391 1913 in
1422 1857 1598 1914 futuro
1627 1868 1869 1915 vertatur
1897 1861 1950 1913 in
1979 1860 2186 1924 lolium,

614 1944 740 1999 dum
797 1945 939 1998 aliud
974 1946 1246 2014 protendit
1277 1947 1330 2000 in
1361 1948 1560 2018 specie,
1601 1957 1656 2003 et
1684 1947 1826 2002 aliud
1859 1947 2189 2002 ministrabi-

615 2043 706 2100 tur
737 2035 788 2089 in
815 2036 962 2090 ﬁore.
992 2036 1134 2107 Ergo
1165 2046 1343 2107 potest
1367 2038 1481 2092 ﬁeri
1516 2039 1680 2109 utqui
1709 2040 1864 2094 hodie
1897 2049 1980 2094 est
2013 2039 2188 2093 luere-

608 2127 769 2191 ticns,
787 2128 1019 2182 crastina
1047 2129 1133 2183 die
1160 2129 1230 2184 sit
1263 2146 1369 2184 non
1397 2131 1566 2186 solum
1593 2132 1783 2193 ﬁdelis,
1810 2147 1995 2186 verum
2016 2133 2182 2186 etiam

607 2230 666 2275 et
694 2220 942 2275 defensor
969 2221 1112 2276 ﬁdei.
1143 2220 1233 2276 Sic
1261 2233 1316 2276 et
1339 2223 1404 2277 de
1427 2223 1638 2278 caeteris
1663 2223 1811 2277 vitiis
1837 2238 1967 2277 sane
1991 2223 2182 2276 intelli-

609 2312 861 2382 gendum.
896 2311 1029 2379 Quia
1070 2312 1170 2366 nisi
1228 2313 1320 2367 Dei
1365 2314 1620 2383 patientia
1673 2312 1982 2367 subveniret
2022 2312 2185 2366 etiam

608 2401 914 2456 Matthaeum
943 2401 1118 2473 (cujus
1157 2405 1260 2458 hoc
1296 2404 1638 2484 [Evangelium
1673 2405 1773 2476 est)
1803 2419 1906 2458 non
1941 2405 2184 2470 haberet,

607 2503 710 2546 nec
765 2489 986 2546 Paulum
1046 2493 1110 2548 de
1143 2503 1492 2564 persecutore
1518 2495 1817 2564 apostolum
1859 2494 2180 2565 possideret.

607 2578 763 2637 Unde
790 2580 1062 2654 colligitur
1089 2597 1175 2648 ne,
1202 2584 1288 2639 ubi
1333 2585 1460 2654 quid
1496 2585 1805 2656 ambiguum
1831 2593 1933 2650 est,
1987 2585 2183 2653 magis-

603 2678 691 2726 ter
739 2670 992 2728 Ecclesiae
1049 2674 1371 2729 sententiam
1433 2676 1542 2730 cito
1599 2676 1865 2746 proferat,
1924 2676 2017 2730 scd
2075 2675 2183 2730 Deo

602 2761 789 2828 iudicii
831 2765 1124 2820 terminum
1167 2781 1523 2832 reservemus,
1572 2777 1632 2822 ut
1677 2783 1799 2821 cum
1844 2767 1959 2822 dies
1995 2767 2181 2836 iudicii

607 2857 907 2922 advenerit,
941 2858 1028 2913 ille
1060 2874 1165 2913 non
1191 2860 1484 2914 secundum
1522 2860 1886 2931 suspicionem
1916 2859 2180 2922 criminis,

609 2947 704 3001 sed
730 2948 886 3016 juxta
930 2949 1276 3004 manifestum
1313 2958 1543 3016 reatum,
1585 2951 1650 3005 de
1687 2960 1996 3006 sanctorum
2038 2960 2180 3004 cmtu

605 3052 759 3092 reum
777 3037 989 3106 eiiciat;
1014 3049 1232 3094 sanctos
1253 3055 1402 3105 vero,
1421 3042 1543 3110 quia
1559 3041 1893 3112 appellantur
1917 3041 2176 3104 triticum,

2289 1863 2637 1932 losophnrum
2695 1863 2962 1935 dogmata,
3004 1871 3058 1917 et
3089 1860 3488 1932 Scripturarum
3545 1872 3796 1917 sanctarum

2288 1952 2569 2023 mysteria,
2594 1952 2828 2007 crevisse
2855 1951 3206 2006 manifestum
3230 1961 3332 2006 est.
3359 1951 3460 2006 Sed
3474 1947 3645 2006 melius
3663 1961 3797 2006 tamen

2286 2042 2352 2098 de
2385 2044 2601 2098 Christo
2630 2043 2945 2115 intelligitur
2973 2044 3198 2110 dictum,
3227 2060 3292 2100 ex
3326 2060 3452 2115 quo,
3475 2053 3525 2100 et
3549 2059 3635 2114 per
3657 2060 3797 2113 quem,

2287 2133 2462 2202 ipsum
2509 2133 2854 2204 Evangelium
2884 2134 3058 2190 crevit
3084 2143 3140 2188 et
3175 2134 3452 2190 dilatatam
3480 2146 3574 2189 est.
3601 2135 3713 2202 Quia
3745 2135 3798 2188 si-

2286 2234 2376 2278 cut
2405 2225 2543 2294 quod
2577 2224 2842 2292 inﬁrmum
2872 2234 2943 2278 est
2984 2223 3100 2290 Dei,
3136 2224 3330 2293 fortius
3367 2235 3440 2278 est
3468 2225 3739 2287 hominibus,
3764 2233 3799 2276 et

2285 2315 2423 2385 quod
2460 2313 2674 2368 stultum
2702 2325 2797 2379 est,
2850 2315 3136 2382 sapientius
3163 2325 3240 2369 est
3275 2315 3561 2370 hominibus
3583 2314 3628 2385 (Ι
3654 2312 3750 2368 Cor.
3772 2330 3800 2377 I,

2285 2404 2408 2473 25):
2438 2405 2510 2459 ita
2542 2405 2640 2459 hoc
2668 2405 2946 2460 minimum
2979 2405 3094 2470 Dei,
3132 2412 3246 2460 tota
3290 2405 3637 2476 magnitudine
3672 2403 3802 2458 homi-

2286 2510 2412 2549 num
2445 2495 2605 2548 ctiam
2649 2507 2702 2548 et
2740 2493 3051 2564 angelorum
3100 2494 3533 2566 magniﬁcentius
3567 2493 3800 2549 invenitur.

2285 2581 2362 2636 lta
2393 2590 2568 2636 tamen
2596 2582 2638 2637 si
2670 2583 2771 2637 hoc
2795 2597 3023 2654 granum
3062 2582 3271 2654 sinapis
3317 2599 3414 2639 nos
3450 2584 3500 2638 in
3535 2583 3708 2638 nostris
3746 2580 3802 2635 sic

2284 2673 2612 2728 seminemus
2661 2672 2987 2741 pectoribus,
3047 2680 3108 2726 ut
3164 2673 3529 2744 intelligentia
3554 2669 3805 2743 magnitudo

2286 2762 2439 2817 nobis
2468 2762 2612 2816 intus
2649 2761 2702 2815 in
2730 2763 2978 2816 arborem
3007 2772 3242 2817 crescat.
3275 2763 3343 2818 Et
3390 2778 3493 2816 non
3529 2762 3580 2816 in
3613 2760 3804 2830 qualem.

2285 2869 2494 2924 cunque
2541 2854 2810 2918 arborem,
2843 2853 2937 2908 sed
2985 2853 3038 2908 in
3078 2869 3204 2908 eam
3243 2864 3300 2911 et
3342 2854 3501 2909 talem
3527 2867 3586 2908 ac
3629 2858 3806 2909 tantam,

2283 2945 2383 3000 sub
2406 2960 2510 3014 qua
2553 2946 2605 2998 in
2651 2945 2817 2999 ramis
2856 2945 3204 3016 requiescant
3228 2946 3413 3001 omnia
3463 2943 3677 2999 volatilia
3714 2939 3806 2995 caeli

2285 3035 2499 3107 (Matth.
2528 3052 2642 3098 xm,
2673 3037 2785 3107 52),
2808 3044 2862 3091 et
2890 3052 3081 3092 sensus
3097 3038 3272 3092 nostri
3302 3036 3541 3092 leventur
3562 3034 3623 3089 ad
3635 3032 3807 3094 etclam,

609 3128 665 3181 in
697 3129 950 3193 horreis,
981 3129 1035 3184 id
1077 3139 1158 3185 est
1190 3131 1242 3185 in
1266 3132 1636 3187 mansionibus
1664 3141 1878 3186 aeternae
1911 3131 2035 3187 vita:
2063 3147 2180 3186 sus-
2206 3126 2251 3189 C
2283 3143 2346 3182 ac
2389 3135 2559 3183 totum
2588 3128 2938 3182 scientiarum
2979 3127 3318 3184 diffundatur
3345 3129 3400 3184 in
3436 3142 3624 3182 ramos.
3647 3123 3807 3180 Deinde

608 3222 828 3291 ciperet.
856 3219 1024 3276 Porro
1064 3224 1206 3292 quod
1229 3224 1443 3288 messis,
1469 3224 1863 3278 consummatio
1895 3221 2074 3278 saeculi
2101 3221 2182 3276 di-

607 3319 769 3384 citur,
804 3319 930 3388 quia
959 3318 1104 3372 ultra
1129 3332 1227 3372 nec
1249 3319 1385 3374 satio
1414 3319 1517 3373 erit
1539 3319 1674 3390 agri,
1709 3334 1806 3373 nec
1837 3319 2045 3372 fructus
2084 3316 2182 3371 hu-

605 3410 752 3465 mani
806 3410 1027 3464 seminis
1068 3408 1207 3465 nltra
1260 3412 1559 3481 angebitur.
1630 3409 1734 3465 Sed
1800 3418 1927 3463 tunc
1973 3418 2182 3478 tempus

605 3503 846 3573 eiusdem
886 3502 1076 3557 messis
1101 3503 1223 3565 erit,
1260 3501 1312 3555 id
1360 3512 1443 3556 est
1469 3501 1656 3570 iudicii
1687 3501 1824 3565 dies,
1875 3500 2088 3569 quando
2117 3500 2181 3554 de

605 3593 830 3664 singulis
866 3591 1214 3662 iudicabitur.
1256 3589 1521 3646 Praeterea
1558 3605 1851 3652 messores,
1882 3589 2076 3658 quibus
2104 3589 2184 3644 di-

605 3685 769 3750 citur,
797 3683 1036 3754 Colligite
1074 3684 1299 3753 primum
1329 3683 1556 3745 zizania,
1599 3689 1733 3735 teste
1778 3681 1908 3746 Deo,
1947 3680 2044 3749 ipsi
2089 3695 2182 3732 an-

603 3777 706 3846 geli
755 3785 900 3840 sunt,
932 3775 1022 3844 qui
1072 3783 1196 3828 sunt
1230 3775 1282 3828 in
1337 3774 1538 3828 auxilio
1582 3773 1835 3827 Ecclesia:
1879 3772 1991 3835 Dei,
2048 3788 2182 3842 quos

606 3867 882 3937 apostolus
937 3865 1134 3919 Paulus
1197 3865 1683 3920 administratorios
1731 3874 1884 3920 vocat
1941 3866 2180 3933 spiritus,

603 3957 696 4026 qui
727 3957 885 4027 positi
910 3965 1035 4010 sunt
1061 3956 1115 4009 in
1151 3955 1451 4008 ministerio
1486 3965 1794 4010 sanctorum
1833 3966 2055 4024 propter
2091 3972 2185 4010 eos

603 4048 696 4117 qui
728 4047 1099 4101 hmreditatern
1126 4045 1397 4115 accepturi
1421 4055 1544 4099 sunt
1569 4045 1774 4099 salutis.
1802 4044 2012 4098 Interea
2041 4046 2184 4114 quod

604 4140 704 4203 ait,
746 4137 984 4207 Colligite
1033 4138 1258 4206 primunt
1314 4137 1537 4197 zizania,
1589 4153 1693 4190 non
1723 4137 1864 4206 quod
1897 4136 2062 4189 altera
2119 4138 2186 4191 sit

604 4232 932 4288 resurrectio
967 4231 1264 4298 iustorum,
1301 4239 1353 4284 et
1383 4230 1552 4285 altera
1605 4243 1951 4300 peccatorum
1977 4232 2058 4286 vel
2089 4235 2185 4287 im-

605 4324 838 4394 piorum,
867 4325 959 4378 sed
1000 4324 1126 4394 quia
1177 4323 1410 4392 primum
1462 4322 1776 4392 segregandi
1825 4334 1949 4377 sunt
1999 4324 2121 4378 mali
2155 4340 2185 4379 a

603 4415 787 4481 bonis,
819 4424 872 4470 et
899 4424 1024 4470 tunc
1060 4414 1229 4470 sancti
1260 4414 1418 4468 simul
1443 4413 1722 4484 colligendi
1752 4427 1877 4470 sunt
1917 4416 1967 4470 in
1997 4432 2179 4487 regno.

2284 3220 2354 3273 ita
2393 3227 2601 3274 teratur
2628 3219 2680 3272 in
2717 3219 2897 3284 corde,
2923 3229 2981 3273 ut
3010 3234 3105 3274 ora
3150 3229 3347 3276 nostra
3393 3227 3546 3289 gustu
3598 3212 3808 3271 ferventia

2279 3311 2459 3365 vivido
2483 3310 2504 3363 f
2506 3319 2688 3364 ructus
2715 3309 2795 3364 sui
2819 3323 3008 3378 sapore
3029 3311 3350 3365 succendat.
3376 3309 3433 3364 ln
3453 3317 3644 3364 tantum
3666 3304 3810 3363 etiam,

2281 3405 2421 3458 utab
2441 3403 2614 3458 oculis
2643 3403 2913 3473 lacrymae,
2961 3417 3071 3473 pra:
3100 3403 3278 3458 nimio
3305 3403 3521 3468 ardore,
3545 3401 3808 3455 decurrant:

2281 3505 2337 3551 et
2357 3496 2430 3549 ita
2457 3495 2580 3566 igne
2611 3494 2836 3548 seminis
2863 3494 2944 3548 sui
2977 3502 3193 3549 tantum
3245 3496 3300 3550 in
3352 3494 3507 3550 nobis
3558 3491 3735 3550 ardeat,
3771 3493 3813 3536 ut

2283 3587 2566 3642 cerebrum
2598 3593 2808 3655 purget,
2832 3593 2887 3640 et
2911 3585 3171 3640 verticem
3206 3586 3408 3641 mentis
3444 3590 3636 3655 tangat.
3677 3577 3812 3634 Flam-

2283 3689 2462 3735 metur
2493 3679 2546 3734 in
2581 3686 2820 3748 pectore,
2877 3687 2984 3746 quo
3036 3677 3373 3749 ignorantiae
3427 3687 3591 3733 totum
3629 3690 3658 3728 a
3697 3669 3815 3726 nobis

2283 3773 2491 3827 auferat
2517 3770 3001 3840 suadegustatione
3020 3770 3328 3838 fastidium,
3358 3780 3413 3826 et
3445 3770 3694 3825 ferventes
3725 3759 3816 3816 red~

2284 3864 2392 3919 dat.
2425 3863 2570 3916 'l‘alis
2617 3863 2782 3931 igitur
2814 3870 2869 3916 et
2910 3861 3290 3930 huiuscemodi
3331 3872 3538 3919 naturae
3561 3857 3737 3928 sinapis
3760 3853 3818 3907 in-

2287 3956 2578 4025 telligentia
2614 3954 2873 4020 insinuat,
2907 3969 3012 4009 non
3058 3970 3116 4009 se
3153 3971 3333 4026 grano
3372 3953 3531 4024 huius
3565 3949 3712 4007 oleris
3731 3945 3819 4000 sine

2286 4062 2445 4101 causa
2489 4060 2850 4115 comparasse,
2876 4044 3015 4114 quod
3043 4058 3322 4115 acceptum
3345 4048 3520 4109 homo,
3549 4044 3674 4096 Deus
3698 4037 3823 4092 Pater

2286 4137 2556 4201 videlicet,
2601 4137 2742 4190 misit
2781 4137 2835 4189 in
2861 4152 2988 4206 agro
3007 4153 3126 4200 suo,
3143 4137 3234 4191 vel
3267 4139 3412 4192 sicut
3433 4135 3525 4190 alii
3546 4132 3736 4189 codices
3752 4128 3821 4181 ba-

2287 4229 2434 4293 bent,
2467 4228 2519 4282 in
2552 4228 2710 4297 horto
2750 4243 2870 4292 suo,
2902 4228 2953 4282 id
2991 4237 3074 4283 est
3100 4229 3153 4283 in
3190 4228 3356 4300 591
3389 4228 3622 4285 Ecclesia
3648 4239 3744 4283 sua,
3764 4216 3826 4270 vel

2287 4319 2340 4375 in
2372 4321 2590 4374 mundo.
2618 4320 2770 4386 Quod
2794 4328 2973 4374 autem
2998 4320 3290 4375 minimum
3325 4336 3386 4376 se
3410 4321 3539 4375 dicit
3560 4314 3747 4373 cunctis
3763 4323 3826 4364 se-

2287 4409 2523 4465 minibus
2573 4410 2778 4464 olerum
2809 4451 2822 4475 ,
2863 4424 2964 4464 nec
3013 4410 3215 4464 mirum
3266 4427 3394 4466 cum
3450 4412 3526 4465 ait
3572 4410 3624 4463 in
3659 4402 3831 4460 Psalmo

604 4509 673 4562 Et
693 4475 819 4562 tunc
837 4505 1346 4577 fulgebuntsicutsol
1363 4507 1415 4559 in
1440 4475 1594 4576 regno
1613 4505 1784 4561 Patris
1801 4506 2016 4579 (Matth.
2036 4475 2178 4578 xiii),
2209 4475 2261 4535 D
2287 4503 2353 4557 de
2383 4520 2441 4558 se
2470 4521 2482 4556 :
2509 4503 2623 4572 Ego
2651 4519 2766 4556 sum
2791 4503 2975 4558 vermis
3005 4513 3052 4556 et
3079 4519 3187 4556 non
3224 4500 3738 4575 homo,opprobriiun
3759 4495 3830 4545 k0-

604 4604 732 4674 quia
775 4601 1014 4671 adoptati
1049 4608 1175 4654 sunt
1203 4600 1255 4654 in
1293 4600 1430 4654 ﬁlios
1458 4615 1556 4670 per
1610 4610 1836 4657 mortem
1888 4600 2009 4656 Filii
2062 4602 2177 4656 Dei.

605 4693 780 4749 Aliam
812 4707 940 4762 para
967 4691 1142 4746 bolarn
1163 4692 1441 4760 proposuit
1466 4691 1568 4756 eis,
1602 4691 1787 4746 dicens
1811 4711 1826 4746 :

679 4784 860 4840 Simile
882 4793 956 4837 est
997 4798 1210 4853 regnum
1239 4781 1488 4836 caelorum
1528 4799 1693 4852 grano
1719 4784 1937 4853 sinapis.
1968 4783 2103 4838 Mira
2124 4793 2178 4840 et

605 4871 890 4928 iueﬁ‘abilis
918 4871 1281 4941 comparatio;
1317 4885 1441 4925 ecce
1462 4887 1630 4942 grano
1645 4872 1846 4942 sinapis
1868 4885 2178 4944 comparata

604 4974 691 5021 est
716 4973 826 5021 tota
858 4963 1094 5020 caelestis
1137 4962 1465 5032 magnitudo.
1500 4961 1603 5017 Sed
1637 4964 1764 5031 quid
1795 4965 1865 5018 sit
1887 4967 2031 5034 quod
2065 4982 2178 5019 ma-

600 5054 771 5124 iestas
802 5055 975 5126 regni,
1027 5062 1134 5107 tam
1185 5051 1356 5120 parvi,
1389 5061 1496 5104 tam
1547 5053 1752 5106 minimi
1783 5054 2004 5108 seminis
2033 5055 2182 5109 simi-

605 5145 831 5201 litudine
856 5143 1217 5206 concluditur,
1235 5157 1300 5196 ne
1313 5141 1514 5208 absque
1538 5157 1729 5212 magna
1753 5144 2183 5199 consideratione

605 5235 1042 5307 praetereundum
1080 5243 1181 5289 est.
1213 5231 1376 5298 Quasi
1429 5230 1667 5300 profecto
1696 5233 1781 5287 illa
1822 5234 2056 5289 caelestis
2101 5251 2185 5288 sa-

595 5331 812 5401 pientia
838 5329 971 5384 nihil
1015 5325 1280 5383 invenerit
1331 5324 1493 5396 590
1518 5322 1834 5392 locupletius
1869 5339 2030 5393 quam
2060 5342 2182 5397 gra-

611 5437 740 5478 num
763 5421 987 5492 sinapis,
1019 5419 1106 5475 cui
1139 5419 1285 5474 illam
1312 5417 1759 5486 omnipotentiam
1803 5430 2049 5485 superna:
2073 5417 2182 5471 vir-

613 5513 744 5568 tutis
795 5521 1148 5582 compararet.
1198 5509 1350 5566 Unde
1397 5522 1526 5580 ergo
1561 5507 1905 5579 Evangelinm
1942 5524 2098 5565 nemo
2129 5511 2182 5564 in

614 5603 845 5658 transitu
887 5603 1048 5674 legat.
1103 5603 1391 5657 Parabolas
1438 5600 1639 5658 Christi
1693 5616 1851 5656 nemo
1887 5603 2042 5672 quasi
2079 5603 2182 5657 vile

616 5692 814 5762 aliquid
864 5695 1109 5777 arcipiat.
1155 5694 1288 5768 Quia
1337 5695 1436 5752 vile
1479 5710 1583 5750 non
1631 5693 1788 5751 debet
1840 5695 2007 5750 videri
2054 5695 2180 5750 illud

2282 4593 2501 4657 minum,
2525 4601 2570 4645 et
2598 4591 2818 4660 abjectio
2842 4591 3003 4662 plebis
3029 4591 3206 4662 (Psal.
3235 4611 3357 4660 xxi,
3393 4595 3470 4664 7).
3514 4592 3648 4648 Hinc
3667 4595 3827 4642 autem.

2283 4698 2408 4738 cum
2431 4682 2617 4746 crevit,
2647 4682 2748 4736 hoc
2771 4692 2854 4737 est
2880 4697 3000 4737 cum
3023 4685 3358 4751 resurrexit,
3376 4684 3550 4739 factus
3574 4690 3653 4736 est
3685 4675 3831 4732 arbor.

2282 4783 2337 4828 et
2369 4775 2609 4828 ascendit
2639 4788 2808 4842 usque
2837 4773 2904 4827 ad
2925 4773 3114 4829 caelos.
3145 4774 3298 4845 Ergo
3331 4777 3473 4830 rami
3513 4773 3648 4844 eius,
3671 4766 3835 4825 scilicci

2282 4867 2533 4938 apostoli,
2557 4866 2764 4921 dilatati
2809 4874 2936 4921 sunt
2961 4875 3016 4920 et
3047 4878 3376 4934 creverunt,
3408 4868 3536 4938 quia
3582 4866 3636 4918 in
3671 4867 3835 4915 omnem

2285 4968 2479 5011 terram
2511 4957 2664 5011 exivit
2713 4973 2874 5010 sonus
2915 4972 3118 5024 eorum,
3170 4967 3222 5010 et
3266 4959 3325 5011 in
3372 4959 3507 5026 ﬁnes
3542 4953 3673 5011 orbis
3694 4959 3837 5003 terra.

2284 5049 2435 5102 verba
2455 5065 2633 5102 eorum
2655 5045 2828 5116 (Psal.
2845 5063 3001 5113 xvnt,
3024 5047 3100 5116 5).
3131 5047 3214 5102 lta
3247 5061 3311 5104 ut
3332 5048 3583 5104 volucres
3609 5041 3738 5104 caeli,
3767 5033 3837 5104 qui

2285 5141 2457 5196 sancti
2487 5141 2882 5208 intelliguntur,
2905 5141 3150 5195 habitent
3182 5140 3240 5195 in
3269 5142 3377 5206 eis,
3405 5142 3460 5196 id
3495 5149 3579 5196 est
3608 5139 3658 5192 in
3688 5140 3838 5189 eorum

2285 5233 2530 5287 doctrina
2576 5242 2632 5286 et
2667 5231 2998 5302 Magisterio,
3037 5232 3165 5286 dum
3213 5241 3444 5287 terrena
3487 5227 3768 5298 despiciunt
3801 5223 3842 5270 et

2287 5324 2528 5380 'caalestia
2566 5332 2844 5394 appetunt.
2869 5322 3020 5390 Quod
3058 5324 3103 5378 si
3139 5324 3208 5378 ad
3238 5321 3603 5392 Evangelium
3641 5316 3843 5372 aliosen-

2287 5429 2348 5469 su
2379 5412 2610 5468 refertur
2633 5414 2734 5467 hoc
2779 5428 3003 5482 granum
3045 5413 3280 5481 sinapis,
3340 5421 3476 5467 tunc
3504 5412 3663 5466 homo
3710 5397 3843 5457 semi-

2286 5523 2424 5564 nans
2464 5507 2686 5562 verbum
2727 5504 3003 5576 Evangelii
3042 5502 3302 5560 Christus
3349 5503 3686 5573 intelligitur.
3725 5484 3846 5560 Quod

2286 5601 2408 5656 ideo
2432 5600 2712 5656 minimum
2760 5598 2973 5661 dicitur,
3005 5596 3072 5652 ad
3112 5597 3590 5668 comparationem
3638 5593 3847 5644 humanm

2289 5693 2642 5766 philosophim
2679 5733 2691 5756 ,
2745 5690 2867 5762 quia
2913 5706 3018 5746 non
3083 5688 3450 5746 credentibus
3507 5685 3612 5742 vile
3653 5678 3846 5734 videtur.
