4004 6362
201 357 296 418 497

959 357 1320 416 EXPOSI'I‘IO
1356 359 1421 416 IN
1464 359 1902 418 MATTHA'IUM.
1927 393 1993 403 —
2018 363 2144 420 LIB.
2189 365 2296 431 VII,
2328 365 2480 423 CAP.
2521 366 2657 424 XIII.

3339 377 3440 435 498

203 479 300 536 Sed
325 491 442 532 cum
473 474 799 531 seminatum
835 461 998 528 fuerit
1030 475 1081 528 in
1104 475 1267 530 corde
1301 475 1560 543 ﬁdelium,
1587 478 1646 532 ﬁt
1679 493 1767 532 ar-
1793 481 1842 540 Α
1869 479 2130 549 piternos.
2164 480 2316 549 Quod
2339 485 2384 538 si
2414 499 2603 540 rursus
2629 485 2729 541 hoc
2751 499 2978 558 granum
3009 489 3062 543 in
3089 489 3247 544 horto
3275 495 3438 545 semi-

198 574 290 626 hor
323 567 521 622 eximia
569 567 696 620 dum
745 564 988 619 ascendit
1019 573 1074 618 et
1098 564 1354 620 dilatatur
1381 565 1521 620 ultra
1550 580 1763 622 omnem

195 659 505 730 sapientiam
531 656 876 710 mundanam.
905 653 1128 708 Interim
1149 668 1280 709 vero
1319 655 1562 710 doctrina
1591 655 1767 710 Evan-

198 754 310 826 gelii
356 751 586 806 minima
628 747 843 802 videtur
864 747 1116 802 omnibus
1151 746 1465 818 disciplinis.
1500 748 1764 815 Quoniam

197 845 254 899 ad
279 843 509 913 primam
555 855 708 894 nova:
730 838 1088 893 institutionis
1119 838 1420 894 doctrinam
1467 837 1623 893 ﬁdem
1659 855 1764 894 non

196 935 343 990 habet
371 932 642 996 veritatis,
667 931 938 986 hominem
967 929 1158 997 Deum,
1178 932 1454 1000 Deumque
1469 939 1762 996 mortuum;

195 1030 277 1084 sed
335 1027 464 1081 inde
516 1041 676 1080 omne
753 1024 1066 1079 scandalum
1125 1027 1300 1080 crucis
1345 1025 1475 1079 oriri
1530 1025 1761 1080 videtur.

193 1116 351 1183 Quam
400 1130 536 1170 sane
589 1115 892 1169 doctrinam
939 1113 1128 1170 confer
1169 1115 1507 1183 dogmatibus
1531 1115 1766 1186 philoso-

193 1208 432 1278 phorum,
459 1213 516 1260 et
558 1205 712 1260 libris
740 1220 929 1260 eorum
985 1206 1076 1275 qui
1128 1207 1294 1260 nimio
1342 1206 1625 1277 splendore
1655 1207 1768 1262 elo-

194 1301 412 1369 quentiae
442 1299 710 1364 redolent,
730 1299 1123 1367 compositione
1147 1315 1275 1354 vero
1314 1299 1580 1353 sermonis
1624 1298 1764 1353 reni-

198 1402 315 1456 teut,
343 1393 535 1460 sicque
563 1392 772 1446 videbis
795 1401 1056 1461 quantum
1072 1392 1249 1446 minus
1273 1392 1343 1446 sit
1365 1405 1550 1445 semen
1580 1389 1761 1444 Evan-

195 1485 328 1555 gelii,
377 1483 677 1539 seminibus
735 1482 1037 1537 liberalium
1096 1482 1316 1536 artium.
1366 1481 1472 1535 Sed
1505 1479 1588 1533 illa
1635 1478 1764 1534 dum

199 1583 438 1629 crescunt
473 1582 529 1626 et
560 1581 828 1640 augentur
877 1573 1103 1642 passim,
1135 1571 1270 1626 nihil
1318 1570 1479 1625 vitale
1509 1569 1762 1634 afferunt,

205 1666 435 1734 nihilque
471 1663 808 1719 salutiferum
853 1664 1252 1728 demonstrant,
1309 1678 1484 1731 neque
1527 1661 1763 1715 vividum

201 1755 386 1823 aliquid
410 1755 475 1808 ad
519 1755 934 1825 perpetuitatem
989 1764 1266 1809 a-teruam.
1313 1754 1566 1820 Quinimo
1593 1761 1761 1807 totum

1867 580 2051 626 natum
2086 613 2101 637 ,
2149 589 2256 643 quo
2293 575 2465 646 jacuit
2497 576 2548 631 in
2596 578 2843 648 sepulcro
2888 579 3156 650 requiris,
3200 581 3444 638 invenies

1866 661 2096 730 primum
2141 663 2194 717 in
2240 671 2396 718 utero
2421 665 2667 735 virginis,
2702 667 2896 723 deinde
2923 668 2978 722 in
3018 668 3256 726 Ecclesia
3284 673 3445 726 semi-

1867 752 2169 806 natum.Ex
2200 769 2305 824 quo
2328 755 2582 811 nimirum
2623 757 2781 814 horto
2811 775 3043 831 sponsus
3069 763 3122 816 in
3158 761 3398 820 Canticis
3425 785 3438 820 :

1868 839 2068 896 Hortus
2107 843 2406 910 conclusus,
2431 864 2582 900 soror
2621 865 2754 915 utea,
2801 851 2981 906 hortus
3001 853 3298 920 conclusus,
3328 855 3445 925 fons

1865 933 2101 1002 signatus
2145 933 2320 1002 (Cant.
2389 952 2462 1001 tv,
2518 938 2626 1006 12),
2691 941 3009 997 emissiones
3056 944 3196 1010 duae,
3249 946 3446 1015 inquit,

1864 1023 2122 1091 paradisi.
2168 1023 2225 1077 In
2259 1039 2364 1093 quo
2408 1025 2566 1096 plane
2597 1029 2773 1093 horto,
2809 1031 2932 1099 quia
2974 1034 3145 1087 crevit
3182 1034 3282 1089 hoc
3325 1052 3446 1106 gra-

1867 1128 2018 1178 num,
2041 1117 2206 1169 totius
2236 1117 2384 1186 regni
2416 1134 2620 1173 summa
2655 1121 2705 1174 in
2730 1138 2793 1176 eo
2823 1132 3020 1178 manet.
3045 1125 3194 1192 Quod
3221 1143 3444 1197 regnum

1865 1201 2088 1270 Christi,
2121 1207 2212 1276 qui
2260 1209 2430 1262 crevit
2473 1209 2524 1263 in
2573 1212 2766 1266 arbore
2805 1215 3003 1279 crucis,
3039 1226 3093 1270 et
3135 1234 3228 1286 per
3270 1227 3441 1272 totum

1867 1295 2123 1353 dilatatus
2149 1300 2452 1363 estorbem,
2480 1303 2570 1372 qui
2600 1314 2800 1373 quanto
2830 1307 2948 1375 plus
2976 1309 3189 1363 attritus
3209 1319 3290 1363 est
3318 1325 3445 1379 pas-

1864 1384 2038 1450 sione,
2064 1396 2212 1442 tanto
2258 1389 2484 1458 amplius
2531 1391 2736 1446 fructus
2781 1395 2862 1448 sui
2914 1395 2965 1449 in
3019 1396 3217 1450 mundo
3261 1397 3446 1450 effudit

1865 1488 2135 1544 saporem,
2193 1487 2247 1532 et
2306 1479 2558 1535 efferbuit
2609 1483 2849 1538 charitas
2902 1485 3142 1539 dilatata.
3183 1486 3446 1556 Apparuit

1865 1563 2131 1632 siquidem
2183 1567 2358 1622 virtus
2389 1571 2505 1640 ejus
2553 1573 2944 1639 vehementior,
2993 1577 3204 1644 quando
3227 1579 3446 1632 commi-

1866 1664 2029 1709 nutus
2075 1665 2160 1710 est
2210 1673 2380 1727 usque
2411 1662 2475 1714 ad
2525 1662 2821 1732 pulverem,
2871 1675 2925 1721 ct
2968 1668 3238 1737 eliquatus
3281 1669 3446 1738 paulo

1867 1749 2158 1818 passionis.
2193 1750 2270 1804 Ex
2309 1753 2410 1808 hoc
2458 1755 2654 1826 quippe
2696 1767 2779 1812 est
2822 1767 2932 1813 tota
2971 1761 3120 1832 origo
3158 1763 3442 1830 regnandi,

195 1847 483 1909 ﬁaccidum,
522 1856 801 1915 totumque
831 1845 1148 1912 marcidum,
1179 1845 1477 1900 frondescit
1512 1852 1566 1899 et
1605 1843 1759 1900 Iloret
1790 1831 1838 1891 Β
1861 1849 1917 1895 et
1947 1841 2065 1895 ideo
2092 1851 2377 1897 cantamus
2401 1843 2650 1912 ﬁdeliter,
2689 1847 2942 1904 Dominus
2978 1853 3204 1921 regnavit
3226 1870 3256 1906 a
3280 1852 3440 1924 ligno.

194 1937 239 1991 in
258 1935 401 1991 olera
431 1947 484 1990 et
499 1937 718 2001 herbas,
751 1952 871 2006 quae
901 1935 1008 1990 cito
1038 1944 1309 1990 arescunt.
1353 1934 1458 1990 Sed
1488 1934 1760 2006 Evangelii

191 2027 518 2096 pnedicatio,
581 2041 700 2096 qua:
747 2026 972 2080 minima
1019 2027 1324 2091 videbatur,
1372 2027 1456 2081 vel
1495 2041 1661 2096 parva
1709 2026 1762 2081 in

191 2121 328 2175 initio
352 2121 505 2186 ﬁdei,
531 2136 656 2176 cum
694 2121 746 2174 in
771 2121 951 2174 anima
981 2121 1249 2176 credentis
1272 2120 1356 2176 vel
1383 2122 1436 2175 in
1468 2131 1581 2175 toto
1605 2137 1762 2175 mun-

189 2213 248 2267 do
274 2214 622 2276 radicaverit,
645 2214 787 2267 sicut
811 2212 1001 2275 fecisse
1025 2213 1316 2278 cernimus,
1347 2222 1456 2268 tota
1485 2213 1682 2268 crescit
1709 2213 1762 2267 in

189 2303 456 2368 arborem,
493 2304 569 2358 ita
599 2311 657 2356 ut
679 2302 928 2358 volucres
947 2301 1091 2365 cteli,
1129 2303 1323 2357 animae
1359 2303 1613 2357 videlicet
1649 2318 1764 2357 cre-

189 2395 421 2448 dentium
481 2392 567 2447 vel
620 2393 849 2446 virtutes
900 2391 995 2446 Dei
1044 2392 1265 2446 servitio
1316 2393 1767 2462 mancipatze,ve-

189 2483 323 2537 niant
352 2493 413 2537 et
457 2483 708 2537 habitent
752 2481 804 2535 in
862 2482 1026 2535 ramis
1065 2481 1201 2550 ejus.
1230 2480 1400 2537 Porro
1441 2481 1576 2535 rami
1607 2480 1766 2550 hujus

188 2577 386 2630 arboris
415 2576 674 2646 dogmata
708 2573 1008 2645 probantur
1035 2588 1153 2628 esse
1169 2583 1480 2628 sanctorum
1511 2572 1767 2642 praedica-

189 2677 349 2723 torum
395 2669 644 2733 diversa,
682 2668 732 2722 in
781 2667 975 2737 quibus
1013 2667 1444 2737 supradictarum
1488 2664 1766 2719 volucrum

188 2771 358 2816 sancta
391 2761 696 2830 requiescit
738 2760 986 2815 societas.
1027 2758 1162 2813 Iliuc
1202 2774 1332 2828 ergo
1352 2774 1688 2814 assumamus
1713 2766 1768 2813 et

189 2866 274 2905 nos
300 2867 518 2922 pennas
545 2851 826 2915 columbae,
853 2859 908 2903 ut
935 2849 1000 2904 ad
1035 2849 1226 2904 altiora
1258 2851 1528 2920 possimus
1553 2850 1764 2913 volare;

188 2960 275 2998 nec
319 2961 435 2998 non
488 2943 739 2998 habitare
778 2944 830 2997 in
879 2942 1044 2996 ramis
1084 2941 1242 3009 hujus
1269 2942 1480 2996 arboris
1509 2950 1563 2998 et
1616 2942 1768 2996 nidos

190 3032 355 3089 facere
377 3035 778 3090 doctrinarum.
811 3031 1194 3088 Verumtamen
1224 3033 1376 3088 multi
1401 3033 1636 3103 legentes
1667 3034 1768 3088 hoc

190 3137 405 3192 granum
448 3123 658 3195 sinapis
697 3123 978 3177 minimum
1024 3124 1272 3178 onmihus
1317 3124 1629 3178 seminibus.
1660 3123 1767 3179 Nec

197 3241 290 3280 non
314 3236 369 3282 et
399 3227 550 3297 quod
586 3225 712 3280 alibi
743 3225 939 3280 dicitur
961 3242 989 3279 a
1013 3225 1173 3297 592
1214 3226 1509 3296 discipulis,
1542 3227 1768 3282 Domine

197 3333 319 3386 auge
340 3316 494 3369 nobis
525 3315 708 3384 ﬁdem,
733 3315 931 3386 quibus
968 3330 1284 3385 responsum
1309 3325 1392 3370 est
1419 3334 1431 3368 :
1456 3315 1619 3369 Amen
1650 3316 1767 3370 dico

194 3407 352 3469 tabis,
383 3407 430 3460 si
477 3406 769 3459 habueritis
821 3405 978 3474 ﬁdem
1015 3407 1167 3476 quasi
1197 3423 1419 3476 granum
1459 3407 1677 3476 sinapis,
1720 3417 1766 3460 et

193 3494 430 3547 dixeritis
457 3494 620 3548 menti
642 3494 788 3559 huic,
813 3494 979 3548 transi
1012 3495 1076 3547 de
1121 3493 1232 3548 loco
1281 3495 1402 3559 isto,
1448 3503 1496 3547 et
1527 3495 1768 3548 transibit

199 3581 353 3650 (Luc.
379 3601 515 3648 xvu,
535 3573 671 3655 5-7).
710 3584 942 3640 Omnino
971 3595 1163 3655 putant
1205 3587 1497 3656 apostolos,
1527 3588 1610 3641 vel
1647 3603 1770 3657 par-

200 3686 324 3726 vam
372 3672 530 3728 ﬁdem
576 3673 841 3739 habuisse,
889 3675 972 3730 vel
1021 3675 1303 3730 Dominum
1356 3676 1420 3730 de
1450 3676 1554 3731 ﬁde
1581 3691 1768 3732 eorum

194 3767 343 3836 (quia
380 3782 545 3836 parva
578 3768 716 3838 erat)
762 3782 855 3822 eos
891 3768 1170 3836 arguisse;
1225 3784 1329 3824 non
1390 3768 1768 3839 intelligentes,

194 3858 333 3928 quod
386 3857 591 3913 Paulus
632 3859 909 3929 apostolus
961 3860 1099 3914 hanc
1148 3859 1304 3913 ﬁdem
1355 3874 1525 3930 grano
1568 3859 1772 3929 sinapis

193 3961 586 4020 comparatam,
613 3951 904 4006 maximam
930 3960 983 4006 et
1023 3951 1276 4006 eximiam
1307 3951 1634 4021 judicaverit
1666 3971 1678 4006 :
1710 3951 1772 4008 Si

194 4027 444 4108 habuero,
493 4040 696 4110 inquit,
738 4057 938 4095 omnem
967 4041 1146 4109 ﬁdem,
1173 4042 1245 4096 ita
1279 4051 1336 4095 ut
1371 4051 1567 4096 montes
1596 4053 1772 4096 trans-

190 4129 375 4200 feram,
406 4134 727 4188 charitatem
751 4144 924 4187 autem
950 4150 1052 4188 non
1075 4133 1324 4199 habuero,
1356 4134 1486 4188 nihil
1506 4135 1633 4187 mihi
1653 4151 1773 4204 pro-

191 4222 292 4274 dest
315 4221 368 4293 (1
393 4221 524 4277 Cor.
554 4237 677 4286 xm,
697 4222 776 4291 Ω).
805 4221 934 4289 Qua:
963 4222 1215 4276 nimirum
1248 4223 1380 4278 tides
1405 4239 1523 4292 quze
1561 4232 1772 4278 montes

190 4313 475 4379 transfert,
506 4313 622 4384 ipsa
650 4322 735 4367 est
763 4312 851 4367 illa
876 4329 994 4384 qua:
1020 4327 1190 4384 grano
1227 4313 1429 4384 sinapis
1470 4331 1500 4368 a
1545 4313 1774 4368 Domino

190 4413 565 4472 comparatur,
596 4411 650 4457 et
688 4417 750 4458 ea
788 4413 870 4457 est
916 4412 1027 4458 tota
1057 4412 1114 4459 et
1166 4403 1373 4474 integra
1405 4405 1536 4459 ﬁdes
1582 4405 1634 4459 in
1667 4420 1772 4475 qua

187 4505 264 4549 est
289 4497 477 4552 omnis
506 4495 660 4551 ﬁdes.
702 4495 834 4562 Quia
859 4497 997 4551 Deus
1026 4495 1263 4551 Trinitas
1287 4513 1384 4567 per
1409 4513 1528 4551 eatn
1570 4512 1694 4552 vere
1719 4504 1774 4552 et

1866 1931 2006 1987 Hinc
2060 1949 2220 1988 nemo
2250 1936 2458 1992 dubitet
2499 1954 2566 1993 ex
2614 1940 2714 1996 hoc
2761 1958 2949 2011 grano,
2993 1946 3119 2014 quia
3160 1946 3288 2000 olim
3329 1945 3444 2014 jam

1865 2026 2168 2080 radicatum
2195 2036 2279 2082 est
2302 2029 2354 2083 in
2377 2031 2722 2099 patriarchis,
2748 2045 2931 2090 natum
2956 2047 3039 2092 est
3065 2038 3116 2092 in
3145 2040 3442 2108 prophetis,

1864 2117 2035 2170 crevit
2064 2117 2116 2170 in
2176 2120 2453 2188 apostolis,
2507 2134 2879 2179 consummata
2927 2136 3009 2181 est
3058 2128 3217 2182 arbor
3253 2145 3445 2200 magna

1865 2208 1918 2262 in
1952 2208 2112 2280 593
2151 2212 2416 2267 ecclesiis.
2448 2212 2769 2285 Multiplices
2805 2219 2949 2273 dedit
2979 2219 3031 2273 iu
3062 2219 3444 2275 donationibus

1868 2300 2102 2369 Spiritus
2127 2304 2299 2358 sancti
2342 2320 2522 2360 ramos
2557 2322 2692 2376 quos
2720 2309 3008 2378 Apostolus
3037 2309 3173 2365 bene
3207 2312 3448 2366 dinume-

1867 2399 1971 2444 rat.
2011 2391 2068 2444 lu
2093 2394 2288 2462 quibus
2312 2395 2556 2464 profecto
2584 2399 2750 2452 ramis
2777 2401 3038 2456 donorum
3073 2403 3445 2458 mundissima)

1867 2480 1989 2535 caeli
2022 2497 2150 2536 aves
2180 2483 2282 2537 ﬁde.
2307 2485 2651 2554 requiescunt
2674 2489 2984 2544 securitate.

1938 2570 2007 2624 Et
2022 2572 2181 2626 aliam
2197 2573 2500 2642 parabolam
2514 2575 2717 2630 locutus
2731 2588 2802 2631 est
2819 2580 2910 2632 eis.
2929 2580 3266 2651 Quapropter
3288 2598 3444 2651 roge-

1867 2677 1986 2716 mus
2017 2661 2309 2731 Christum,
2351 2682 2419 2721 ne
2454 2678 2510 2722 et
2541 2670 2694 2723 nobis
2725 2669 2973 2740 loquatur
3021 2689 3142 2728 cum
3190 2675 3360 2728 turbis
3390 2675 3444 2728 in

1867 2754 2159 2825 parabolis.
2190 2756 2322 2824 Quia
2349 2757 2474 2813 licet
2495 2759 2863 2816 delectabilius
2887 2780 3268 2834 nonnunquam
3293 2765 3447 2819 audi-

1869 2854 1977 2911 tur,
2005 2849 2146 2916 quod
2169 2847 2367 2903 dicitur
2404 2850 2457 2904 in
2505 2852 2794 2919 parabolis,
2845 2854 2997 2908 valde
3052 2855 3447 2910 infructuosum

1869 2946 2047 2993 tamen
2077 2949 2182 3005 est,
2213 2941 2314 2995 nisi
2341 2941 2707 3012 intelligantur
2725 2959 2788 2998 ea
2824 2944 2876 2998 in
2904 2943 2988 3000 his
3015 2961 3132 3014 quze
3179 2955 3447 3002 ornantur

1868 3033 2052 3098 rebus,
2081 3042 2136 3087 et
2159 3034 2484 3104 obteguntur
2509 3035 2712 3106 ﬁguris.

1942 3124 2150 3189 Simile,
2196 3125 2402 3195 inquit,
2454 3143 2666 3197 regnum
2711 3128 2956 3184 cwlorum
2999 3130 3279 3199 fermento,
3309 3132 3449 3202 quod

1795 3188 1840 3250 Ο
1871 3224 2135 3284 acceptum
2164 3214 2354 3270 mulier
2379 3216 2647 3271 abscondit
2675 3218 2729 3272 in
2770 3219 2962 3289 farinae
2987 3221 3112 3274 satis
3139 3188 3332 3286 tribus,
3350 3222 3444 3275 do-

1867 3321 1958 3357 nec
1979 3305 2343 3374 fermentatum
2381 3316 2457 3360 est
2485 3316 2668 3361 totum.
2701 3307 2880 3363 Bonus
2903 3350 2917 3375 ,
2958 3318 3011 3364 et
3053 3311 3300 3381 egregius
3330 3325 3448 3365 ma-

1866 3397 2053 3468 gister,
2087 3398 2234 3469 regni
2266 3398 2347 3452 sui
2377 3399 2756 3456 similitudines
2785 3403 2863 3457 sic
2893 3411 3129 3468 enarrat,
3168 3403 3245 3458 sic
3267 3405 3444 3458 variat

1865 3498 1920 3544 et
1948 3497 2108 3544 ornat
2136 3490 2366 3558 propriis
2386 3493 2896 3560 comparationibus,
2922 3503 2978 3546 ut
3008 3510 3112 3548 non
3143 3494 3207 3548 de
3228 3495 3446 3551 occulto
3539 3531 3544 3534 -

1867 3588 2176 3644 sutnatcas,
2209 3596 2386 3650 neque
2408 3581 2475 3636 de
2495 3581 2828 3646 coelestibus,
2859 3583 2953 3636 sed
3005 3580 3209 3652 profert
3238 3582 3356 3638 illas
3379 3584 3446 3639 de

1869 3668 2186 3740 quotidiano
2213 3686 2312 3725 usu
2335 3679 2389 3724 et
2418 3670 2486 3726 de
2524 3672 2796 3726 communi
2817 3673 3251 3739 conversatione,
3298 3683 3356 3729 ut
3382 3677 3451 3729 ad

1869 3775 2029 3815 omne
2052 3775 2219 3829 genus
2259 3761 2536 3815 hominum
2566 3762 2844 3830 perveniat
2884 3765 3026 3831 quod
3067 3773 3152 3818 est
3200 3764 3450 3817 omnibus

1871 3851 2234 3921 profuturum,
2242 3850 2394 3921 juxta
2413 3852 2541 3907 illud
2553 3851 2933 3923 Propheticum
2953 3871 2964 3906 :
2981 3854 3170 3907 Audite
3193 3854 3322 3919 lucc,
3339 3872 3450 3909 om-

1873 3960 1961 3998 nes
1989 3953 2183 4014 gentes,
2206 3946 2422 3999 auribus
2469 3946 2736 4016 percipite,
2760 3962 2933 3999 omnes
2959 3945 3049 4016 qui
3085 3946 3328 4000 habitatis
3368 3964 3449 4000 or-

1874 4035 2008 4100 bem,
2037 4037 2224 4106 quique
2247 4037 2518 4106 terrigena:
2535 4047 2580 4090 et
2611 4035 2709 4105 ﬁlii
2735 4037 3002 4090 hominum
3025 4036 3182 4090 simul
3216 4039 3268 4091 in
3288 4056 3447 4091 unum

1872 4125 2012 4180 dives
2031 4136 2079 4181 et
2113 4143 2311 4196 pauper
2333 4124 2504 4198 (Psal.
2537 4143 2724 4194 xuvm,
2752 4128 2909 4199 2,5).
2949 4129 3202 4198 Alioquin
3252 4131 3294 4184 si
3319 4131 3449 4198 quid

1873 4229 1941 4270 ex
1971 4218 2522 4283 divinitatisucculto,
2552 4219 2595 4274 si
2645 4220 2774 4289 quid
2824 4222 2890 4276 de
2937 4231 3146 4276 secreto
3201 4222 3343 4285 cmli,
3404 4225 3450 4274 si

1875 4311 2003 4379 quid
2027 4309 2092 4364 de
2115 4311 2614 4381 impenetrabilibus
2637 4314 2861 4369 divitum
2879 4314 3093 4370 afferret
3123 4315 3448 4379 inmedium,

1874 4400 1978 4455 hoc
2008 4402 2238 4456 nesciret
2275 4418 2498 4472 pauper,
2529 4404 2631 4459 hoc
2683 4421 2788 4460 non
2839 4416 3056 4476 caperet
3084 4406 3448 4467 mediocritas,

1877 4509 1975 4550 nec
2005 4505 2188 4550 notum
2215 4487 2532 4565 simplicitas
2566 4497 2807 4554 haberet.
2841 4497 2992 4554 Nunc
3031 4515 3160 4554 vero
3187 4499 3258 4553 ita
3281 4497 3457 4568 loqui-

189 4585 520 4644 ﬁducialiter
567 4586 766 4642 colitur
810 4595 865 4642 et
917 4595 1148 4652 amatur,
1212 4562 1434 4657 in-qua
1498 4596 1638 4642 totus
1691 4598 1774 4644 cst
1805 4562 1983 4650 l)tur,
2045 4596 2104 4639 ut
2140 4562 2392 4641 omnibus
2456 4597 2715 4658 congruat
2754 4588 3005 4659 loquendi
3056 4589 3271 4660 peritia.
3317 4562 3452 4657 Quia

188 4675 458 4744 Christus,
491 4693 591 4748 per
627 4692 784 4747 quem
813 4676 995 4734 omnia
1035 4686 1181 4743 sunt,
1209 4685 1264 4732 et
1294 4692 1391 4748 per
1429 4677 1602 4748 ipsum
1656 4677 1772 4748 ipsa

190 4765 526 4824 ﬁdesomnia
548 4777 819 4839 operatur.
845 4766 1014 4824 Porro
1029 4769 1162 4823 rami
1177 4767 1294 4837 ejus
1309 4778 1437 4824 tunc
1461 4768 1769 4834 dilatantur,

187 4873 305 4915 cum
336 4859 723 4933 expositiones
754 4869 1065 4915 sanctorum
1087 4859 1311 4914 Patrum
1331 4875 1400 4915 ex
1428 4875 1490 4914 ea
1520 4868 1774 4916 crescunt

189 4950 468 5017 doctrina,
494 4951 551 5005 in
572 4951 770 5020 quibus
802 4951 1052 5008 volucres
1083 4951 1226 5017 caeli,
1267 4951 1474 5008 scilicet
1504 4961 1775 5006 amatores

187 5058 328 5099 vera:
358 5042 667 5115 sapientiae,
697 5058 886 5098 secure
915 5045 1279 5114 requiescunt.
1320 5043 1583 5111 Quoniam
1615 5045 1774 5100 desu-

188 5149 280 5202 per
301 5137 461 5189 venit
511 5133 656 5204 quod
704 5135 1028 5190 seminatum
1059 5145 1165 5200 est,
1212 5135 1414 5191 idcirco
1442 5135 1778 5190 conﬁdenter

185 5226 496 5296 suscipitur
525 5224 792 5290 auditum,
835 5225 938 5280 ﬁde
987 5227 1280 5292 radicatur,
1330 5241 1424 5295 spe
1474 5227 1671 5281 crescit
1721 5227 1775 5282 in

186 5314 383 5380 altum,
415 5315 691 5370 charitate
739 5313 1075 5382 diﬁ'unditur,
1115 5325 1172 5371 et
1210 5315 1464 5370 dilatatur
1489 5315 1541 5370 in
1574 5331 1777 5381 ramos,

183 5407 546 5462 confessione
589 5405 918 5471 extenditur,
943 5407 1230 5461 virtutibus
1270 5407 1506 5476 quotidie
1539 5407 1776 5461 virescit.

183 5497 262 5549 Ad
294 5513 474 5566 quam
503 5511 634 5550 sane
657 5495 1022 5550 amoenitatem
1049 5495 1316 5551 frondium
1346 5513 1473 5552 aves
1497 5497 1616 5552 ρωιὶ
1645 5496 1786 5567 iugi-

186 5590 270 5638 ter
301 5586 537 5647 invitat,
569 5585 622 5638 id
669 5593 750 5639 est
778 5584 1049 5654 spiritales
1089 5596 1500 5654 sensus;atque
1551 5587 1699 5655 ipsos
1727 5586 1781 5639 in

182 5676 404 5730 eisdem
463 5676 651 5740 ramis,
695 5676 849 5745 quasi
899 5677 999 5730 sub
1045 5676 1224 5746 quiete
1273 5677 1460 5745 recipit
1503 5677 1782 5730 mansione

182 5781 299 5840 quo
331 5765 651 5833 nidiﬁcant,
678 5775 732 5822 et
758 5767 1006 5822 nutriunt
1031 5767 1132 5824 sibi
1160 5767 1332 5838 pullos
1358 5767 1409 5822 in
1438 5775 1618 5823 mente
1642 5789 1782 5828 sem-

1877 4678 2040 4734 homo
2077 4678 2128 4731 in
2153 4677 2245 4733 Dei
2273 4678 2554 4734 vocatione
2589 4679 2868 4748 quaeritur,
2897 4697 3002 4735 non
3042 4680 3370 4736 discernitur
3397 4681 3455 4734 in

1877 4768 1972 4823 Dei
1998 4768 2376 4839 praedicatione
2414 4785 2662 4840 persona.
2696 4770 2984 4841 Propterea
3026 4787 3248 4843 regnum
3296 4786 3454 4826 suum

1879 4868 2025 4924 ante,
2050 4873 2215 4928 grano
2243 4858 2446 4928 sinapis
2468 4867 2730 4914 memorat
2755 4862 3025 4932 accepisse
3068 4861 3363 4923 hominem,
3397 4860 3450 4914 id

1879 4951 2180 5013 estvirum,
2234 4964 2375 5002 nunc
2422 4964 2550 5002 vero
2605 4950 2882 5005 mulierem
2936 4953 3130 5006 asserit
3179 4951 3455 5018 accepisse

1881 5039 2202 5094 fermentum
2249 5057 2260 5091 :
2313 5038 2548 5110 illudque
2605 5056 2788 5095 semen
2839 5043 3090 5110 exiguum
3136 5043 3370 5097 crevisse
3397 5043 3450 5096 in

1881 5147 2128 5203 magnam
2160 5131 2432 5196 arborem,
2462 5132 2740 5188 mulierem
2765 5135 2920 5188 modo
2949 5133 3200 5204 exiguum
3223 5133 3456 5188 fermen-

1884 5233 1997 5278 tum
2023 5222 2088 5276 ad
2123 5221 2422 5290 profectum
2465 5222 2628 5276 totius
2658 5239 2850 5277 massm
2889 5222 3195 5278 manifestat
3225 5223 3453 5278 abscon-

1887 5315 2046 5372 disse.
2072 5314 2206 5380 Quia
2235 5313 2374 5368 sicut
2405 5312 2536 5369 dicit
2562 5313 2877 5384 Apostolus:
2911 5330 3077 5382 neque
3109 5315 3189 5366 vir
3215 5315 3328 5368 sine
3348 5331 3460 5368 mu-

1885 5406 2036 5480 liere,
2055 5421 2214 5474 neque
2242 5404 2430 5458 ntulier
2448 5405 2559 5458 sine
2582 5404 2688 5457 viro
2703 5405 2757 5458 in
2780 5403 3001 5458 Domino
3036 5402 3087 5474 (1
3110 5402 3321 5468 Cornu,
3346 5405 3458 5474 II).

1886 5498 1965 5551 Ad
1989 5513 2148 5551 unum
2175 5495 2372 5566 quippe
2399 5511 2619 5565 regnum
2674 5494 2943 5549 diversum
2968 5509 3155 5551 sexum
3207 5495 3353 5549 varia
3386 5495 3459 5549 si-

1887 5589 2130 5646 militudo
2155 5587 2417 5658 perducit.
2456 5584 2637 5655 Neque
2658 5583 2822 5654 igitur
2841 5585 3015 5640 virum
3037 5596 3250 5657 separat
3278 5603 3308 5641 a
3335 5602 3458 5641 mu-

1886 5679 2018 5733 liere
2046 5679 2254 5732 vocatio
2283 5676 2502 5740 Christi,
2529 5675 2620 5730 sed
2643 5685 2832 5731 contra
2853 5676 3147 5747 coniungit.
3165 5676 3299 5744 Quia
3319 5677 3462 5747 quod

1886 5766 2028 5826 Deus
2056 5782 2120 5823 ex
2147 5767 2405 5821 alterutro
2429 5779 2549 5821 esse
2577 5763 2725 5831 fecit,
2756 5775 2811 5820 et
2858 5774 3049 5822 natura
3077 5769 3270 5835 sociat,
3317 5767 3460 5822 mira
