4004 6362
626 291 731 346 499

619 347 624 354 ι

1442 290 1499 344 S.
1541 289 1892 345 PASCHASII
1927 289 2268 345 RADBERTI
2303 287 2592 344 ABBATIS
2631 286 3089 344 εοιιΒΕιΕΝειε-
3711 302 3791 366 ξω

627 402 974 459 similitudine
1017 401 1220 456 similes
1265 401 1438 455 reddit
1475 401 1588 455 hrec
1617 401 1870 470 parabola
1929 410 1981 455 et
2025 398 2198 457 forma
2225 403 2272 464 Α
2302 398 2487 452 ciale‘m
2511 406 2564 452 et
2587 399 2883 467 propriam,
2913 407 2968 454 et
2993 400 3370 468 nescioquam
3389 403 3696 464 acerbitatem
3711 413 3795 470 vi...

625 493 898 562 componit
937 477 1224 562 profectus.
1281 489 1509 544 Faciunt
1550 489 1693 544 enim
1739 489 1853 544 haec
1908 489 2196 559 parabolze,

626 591 687 648 ut
706 584 814 638 sint
837 581 945 638 duo
973 583 1026 637 in
1050 599 1156 637 uno
1177 597 1403 653 corpore
1431 599 1617 647 unum,
1649 598 1716 636 ne
1743 583 1812 637 sit
1845 591 1936 636 aut
1957 580 2196 653 singula-

626 673 761 728 ritas
797 671 1072 737 destituta,
1117 680 1210 726 aut
1255 671 1475 727 confusa
1521 672 1846 742 coniunctio.
1902 671 2006 726 Sed
2030 687 2199 744 quare

623 763 725 818 has
752 762 1129 816 similitudines
1162 762 1310 832 regni
1357 763 1437 816 sui
1485 761 1743 817 Dominus
1797 776 1893 832 per
1914 763 2089 816 virum
2143 769 2200 818 et

625 853 880 908 feminam
913 853 1244 917 formaverit,
1295 868 1461 924 quare
1489 863 1692 908 tantam
1748 853 2082 922 majestatem
2113 869 2196 908 re-

623 944 710 1020 gni
745 953 850 998 tam
874 943 1067 997 vilibus
1107 952 1322 1011 tamque
1365 943 1670 1012 disparibus
1715 943 1878 1016 594
1925 952 2202 1014 comparet

621 1035 882 1104 exemplis
909 1043 962 1088 et
990 1034 1300 1104 coniungat,
1351 1051 1455 1088 non
1481 1037 1577 1089 abs
1605 1052 1660 1089 re
1693 1037 1808 1089 ﬁeri
1838 1035 2019 1100 credo,
2060 1049 2197 1104 prte-

620 1125 809 1179 sertim
837 1139 959 1178 eum
984 1124 1127 1178 dicat
1152 1124 1472 1193 Apostolus:
1495 1123 1801 1194 Myslcrium
1825 1126 1921 1178 hoc
1952 1141 2196 1194 magnum

621 1225 720 1281 est,
749 1233 842 1286 ego
863 1228 1063 1304 autem,
1088 1217 1278 1286 inquit,
1320 1218 1435 1270 dico
1460 1219 1511 1270 in
1548 1217 1753 1272 Christo
1780 1229 1826 1272 et
1867 1219 1920 1272 in
1964 1216 2198 1271 Ecclesia

623 1310 839 1383 (Ephcs.
869 1329 922 1377 v,
950 1313 1039 1382 52)
1067 1331 1080 1378 ;
1110 1323 1239 1384 puto
1281 1313 1442 1384 igitur
1487 1316 1629 1382 quod
1679 1315 1972 1385 pretiosum
2028 1314 2197 1369 lateat

621 1402 821 1476 aliquid
845 1406 897 1460 in
931 1407 1031 1461 hoc
1067 1406 1342 1478 mysterio.
1395 1405 1900 1478 Comparationibus
1924 1424 2054 1480 ergo
2081 1409 2199 1464 istis

619 1494 839 1550 humani
877 1497 1090 1567 generis
1127 1497 1396 1566 negotium
1422 1499 1644 1567 geritur,
1667 1508 1720 1552 et
1772 1514 1870 1568 per
1918 1500 2093 1554 virum
2133 1515 2198 1556 ac

620 1583 878 1639 feminam
930 1571 1114 1640 mundi
1147 1600 1308 1640 causa
1334 1587 1461 1640 olim
1485 1605 1512 1642 a
1543 1589 1740 1644 sacculo
1765 1589 2109 1660 praeﬁgurata
2137 1589 2199 1644 ﬁ-

619 1679 784 1737 nitur.
812 1679 945 1735 Dum
969 1690 1024 1736 et
1051 1697 1276 1754 granum
1298 1682 1503 1752 sinapis
1526 1681 1724 1736 crescit
1755 1680 1806 1735 in
1829 1680 2100 1744 arborem,
2128 1679 2197 1736 de

616 1789 720 1844 qua
755 1784 1012 1845 purgetur
1039 1785 1266 1844 uterque
1290 1791 1473 1839 sexus,
1498 1775 1569 1828 ita
1597 1783 1653 1828 ut
1676 1774 1936 1843 quidquid
1970 1772 2195 1844 deliquit

618 1863 672 1918 in
713 1865 805 1920 illa
833 1882 951 1936 qua:
973 1867 1212 1922 scientia:
1241 1867 1366 1922 boni
1409 1876 1464 1920 et
1489 1866 1612 1920 mali
1644 1865 1964 1936 appellatur,
1993 1867 2046 1921 in
2097 1867 2197 1922 hac

617 1955 858 2010 solvatur
879 1973 998 2026 quae
1027 1957 1228 2028 lignum
1267 1959 1388 2013 vitae
1432 1957 1648 2012 dicitur.
1682 1958 1748 2012 Et
1789 1957 2112 2014 fermentum
2143 1959 2196 2014 in

615 2040 805 2106 farina:
828 2045 958 2098 satis
985 2047 1154 2100 tribus
1177 2047 1533 2101 absconditur
1567 2055 1624 2100 ut
1647 2045 2007 2102 fermentetur
2026 2055 2195 2104 totum

616 2134 876 2204 quidquid
897 2136 1244 2204 conspicuum
1273 2146 1354 2192 est
1381 2146 1436 2190 et
1462 2145 1776 2206 corruptum
1815 2137 2003 2208 prima:
2055 2153 2194 2208 pra:-

616 2225 966 2280 vaiieationis
1014 2237 1254 2295 peccato.
1296 2227 1358 2284 Ut
1407 2227 1596 2281 mulier
1635 2242 1754 2297 ιιιιῖε
1807 2228 2088 2284 vitiaverat
2141 2230 2194 2284 in

614 2314 976 2389 Adamtotam
1003 2332 1235 2371 massam
1299 2318 1517 2372 humani
1562 2318 1800 2388 generis,
1845 2326 2024 2375 .totam
2055 2335 2197 2374 mas-

621 2425 736 2462 sam
765 2409 944 2462 carnis
967 2420 1165 2465 nostm
1201 2411 1594 2481 redintegraret
1636 2419 1690 2465 et
1733 2412 1785 2464 in
1814 2409 2048 2478 Christo,
2091 2411 2197 2466 fer-

620 2507 801 2551 mento
829 2497 1070 2568 justitite,
1101 2513 1197 2567 per
1225 2514 1416 2553 novam
1448 2501 1904 2570 regenerationem
1943 2509 1999 2555 et
2037 2501 2194 2556 inno-

615 2587 884 2642 vationem
933 2602 1085 2642 nova:
1127 2587 1437 2642 nativitatis.
1500 2587 1688 2642 Mulier
1723 2603 1843 2658 qua:
1891 2587 2198 2645 confecerat

614 2694 806 2747 panem
830 2679 1059 2748 gemitus
1085 2686 1140 2731 et
1173 2678 1420 2742 sudoris,
1457 2694 1650 2748 panem
1697 2679 1818 2733 vitae
1863 2689 2050 2733 rursus
2103 2679 2195 2732 de-

615 2782 872 2841 coqueret
915 2772 1035 2840 igne
1084 2771 1257 2826 sancti
1307 2769 1539 2840 Spiritus
1595 2780 1648 2825 et
1695 2770 1904 2836 salutis,
1949 2777 2197 2840 essetque

613 2864 853 2918 omnium
880 2865 1171 2919 viventium
1199 2872 1370 2919 mater
1399 2879 1496 2934 per
1537 2862 1836 2929 Christum,
1863 2877 1984 2934 quae
2021 2861 2195 2917 fuerat

615 2955 848 3023 primum
873 2963 1046 3008 mater
1065 2955 1306 3009 omnium
1334 2953 1698 3009 morientium.
1725 2953 1838 3010 Hoc
1853 2954 2048 3025 quippe
2078 2955 2195 3012 loco

532 3075 540 3083 -
616 3062 704 3102 res
729 3047 796 3101 de
816 3063 912 3101 usu
937 3047 1172 3117 geritur;
1205 3046 1286 3101 vir
1306 3045 1360 3102 in
1385 3061 1514 3118 agro
1534 3044 1736 3114 sinapis
1762 3047 2009 3100 arborem
2037 3045 2190 3112 serit,

615 3139 758 3194 domi
814 3139 1007 3193 mulier
1055 3138 1377 3194 fermentum
1432 3140 1482 3194 in
1519 3139 1689 3194 farina
1748 3137 2047 3204 abseouJit,
2093 3153 2192 3211 pa-

585 3210 712 3284 .nes
732 3227 1002 3298 decoquit,
1051 3227 1359 3282 alimoniam
1402 3238 1688 3298 praeparat.
1741 3227 1876 3296 Quia
1910 3210 2192 3286 virumfo—

615 3319 692 3374 ris
714 3327 796 3374 est
820 3318 1086 3384 laborare,
1120 3319 1398 3374 mulierem
1441 3335 1571 3375 vero
1615 3319 1910 3378 domestica
1950 3334 2079 3376 cura
2115 3319 2194 3373 in-

614 3421 702 3465 tus
727 3409 1065 3480 constringit.
1099 3409 1234 3464 Hinc
1268 3420 1369 3473 est,
1406 3409 1621 3474 fratres,
1651 3408 1791 3480 quod
1823 3408 1958 3466 Sara
1993 3408 2194 3465 sterilis

609 3510 666 3556 et
689 3515 844 3564 anus,
881 3515 946 3554 ex
977 3501 1075 3555 ista
1110 3500 1501 3571 praeparatione
1543 3498 1790 3554 fermenti
1823 3507 1878 3554 et
1921 3513 1986 3554 ex
2017 3499 2192 3554 tribus

611 3593 904 3660 mensuris,
931 3601 1039 3647 tres
1061 3591 1437 3646 subcineritios
1453 3605 1620 3660 panes
1636 3590 1924 3645 Dominica:
1950 3588 2191 3658 hospita-

609 3681 778 3740 litatis
802 3685 1030 3755 mystico
1059 3681 1218 3738 offert
1265 3683 1542 3752 obsequio,
1594 3691 1651 3734 ut
1701 3681 1960 3736 sterilitas
2007 3678 2190 3736 mundi

605 3777 717 3850 jam
747 3786 857 3832 tota
883 3783 1160 3831 senectute
1179 3773 1455 3839 conclusa,
1487 3774 1540 3828 in
1573 3774 1838 3828 mensuris
1853 3773 2052 3835 tribus,
2083 3773 2190 3830 hoc

610 3879 695 3923 est
738 3867 790 3921 in
830 3867 1134 3936 aequalitate
1159 3865 1336 3920 Patris
1357 3873 1412 3920 et
1438 3865 1578 3932 Filii,
1612 3873 1666 3918 et
1698 3861 1933 3934 Spiritus
1989 3862 2188 3927 sancti,

613 3955 936 4018 fermentum
963 3953 1084 4006 ﬁdei
1113 3969 1224 4008 suae
1249 3953 1331 4008 vel
1361 3953 1660 4007 doctrinam
1691 3951 1940 4021 perfectae
1997 3950 2192 4004 intelli-

612 4043 805 4116 gentiae
833 4043 1144 4098 collocaret.
1171 4043 1299 4110 Quae
1324 4043 1576 4096 nimirum
1623 4043 1814 4096 mulier
1833 4039 2039 4110 justum
2091 4040 2194 4094 fuit

613 4131 839 4188 Domino
867 4148 964 4188 suo
991 4143 1048 4186 ut
1080 4141 1189 4187 tres
1221 4148 1387 4202 panes
1429 4148 1494 4185 ex
1527 4133 1816 4203 Evangelio
1870 4140 2190 4204 apponeret,

612 4223 667 4278 in
705 4221 1042 4278 confessione
1069 4222 1370 4285 Trinitatis,
1398 4237 1495 4292 pro
1526 4237 1768 4276 munere.
1793 4219 1868 4276 De
1896 4237 2000 4291 qua
2035 4231 2193 4276 recta:

612 4313 737 4370 ﬁdei
785 4315 1188 4384 conspersione,
1215 4324 1320 4368 tota
1353 4311 1644 4368 Christiani
1698 4311 1932 4366 nominis
1965 4311 2190 4366 fecunda

612 4403 753 4458 facta
785 4414 865 4459 est
896 4405 1092 4473 proles,
1124 4414 1177 4458 et
1206 4405 1525 4458 fermentata
1553 4404 1602 4456 in
1633 4401 1872 4467 Christo,
1904 4418 2006 4456 una
2043 4397 2184 4457 facta
2213 4443 2267 4502 Β

613 4504 696 4552 εει
743 4495 1076 4564 conspersio.
1121 4496 1266 4560 llare,
1311 4505 1366 4551 ut
1390 4496 1568 4550 cernis
1600 4495 1790 4559 lector,
1828 4495 2020 4549 mulier
2049 4493 2186 4564 ﬁgu-

593 4606 728 4644 ram
768 4590 902 4660 gerit
927 4585 1202 4652 Ecclesia},
1233 4607 1351 4660 qute
1379 4591 1586 4660 accepit
1641 4589 1986 4652 fermentum,
2029 4587 2080 4642 id
2106 4595 2190 4641 est

614 4681 774 4737 ﬁdem
798 4680 1028 4748 Christi,
1077 4680 1160 4735 vel
1208 4681 1504 4735 doctrinam
1560 4681 1729 4735 sancti
1784 4679 2080 4750 Evangelii,
2135 4687 2188 4733 et

613 4777 751 4827 facta
776 4783 860 4828 est
884 4787 986 4826 una
1013 4782 1067 4826 et
1096 4788 1230 4827 nova
1259 4772 1587 4840 conspersio.
1623 4772 1697 4826 lta
1725 4779 1782 4825 ut
1844 4769 2103 4842 quidquid
2134 4769 2186 4823 in

612 4869 889 4939 prophetis
918 4877 972 4921 et
999 4865 1341 4937 patriarcbis,
1366 4881 1466 4920 nec
1497 4883 1599 4920 non
1629 4874 1684 4920 ει
1728 4867 1778 4920 in
1825 4865 1970 4919 omni
2004 4857 2186 4916 Veteri

612 4960 960 5017 Testamento
998 4959 1292 5022 celabatur,
1324 4957 1412 5010 ubi
1467 4956 1788 5025 multiplices
1832 4956 2098 5020 videmus,
2131 4963 2186 5009 et

612 5053 866 5126 mysticus
893 5068 1104 5118 sensus,
1134 5059 1304 5106 totum
1336 5065 1440 5104 una
1470 5050 1540 5105 sit
1563 5064 1740 5103 massa
1759 5046 2012 5119 perfecta:
2039 5047 2186 5114 ﬁdei,

613 5147 666 5200 in
696 5147 880 5207 verbo.
905 5161 1026 5215 quae
1081 5143 1322 5198 ﬁdelibus
1366 5157 1469 5197 non
1501 5141 1659 5206 latet,
1690 5141 1819 5196 latet
1869 5156 2000 5196 vero
2029 5139 2189 5210 595

612 5238 914 5293 inﬁdelibus
937 5251 989 5292 et
1017 5235 1324 5291 incredulis.
1363 5233 1515 5300 Quod
1552 5241 1731 5288 autem
1778 5233 1940 5286 donec
1969 5231 2192 5300 [ei-inen-

613 5340 814 5384 taretur
834 5339 998 5385 totum
1026 5329 1172 5394 dicit,
1205 5328 1250 5383 si
1274 5327 1341 5381 ad
1369 5340 1539 5399 genus
1565 5326 1859 5378 humanum
1916 5321 2186 5389 retuleris,

611 5411 781 5492 usque
801 5425 867 5480 ad
887 5423 1048 5480 ﬁnem
1078 5422 1276 5484 s'eculi,
1323 5421 1376 5476 in
1427 5435 1534 5491 quo
1564 5428 1671 5474 tota
1707 5417 1990 5488 integritas
2031 5415 2190 5487 hujus

611 5510 1043 5569 fermentationis
1054 5513 1382 5576 extenditur,
1395 5510 1638 5566 dilatatio
1653 5507 2072 5564 commendanda
2089 5513 2190 5561 εει.

609 5601 786 5661 Porro
809 5602 1132 5662 fermentum
1165 5606 1230 5660 de
1251 5604 1425 5659 farina
1443 5611 1549 5667 est,
1602 5601 1696 5658 sed
1739 5598 2089 5670 singularitas
2139 5597 2190 5652 ei

621 5695 872 5784 quadam
898 5699 1206 5770 ascribitur,
1237 5711 1303 5754 eo
1353 5695 1497 5774 quod
1538 5695 1788 5750 virtutem
1838 5691 2030 5748 habeat
2077 5704 2195 5768 spe~

2299 489 2451 550 tutis,
2485 489 2536 542 in
2568 499 2774 542 tantum
2800 496 2858 542 ut
2909 489 2974 543 de
3013 488 3226 544 modico
3268 491 3426 546 multa
3457 492 3688 551 elliciatur
3727 501 3791 558 sui

2299 577 2512 648 generis
2541 593 2662 632 cum
2693 575 2897 648 Spiritu
2926 587 3152 641 sancto;
3184 577 3256 633 ita
3282 587 3338 633 ut
3361 579 3444 635 lex
3473 591 3522 636 et
3549 585 3795 656 prophetia,

2301 676 2460 734 atque
2488 667 2832 738 Evangelium
2859 668 3197 722 resolvantur
3216 669 3430 724 nimium
3449 711 3464 736 ,
3492 679 3543 726 et
3571 675 3702 743 quasi
3721 679 3797 734 sub

2301 759 2473 814 tribus
2513 761 2779 814 mensuris
2808 769 3134 830 cooperator
3160 761 3271 816 haec
3307 763 3498 818 omnia.
3541 763 3729 834 Unoqne
3751 769 3800 824 de

2299 865 2468 919 grano
2498 849 2745 904 fermenli
2773 865 2934 904 unum
2958 849 3116 916 facit;
3145 851 3268 920 quia
3289 853 3424 921 quod
3451 853 3530 908 lex
3553 858 3797 923 constituit,

2299 942 2572 1011 prophetae
2613 943 2946 1008 nuntiarunt,
3000 943 3234 1013 idipsum
3283 943 3608 1016 Evangelium
3647 947 3802 1018 explet.

2299 1031 2566 1102 Fiuntque
2584 1035 2761 1086 omnia
2783 1049 2878 1103 per
2899 1032 3173 1088 Christum
3189 1031 3420 1102 ejusdem
3437 1035 3631 1090 virtutis
3653 1044 3699 1090 et
3716 1053 3803 1092 sen-

2301 1135 2414 1182 sus,
2429 1131 2485 1174 ut
2501 1138 2661 1176 unum
2679 1123 2907 1191 sapiant,
2923 1123 2997 1178 ita
3015 1133 3073 1177 ut
3086 1123 3220 1177 nihil
3235 1123 3372 1178 aliud
3395 1125 3460 1179 ab
3474 1124 3572 1180 alio
3589 1126 3806 1184 mensuris

2299 1211 2594 1280 tequalibus
2642 1211 3020 1266 fermentatum
3059 1212 3320 1266 dissidere
3351 1214 3642 1282 reperiatur.
3663 1212 3805 1280 Quan-

2300 1317 2460 1372 quam
2497 1313 2552 1358 et
2579 1304 2648 1358 ad
2669 1304 2910 1374 gentimn
2948 1305 3284 1358 vocationem
3315 1319 3378 1357 ex
3420 1302 3536 1357 Sent
3589 1313 3639 1358 et
3677 1303 3806 1360 Citam

2299 1403 2354 1448 et
2375 1393 2586 1462 Japhet,
2627 1404 2736 1448 tres
2766 1411 3046 1450 mensuras
3073 1394 3204 1448 istas
3231 1393 3416 1447 farina:
3440 1393 3623 1448 referre
3635 1395 3806 1464 quidam

2299 1500 2408 1538 non
2436 1483 2727 1556 incongrue
2761 1485 3060 1548 videantur,
3097 1494 3156 1538 ut
3207 1485 3278 1539 sit
3321 1499 3504 1538 sensus
3541 1485 3668 1554 quod
3713 1483 3810 1538 dicit
3841 1525 3848 1535 .

2301 1573 2470 1627 donec
2500 1571 2854 1627 fermentetur
2897 1583 3072 1628 totum
3095 1613 3110 1638 ,
3158 1574 3284 1644 quia
3313 1589 3379 1628 ex
3424 1583 3568 1644 parte
3592 1573 3811 1643 cognosci-

2301 1676 2420 1714 mus
2449 1670 2501 1715 et
2522 1677 2587 1714 ex
2617 1669 2772 1732 parte
2797 1662 3205 1732 prophetamus,
3245 1669 3304 1716 ut
3330 1670 3608 1716 evacuetur
3631 1662 3746 1729 quod
3761 1676 3808 1715 ex

2222 1749 2270 1808 B
2297 1762 2447 1822 parte
2471 1763 2577 1816 est,
2605 1762 2661 1807 et
2689 1753 2996 1808 inveniatur
3053 1761 3225 1808 totum
3275 1767 3458 1816 unum,
3500 1753 3630 1822 quod
3656 1751 3810 1822 perfec-

2304 1853 2414 1898 tum
2441 1853 2541 1900 est.
2567 1843 2684 1904 Non
2715 1845 2834 1899 dico
2869 1846 3012 1916 quod
3041 1846 3286 1899 omnium
3313 1845 3546 1916 gentium
3570 1843 3745 1898 vocatio
3761 1842 3812 1896 sit

2301 1935 2402 1990 hac
2415 1935 2799 2007 conspersione
2833 1935 3039 1990 salvata
3070 1944 3125 1990 et
3149 1936 3388 2000 counita,
3416 1944 3474 1988 ut
3500 1934 3812 1989 fermentatum

2301 2028 2372 2082 sit
2401 2036 2571 2082 totum
2608 2042 2775 2098 genus
2803 2029 3130 2094 humanum,
3163 2027 3258 2082 sed
3289 2041 3475 2081 eorum
3496 2026 3658 2080 unitas
3679 2041 3732 2079 ex
3745 2025 3812 2077 tri-

2300 2117 2402 2173 bus
2437 2116 3173 2188 commendaturgeneribus,
3209 2116 3264 2171 in
3299 2117 3491 2187 quibus
3511 2115 3640 2169 nulla
3661 2113 3815 2169 extrin-

2301 2227 2456 2266 secus
2486 2210 2745 2266 admixtio
2773 2210 3026 2266 fermenti
3059 2210 3356 2275 invenitur,
3387 2208 3478 2263 sed
3509 2217 3610 2262 tota
3631 2207 3674 2260 in
3693 2204 3813 2260 Chri-

2301 2314 2384 2358 sto
2425 2303 2605 2360 unitas
2629 2303 3064 2365 commendatur;
3097 2301 3168 2357 ita
3194 2311 3254 2356 ut
3292 2316 3392 2355 nec
3416 2300 3708 2354 fermentum
3729 2296 3814 2350 sine

2299 2394 2474 2448 farina
2504 2395 2570 2450 de
2597 2409 2702 2464 qua
2726 2400 2831 2460 est,
2861 2407 2962 2447 nec
2990 2390 3166 2446 farina
3198 2392 3320 2447 sine
3347 2391 3602 2446 fern'iento
3647 2389 3689 2442 in
3733 2398 3812 2454 quo

2297 2497 2667 2558 est,etaquo
2704 2487 3024 2542 fermentata
3069 2493 3192 2551 est,
3238 2483 3555 2543 inveniatur,
3603 2487 3816 2549 quatenus

2297 2595 2394 2650 pcr
2421 2579 2525 2636 hoc
2553 2579 2734 2635 omnia
2763 2577 2928 2633 unum
2953 2577 3106 2642 ﬁant,
3136 2585 3195 2631 et
3231 2575 3446 2645 sapiant
3487 2585 3638 2626 unum
3661 2569 3707 2623 in
3730 2565 3818 2620 Tri-

2297 2671 2486 2734 nitate,
2531 2671 2674 2742 quod
2717 2668 3013 2739 perfectum
3052 2675 3152 2722 est.
3209 2665 3416 2720 Tamen
3473 2663 3584 2718 haec
3621 2655 3821 2731 parabola

2297 2763 2420 2832 quia
2451 2775 2481 2816 a
2515 2760 2738 2818 Domino
2765 2776 2870 2816 non
2900 2768 2986 2814 est
3039 2759 3420 2830 interpretata,
3451 2763 3508 2810 ut
3553 2755 3658 2808 dua:
3680 2763 3818 2818 supra,

2298 2859 2364 2909 de
2387 2855 2580 2926 quibus
2599 2851 2710 2922 jam
2757 2853 3010 2915 diximus,
3059 2849 3268 2905 ideirco
3295 2846 3625 2904 imbecillitas
3649 2837 3822 2898 humani

2298 2947 2494 3017 ingenii
2517 2947 2665 3003 varia
2690 2947 2790 3002 sibi
2847 2945 3000 3018 ﬁngit
3046 2944 3524 3018 intelligentiarum
3555 2955 3614 2995 ac
3659 2938 3820 2993 diversa

2301 3039 2567 3108 dogmata.
2596 3036 2728 3091 Nam
2767 3037 2984 3108 quidam
3026 3033 3279 3091 referunt
3328 3035 3428 3089 has
3456 3041 3563 3086 tres
3599 3037 3824 3084 mensuras

2300 3131 2366 3184 ad
2396 3131 2642 3202 spiritum
2668 3138 2722 3184 et
2749 3130 3006 3194 animam,
3037 3137 3093 3183 ct
3112 3143 3322 3200 corpus
3355 3126 3619 3198 pertinere
3641 3121 3820 3178 debere:

2296 3223 2366 3279 ita
2394 3231 2451 3277 ut
2477 3219 2592 3276 haec
2627 3221 2725 3275 tria
2753 3220 2810 3288 in
2831 3235 2994 3274 unum
3049 3219 3278 3274 redacta
3321 3233 3418 3288 per
3445 3208 3824 3286 praedicationem

2293 3317 2464 3380 verbi,
2491 3332 2596 3372 non
2626 3313 2936 3385 discrepent
2960 3313 3098 3366 inter
3141 3328 3232 3381 se,
3272 3315 3372 3372 sed
3403 3321 3546 3370 totus
3576 3318 3625 3367 et
3667 3311 3825 3376 integer

2294 3413 2456 3470 homo
2491 3413 2582 3468 ﬁat
2609 3428 2745 3467 nova
2777 3411 3087 3482 conspersio
3112 3411 3166 3465 in
3187 3411 3434 3468 Christo.
3465 3408 3592 3477 Quia
3643 3404 3684 3460 si
3727 3401 3822 3456 duo-

2293 3507 2394 3562 bus
2425 3506 2542 3562 istis
2563 3505 2647 3560 vel
2684 3506 2854 3560 tribus
2881 3505 3022 3559 inter
3045 3519 3122 3569 se,
3151 3504 3314 3581 juxta
3338 3504 3482 3573 quod
3513 3499 3630 3555 alibi
3656 3494 3822 3568 legitur.

2292 3598 2431 3654 bene
2463 3597 2795 3662 convenerit,
2827 3596 3194 3667 impetrabunt
3244 3613 3276 3652 a
3323 3595 3490 3651 Patre
3533 3590 3828 3664 quodcunque

2291 3691 2568 3760 petierint.
2601 3687 2893 3744 Disseritur
2921 3696 2976 3743 et
3003 3688 3163 3742 aliter
3205 3689 3364 3744 locus
3389 3687 3494 3752 iste
3538 3699 3568 3737 a
3596 3675 3824 3737 nonnullis,

2293 3781 2421 3852 quia
2457 3779 2717 3844 humana,
2743 3787 2803 3833 ut
2847 3777 2980 3843 dixi,
3004 3777 3192 3847 opinio
3217 3777 3532 3833 nutabunda
3559 3785 3702 3843 quam
3723 3775 3830 3837 επις

2293 3872 2440 3926 varie
2493 3870 2714 3934 incedit,
2769 3877 2828 3922 ut
2874 3875 3024 3922 tanto
3071 3867 3310 3938 quisque
3367 3866 3575 3922 doctior
3617 3859 3825 3916 videatur.

2293 3971 2496 4033 quanto
2517 3959 2680 4035 596
2707 3958 2911 4028 aliquid
2962 3958 3014 4012 in
3049 3973 3212 4013 sensu
3246 3958 3377 4014 novi
3405 3951 3681 4012 invenerit,
3719 3939 3829 4024 (ιιιοᾷ

2293 4051 2481 4107 saltem
2523 4050 2814 4106 verisimile
2845 4049 3108 4103 videatur.
3147 4049 3308 4104 Unde
3353 4049 3458 4103 hoc
3505 4045 3618 4100 loco
3659 4039 3831 4094 sumunt

2293 4144 2360 4198 de
2405 4142 2628 4198 Platone
2693 4140 3136 4212 philosophorum
3201 4139 3529 4197 doctissimo
3578 4125 3830 4200 exemplum

2293 4236 2434 4306 quod
2465 4234 2735 4306 vulgatum
2761 4243 2862 4298 est,
2892 4241 2946 4288 et
2973 4233 3158 4288 dicunt
3187 4241 3305 4288 tres
3337 4247 3461 4288 esse
3504 4231 3560 4286 in
3583 4225 3738 4282 anima
3761 4218 3834 4271 bll-

2291 4342 2450 4384 mana
2466 4327 2849 4397 possessiones,
2875 4323 3192 4380 rationalem
3209 4323 3451 4389 scilicet,
3473 4309 3833 4378 etirascibilem,

2292 4427 2454 4486 atque
2482 4415 2973 4485 concupiscibilem.
3006 4415 3094 4495 Et,
3117 4424 3178 4470 ut
3209 4424 3377 4484 putat
3403 4397 3834 4495 philosophusille,

2294 4507 2612 4564 rationabile
2643 4516 2882 4562 nostrum
2911 4507 2962 4560 in
2985 4486 3214 4561 cerebro
3235 4515 3350 4572 est,
3374 4499 3639 4560 irascibile
3661 4497 3708 4550 in
3728 4486 3836 4550 felle.

2294 4614 2454 4672 porro
2489 4582 2906 4666 concupiseibile
2948 4597 2999 4650 in
3023 4595 3213 4664 jecore
3253 4601 3643 4651 commoratur.
3679 4581 3840 4651 Ουίὺιιί

2293 4691 2363 4742 ita
2381 4687 2716 4758 praeeognitis
2731 4687 3187 4753 etdetr-rminatis,
3207 4688 3256 4742 si
3271 4686 3644 4758 acceperimus
3655 4677 3839 4768 fet-mett-

2293 4788 2402 4832 tum
2422 4777 2817 4848 Evangelicum,
2835 4785 2888 4832 et
2903 4775 3318 4848 Scriptor-arum
3342 4784 3655 4832 sanctarum
3677 4767 3841 4820 doctri-

2292 4887 2436 4934 nam,
2457 4870 2520 4924 de
2534 4884 2635 4938 qua
2645 4867 2758 4937 jam
2775 4883 2934 4938 supra
2948 4869 3149 4923 dictum
3163 4878 3274 4936 est,
3296 4877 3355 4924 et
3374 4878 3488 4924 tres
3505 4867 3618 4922 ista:
3630 4861 3838 4916 Ιιιιιιιωιε

2249 4955 2256 4960 ’
2293 4961 2485 5016 anima:
2526 4961 2804 5030 passiones
2834 4961 2886 5014 in
2916 4975 3079 5013 unum
3126 4957 3341 5014 fuerint
3385 4959 3648 5018 redactae,
3673 4959 3722 5005 et
3742 4955 3845 5000 con-

2295 5069 2493 5123 spersae
2520 5052 2788 5107 fermento
2819 5051 3062 5121 justitiae,
3107 5050 3181 5103 ita
3217 5060 3284 5106 ut
3339 5051 3396 5104 in
3442 5047 3652 5103 ratione
3703 5035 3838 5128 “893’
3920 5053 3921 5056 “

2293 5142 2578 5214 prudentia
2603 5141 2760 5206 mira,
2790 5139 3085 5210 perfectum
3125 5139 3318 5192 odium
3363 5143 3555 5207 surgat
3584 5138 3754 5188 contra
3773 5129 3848 5214 ,εἰς

2297 5208 2389 5297 tia,
2415 5233 2466 5286 in
2491 5229 2756 5286 desiderio
2777 5208 2906 5284 vero
2927 5227 3011 5282 vel
3039 5226 3500 5298 concupiscentia
3527 5220 3750 5279 charitas
3773 5208 3847 5305 Dei

2293 5313 2352 5378 et
2384 5321 2612 5394 proximi
2639 5327 3018 5384 committetur,
3046 5325 3107 5372 ut
3133 5317 3204 5372 sit
3232 5331 3464 5388 semper
3491 5317 3546 5369 in
3573 5307 3773 5367 homine
3796 5311 3854 5396 Vt-

2294 5403 2428 5470 ridis
2450 5414 2714 5484 cupiditas
2749 5412 3044 5475 virtutum;
3091 5417 3147 5465 et
3185 5409 3296 5463 hoc
3336 5416 3514 5463 totum
3570 5416 3664 5474 per
3689 5396 3854 5491 doc"?

2299 5522 2422 5560 nam
2478 5503 2866 5572 evangelicam,
2913 5517 3072 5572 quam
3124 5501 3174 5554 in
3231 5500 3400 5555 nobis
3443 5506 3619 5552 mater
3650 5484 3857 5546 Ecclesia

2300 5599 2434 5654 bene
2475 5595 2776 5666 conspersit
2823 5603 2877 5648 et
2925 5593 3206 5648 abscondit
3247 5592 3308 5648 in
3356 5591 3618 5648 cordibus
3669 5573 3854 5638 nostris.

2307 5689 2452 5746 Unde
2478 5681 2646 5746 David
2676 5703 2688 5740 :
2715 5683 2780 5739 In
2805 5683 2962 5738 corde
3009 5671 3122 5738 meo
3152 5675 3416 5738 abscondi
3457 5678 3667 5754 eloquia
3687 5683 3786 5742 tua,
3813 5669 3858 5745 It}
