4004 6362
170 363 261 451 μοι
918 354 1281 412 EXPOSITIO
1319 354 1385 410 IN
1425 350 1867 411 MATTI‘L‘EUM.
1909 386 1978 396 -
2018 352 2145 410 LIB.
2188 354 2298 421 VII,
2335 354 2486 411 CAP.
2526 353 2660 410 XIII.

3334 346 3441 413 502

177 493 267 534 non
287 484 488 551 ρεπέηι
521 471 617 528 tibi
639 468 810 545 (Psal.
843 489 1031 539 cxvm,
1064 474 1169 546 II).
1197 474 1371 543 Quam
1418 490 1549 531 sane
1578 476 1824 555 inter-.A
1851 475 2099 544 quoniam
2150 475 2389 545 loquetur
2417 492 2598 545 pacem
2636 477 2688 529 in
2741 474 2937 546 plebem
2981 493 3154 542 suam,
3202 486 3247 530 et
3282 494 3440 549 super

168 567 515 644 pretationem
543 565 684 620 sicut
713 580 819 619 non
848 564 982 620 satis
1008 564 1270 637 approbo,
1302 567 1374 620 ita
1401 582 1503 622 nec
1534 564 1741 637 rejicio;

176 657 284 729 quia
308 654 508 710 clarior
537 665 622 710 est
648 668 839 709 sensus
873 652 1033 722 hujus
1065 653 1338 725 parobolze
1370 656 1463 727 qui
1484 656 1630 710 intus
1658 670 1746 710 re-

155 751 320 817 dolet,
340 762 504 820 quem
540 762 703 817 supra
734 744 866 814 jam,
899 742 1227 815 licetpaucis
1256 746 1527 817 tetigimus
1545 744 1743 800 verbis.

176 842 357 899 Tamen
383 835 488 892 etsi
534 836 608 889 ita
632 835 984 904 intelligatur,
1015 843 1076 888 ut
1116 835 1371 900 diximus,
1410 835 1542 889 satis
1576 834 1747 889 aedili-

176 944 245 991 cat
266 926 599 997 audientem,
638 928 887 999 quamvis
913 943 1019 983 non
1076 927 1305 982 multum
1338 928 1550 982 erudiat
1580 926 1747 984 lecto-

170 1004 291 1085 rem.
330 1020 466 1089 Quia
519 1019 737 1075 interim
767 1020 940 1075 donec
984 1034 1171 1074 sumus
1198 1019 1252 1073 in
1282 1018 1390 1083 via,
1416 1034 1630 1088 semper
1656 1033 1747 1074 ne-

174 1130 303 1170 cesse
327 1124 412 1169 est
436 1113 767 1169 fetulentum
788 1110 956 1165 divini
1000 1111 1151 1165 verbi
1197 1110 1250 1164 in
1296 1110 1450 1164 nobis
1483 1125 1743 1180 consper-

170 1217 309 1282 gatur
333 1207 402 1262 ad
426 1206 828 1260 incrementum
854 1203 1116 1274 iustitiae;
1147 1202 1271 1274 quia
1304 1202 1530 1257 scientia
1561 1202 1745 1255 divina

173 1300 385 1355 illustrat
407 1288 624 1361 sensus,
650 1295 793 1352 levat
816 1296 1004 1361 corda,
1028 1294 1386 1349 incrementat
1408 1291 1645 1364 ingenia,
1660 1292 1745 1346 di-

168 1391 285 1455 latat
307 1390 541 1444 virtutes
572 1396 629 1443 et
676 1388 931 1453 inebriat,
961 1396 1021 1441 ut
1065 1401 1281 1456 semper
1311 1386 1483 1440 vireat
1531 1385 1745 1440 animus

173 1482 218 1536 in
238 1481 399 1548 horis,
428 1493 756 1535 reaccensus
782 1479 903 1550 igue
942 1478 1145 1532 amoris
1170 1476 1286 1532 Dei.
1327 1476 1589 1530 Dillundit
1617 1492 1746 1547 aug-

173 1580 393 1626 mentum
445 1569 772 1633 cbaritatis,
824 1574 879 1622 et
919 1566 997 1622 sic
1043 1567 1179 1625 bene
1226 1575 1339 1622 tota
1385 1564 1745 1621 fermentatur

179 1660 467 1731 conspersio
501 1668 557 1713 et
584 1660 879 1713 innovatur
909 1656 1115 1728 jugiter
1139 1697 1154 1722 ,
1188 1657 1363 1712 donec
1412 1655 1746 1725 incorruptio

176 1753 358 1816 veniat,
382 1760 437 1805 et
464 1759 592 1805 tunc
629 1746 1047 1803 fermentabitur
1097 1745 1294 1814 totum,
1336 1746 1593 1815 deinceps
1628 1745 1740 1815 jam

1854 562 2076 618 Sanctos
2100 581 2244 630 suos,
2268 575 2315 619 et
2346 565 2398 619 in
2424 582 2510 619 eos
2536 565 2625 633 qui
2653 576 3023 619 convertuntur
3044 566 3114 621 ad
3141 584 3232 621 cor
3256 566 3435 640 (Ptol.

1851 671 2071 722 Lxxxw,
2102 657 2177 729 9).
2209 658 2277 713 Ut
2316 658 2649 727 impleretur,
2697 659 2793 724 ait,
2821 661 2962 730 quod
2993 656 3194 715 dictum
3224 669 3307 715 est
3335 676 3438 734 per

1849 745 2175 818 Propheta‘m
2196 751 2494 807 dicentem:
2514 752 2759 823 Aperiam
2780 753 2837 807 iu
2865 752 3132 823 parabolis
3161 771 3215 808 os
3242 771 3437 822 meum,

1848 842 2095 895 erurtabo
2147 841 2451 898 abscondita
2498 862 2529 898 a
2563 830 2951 898 .constitut'ione
3015 845 3196 898 mundi
3240 844 3435 918 (Psal.
3508 852 3517 885 '-

1849 946 2054 997 vavn,
2094 934 2171 1006 2).
2203 934 2341 989 Nulli
2367 937 2587 990 dubium
2615 937 2756 1007 quod
2785 936 3067 993 Matthazus
3093 938 3196 993 hoc
3224 952 3288 993 ex
3315 954 3440 1010 per-

1849 1039 1981 1079 sona
2014 1025 2215 1082 Christi
2261 1029 2605 1094 intellexerit,
2644 1039 2700 1082 et
2726 1030 2846 1084 ideo
2877 1030 3003 1099 quia
3039 1030 3440 1085 obscurissima:

1849 1127 1974 1171 sunt
2008 1118 2090 1172 hae
2120 1120 2408 1190 parabolae,
2439 1120 2492 1174 in
2540 1120 2645 1173 ﬁne
2688 1119 2761 1173 ita
2806 1120 3090 1184 conclusit,
3134 1121 3225 1190 qui
3275 1119 3442 1174 habet

1848 1223 2008 1263 aures
2026 1209 2297 1274 audiendi,
2331 1210 2533 1264 audiat.
2574 1209 2726 1265 Unde
2750 1210 2863 1264 ait:

1924 1296 2188 1353 Eructabo
2235 1300 2539 1354 abscondita
2568 1318 2599 1355 a
2640 1302 3011 1362 constitutions
3050 1300 3255 1356 mundi.
3293 1300 3439 1369 Quo-

1847 1388 1991 1442 uiam
2028 1390 2288 1459 quidquid
2330 1391 2682 1445 historialiter
2734 1407 2928 1447 sonare
2977 1393 3191 1464 videtur
3236 1392 3289 1446 in
3337 1391 3440 1448 Ge-

1849 1479 1985 1543 ucsi,
2016 1479 2100 1533 vel
2130 1479 2182 1533 in
2223 1480 2429 1545 Exodo,
2470 1496 2562 1536 seu
2594 1481 2646 1536 in
2684 1483 2895 1537 caeteris
2924 1482 3054 1539 locis
3086 1483 3297 1540 Veteris
3328 1481 3436 1540 Te-

1849 1570 2123 1636 stamenti,
2163 1572 2345 1625 omnia
2375 1572 2595 1627 omnino
2631 1573 2684 1626 in
2716 1572 2988 1643 parabolis
3019 1574 3161 1633 dicta
3193 1584 3338 1638 sunt,
3379 1583 3439 1631 et
3488 1626 3501 1633 -

1848 1664 1901 1717 in
1968 1663 2345 1731 mnigmatibus
2408 1666 2743 1736 abscondita.
2807 1665 3063 1733 Quamvis
3125 1668 3214 1722 alii
3270 1666 3439 1740 593

1852 1755 2223 1811 tranStulerint
2272 1758 2686 1827 propositiones,
2733 1760 2822 1814 alii
2864 1758 3179 1817 abscondita
3230 1760 3283 1814 in
3328 1759 3437 1815 Ile-

171 1851 220 1897 ut
247 1841 383 1896 nulla
410 1850 603 1913 regnet
657 1837 921 1909 iniustitia
953 1839 1006 1893 in
1060 1837 1233 1893 nobis-
1306 1837 1437 1909 Qua?
1482 1836 1737 1891 Nimirum
1765 1840 1815 1901 B
1843 1849 2005 1913 braeo,
2038 1858 2218 1905 tamen
2248 1852 2532 1922 aenigmata
2566 1852 2766 1907 habere
2798 1854 3015 1919 dicitur,
3046 1855 3171 1923 quia
3204 1854 3434 1926 :enigma

168 1948 264 1993 sata
290 1937 392 1994 tria
416 1935 613 1991 farinae
643 1933 885 2007 etiamin
927 1932 1101 1986 tribus
1127 1931 1386 1986 distincta
1433 1929 1560 1984 ﬁliis
1604 1928 1737 1995 Noe,

169 2038 217 2085 ut
238 2031 363 2096 dixi,
420 2044 452 2086 a
496 2029 822 2100 quibusdam
872 2026 1238 2097 accipiuntur,
1288 2040 1353 2080 ex
1385 2025 1580 2095 quibus
1616 2037 1743 2093 pro-

165 2131 322 2191 creata
348 2129 435 2175 est
474 2120 657 2175 omnis
701 2118 851 2174 natio
906 2118 1130 2172 humani
1187 2117 1419 2189 generis.
1477 2114 1585 2171 Sed
1614 2115 1741 2185 quia

164 2228 253 2267 non
265 2212 510 2268 omnium
528 2225 718 2266 eorum
735 2217 818 2266 est
835 2209 987 2275 ﬁdes,
1009 2209 1213 2266 idcirco
1228 2208 1331 2264 uisi
1355 2224 1486 2279 pars
1502 2224 1603 2279 pro
1631 2216 1741 2262 toto

165 2302 467 2372 accipiatur,
497 2301 637 2356 alias
657 2309 829 2355 totum
877 2299 1220 2366 fermentari,
1247 2298 1511 2370 quidquid
1563 2314 1630 2354 ex
1660 2299 1741 2354 eis

164 2408 249 2461 est,
271 2411 380 2455 non
396 2402 553 2451 recte
574 2395 795 2449 dicitur.
821 2391 977 2449 Unde
997 2393 1215 2464 quidam
1247 2393 1352 2448 hoc
1391 2390 1736 2463 refugientes,

165 2490 249 2545 tria
272 2499 392 2547 sata
424 2488 481 2543 in
509 2486 683 2543 tribus
709 2485 965 2547 Ecclesia:
990 2485 1256 2541 fructibus
1283 2499 1577 2555 conspersa
1594 2482 1744 2539 intel-

163 2578 409 2644 lexerunt,
428 2587 487 2635 et
498 2577 927 2637 lermentaturin
939 2576 1029 2639 his
1040 2576 1216 2631 omnis
1228 2574 1742 2641 Ecclesia,doetrina

165 2670 369 2739 Christi,
402 2687 694 2745 quousque
720 2670 1067 2745 Evan’gelium
1084 2671 1138 2725 iu
1156 2672 1259 2729 hoc
1284 2679 1399 2727 toto
1418 2669 1745 2742 praedicetur

164 2765 276 2820 orbe
289 2773 763 2839 eteonspergatur
796 2766 852 2821 in
883 2765 1140 2821 cordibus
1161 2763 1420 2821 ﬁdelium.
1448 2764 1620 2820 Porro
1656 2779 1741 2821 sa-

166 2864 262 2913 tum
286 2856 457 2931 597
476 2852 650 2931 genus
679 2866 764 2913 est
801 2872 1067 2912 mensura:
1087 2855 1244 2927 juxta
1285 2870 1492 2912 morem
1527 2854 1746 2927 provin-

280 2949 595 3008 Palsestina:
625 2965 789 3004 unum
835 2957 892 3003 et
920 2947 1203 3004 dimidium
1233 2948 1457 3020 capiens
1480 2946 1738 3011 modium,

166 3054 269 3110 qua
287 3040 541 3115 profecto
571 3056 825 3098 mensura
848 3039 1118 3111 triplicata
1146 3039 1325 3095 adhuc
1345 3039 1398 3094 in
1423 3039 1596 3094 tribus
1614 3052 1747 3093 enus

168 3134 369 3191 meratis
399 3134 657 3206 personis
687 3132 850 3187 etiam
900 3146 932 3185 a
978 3130 1212 3201 quodam
1259 3129 1459 3185 eximio
1502 3129 1742 3193 doctore,

1846 1954 1954 1994 non
1996 1948 2080 1995 est
2125 1941 2227 1996 hoc
2250 1943 2392 2011 quod
2420 1942 2641 2009 dicitur,
2678 1945 2771 1998 sed
2812 1945 2953 2013 quod
2988 1945 3133 1998 intus
3163 1945 3435 2014 signiﬁca-

1847 2038 1954 2085 tur.
1992 2031 2117 2087 Ideo
2144 2050 2308 2087 unum
2351 2043 2436 2088 est
2471 2034 2522 2089 in
2557 2050 2742 2101 sensu,
2775 2051 2867 2091 seu
2908 2036 3059 2091 dicas
3094 2026 3430 2100 abscondita,

1845 2142 1938 2182 seu
1961 2128 2377 2198 propositiones,
2405 2143 2501 2184 seu
2530 2129 2817 2198 aenigmata
2848 2137 3079 2192 tantum,
3108 2137 3167 2182 ut
3188 2126 3439 2182 Christus

1846 2218 2053 2288 aperiat
2102 2234 2165 2275 os
2203 2235 2380 2285 suum,
2423 2230 2478 2276 et
2526 2216 2777 2290 loquatur
2805 2221 3131 2277 intrinsecus
3180 2221 3231 2275 in
3262 2221 3436 2295 cordo

1846 2311 2244 2382 propositiones
2268 2322 2321 2369 et
2340 2314 2650 2385 aenigmata,
2685 2329 2803 2384 qum
2831 2316 2900 2371 ab
2921 2316 3074 2371 initio
3100 2315 3287 2371 saeculi
3314 2313 3435 2379 fue-

1847 2410 1969 2456 rant
2028 2403 2340 2458 abscondita
2400 2412 2456 2458 et
2509 2406 2738 2459 obscura
2785 2404 2957 2477 valde.
3018 2404 3171 2461 Unde
3220 2405 3435 2471 divinus

1847 2508 2027 2549 sermo
2062 2494 2347 2565 'signanter
2389 2495 2504 2549 ait:
2544 2494 2805 2550 Inclinate
2843 2513 3025 2550 aurem
3076 2505 3320 2561 vestram,
3376 2498 3435 2552 in

1845 2586 1999 2639 verba
2031 2586 2138 2640 oris
2182 2586 2282 2640 mei
2306 2584 2479 2655 (Psal.
2508 2602 2710 2650 Lxxvn,
2758 2585 2833 2658 1).
2867 2586 2984 2681 Nop
3013 2587 3156 2642 enim
3184 2587 3282 2651 ait,
3321 2587 3432 2641 eri-

1846 2680 1971 2751 gite,
2009 2679 2103 2735 sed
2144 2678 2401 2734 inclinate
2430 2678 2712 2734 humiliter
2752 2693 2937 2737 aurem
2953 2672 3224 2747 "vestram,
3264 2688 3323 2734 ut
3351 2679 3461 2734 in—’

1847 2778 1934 2824 tus
1957 2768 2102 2840 quod
2151 2776 2328 2833 sonat,
2360 2782 2467 2823 non
2507 2783 2641 2825 sono
2681 2768 2853 2834 vocis,
2881 2770 2976 2825 sed
3006 2769 3191 2825 auditu
3233 2769 3432 2826 mentis

1847 2867 2247 2916 sacramentum
2275 2859 2441 2914 divini
2466 2858 2614 2914 verbi
2645 2859 2999 2931 intelligatur,
3030 2860 3177 2929 quod
3202 2861 3434 2916 abscon-

1848 2950 2019 3006 ditum
2051 2949 2152 3005 fuit
2180 2950 2248 3006 ab
2275 2950 2428 3006 initio
2465 2949 2668 3027 saeculi,
2698 2960 2752 3005 et
2781 2950 3185 3024 pmﬁguratum
3210 2952 3263 3007 in
3278 2951 3435 3025 Scri-

1846 3046 2023 3116 pturis
2046 3046 2236 3102 sacris.

1924 3138 2068 3194 Tunc
2097 3138 2327 3194 dimissis
2350 3139 2517 3195 turbis
2559 3140 2770 3195 domum
2814 3140 3105 3194 revertitur.
3132 3139 3202 3210 Ut
3227 3131 3302 3194 ibi
3341 3153 3436 3194 au-

167 3220 475 3280 fermentum
505 3237 860 3295 conspersum
886 3230 942 3277 et
966 3222 1289 3276 absconsum
1316 3235 1423 3275 non
1451 3220 1745 3291 incongrue

1854 3233 2002 3290 diant
2037 3232 2307 3303 discipuli,
2350 3250 2470 3304 qua:
2513 3248 2612 3288 nec
2636 3232 2864 3303 populus
2915 3207 3226 3291 merebatur
3258 3232 3433 3299 scire;
3512 3224 3527 3299 Ῐ

167 3311 564 3386 interpretatur,
606 3311 721 3366 Noe
756 3310 987 3376 scilicet,
1015 3317 1070 3364 et
1095 3306 1216 3374 Job,
1240 3317 1295 3364 et
1329 3308 1570 3375 Daniele,
1603 3323 1741 3378 quo-

165 3404 300 3459 niam
328 3405 387 3461 in
426 3404 515 3462 his
557 3403 732 3458 tribus
764 3400 1015 3473 personis
1061 3399 1238 3455 omnis
1267 3398 1563 3456 electorum
1611 3400 1746 3455 ordo

166 3494 491 3567 designatur.
516 3492 673 3551 Unde
696 3492 895 3549 dicitur
914 3506 1010 3561 per
1037 3488 1358 3561 prophetam
1382 3489 1598 3561 (Ezech.
1631 3504 1747 3557 xiv,

165 3583 299 3657 '20):
327 3581 390 3639 Si
407 3582 599 3638 iuerint
622 3581 738 3638 Noe
764 3588 821 3637 et
844 3579 947 3637 Job
978 3590 1140 3650 atque
1169 3579 1356 3635 Daniel
1384 3580 1438 3634 in
1467 3579 1646 3635 medio
1663 3578 1745 3634 ci-

165 3669 376 3737 vitatis,
405 3684 512 3726 non
546 3670 700 3736 ﬁlios,
728 3686 832 3726 nec
851 3670 991 3726 ﬁlias
1018 3668 1346 3736 liberabant,
1380 3670 1474 3725 sed
1504 3669 1607 3740 ipsi
1648 3669 1748 3726 soli

162 3777 255 3818 sua
275 3763 490 3835 jnstitia
527 3764 903 3823 salvabuntur.
948 3762 1053 3819 Per
1083 3757 1238 3834 quos,
1282 3772 1343 3819 ut
1388 3762 1527 3829 dixi,
1572 3763 1749 3837 omnis

162 3851 449 3911 electorum
484 3870 748 3911 numerus
781 3854 875 3909 Dei
918 3868 1243 3925 conspersus
1268 3854 1514 3911 doctrina
1547 3862 1603 3909 et
1643 3852 1749 3911 ﬁde

161 3942 497 4017 intelligitur,
527 3946 702 4002 donec
743 3948 923 4001 omnis
952 3945 1196 4003 Ecclesia
1238 3945 1441 4002 Christi
1472 3960 1645 4017 usque
1688 3947 1747 4019 in

160 4032 315 4093 ﬁnem
334 4037 521 4103 saeculi
553 4039 609 4094 in
636 4054 802 4094 unum
831 4038 1133 4112 colligatur,
1161 4040 1261 4096 sub
1288 4054 1355 4095 eo
1380 4054 1611 4095 numero
1636 4038 1745 4095 fer-

161 4136 390 4184 mentata
415 4130 479 4185 in
500 4128 609 4185 ﬁde
628 4127 868 4200 perlecta
892 4128 1197 4195 Trinitatis,
1222 4139 1276 4184 et
1304 4129 1550 4185 doctrina
1572 4128 1749 4185 sancti

159 4212 421 4291 Evangelii
470 4233 768 4290 conspersa
809 4219 864 4274 in
912 4220 1116 4274 unitate
1158 4220 1406 4291 corporis
1448 4219 1653 4276 Christi
1694 4228 1751 4275 et

156 4306 487 4376 plenitudine
530 4309 836 4365 charitatis.
887 4308 1014 4365 Huic
1065 4311 1358 4366 secundum
1389 4310 1747 4381 quorumdam

155 4396 587 4474 intelligentiam,
634 4400 810 4457 modis
838 4401 1154 4473 exposuisse
1183 4401 1432 4470 diversis,
1477 4416 1639 4458 nemo
1667 4402 1749 4457 di-

152 4507 243 4560 gne
266 4492 688 4564 reprehendere
720 4501 935 4563 potest:
967 4492 1112 4564 quod
1140 4492 1262 4549 ideo
1283 4491 1409 4560 feci,
1441 4501 1496 4548 ut
1527 4493 1745 4551 curioso

151 4578 327 4640 lectori
354 4583 768 4642 satisfacerem.
793 4584 914 4656 Ipse
946 4600 1073 4641 vero
1098 4586 1163 4641 de
1184 4586 1432 4658 pluribus
1456 4588 1598 4657 quod
1624 4587 1744 4659 pla-
1771 4568 1825 4630 Ῑ)

150 4675 313 4730 cuerit
346 4675 662 4748 prudenter
689 4674 874 4747 eligat,
924 4685 1018 4731 aut
1053 4684 1202 4732 certe
1240 4678 1357 4735 haec
1396 4677 1579 4732 omnia
1613 4693 1745 4735 sana

151 4762 247 4819 ﬁde
292 4768 429 4824 huic
479 4767 754 4840 parabolae
800 4783 906 4823 non
956 4768 1399 4826 inconvenienter
1447 4786 1746 4844 congruere

147 4856 421 4921 decernat.

210 4951 342 5009 Bito
363 4955 584 5021 omnia,
630 4954 825 5023 inquit,
856 4954 1062 5010 locutus
1104 4965 1179 5011 est
1205 4955 1361 5011 Jesus
1394 4956 1451 5011 in
1481 4957 1746 5028 parabolis

143 5043 207 5097 ad
234 5048 454 5113 turbas,
487 5055 538 5100 et
568 5047 683 5101 sine
700 5046 966 5117 parabolis
997 5064 1100 5102 non
1122 5047 1432 5119 loquebatur
1451 5049 1546 5104 eis.
1571 5049 1747 5121 Siqui-

144 5134 259 5193 km
286 5154 405 5194 non
449 5124 756 5208 discipulis,
801 5140 897 5196 sed
934 5140 1106 5211 turbis
1134 5155 1233 5212 per
1257 5140 1545 5213 parabolas
1582 5123 1751 5215 loqui-

141 5236 224 5283 tur
241 5228 536 5287 Christus.
564 5230 630 5285 Et
654 5231 797 5302 quod
827 5233 1048 5301 gravius
1073 5240 1174 5299 est,
1201 5249 1371 5306 usque
1394 5236 1556 5295 hodie
1580 5240 1750 5299 turba

143 5329 193 5374 et
219 5322 472 5397 populus
506 5320 669 5393 hujus
701 5325 959 5393 temporis
999 5325 1053 5379 in
1078 5328 1356 5397 parabolis
1389 5332 1617 5389 audiunt
1638 5334 1749 5391 sin-

138 5414 280 5483 gula,
312 5426 377 5474 et
425 5432 543 5471 non
574 5417 860 5487 requirunt
893 5428 955 5474 ut
994 5419 1323 5492 intelligant,
1369 5431 1579 5482 tantum
1608 5428 1750 5497 quod

137 5505 188 5559 in
206 5522 350 5566 sono
376 5510 541 5566 vocis
560 5510 806 5575 audiunt.
838 5509 945 5568 Sed
966 5510 1236 5583 discipuli,
1270 5515 1465 5587 inquit,
1487 5519 1615 5588 quia
1633 5520 1749 5577 veri

135 5612 259 5658 sunt
276 5603 735 5676 discipuli,domi
750 5605 1015 5662 secretius
1030 5607 1368 5679 interrogant
1383 5609 1745 5683 Salvatorem,

135 5702 185 5749 et
208 5706 387 5754 orant
430 5704 505 5761 aut
535 5697 857 5770 intelligant,
894 5698 1037 5770 quod
1064 5699 1233 5757 David
1267 5717 1455 5760 orasse
1477 5704 1704 5778 legimus
1734 5726 1746 5763 :

135 5784 407 5882 fugiam,
441 5788 642 5860 inquit,
665 5789 795 5862 quid
820 5788 1068 5864 loquatur
1091 5790 1150 5846 in
1187 5808 1269 5849 me
1295 5792 1557 5853 Dominus
1582 5799 1748 5869 Deus,

1852 3340 1955 3382 nec
1995 3325 2184 3381 audire
2231 3325 2376 3381 intus
2421 3333 2701 3395 poterant,
2748 3326 3001 3395 quoniam
3056 3324 3211 3388 turba
3262 3323 3437 3395 magis

1850 3431 2066 3486 semper
2108 3417 2163 3471 in
2192 3417 2419 3472 tumultu
2452 3417 2609 3486 hujus
2635 3416 2817 3472 saeculi
2852 3425 3124 3481 versatur,
3174 3429 3341 3486 quam
3377 3415 3432 3473 in

1848 3506 2067 3564 silentio
2095 3508 2296 3564 cordis.
2331 3506 2438 3563 Sed
2478 3521 2597 3576 quae
2626 3518 2754 3562 tunc
2781 3507 3070 3563 audierunt
3114 3516 3171 3565 et
3202 3507 3429 3588 interru-

1849 3606 2048 3670 garunt
2087 3598 2353 3670 discipuli,
2374 3598 2487 3668 jam
2530 3598 2907 3668 praevenimns,
2954 3609 3011 3653 ut
3039 3599 3159 3654 dua:
3205 3597 3366 3655 shnul
3401 3614 3433 3655 ι
3492 3592 3508 3650 ‘.

1849 3688 2069 3747 Christo
2115 3691 2373 3760 expositae
2424 3688 2691 3760 parabolae
2731 3687 3105 3759 iungerentur.
3169 3677 3445 3758 Quoniam
3491 3692 3515 3733 θ

1848 3781 2039 3851 procul
2062 3782 2225 3838 dubio
2257 3781 2609 3852 expositionis
2627 3780 2740 3837 sua:
2762 3781 3072 3851 parabolam
3114 3782 3186 3836 ita
3216 3780 3439 3838 conclu-

1851 3873 1954 3940 dit,
1984 3874 2202 3945 quando
2231 3881 2615 3946 congregatum
2649 3872 2814 3929 fuerit
2848 3873 3088 3929 triticum
3118 3873 3173 3929 in
3200 3872 3439 3941 horreis,

1852 3964 1907 4020 id
1934 3976 2018 4021 est
2044 3966 2098 4020 in
2140 3966 2516 4022 mansionibus
2561 3966 2801 4032 azternis,
2832 3976 2959 4021 tunc
2992 3966 3122 4037 justi
3163 3965 3442 4038 fulgebunt

1852 4057 1997 4113 sicut
2024 4057 2124 4123 sol,
2169 4057 2223 4113 in
2261 4059 2462 4114 virtute
2488 4074 2606 4113 sua.
2650 4057 2786 4113 Nam
2820 4073 2963 4114 nunc
2992 4066 3054 4114 ut
3090 4058 3181 4113 lux
3212 4056 3354 4114 lunae
3383 4058 3441 4113 in

1852 4157 2013 4205 nocte
2054 4149 2215 4220 hujus
2247 4150 2449 4211 saeculi,
2491 4159 2803 4206 sanctorum
2846 4149 2939 4204 lux
2980 4158 3083 4216 est,
3138 4159 3267 4206 tunc
3308 4160 3441 4206 vero

1848 4240 1992 4296 sicut
2034 4240 2126 4296 lux
2158 4241 2287 4298 solis
2317 4242 2682 4314 ampliabitur.
2714 4243 2869 4299 Unde
2910 4242 3076 4299 Isaias
3101 4244 3178 4298 ait
3203 4258 3218 4297 :
3242 4242 3311 4297 Et
3338 4243 3442 4297 erit

1850 4330 1946 4385 lux
1974 4330 2115 4387 lume
2155 4334 2289 4388 sicut
2323 4332 2417 4389 lux
2443 4334 2590 4400 solis,
2624 4345 2673 4389 et
2705 4333 2800 4390 lua:
2830 4335 2977 4399 solis,
3012 4334 3065 4390 id
3101 4344 3188 4391 est
3213 4330 3445 4399 Christi,

1852 4422 1959 4477 erit
1986 4423 2122 4477 sicut
2164 4422 2258 4478 tua:
2283 4433 2475 4494 septem
2504 4424 2709 4480 dierum
2739 4425 2874 4496 (ιτα.
2910 4443 3036 4492 sua,
3069 4426 3185 4497 ΞΘ),
3215 4427 3343 4497 quia
3383 4427 3443 4481 in

1851 4527 1916 4569 eo
1951 4514 2059 4569 erit
2091 4515 2269 4571 omnis
2311 4515 2591 4586 plenitudo
2622 4516 2888 4572 claritatis
2924 4526 3161 4581 aeternae,
3204 4526 3261 4572 et
3292 4533 3323 4571 a
3353 4532 3442 4573 se-

1850 4613 1999 4676 ptem
2027 4606 2331 4677 spiritibus,
2373 4606 2467 4676 qui
2508 4606 2562 4661 in
2591 4616 2883 4679 conspectu
2921 4609 3102 4664 throni
3137 4608 3254 4679 ejus
3290 4616 3440 4674 sunt,

1849 4695 2092 4752 omnium
2137 4696 2403 4754 donorum
2447 4697 2619 4768 gratia
2664 4698 2719 4753 in
2766 4714 2833 4755 eo
2884 4698 3110 4770 fulgebit
3155 4700 3440 4770 splendore

1849 4793 2199 4861 sempiterno.
2230 4790 2487 4861 Sequitur
2508 4809 2522 4847 :

1922 4884 2112 4943 Simile
2139 4895 2216 4941 est
2245 4902 2464 4957 regnum
2491 4885 2739 4942 culorum
2775 4888 3019 4944 thesauro
3042 4888 3345 4944 abscondito
3383 4889 3445 4944 in

1853 4980 2017 5049 agro',
2063 4984 2171 5033 etc.
2221 4974 2389 5045 Cujus
2430 4978 2687 5033 nimirum
2734 4978 3004 5049 parabolae
3048 4978 3437 5050 intelligentia,

1852 5067 2021 5124 etiam
2045 5074 2099 5123 et
2125 5067 2242 5139 ipsa
2262 5067 2491 5123 obscura
2518 5077 2622 5135 est,
2650 5069 2777 5125 dum
2798 5078 2853 5125 et
2877 5071 2988 5142 ipse
3014 5071 3302 5127 thesaurus
3315 5070 3441 5125 abs-
3507 5124 3513 5131 .

1851 5170 2049 5214 cuneus
2094 5162 2150 5211 et
2201 5156 2452 5212 inventus
2490 5158 2843 5228 praedicatur;
2897 5175 2962 5216 ac
3004 5159 3199 5216 deinde
3241 5159 3312 5215 ab
3350 5160 3442 5217 in-

1854 5254 2077 5311 ventore
2113 5258 2304 5302 rursus
2344 5247 2782 5316 reabsconditus,
2832 5259 2894 5304 ut
2934 5260 3181 5306 servetur
3217 5251 3444 5308 interim

1852 5338 2138 5395 abstrusus
2183 5347 2237 5394 et
2269 5341 2535 5407 occultus,
2568 5343 2738 5398 donec
2773 5343 2933 5399 simul
2970 5359 3093 5399 cum
3122 5345 3240 5416 ipso
3284 5334 3460 5416 agno,'

1856 5431 1912 5486 in
1953 5445 2061 5501 quo
2099 5430 2251 5497 latet,
2286 5434 2459 5502 pretio
2482 5442 2712 5488 ematur.
2743 5433 2894 5489 Unde
2920 5435 3047 5504 quid
3090 5434 3461 5517 faciampab‘

1855 5539 1955 5596 per
1979 5525 2216 5596 ingenio,
2247 5526 2517 5594 quomodo
2542 5526 2807 5595 reperiam
2836 5528 2979 5598 quod
3008 5536 3115 5583 tam
3143 5528 3445 5599 diligentis-

1856 5616 1991 5675 sime
2019 5616 2362 5672 occultatur?
2390 5616 2482 5672 Vel
2509 5620 2780 5687 quomodo
2804 5618 3083 5689 eﬁ'odiam,
3111 5623 3325 5686 etiamsi
3352 5623 3446 5680 in-

1857 5723 2077 5773 venero,
2107 5709 2251 5778 quod
2279 5717 2389 5764 tam
2428 5709 2848 5779 profundissime
2899 5716 3142 5771 celatur?
3181 5713 3337 5784 Nam,
3380 5725 3443 5776 ut

1857 5813 1998 5872 saepe
2020 5798 2226 5856 dictum
2250 5806 2356 5867 est,
2389 5802 2589 5859 veritas
2629 5803 2885 5877 perfectae
2925 5807 3315 5883 intelligentiae,
3337 5807 3463 5887 obs,
