  <div class='ocr_page' id='page_1' title='image "/cluster/home/n/w/nwhite01/storage/ocr_20150623/120/hvd.32044015466923/257.png"; bbox 0 0 4004 6362; ppageno 0'>
   <div class='ocr_carea' id='block_1_1' title="bbox 606 392 710 449">
    <p class='ocr_par' dir='ltr' id='par_1_1' title="bbox 606 392 710 449">
     <span class='ocr_line' id='line_1_1' title="bbox 606 392 710 449; baseline -0.01 0"><span class='ocrx_word' id='word_1_1' title='bbox 606 392 710 449; x_wconf 76' lang='lat'><strong>505</strong></span> 
     </span>
    </p>
   </div>
   <div class='ocr_carea' id='block_1_2' title="bbox 1440 378 3074 442">
    <p class='ocr_par' dir='ltr' id='par_1_2' title="bbox 1440 378 3074 442">
     <span class='ocr_line' id='line_1_2' title="bbox 1440 378 3074 442; baseline -0.002 0"><span class='ocrx_word' id='word_1_2' title='bbox 1440 386 1497 441; x_wconf 91' lang='lat' dir='ltr'><strong>S.</strong></span> <span class='ocrx_word' id='word_1_3' title='bbox 1531 381 1886 442; x_wconf 78' lang='lat' dir='ltr'><strong>PASCHASII</strong></span> <span class='ocrx_word' id='word_1_4' title='bbox 1923 378 2270 438; x_wconf 76' lang='lat' dir='ltr'><strong>BADBERTI</strong></span> <span class='ocrx_word' id='word_1_5' title='bbox 2305 379 2593 436; x_wconf 80' lang='lat' dir='ltr'><strong>ABBATIS</strong></span> <span class='ocrx_word' id='word_1_6' title='bbox 2631 379 3074 438; x_wconf 80' lang='lat' dir='ltr'><strong>CORBEIENSIS</strong></span> 
     </span>
    </p>
   </div>
   <div class='ocr_carea' id='block_1_3' title="bbox 3749 380 3847 436">
    <p class='ocr_par' dir='ltr' id='par_1_3' title="bbox 3749 380 3847 436">
     <span class='ocr_line' id='line_1_3' title="bbox 3749 380 3847 436; baseline 0 0"><span class='ocrx_word' id='word_1_7' title='bbox 3749 380 3847 436; x_wconf 71' lang='grc' dir='ltr'><strong>δοι</strong></span> 
     </span>
    </p>
   </div>
   <div class='ocr_carea' id='block_1_4' title="bbox 606 496 3849 576">
    <p class='ocr_par' dir='ltr' id='par_1_4' title="bbox 606 496 3849 576">
     <span class='ocr_line' id='line_1_4' title="bbox 606 496 3849 576; baseline -0.002 -15"><span class='ocrx_word' id='word_1_8' title='bbox 606 507 789 562; x_wconf 84' lang='lat' dir='ltr'><strong>voluta</strong></span> <span class='ocrx_word' id='word_1_9' title='bbox 835 503 1020 576; x_wconf 82' lang='lat' dir='ltr'><strong>figuris</strong></span> <span class='ocrx_word' id='word_1_10' title='bbox 1045 513 1100 560; x_wconf 89' lang='lat' dir='ltr'><strong>et</strong></span> <span class='ocrx_word' id='word_1_11' title='bbox 1125 501 1500 572; x_wconf 70' lang='lat' dir='ltr'><strong>mnigmatibus</strong></span> <span class='ocrx_word' id='word_1_12' title='bbox 1522 501 1809 555; x_wconf 89' lang='lat' dir='ltr'><strong>obscurata</strong></span> <span class='ocrx_word' id='word_1_13' title='bbox 1836 505 1940 553; x_wconf 87' lang='lat' dir='ltr'><strong>est.</strong></span> <span class='ocrx_word' id='word_1_14' title='bbox 1971 496 2029 552; x_wconf 87' lang='lat' dir='ltr'><strong>In</strong></span> <span class='ocrx_word' id='word_1_15' title='bbox 2059 497 2180 551; x_wconf 89' lang='lat' dir='ltr'><strong>imis</strong></span> <span class='ocrx_word' id='word_1_16' title='bbox 2205 501 2258 560; x_wconf 77' lang='grc' dir='ltr'><strong>Α</strong></span> <span class='ocrx_word' id='word_1_17' title='bbox 2280 496 2424 551; x_wconf 88' lang='lat' dir='ltr'><strong>illius</strong></span> <span class='ocrx_word' id='word_1_18' title='bbox 2445 498 2606 560; x_wconf 79' lang='lat' dir='ltr'><strong>vadit,</strong></span> <span class='ocrx_word' id='word_1_19' title='bbox 2636 506 2684 550; x_wconf 90' lang='lat' dir='ltr'><strong>et</strong></span> <span class='ocrx_word' id='word_1_20' title='bbox 2711 497 2881 551; x_wconf 80' lang='lat' dir='ltr'><strong>vendit</strong></span> <span class='ocrx_word' id='word_1_21' title='bbox 2910 498 3086 552; x_wconf 87' lang='lat' dir='ltr'><strong>omnia</strong></span> <span class='ocrx_word' id='word_1_22' title='bbox 3109 513 3227 568; x_wconf 65' lang='lat' dir='ltr'><strong>qua</strong></span> <span class='ocrx_word' id='word_1_23' title='bbox 3252 497 3424 564; x_wconf 83' lang='lat' dir='ltr'><strong>habet,</strong></span> <span class='ocrx_word' id='word_1_24' title='bbox 3454 507 3502 552; x_wconf 89' lang='lat' dir='ltr'><strong>et</strong></span> <span class='ocrx_word' id='word_1_25' title='bbox 3527 499 3650 553; x_wconf 89' lang='lat' dir='ltr'><strong>emit</strong></span> <span class='ocrx_word' id='word_1_26' title='bbox 3673 514 3849 568; x_wconf 79' lang='lat' dir='ltr'><strong>agrum</strong></span> 
     </span>
    </p>
   </div>
   <div class='ocr_carea' id='block_1_5' title="bbox 601 587 2175 669">
    <p class='ocr_par' dir='ltr' id='par_1_5' title="bbox 601 587 2175 669">
     <span class='ocr_line' id='line_1_5' title="bbox 601 587 2175 669; baseline -0.008 -16"><span class='ocrx_word' id='word_1_27' title='bbox 601 598 770 669; x_wconf 88' lang='lat' dir='ltr'><strong>jacet,</strong></span> <span class='ocrx_word' id='word_1_28' title='bbox 805 605 861 650; x_wconf 87' lang='lat' dir='ltr'><strong>et</strong></span> <span class='ocrx_word' id='word_1_29' title='bbox 901 596 1041 659; x_wconf 92' lang='lat' dir='ltr'><strong>ideo,</strong></span> <span class='ocrx_word' id='word_1_30' title='bbox 1085 593 1210 649; x_wconf 90' lang='lat' dir='ltr'><strong>licet</strong></span> <span class='ocrx_word' id='word_1_31' title='bbox 1250 593 1445 647; x_wconf 75' lang='lat' dir='ltr'><strong>eximia</strong></span> <span class='ocrx_word' id='word_1_32' title='bbox 1479 591 1549 645; x_wconf 92' lang='lat' dir='ltr'><strong>sit</strong></span> <span class='ocrx_word' id='word_1_33' title='bbox 1594 589 1790 654; x_wconf 88' lang='lat' dir='ltr'><strong>oratio,</strong></span> <span class='ocrx_word' id='word_1_34' title='bbox 1834 598 1890 644; x_wconf 88' lang='lat' dir='ltr'><strong>et</strong></span> <span class='ocrx_word' id='word_1_35' title='bbox 1927 587 2175 643; x_wconf 74' lang='lat' dir='ltr'><strong>facundia</strong></span> 
     </span>
    </p>
   </div>
   <div class='ocr_carea' id='block_1_6' title="bbox 609 680 2178 757">
    <p class='ocr_par' dir='ltr' id='par_1_6' title="bbox 609 680 2178 757">
     <span class='ocr_line' id='line_1_6' title="bbox 609 680 2178 757; baseline -0.007 -12"><span class='ocrx_word' id='word_1_36' title='bbox 609 688 874 752; x_wconf 82' lang='lat' dir='ltr'><strong>sublimis,</strong></span> <span class='ocrx_word' id='word_1_37' title='bbox 903 685 1236 757; x_wconf 88' lang='lat' dir='ltr'><strong>imploranda</strong></span> <span class='ocrx_word' id='word_1_38' title='bbox 1265 692 1349 737; x_wconf 90' lang='lat' dir='ltr'><strong>est</strong></span> <span class='ocrx_word' id='word_1_39' title='bbox 1374 683 1551 736; x_wconf 91' lang='lat' dir='ltr'><strong>divina</strong></span> <span class='ocrx_word' id='word_1_40' title='bbox 1585 682 1777 752; x_wconf 90' lang='lat' dir='ltr'><strong>pietas,</strong></span> <span class='ocrx_word' id='word_1_41' title='bbox 1813 687 1872 734; x_wconf 92' lang='lat' dir='ltr'><strong>ut</strong></span> <span class='ocrx_word' id='word_1_42' title='bbox 1894 695 1960 735; x_wconf 92' lang='lat' dir='ltr'><strong>eo</strong></span> <span class='ocrx_word' id='word_1_43' title='bbox 1985 680 2178 749; x_wconf 89' lang='lat' dir='ltr'><strong>spiritu</strong></span> 
     </span>
    </p>
   </div>
   <div class='ocr_carea' id='block_1_7' title="bbox 608 773 2179 848">
    <p class='ocr_par' dir='ltr' id='par_1_7' title="bbox 608 773 2179 848">
     <span class='ocr_line' id='line_1_7' title="bbox 608 773 2179 848; baseline -0.006 -12"><span class='ocrx_word' id='word_1_44' title='bbox 608 782 942 836; x_wconf 86' lang='lat' dir='ltr'><strong>disserantur</strong></span> <span class='ocrx_word' id='word_1_45' title='bbox 970 777 1133 848; x_wconf 80' lang='lat'><strong>599</strong></span> <span class='ocrx_word' id='word_1_46' title='bbox 1159 774 1423 846; x_wconf 73' lang='lat' dir='ltr'><strong>parabolae</strong></span> <span class='ocrx_word' id='word_1_47' title='bbox 1458 775 1592 837; x_wconf 68' lang='lat' dir='ltr'><strong>istae,</strong></span> <span class='ocrx_word' id='word_1_48' title='bbox 1629 789 1736 843; x_wconf 93' lang='lat' dir='ltr'><strong>quo</strong></span> <span class='ocrx_word' id='word_1_49' title='bbox 1764 773 2016 828; x_wconf 91' lang='lat' dir='ltr'><strong>videntur</strong></span> <span class='ocrx_word' id='word_1_50' title='bbox 2058 787 2179 827; x_wconf 85' lang='lat' dir='ltr'><strong>esse</strong></span> 
     </span>
    </p>
   </div>
   <div class='ocr_carea' id='block_1_8' title="bbox 606 863 2179 941">
    <p class='ocr_par' dir='ltr' id='par_1_8' title="bbox 606 863 2179 941">
     <span class='ocr_line' id='line_1_8' title="bbox 606 863 2179 941; baseline -0.007 -13"><span class='ocrx_word' id='word_1_51' title='bbox 606 871 936 941; x_wconf 67' lang='lat' dir='ltr'><strong>compositze.</strong></span> <span class='ocrx_word' id='word_1_52' title='bbox 965 869 1324 936; x_wconf 85' lang='lat' dir='ltr'><strong>Quoniam,ut</strong></span> <span class='ocrx_word' id='word_1_53' title='bbox 1349 865 1543 929; x_wconf 77' lang='lat' dir='ltr'><strong>sentio,</strong></span> <span class='ocrx_word' id='word_1_54' title='bbox 1572 865 1626 919; x_wconf 95' lang='lat' dir='ltr'><strong>in</strong></span> <span class='ocrx_word' id='word_1_55' title='bbox 1663 865 1764 918; x_wconf 88' lang='lat' dir='ltr'><strong>hac</strong></span> <span class='ocrx_word' id='word_1_56' title='bbox 1785 863 2033 934; x_wconf 81' lang='lat' dir='ltr'><strong>praesenti</strong></span> <span class='ocrx_word' id='word_1_57' title='bbox 2064 878 2179 918; x_wconf 84' lang='lat' dir='ltr'><strong>om-</strong></span> 
     </span>
    </p>
   </div>
   <div class='ocr_carea' id='block_1_9' title="bbox 605 955 2180 1035">
    <p class='ocr_par' dir='ltr' id='par_1_9' title="bbox 605 955 2180 1035">
     <span class='ocr_line' id='line_1_9' title="bbox 605 955 2180 1035; baseline -0.007 -16"><span class='ocrx_word' id='word_1_58' title='bbox 605 980 703 1019; x_wconf 85' lang='lat' dir='ltr'><strong>nes</strong></span> <span class='ocrx_word' id='word_1_59' title='bbox 730 964 840 1035; x_wconf 84' lang='lat' dir='ltr'><strong>spei</strong></span> <span class='ocrx_word' id='word_1_60' title='bbox 870 970 1069 1018; x_wconf 77' lang='lat' dir='ltr'><strong>nostrae</strong></span> <span class='ocrx_word' id='word_1_61' title='bbox 1097 974 1226 1031; x_wconf 86' lang='lat' dir='ltr'><strong>opes</strong></span> <span class='ocrx_word' id='word_1_62' title='bbox 1252 967 1307 1013; x_wconf 91' lang='lat' dir='ltr'><strong>et</strong></span> <span class='ocrx_word' id='word_1_63' title='bbox 1332 957 1532 1012; x_wconf 76' lang='lat' dir='ltr'><strong>divitia:</strong></span> <span class='ocrx_word' id='word_1_64' title='bbox 1556 956 1807 1011; x_wconf 86' lang='lat' dir='ltr'><strong>videntur</strong></span> <span class='ocrx_word' id='word_1_65' title='bbox 1833 955 2097 1011; x_wconf 71' lang='lat' dir='ltr'><strong>obvoluta:</strong></span> <span class='ocrx_word' id='word_1_66' title='bbox 2125 963 2180 1010; x_wconf 88' lang='lat' dir='ltr'><strong>et</strong></span> 
     </span>
    </p>
   </div>
   <div class='ocr_carea' id='block_1_10' title="bbox 605 1046 2175 1117">
    <p class='ocr_par' dir='ltr' id='par_1_10' title="bbox 605 1046 2175 1117">
     <span class='ocr_line' id='line_1_10' title="bbox 605 1046 2175 1117; baseline -0.006 -9"><span class='ocrx_word' id='word_1_67' title='bbox 605 1057 882 1109; x_wconf 70' lang='lat' dir='ltr'><strong>ahsconsze</strong></span> <span class='ocrx_word' id='word_1_68' title='bbox 927 1053 1090 1117; x_wconf 88' lang='lat' dir='ltr'><strong>satis;</strong></span> <span class='ocrx_word' id='word_1_69' title='bbox 1126 1050 1212 1106; x_wconf 92' lang='lat' dir='ltr'><strong>cui</strong></span> <span class='ocrx_word' id='word_1_70' title='bbox 1245 1048 1539 1109; x_wconf 81' lang='lat' dir='ltr'><strong>&#39;thesauro,</strong></span> <span class='ocrx_word' id='word_1_71' title='bbox 1587 1046 1711 1116; x_wconf 87' lang='lat' dir='ltr'><strong>quia</strong></span> <span class='ocrx_word' id='word_1_72' title='bbox 1762 1047 1815 1100; x_wconf 93' lang='lat' dir='ltr'><strong>in</strong></span> <span class='ocrx_word' id='word_1_73' title='bbox 1857 1061 1986 1115; x_wconf 91' lang='lat' dir='ltr'><strong>agro</strong></span> <span class='ocrx_word' id='word_1_74' title='bbox 2025 1046 2175 1111; x_wconf 91' lang='lat' dir='ltr'><strong>latet,</strong></span> 
     </span>
    </p>
   </div>
   <div class='ocr_carea' id='block_1_11' title="bbox 606 1134 2179 1211">
    <p class='ocr_par' dir='ltr' id='par_1_11' title="bbox 606 1134 2179 1211">
     <span class='ocr_line' id='line_1_11' title="bbox 606 1134 2179 1211; baseline -0.006 -14"><span class='ocrx_word' id='word_1_75' title='bbox 606 1159 828 1211; x_wconf 81' lang='lat' dir='ltr'><strong>regnum</strong></span> <span class='ocrx_word' id='word_1_76' title='bbox 867 1141 1124 1197; x_wconf 78' lang='lat' dir='ltr'><strong>ccelorum</strong></span> <span class='ocrx_word' id='word_1_77' title='bbox 1167 1139 1424 1192; x_wconf 90' lang='lat' dir='ltr'><strong>divinitus</strong></span> <span class='ocrx_word' id='word_1_78' title='bbox 1462 1145 1826 1206; x_wconf 84' lang='lat' dir='ltr'><strong>comparatur.</strong></span> <span class='ocrx_word' id='word_1_79' title='bbox 1857 1134 1957 1189; x_wconf 88' lang='lat' dir='ltr'><strong>Ubi</strong></span> <span class='ocrx_word' id='word_1_80' title='bbox 2007 1134 2179 1188; x_wconf 88' lang='lat' dir='ltr'><strong>mani-</strong></span> 
     </span>
    </p>
   </div>
   <div class='ocr_carea' id='block_1_12' title="bbox 605 1225 2181 1302">
    <p class='ocr_par' dir='ltr' id='par_1_12' title="bbox 605 1225 2181 1302">
     <span class='ocr_line' id='line_1_12' title="bbox 605 1225 2181 1302; baseline -0.005 -14"><span class='ocrx_word' id='word_1_81' title='bbox 605 1235 739 1290; x_wconf 83' lang='lat' dir='ltr'><strong>feste</strong></span> <span class='ocrx_word' id='word_1_82' title='bbox 768 1232 1003 1289; x_wconf 88' lang='lat' dir='ltr'><strong>ostendit</strong></span> <span class='ocrx_word' id='word_1_83' title='bbox 1033 1231 1157 1302; x_wconf 83' lang='lat' dir='ltr'><strong>quia</strong></span> <span class='ocrx_word' id='word_1_84' title='bbox 1200 1230 1253 1284; x_wconf 90' lang='lat' dir='ltr'><strong>in</strong></span> <span class='ocrx_word' id='word_1_85' title='bbox 1289 1229 1506 1283; x_wconf 91' lang='lat' dir='ltr'><strong>homine</strong></span> <span class='ocrx_word' id='word_1_86' title='bbox 1547 1226 1784 1290; x_wconf 88' lang='lat' dir='ltr'><strong>Christo,</strong></span> <span class='ocrx_word' id='word_1_87' title='bbox 1816 1225 1957 1279; x_wconf 89' lang='lat' dir='ltr'><strong>Deus</strong></span> <span class='ocrx_word' id='word_1_88' title='bbox 1985 1233 2069 1280; x_wconf 91' lang='lat' dir='ltr'><strong>est</strong></span> <span class='ocrx_word' id='word_1_89' title='bbox 2101 1239 2181 1280; x_wconf 86' lang='lat' dir='ltr'><strong>re-</strong></span> 
     </span>
    </p>
   </div>
   <div class='ocr_carea' id='block_1_13' title="bbox 603 1316 2178 1396">
    <p class='ocr_par' dir='ltr' id='par_1_13' title="bbox 603 1316 2178 1396">
     <span class='ocr_line' id='line_1_13' title="bbox 603 1316 2178 1396; baseline -0.004 -17"><span class='ocrx_word' id='word_1_90' title='bbox 603 1335 808 1396; x_wconf 89' lang='lat' dir='ltr'><strong>pertus,</strong></span> <span class='ocrx_word' id='word_1_91' title='bbox 851 1338 958 1378; x_wconf 90' lang='lat' dir='ltr'><strong>non</strong></span> <span class='ocrx_word' id='word_1_92' title='bbox 994 1329 1177 1377; x_wconf 83' lang='lat' dir='ltr'><strong>nostra</strong></span> <span class='ocrx_word' id='word_1_93' title='bbox 1214 1321 1462 1374; x_wconf 90' lang='lat' dir='ltr'><strong>inventus</strong></span> <span class='ocrx_word' id='word_1_94' title='bbox 1493 1317 1702 1388; x_wconf 88' lang='lat' dir='ltr'><strong>peritia,</strong></span> <span class='ocrx_word' id='word_1_95' title='bbox 1734 1316 1828 1371; x_wconf 89' lang='lat' dir='ltr'><strong>sed</strong></span> <span class='ocrx_word' id='word_1_96' title='bbox 1867 1332 1930 1371; x_wconf 84' lang='lat' dir='ltr'><strong>ex</strong></span> <span class='ocrx_word' id='word_1_97' title='bbox 1966 1332 2062 1370; x_wconf 86' lang='lat' dir='ltr'><strong>sua</strong></span> <span class='ocrx_word' id='word_1_98' title='bbox 2091 1317 2178 1372; x_wconf 87' lang='lat' dir='ltr'><strong>de-</strong></span> 
     </span>
    </p>
   </div>
   <div class='ocr_carea' id='block_1_14' title="bbox 604 1408 2176 1483">
    <p class='ocr_par' dir='ltr' id='par_1_14' title="bbox 604 1408 2176 1483">
     <span class='ocr_line' id='line_1_14' title="bbox 604 1408 2176 1483; baseline -0.007 -11"><span class='ocrx_word' id='word_1_99' title='bbox 604 1424 935 1472; x_wconf 87' lang='lat' dir='ltr'><strong>monstratus</strong></span> <span class='ocrx_word' id='word_1_100' title='bbox 973 1414 1162 1483; x_wconf 86' lang='lat' dir='ltr'><strong>gratia.</strong></span> <span class='ocrx_word' id='word_1_101' title='bbox 1218 1410 1287 1466; x_wconf 86' lang='lat' dir='ltr'><strong>In</strong></span> <span class='ocrx_word' id='word_1_102' title='bbox 1322 1427 1446 1480; x_wconf 89' lang='lat' dir='ltr'><strong>quo,</strong></span> <span class='ocrx_word' id='word_1_103' title='bbox 1479 1408 1629 1478; x_wconf 83' lang='lat' dir='ltr'><strong>juxta</strong></span> <span class='ocrx_word' id='word_1_104' title='bbox 1677 1408 2014 1478; x_wconf 81' lang='lat' dir='ltr'><strong>Apostolum,</strong></span> <span class='ocrx_word' id='word_1_105' title='bbox 2055 1418 2176 1462; x_wconf 84' lang='lat' dir='ltr'><strong>sunt</strong></span> 
     </span>
    </p>
   </div>
   <div class='ocr_carea' id='block_1_15' title="bbox 605 1497 2173 1574">
    <p class='ocr_par' dir='ltr' id='par_1_15' title="bbox 605 1497 2173 1574">
     <span class='ocr_line' id='line_1_15' title="bbox 605 1497 2173 1574; baseline -0.005 -14"><span class='ocrx_word' id='word_1_106' title='bbox 605 1518 780 1560; x_wconf 84' lang='lat' dir='ltr'><strong>omnes</strong></span> <span class='ocrx_word' id='word_1_107' title='bbox 809 1504 1038 1560; x_wconf 74' lang='lat' dir='ltr'><strong>thesauri</strong></span> <span class='ocrx_word' id='word_1_108' title='bbox 1084 1502 1348 1574; x_wconf 67' lang='lat' dir='ltr'><strong>sapientiae</strong></span> <span class='ocrx_word' id='word_1_109' title='bbox 1397 1510 1550 1572; x_wconf 87' lang='lat' dir='ltr'><strong>atque</strong></span> <span class='ocrx_word' id='word_1_110' title='bbox 1596 1499 1826 1554; x_wconf 76' lang='lat' dir='ltr'><strong>scientia:</strong></span> <span class='ocrx_word' id='word_1_111' title='bbox 1866 1497 2063 1570; x_wconf 87' lang='lat' dir='ltr'><strong>(Colos.</strong></span> <span class='ocrx_word' id='word_1_112' title='bbox 2111 1515 2173 1564; x_wconf 83' lang='grc' dir='ltr'><strong>ιι,</strong></span> 
     </span>
    </p>
   </div>
   <div class='ocr_carea' id='block_1_16' title="bbox 603 1590 2174 1668">
    <p class='ocr_par' dir='ltr' id='par_1_16' title="bbox 603 1590 2174 1668">
     <span class='ocr_line' id='line_1_16' title="bbox 603 1590 2174 1668; baseline -0.005 -17"><span class='ocrx_word' id='word_1_113' title='bbox 603 1598 683 1667; x_wconf 81' lang='lat'><strong>&#39;5),</strong></span> <span class='ocrx_word' id='word_1_114' title='bbox 726 1598 818 1653; x_wconf 90' lang='lat' dir='ltr'><strong>sed</strong></span> <span class='ocrx_word' id='word_1_115' title='bbox 844 1597 897 1652; x_wconf 93' lang='lat' dir='ltr'><strong>in</strong></span> <span class='ocrx_word' id='word_1_116' title='bbox 933 1611 1064 1668; x_wconf 89' lang='lat' dir='ltr'><strong>agro</strong></span> <span class='ocrx_word' id='word_1_117' title='bbox 1102 1594 1301 1651; x_wconf 90' lang='lat' dir='ltr'><strong>carnis.</strong></span> <span class='ocrx_word' id='word_1_118' title='bbox 1343 1591 1494 1659; x_wconf 85' lang='lat' dir='ltr'><strong>Quod</strong></span> <span class='ocrx_word' id='word_1_119' title='bbox 1544 1591 1587 1645; x_wconf 83' lang='lat' dir='ltr'><strong>si</strong></span> <span class='ocrx_word' id='word_1_120' title='bbox 1619 1591 1842 1646; x_wconf 81' lang='lat' dir='ltr'><strong>voluero</strong></span> <span class='ocrx_word' id='word_1_121' title='bbox 1880 1590 2174 1645; x_wconf 88' lang='lat' dir='ltr'><strong>secundum</strong></span> 
     </span>
    </p>
   </div>
   <div class='ocr_carea' id='block_1_17' title="bbox 604 1683 2173 1757">
    <p class='ocr_par' dir='ltr' id='par_1_17' title="bbox 604 1683 2173 1757">
     <span class='ocr_line' id='line_1_17' title="bbox 604 1683 2173 1757; baseline -0.005 -13"><span class='ocrx_word' id='word_1_122' title='bbox 604 1690 738 1744; x_wconf 90' lang='lat' dir='ltr'><strong>alios</strong></span> <span class='ocrx_word' id='word_1_123' title='bbox 775 1704 985 1757; x_wconf 80' lang='lat' dir='ltr'><strong>agrum,</strong></span> <span class='ocrx_word' id='word_1_124' title='bbox 1017 1687 1294 1743; x_wconf 86' lang='lat' dir='ltr'><strong>scientiam</strong></span> <span class='ocrx_word' id='word_1_125' title='bbox 1331 1685 1454 1739; x_wconf 86' lang='lat' dir='ltr'><strong>fidei</strong></span> <span class='ocrx_word' id='word_1_126' title='bbox 1486 1683 1751 1753; x_wconf 91' lang='lat' dir='ltr'><strong>accipere,</strong></span> <span class='ocrx_word' id='word_1_127' title='bbox 1778 1690 1834 1736; x_wconf 91' lang='lat' dir='ltr'><strong>et</strong></span> <span class='ocrx_word' id='word_1_128' title='bbox 1863 1683 2173 1737; x_wconf 87' lang='lat' dir='ltr'><strong>thesaurum</strong></span> 
     </span>
    </p>
   </div>
   <div class='ocr_carea' id='block_1_18' title="bbox 604 1775 2173 1852">
    <p class='ocr_par' dir='ltr' id='par_1_18' title="bbox 604 1775 2173 1852">
     <span class='ocr_line' id='line_1_18' title="bbox 604 1775 2173 1852; baseline -0.005 -16"><span class='ocrx_word' id='word_1_129' title='bbox 604 1782 772 1852; x_wconf 90' lang='lat' dir='ltr'><strong>ipsam</strong></span> <span class='ocrx_word' id='word_1_130' title='bbox 815 1780 996 1846; x_wconf 89' lang='lat' dir='ltr'><strong>fidem,</strong></span> <span class='ocrx_word' id='word_1_131' title='bbox 1022 1779 1233 1834; x_wconf 91' lang='lat' dir='ltr'><strong>videtur</strong></span> <span class='ocrx_word' id='word_1_132' title='bbox 1271 1777 1338 1832; x_wconf 90' lang='lat' dir='ltr'><strong>de</strong></span> <span class='ocrx_word' id='word_1_133' title='bbox 1379 1785 1540 1831; x_wconf 68' lang='lat' dir='ltr'><strong>tantte</strong></span> <span class='ocrx_word' id='word_1_134' title='bbox 1585 1775 1927 1830; x_wconf 88' lang='lat' dir='ltr'><strong>sublimitatis</strong></span> <span class='ocrx_word' id='word_1_135' title='bbox 1978 1775 2173 1830; x_wconf 61' lang='lat' dir='ltr'><strong>intem-</strong></span> 
     </span>
    </p>
   </div>
   <div class='ocr_carea' id='block_1_19' title="bbox 2276 587 3852 660">
    <p class='ocr_par' dir='ltr' id='par_1_19' title="bbox 2276 587 3852 660">
     <span class='ocr_line' id='line_1_19' title="bbox 2276 587 3852 660; baseline 0.005 -20"><span class='ocrx_word' id='word_1_136' title='bbox 2276 587 2448 642; x_wconf 86' lang='lat' dir='ltr'><strong>illum.</strong></span> <span class='ocrx_word' id='word_1_137' title='bbox 2479 589 2632 655; x_wconf 84' lang='lat' dir='ltr'><strong>Quod</strong></span> <span class='ocrx_word' id='word_1_138' title='bbox 2657 597 2840 644; x_wconf 89' lang='lat' dir='ltr'><strong>autem</strong></span> <span class='ocrx_word' id='word_1_139' title='bbox 2867 589 2965 655; x_wconf 86' lang='lat' dir='ltr'><strong>ait,</strong></span> <span class='ocrx_word' id='word_1_140' title='bbox 2995 590 3125 660; x_wconf 87' lang='lat' dir='ltr'><strong>quia</strong></span> <span class='ocrx_word' id='word_1_141' title='bbox 3155 590 3436 646; x_wconf 85' lang='lat' dir='ltr'><strong>abscondit</strong></span> <span class='ocrx_word' id='word_1_142' title='bbox 3472 605 3620 656; x_wconf 90' lang='lat' dir='ltr'><strong>eum,</strong></span> <span class='ocrx_word' id='word_1_143' title='bbox 3653 605 3757 645; x_wconf 91' lang='lat' dir='ltr'><strong>non</strong></span> <span class='ocrx_word' id='word_1_144' title='bbox 3788 591 3852 648; x_wconf 80' lang='lat' dir='ltr'><strong>de</strong></span> 
     </span>
    </p>
   </div>
   <div class='ocr_carea' id='block_1_20' title="bbox 2279 678 3854 746">
    <p class='ocr_par' dir='ltr' id='par_1_20' title="bbox 2279 678 3854 746">
     <span class='ocr_line' id='line_1_20' title="bbox 2279 678 3854 746; baseline 0.001 -12"><span class='ocrx_word' id='word_1_145' title='bbox 2279 679 2478 734; x_wconf 84' lang='lat' dir='ltr'><strong>invidia</strong></span> <span class='ocrx_word' id='word_1_146' title='bbox 2515 679 2618 735; x_wconf 92' lang='lat' dir='ltr'><strong>hoc</strong></span> <span class='ocrx_word' id='word_1_147' title='bbox 2665 678 2817 745; x_wconf 82' lang='lat' dir='ltr'><strong>facit,</strong></span> <span class='ocrx_word' id='word_1_148' title='bbox 2848 679 2943 734; x_wconf 91' lang='lat' dir='ltr'><strong>sed</strong></span> <span class='ocrx_word' id='word_1_149' title='bbox 2987 680 3182 735; x_wconf 88' lang='lat' dir='ltr'><strong>timore</strong></span> <span class='ocrx_word' id='word_1_150' title='bbox 3207 688 3376 746; x_wconf 86' lang='lat' dir='ltr'><strong>casto,</strong></span> <span class='ocrx_word' id='word_1_151' title='bbox 3416 679 3605 737; x_wconf 90' lang='lat' dir='ltr'><strong>volens</strong></span> <span class='ocrx_word' id='word_1_152' title='bbox 3646 694 3854 737; x_wconf 88' lang='lat' dir='ltr'><strong>servare</strong></span> 
     </span>
    </p>
   </div>
   <div class='ocr_carea' id='block_1_21' title="bbox 2279 770 3854 842">
    <p class='ocr_par' dir='ltr' id='par_1_21' title="bbox 2279 770 3854 842">
     <span class='ocr_line' id='line_1_21' title="bbox 2279 770 3854 842; baseline 0.001 -15"><span class='ocrx_word' id='word_1_153' title='bbox 2279 785 2401 827; x_wconf 89' lang='lat' dir='ltr'><strong>eum</strong></span> <span class='ocrx_word' id='word_1_154' title='bbox 2439 779 2494 826; x_wconf 89' lang='lat' dir='ltr'><strong>et</strong></span> <span class='ocrx_word' id='word_1_155' title='bbox 2523 786 2630 826; x_wconf 92' lang='lat' dir='ltr'><strong>non</strong></span> <span class='ocrx_word' id='word_1_156' title='bbox 2667 771 2918 842; x_wconf 85' lang='lat' dir='ltr'><strong>perdere.</strong></span> <span class='ocrx_word' id='word_1_157' title='bbox 2965 770 3090 827; x_wconf 79' lang='lat' dir='ltr'><strong>ideo</strong></span> <span class='ocrx_word' id='word_1_158' title='bbox 3133 771 3413 827; x_wconf 87' lang='lat' dir='ltr'><strong>abscondit</strong></span> <span class='ocrx_word' id='word_1_159' title='bbox 3441 787 3565 827; x_wconf 89' lang='lat' dir='ltr'><strong>eum</strong></span> <span class='ocrx_word' id='word_1_160' title='bbox 3605 773 3660 827; x_wconf 92' lang='lat' dir='ltr'><strong>in</strong></span> <span class='ocrx_word' id='word_1_161' title='bbox 3701 772 3854 829; x_wconf 86' lang='lat' dir='ltr'><strong>corde</strong></span> 
     </span>
    </p>
   </div>
   <div class='ocr_carea' id='block_1_22' title="bbox 2280 862 3854 934">
    <p class='ocr_par' dir='ltr' id='par_1_22' title="bbox 2280 862 3854 934">
     <span class='ocr_line' id='line_1_22' title="bbox 2280 862 3854 934; baseline -0.001 -15"><span class='ocrx_word' id='word_1_162' title='bbox 2280 878 2379 919; x_wconf 90' lang='lat' dir='ltr'><strong>suo</strong></span> <span class='ocrx_word' id='word_1_163' title='bbox 2402 879 2563 934; x_wconf 90' lang='lat' dir='ltr'><strong>quem</strong></span> <span class='ocrx_word' id='word_1_164' title='bbox 2599 864 2852 920; x_wconf 91' lang='lat' dir='ltr'><strong>omnibus</strong></span> <span class='ocrx_word' id='word_1_165' title='bbox 2877 863 3159 934; x_wconf 63' lang='lat' dir='ltr'><strong>praesentis</strong></span> <span class='ocrx_word' id='word_1_166' title='bbox 3187 865 3312 918; x_wconf 83' lang='lat' dir='ltr'><strong>vitae</strong></span> <span class='ocrx_word' id='word_1_167' title='bbox 3335 863 3570 933; x_wconf 65' lang='lat' dir='ltr'><strong>praetulit</strong></span> <span class='ocrx_word' id='word_1_168' title='bbox 3596 862 3854 919; x_wconf 79' lang='lat' dir='ltr'><strong>facultati-</strong></span> 
     </span>
    </p>
   </div>
   <div class='ocr_carea' id='block_1_23' title="bbox 2280 953 3854 1026">
    <p class='ocr_par' dir='ltr' id='par_1_23' title="bbox 2280 953 3854 1026">
     <span class='ocr_line' id='line_1_23' title="bbox 2280 953 3854 1026; baseline 0.002 -18"><span class='ocrx_word' id='word_1_169' title='bbox 2280 953 2401 1019; x_wconf 91' lang='lat' dir='ltr'><strong>bus,</strong></span> <span class='ocrx_word' id='word_1_170' title='bbox 2429 954 2484 1009; x_wconf 89' lang='lat' dir='ltr'><strong>in</strong></span> <span class='ocrx_word' id='word_1_171' title='bbox 2509 963 2717 1010; x_wconf 90' lang='lat' dir='ltr'><strong>tantum</strong></span> <span class='ocrx_word' id='word_1_172' title='bbox 2745 963 2805 1010; x_wconf 92' lang='lat' dir='ltr'><strong>ut</strong></span> <span class='ocrx_word' id='word_1_173' title='bbox 2831 970 2945 1025; x_wconf 77' lang='lat' dir='ltr'><strong>prze</strong></span> <span class='ocrx_word' id='word_1_174' title='bbox 2971 956 3167 1026; x_wconf 90' lang='lat' dir='ltr'><strong>gaudio</strong></span> <span class='ocrx_word' id='word_1_175' title='bbox 3199 955 3341 1011; x_wconf 88' lang='lat' dir='ltr'><strong>illius</strong></span> <span class='ocrx_word' id='word_1_176' title='bbox 3365 955 3588 1026; x_wconf 78' lang='lat' dir='ltr'><strong>elegerit</strong></span> <span class='ocrx_word' id='word_1_177' title='bbox 3611 955 3854 1011; x_wconf 84' lang='lat' dir='ltr'><strong>universa</strong></span> 
     </span>
    </p>
   </div>
   <div class='ocr_carea' id='block_1_24' title="bbox 2281 1044 3852 1116">
    <p class='ocr_par' dir='ltr' id='par_1_24' title="bbox 2281 1044 3852 1116">
     <span class='ocr_line' id='line_1_24' title="bbox 2281 1044 3852 1116; baseline 0.002 -18"><span class='ocrx_word' id='word_1_178' title='bbox 2281 1044 2603 1109; x_wconf 81' lang='lat' dir='ltr'><strong>distrahere.</strong></span> <span class='ocrx_word' id='word_1_179' title='bbox 2652 1052 2707 1098; x_wconf 91' lang='lat' dir='ltr'><strong>et</strong></span> <span class='ocrx_word' id='word_1_180' title='bbox 2751 1059 2940 1114; x_wconf 81' lang='lat' dir='ltr'><strong>agrum</strong></span> <span class='ocrx_word' id='word_1_181' title='bbox 2981 1045 3186 1100; x_wconf 89' lang='lat' dir='ltr'><strong>scilicet</strong></span> <span class='ocrx_word' id='word_1_182' title='bbox 3231 1061 3448 1102; x_wconf 90' lang='lat' dir='ltr'><strong>carnem</strong></span> <span class='ocrx_word' id='word_1_183' title='bbox 3479 1045 3702 1112; x_wconf 89' lang='lat' dir='ltr'><strong>Christi,</strong></span> <span class='ocrx_word' id='word_1_184' title='bbox 3731 1046 3852 1116; x_wconf 85' lang='lat' dir='ltr'><strong>quia</strong></span> 
     </span>
    </p>
   </div>
   <div class='ocr_carea' id='block_1_25' title="bbox 2279 1133 3851 1204">
    <p class='ocr_par' dir='ltr' id='par_1_25' title="bbox 2279 1133 3851 1204">
     <span class='ocr_line' id='line_1_25' title="bbox 2279 1133 3851 1204; baseline 0.003 -18"><span class='ocrx_word' id='word_1_185' title='bbox 2279 1133 2333 1186; x_wconf 86' lang='lat' dir='ltr'><strong>in</strong></span> <span class='ocrx_word' id='word_1_186' title='bbox 2355 1133 2464 1201; x_wconf 90' lang='lat' dir='ltr'><strong>ipso</strong></span> <span class='ocrx_word' id='word_1_187' title='bbox 2484 1141 2560 1187; x_wconf 90' lang='lat' dir='ltr'><strong>est</strong></span> <span class='ocrx_word' id='word_1_188' title='bbox 2585 1135 2752 1188; x_wconf 88' lang='lat' dir='ltr'><strong>omnis</strong></span> <span class='ocrx_word' id='word_1_189' title='bbox 2774 1134 3064 1204; x_wconf 79' lang='lat' dir='ltr'><strong>plenitudo,</strong></span> <span class='ocrx_word' id='word_1_190' title='bbox 3097 1145 3155 1190; x_wconf 94' lang='lat' dir='ltr'><strong>ut</strong></span> <span class='ocrx_word' id='word_1_191' title='bbox 3182 1135 3314 1201; x_wconf 90' lang='lat' dir='ltr'><strong>dixi,</strong></span> <span class='ocrx_word' id='word_1_192' title='bbox 3337 1137 3629 1191; x_wconf 78' lang='lat' dir='ltr'><strong>divinitatis</strong></span> <span class='ocrx_word' id='word_1_193' title='bbox 3658 1135 3851 1204; x_wconf 85' lang='lat' dir='ltr'><strong>(Calas.</strong></span> 
     </span>
    </p>
   </div>
   <div class='ocr_carea' id='block_1_26' title="bbox 2278 1223 3854 1296">
    <p class='ocr_par' dir='ltr' id='par_1_26' title="bbox 2278 1223 3854 1296">
     <span class='ocr_line' id='line_1_26' title="bbox 2278 1223 3854 1296; baseline 0.003 -18"><span class='ocrx_word' id='word_1_194' title='bbox 2278 1238 2320 1289; x_wconf 85' lang='grc' dir='ltr'><strong>ι,</strong></span> <span class='ocrx_word' id='word_1_195' title='bbox 2348 1223 2427 1295; x_wconf 87' lang='grc'><strong>9),</strong></span> <span class='ocrx_word' id='word_1_196' title='bbox 2455 1239 2521 1278; x_wconf 91' lang='lat' dir='ltr'><strong>ex</strong></span> <span class='ocrx_word' id='word_1_197' title='bbox 2554 1224 2768 1295; x_wconf 85' lang='lat' dir='ltr'><strong>integro</strong></span> <span class='ocrx_word' id='word_1_198' title='bbox 2798 1225 2850 1280; x_wconf 92' lang='lat' dir='ltr'><strong>in</strong></span> <span class='ocrx_word' id='word_1_199' title='bbox 2879 1240 2986 1280; x_wconf 88' lang='lat' dir='ltr'><strong>una</strong></span> <span class='ocrx_word' id='word_1_200' title='bbox 3015 1241 3244 1296; x_wconf 83' lang='lat' dir='ltr'><strong>persona</strong></span> <span class='ocrx_word' id='word_1_201' title='bbox 3265 1227 3564 1296; x_wconf 91' lang='lat' dir='ltr'><strong>possidere.</strong></span> <span class='ocrx_word' id='word_1_202' title='bbox 3597 1226 3747 1281; x_wconf 83' lang='lat' dir='ltr'><strong>Alias</strong></span> <span class='ocrx_word' id='word_1_203' title='bbox 3771 1242 3854 1282; x_wconf 85' lang='lat' dir='ltr'><strong>au-</strong></span> 
     </span>
    </p>
   </div>
   <div class='ocr_carea' id='block_1_27' title="bbox 2279 1313 3855 1386">
    <p class='ocr_par' dir='ltr' id='par_1_27' title="bbox 2279 1313 3855 1386">
     <span class='ocr_line' id='line_1_27' title="bbox 2279 1313 3855 1386; baseline 0.003 -18"><span class='ocrx_word' id='word_1_204' title='bbox 2279 1321 2386 1368; x_wconf 89' lang='lat' dir='ltr'><strong>tem</strong></span> <span class='ocrx_word' id='word_1_205' title='bbox 2425 1313 2553 1383; x_wconf 91' lang='lat' dir='ltr'><strong>quid</strong></span> <span class='ocrx_word' id='word_1_206' title='bbox 2588 1314 2928 1370; x_wconf 86' lang='lat' dir='ltr'><strong>necessitatis</strong></span> <span class='ocrx_word' id='word_1_207' title='bbox 2954 1314 3037 1370; x_wconf 89' lang='lat' dir='ltr'><strong>vel</strong></span> <span class='ocrx_word' id='word_1_208' title='bbox 3085 1316 3456 1386; x_wconf 89' lang='lat' dir='ltr'><strong>impedimenti</strong></span> <span class='ocrx_word' id='word_1_209' title='bbox 3493 1325 3633 1382; x_wconf 89' lang='lat' dir='ltr'><strong>erat,</strong></span> <span class='ocrx_word' id='word_1_210' title='bbox 3675 1327 3738 1371; x_wconf 90' lang='lat' dir='ltr'><strong>ut</strong></span> <span class='ocrx_word' id='word_1_211' title='bbox 3782 1318 3855 1372; x_wconf 85' lang='lat' dir='ltr'><strong>in-</strong></span> 
     </span>
    </p>
   </div>
   <div class='ocr_carea' id='block_1_28' title="bbox 2278 1405 3856 1478">
    <p class='ocr_par' dir='ltr' id='par_1_28' title="bbox 2278 1405 3856 1478">
     <span class='ocr_line' id='line_1_28' title="bbox 2278 1405 3856 1478; baseline 0.004 -21"><span class='ocrx_word' id='word_1_212' title='bbox 2278 1411 2497 1458; x_wconf 88' lang='lat' dir='ltr'><strong>ventum</strong></span> <span class='ocrx_word' id='word_1_213' title='bbox 2554 1405 2869 1460; x_wconf 88' lang='lat' dir='ltr'><strong>thesaurum</strong></span> <span class='ocrx_word' id='word_1_214' title='bbox 2915 1421 3023 1461; x_wconf 93' lang='lat' dir='ltr'><strong>non</strong></span> <span class='ocrx_word' id='word_1_215' title='bbox 3069 1407 3254 1461; x_wconf 89' lang='lat' dir='ltr'><strong>statim</strong></span> <span class='ocrx_word' id='word_1_216' title='bbox 3295 1405 3532 1463; x_wconf 83' lang='lat' dir='ltr'><strong>auferret</strong></span> <span class='ocrx_word' id='word_1_217' title='bbox 3577 1407 3647 1462; x_wconf 88' lang='lat' dir='ltr'><strong>de</strong></span> <span class='ocrx_word' id='word_1_218' title='bbox 3691 1409 3856 1478; x_wconf 83' lang='lat' dir='ltr'><strong>agro?</strong></span> 
     </span>
    </p>
   </div>
   <div class='ocr_carea' id='block_1_29' title="bbox 2277 1494 3855 1567">
    <p class='ocr_par' dir='ltr' id='par_1_29' title="bbox 2277 1494 3855 1567">
     <span class='ocr_line' id='line_1_29' title="bbox 2277 1494 3855 1567; baseline 0.005 -19"><span class='ocrx_word' id='word_1_219' title='bbox 2277 1494 2429 1562; x_wconf 83' lang='lat' dir='ltr'><strong>Quod</strong></span> <span class='ocrx_word' id='word_1_220' title='bbox 2472 1495 2518 1550; x_wconf 91' lang='lat' dir='ltr'><strong>si</strong></span> <span class='ocrx_word' id='word_1_221' title='bbox 2557 1497 2823 1567; x_wconf 89' lang='lat' dir='ltr'><strong>gaudebat</strong></span> <span class='ocrx_word' id='word_1_222' title='bbox 2865 1497 2990 1567; x_wconf 90' lang='lat' dir='ltr'><strong>quia</strong></span> <span class='ocrx_word' id='word_1_223' title='bbox 3033 1498 3313 1554; x_wconf 81' lang='lat' dir='ltr'><strong>invenerat</strong></span> <span class='ocrx_word' id='word_1_224' title='bbox 3349 1513 3494 1564; x_wconf 87' lang='lat' dir='ltr'><strong>eum,</strong></span> <span class='ocrx_word' id='word_1_225' title='bbox 3534 1514 3719 1556; x_wconf 87' lang='lat' dir='ltr'><strong>nonne</strong></span> <span class='ocrx_word' id='word_1_226' title='bbox 3765 1502 3855 1556; x_wconf 89' lang='lat' dir='ltr'><strong>tibi</strong></span> 
     </span>
    </p>
   </div>
   <div class='ocr_carea' id='block_1_30' title="bbox 2275 1584 3854 1662">
    <p class='ocr_par' dir='ltr' id='par_1_30' title="bbox 2275 1584 3854 1662">
     <span class='ocr_line' id='line_1_30' title="bbox 2275 1584 3854 1662; baseline 0.005 -24"><span class='ocrx_word' id='word_1_227' title='bbox 2275 1584 2492 1640; x_wconf 89' lang='lat' dir='ltr'><strong>videtur</strong></span> <span class='ocrx_word' id='word_1_228' title='bbox 2515 1586 2672 1655; x_wconf 89' lang='lat' dir='ltr'><strong>quasi</strong></span> <span class='ocrx_word' id='word_1_229' title='bbox 2697 1585 2857 1656; x_wconf 88' lang='lat' dir='ltr'><strong>hujus</strong></span> <span class='ocrx_word' id='word_1_230' title='bbox 2883 1587 3132 1643; x_wconf 78' lang='lat' dir='ltr'><strong>inventor</strong></span> <span class='ocrx_word' id='word_1_231' title='bbox 3156 1588 3394 1644; x_wconf 89' lang='lat' dir='ltr'><strong>thesauri</strong></span> <span class='ocrx_word' id='word_1_232' title='bbox 3425 1605 3531 1644; x_wconf 93' lang='lat' dir='ltr'><strong>non</strong></span> <span class='ocrx_word' id='word_1_233' title='bbox 3567 1584 3704 1645; x_wconf 87' lang='lat' dir='ltr'><strong>satis</strong></span> <span class='ocrx_word' id='word_1_234' title='bbox 3730 1606 3854 1662; x_wconf 88' lang='lat' dir='ltr'><strong>pru-</strong></span> 
     </span>
    </p>
   </div>
   <div class='ocr_carea' id='block_1_31' title="bbox 2275 1675 3856 1750">
    <p class='ocr_par' dir='ltr' id='par_1_31' title="bbox 2275 1675 3856 1750">
     <span class='ocr_line' id='line_1_31' title="bbox 2275 1675 3856 1750; baseline 0.005 -21"><span class='ocrx_word' id='word_1_235' title='bbox 2275 1675 2465 1730; x_wconf 85' lang='lat' dir='ltr'><strong>denter</strong></span> <span class='ocrx_word' id='word_1_236' title='bbox 2476 1676 2674 1746; x_wconf 86' lang='lat' dir='ltr'><strong>egisse,</strong></span> <span class='ocrx_word' id='word_1_237' title='bbox 2699 1690 2820 1730; x_wconf 91' lang='lat' dir='ltr'><strong>cum</strong></span> <span class='ocrx_word' id='word_1_238' title='bbox 2851 1676 3096 1747; x_wconf 89' lang='lat' dir='ltr'><strong>profecto</strong></span> <span class='ocrx_word' id='word_1_239' title='bbox 3122 1676 3318 1748; x_wconf 91' lang='lat' dir='ltr'><strong>in.ipso</strong></span> <span class='ocrx_word' id='word_1_240' title='bbox 3339 1676 3429 1734; x_wconf 80' lang='lat' dir='ltr'><strong>illo</strong></span> <span class='ocrx_word' id='word_1_241' title='bbox 3459 1680 3728 1750; x_wconf 90' lang='lat' dir='ltr'><strong>temporis</strong></span> <span class='ocrx_word' id='word_1_242' title='bbox 3755 1683 3856 1738; x_wconf 90' lang='lat' dir='ltr'><strong>otio</strong></span> 
     </span>
    </p>
   </div>
   <div class='ocr_carea' id='block_1_32' title="bbox 2274 1767 3856 1840">
    <p class='ocr_par' dir='ltr' id='par_1_32' title="bbox 2274 1767 3856 1840">
     <span class='ocr_line' id='line_1_32' title="bbox 2274 1767 3856 1840; baseline 0.004 -22"><span class='ocrx_word' id='word_1_243' title='bbox 2274 1773 2329 1819; x_wconf 92' lang='lat' dir='ltr'><strong>et</strong></span> <span class='ocrx_word' id='word_1_244' title='bbox 2354 1775 2586 1832; x_wconf 88' lang='lat' dir='ltr'><strong>secreto,</strong></span> <span class='ocrx_word' id='word_1_245' title='bbox 2613 1781 2722 1836; x_wconf 89' lang='lat' dir='ltr'><strong>quo</strong></span> <span class='ocrx_word' id='word_1_246' title='bbox 2748 1781 2871 1820; x_wconf 91' lang='lat' dir='ltr'><strong>eum</strong></span> <span class='ocrx_word' id='word_1_247' title='bbox 2897 1775 3173 1836; x_wconf 90' lang='lat' dir='ltr'><strong>repererat</strong></span> <span class='ocrx_word' id='word_1_248' title='bbox 3197 1767 3409 1824; x_wconf 87' lang='lat' dir='ltr'><strong>auferre</strong></span> <span class='ocrx_word' id='word_1_249' title='bbox 3433 1769 3694 1840; x_wconf 88' lang='lat' dir='ltr'><strong>potuerit,</strong></span> <span class='ocrx_word' id='word_1_250' title='bbox 3728 1779 3786 1826; x_wconf 89' lang='lat' dir='ltr'><strong>et</strong></span> <span class='ocrx_word' id='word_1_251' title='bbox 3809 1771 3856 1825; x_wconf 91' lang='lat' dir='ltr'><strong>in</strong></span> 
     </span>
    </p>
   </div>
   <div class='ocr_carea' id='block_1_33' title="bbox 603 1849 3856 1943">
    <p class='ocr_par' dir='ltr' id='par_1_33' title="bbox 603 1849 3856 1943">
     <span class='ocr_line' id='line_1_33' title="bbox 603 1849 3856 1943; baseline -0.003 -16"><span class='ocrx_word' id='word_1_252' title='bbox 603 1849 781 1943; x_wconf 71' lang='lat' dir='ltr'><strong>gentia</strong></span> <span class='ocrx_word' id='word_1_253' title='bbox 806 1887 912 1925; x_wconf 93' lang='lat' dir='ltr'><strong>non</strong></span> <span class='ocrx_word' id='word_1_254' title='bbox 952 1870 1085 1924; x_wconf 88' lang='lat' dir='ltr'><strong>satis</strong></span> <span class='ocrx_word' id='word_1_255' title='bbox 1107 1882 1344 1939; x_wconf 88' lang='lat' dir='ltr'><strong>congrua</strong></span> <span class='ocrx_word' id='word_1_256' title='bbox 1371 1866 1763 1937; x_wconf 90' lang='lat' dir='ltr'><strong>interpretatio.</strong></span> <span class='ocrx_word' id='word_1_257' title='bbox 1802 1864 1938 1920; x_wconf 90' lang='lat' dir='ltr'><strong>Nam</strong></span> <span class='ocrx_word' id='word_1_258' title='bbox 1961 1864 2052 1919; x_wconf 90' lang='lat' dir='ltr'><strong>alii</strong></span> <span class='ocrx_word' id='word_1_259' title='bbox 2083 1880 2170 1919; x_wconf 91' lang='lat' dir='ltr'><strong>re-</strong></span> <span class='ocrx_word' id='word_1_260' title='bbox 2201 1849 2252 1912; x_wconf 79' lang='grc' dir='ltr'><strong>Β</strong></span> <span class='ocrx_word' id='word_1_261' title='bbox 2281 1863 2386 1909; x_wconf 75' lang='lat' dir='ltr'><strong>lam</strong></span> <span class='ocrx_word' id='word_1_262' title='bbox 2420 1854 2566 1910; x_wconf 74' lang='lat' dir='ltr'><strong>faeili</strong></span> <span class='ocrx_word' id='word_1_263' title='bbox 2590 1857 2965 1926; x_wconf 75' lang='lat' dir='ltr'><strong>acqoisitionis</strong></span> <span class='ocrx_word' id='word_1_264' title='bbox 2991 1858 3330 1928; x_wconf 84' lang='lat' dir='ltr'><strong>compendio,</strong></span> <span class='ocrx_word' id='word_1_265' title='bbox 3370 1860 3487 1915; x_wconf 89' lang='lat' dir='ltr'><strong>sine</strong></span> <span class='ocrx_word' id='word_1_266' title='bbox 3516 1861 3856 1930; x_wconf 89' lang='lat' dir='ltr'><strong>propriarum</strong></span> 
     </span>
    </p>
   </div>
   <div class='ocr_carea' id='block_1_34' title="bbox 603 1959 2177 2036">
    <p class='ocr_par' dir='ltr' id='par_1_34' title="bbox 603 1959 2177 2036">
     <span class='ocr_line' id='line_1_34' title="bbox 603 1959 2177 2036; baseline -0.004 -16"><span class='ocrx_word' id='word_1_267' title='bbox 603 1982 764 2036; x_wconf 89' lang='lat' dir='ltr'><strong>gnum</strong></span> <span class='ocrx_word' id='word_1_268' title='bbox 789 1964 1048 2020; x_wconf 80' lang='lat' dir='ltr'><strong>caelorum</strong></span> <span class='ocrx_word' id='word_1_269' title='bbox 1075 1978 1210 2033; x_wconf 89' lang='lat' dir='ltr'><strong>opus</strong></span> <span class='ocrx_word' id='word_1_270' title='bbox 1233 1960 1455 2029; x_wconf 77' lang='lat' dir='ltr'><strong>iustitiae</strong></span> <span class='ocrx_word' id='word_1_271' title='bbox 1479 1959 1812 2031; x_wconf 87' lang='lat' dir='ltr'><strong>interpretati</strong></span> <span class='ocrx_word' id='word_1_272' title='bbox 1841 1968 1984 2024; x_wconf 91' lang='lat' dir='ltr'><strong>sunt,</strong></span> <span class='ocrx_word' id='word_1_273' title='bbox 2016 1975 2177 2030; x_wconf 89' lang='lat' dir='ltr'><strong>quam</strong></span> 
     </span>
    </p>
   </div>
   <div class='ocr_carea' id='block_1_35' title="bbox 603 2049 2177 2124">
    <p class='ocr_par' dir='ltr' id='par_1_35' title="bbox 603 2049 2177 2124">
     <span class='ocr_line' id='line_1_35' title="bbox 603 2049 2177 2124; baseline -0.003 -14"><span class='ocrx_word' id='word_1_274' title='bbox 603 2058 655 2110; x_wconf 92' lang='lat' dir='ltr'><strong>in</strong></span> <span class='ocrx_word' id='word_1_275' title='bbox 703 2056 820 2124; x_wconf 92' lang='lat' dir='ltr'><strong>ipso</strong></span> <span class='ocrx_word' id='word_1_276' title='bbox 868 2054 1104 2116; x_wconf 88' lang='lat' dir='ltr'><strong>homine,</strong></span> <span class='ocrx_word' id='word_1_277' title='bbox 1147 2051 1299 2121; x_wconf 91' lang='lat' dir='ltr'><strong>quasi</strong></span> <span class='ocrx_word' id='word_1_278' title='bbox 1349 2051 1404 2106; x_wconf 93' lang='lat' dir='ltr'><strong>in</strong></span> <span class='ocrx_word' id='word_1_279' title='bbox 1446 2065 1594 2120; x_wconf 85' lang='lat' dir='ltr'><strong>agro,</strong></span> <span class='ocrx_word' id='word_1_280' title='bbox 1654 2049 2020 2105; x_wconf 86' lang='lat' dir='ltr'><strong>absconditam</strong></span> <span class='ocrx_word' id='word_1_281' title='bbox 2057 2063 2177 2105; x_wconf 89' lang='lat' dir='ltr'><strong>esse</strong></span> 
     </span>
    </p>
   </div>
   <div class='ocr_carea' id='block_1_36' title="bbox 579 2135 2175 2211">
    <p class='ocr_par' dir='ltr' id='par_1_36' title="bbox 579 2135 2175 2211">
     <span class='ocr_line' id='line_1_36' title="bbox 579 2135 2175 2211; baseline -0.004 -11"><span class='ocrx_word' id='word_1_282' title='bbox 579 2135 857 2200; x_wconf 79' lang='lat' dir='ltr'><strong>dixerunt</strong></span> <span class='ocrx_word' id='word_1_283' title='bbox 897 2162 909 2196; x_wconf 92' lang='lat'><strong>:</strong></span> <span class='ocrx_word' id='word_1_284' title='bbox 952 2143 1042 2196; x_wconf 90' lang='lat' dir='ltr'><strong>alii</strong></span> <span class='ocrx_word' id='word_1_285' title='bbox 1072 2141 1386 2196; x_wconf 88' lang='lat' dir='ltr'><strong>thesaurum</strong></span> <span class='ocrx_word' id='word_1_286' title='bbox 1429 2140 1480 2194; x_wconf 94' lang='lat' dir='ltr'><strong>in</strong></span> <span class='ocrx_word' id='word_1_287' title='bbox 1519 2154 1649 2211; x_wconf 91' lang='lat' dir='ltr'><strong>agro</strong></span> <span class='ocrx_word' id='word_1_288' title='bbox 1672 2149 1958 2208; x_wconf 91' lang='lat' dir='ltr'><strong>utrumque</strong></span> <span class='ocrx_word' id='word_1_289' title='bbox 1986 2138 2175 2194; x_wconf 91' lang='lat' dir='ltr'><strong>Testa-</strong></span> 
     </span>
    </p>
   </div>
   <div class='ocr_carea' id='block_1_37' title="bbox 600 2230 2178 2303">
    <p class='ocr_par' dir='ltr' id='par_1_37' title="bbox 600 2230 2178 2303">
     <span class='ocr_line' id='line_1_37' title="bbox 600 2230 2178 2303; baseline -0.002 -12"><span class='ocrx_word' id='word_1_290' title='bbox 600 2230 842 2291; x_wconf 73' lang='lat' dir='ltr'><strong>men‘tutn</strong></span> <span class='ocrx_word' id='word_1_291' title='bbox 877 2236 932 2290; x_wconf 91' lang='lat' dir='ltr'><strong>in</strong></span> <span class='ocrx_word' id='word_1_292' title='bbox 971 2233 1212 2288; x_wconf 86' lang='lat' dir='ltr'><strong>Ecclesia</strong></span> <span class='ocrx_word' id='word_1_293' title='bbox 1247 2231 1433 2303; x_wconf 89' lang='lat' dir='ltr'><strong>figuris</strong></span> <span class='ocrx_word' id='word_1_294' title='bbox 1477 2231 1872 2297; x_wconf 87' lang='lat' dir='ltr'><strong>obumbratum,</strong></span> <span class='ocrx_word' id='word_1_295' title='bbox 1901 2230 2178 2288; x_wconf 86' lang='lat' dir='ltr'><strong>intellexe-</strong></span> 
     </span>
    </p>
   </div>
   <div class='ocr_carea' id='block_1_38' title="bbox 599 2323 2176 2398">
    <p class='ocr_par' dir='ltr' id='par_1_38' title="bbox 599 2323 2176 2398">
     <span class='ocr_line' id='line_1_38' title="bbox 599 2323 2176 2398; baseline -0.004 -15"><span class='ocrx_word' id='word_1_296' title='bbox 599 2337 757 2393; x_wconf 90' lang='lat' dir='ltr'><strong>runt;</strong></span> <span class='ocrx_word' id='word_1_297' title='bbox 785 2328 875 2398; x_wconf 88' lang='lat' dir='ltr'><strong>qui</strong></span> <span class='ocrx_word' id='word_1_298' title='bbox 907 2325 1149 2397; x_wconf 81' lang='lat' dir='ltr'><strong>profecto</strong></span> <span class='ocrx_word' id='word_1_299' title='bbox 1179 2325 1459 2379; x_wconf 86' lang='lat' dir='ltr'><strong>thesaurus</strong></span> <span class='ocrx_word' id='word_1_300' title='bbox 1487 2339 1595 2377; x_wconf 86' lang='lat' dir='ltr'><strong>non</strong></span> <span class='ocrx_word' id='word_1_301' title='bbox 1639 2323 1853 2378; x_wconf 71' lang='lat' dir='ltr'><strong>invidia:</strong></span> <span class='ocrx_word' id='word_1_302' title='bbox 1882 2338 2045 2378; x_wconf 89' lang='lat' dir='ltr'><strong>causa</strong></span> <span class='ocrx_word' id='word_1_303' title='bbox 2077 2323 2176 2378; x_wconf 87' lang='lat' dir='ltr'><strong>ab-</strong></span> 
     </span>
    </p>
   </div>
   <div class='ocr_carea' id='block_1_39' title="bbox 597 2412 2176 2484">
    <p class='ocr_par' dir='ltr' id='par_1_39' title="bbox 597 2412 2176 2484">
     <span class='ocr_line' id='line_1_39' title="bbox 597 2412 2176 2484; baseline -0.004 -10"><span class='ocrx_word' id='word_1_304' title='bbox 597 2419 893 2484; x_wconf 90' lang='lat' dir='ltr'><strong>sconditur,</strong></span> <span class='ocrx_word' id='word_1_305' title='bbox 927 2417 1022 2472; x_wconf 87' lang='lat' dir='ltr'><strong>sed</strong></span> <span class='ocrx_word' id='word_1_306' title='bbox 1052 2426 1111 2470; x_wconf 90' lang='lat' dir='ltr'><strong>ut</strong></span> <span class='ocrx_word' id='word_1_307' title='bbox 1147 2416 1201 2470; x_wconf 91' lang='lat' dir='ltr'><strong>in</strong></span> <span class='ocrx_word' id='word_1_308' title='bbox 1243 2413 1406 2470; x_wconf 89' lang='lat' dir='ltr'><strong>corde</strong></span> <span class='ocrx_word' id='word_1_309' title='bbox 1447 2422 1708 2483; x_wconf 89' lang='lat' dir='ltr'><strong>ponatur;</strong></span> <span class='ocrx_word' id='word_1_310' title='bbox 1737 2427 1898 2483; x_wconf 88' lang='lat' dir='ltr'><strong>quem</strong></span> <span class='ocrx_word' id='word_1_311' title='bbox 1935 2412 2176 2483; x_wconf 89' lang='lat' dir='ltr'><strong>profecto</strong></span> 
     </span>
    </p>
   </div>
   <div class='ocr_carea' id='block_1_40' title="bbox 597 2505 2172 2578">
    <p class='ocr_par' dir='ltr' id='par_1_40' title="bbox 597 2505 2172 2578">
     <span class='ocr_line' id='line_1_40' title="bbox 597 2505 2172 2578; baseline -0.004 -12"><span class='ocrx_word' id='word_1_312' title='bbox 597 2511 909 2566; x_wconf 90' lang='lat' dir='ltr'><strong>thesaurum</strong></span> <span class='ocrx_word' id='word_1_313' title='bbox 934 2507 1172 2564; x_wconf 88' lang='lat' dir='ltr'><strong>vendidit</strong></span> <span class='ocrx_word' id='word_1_314' title='bbox 1197 2506 1423 2578; x_wconf 85' lang='lat' dir='ltr'><strong>populus</strong></span> <span class='ocrx_word' id='word_1_315' title='bbox 1439 2505 1767 2572; x_wconf 66' lang='lat' dir='ltr'><strong>Iudaeorum,</strong></span> <span class='ocrx_word' id='word_1_316' title='bbox 1792 2513 1847 2561; x_wconf 91' lang='lat' dir='ltr'><strong>et</strong></span> <span class='ocrx_word' id='word_1_317' title='bbox 1871 2506 2004 2561; x_wconf 90' lang='lat' dir='ltr'><strong>emit</strong></span> <span class='ocrx_word' id='word_1_318' title='bbox 2050 2521 2172 2562; x_wconf 89' lang='lat' dir='ltr'><strong>eum</strong></span> 
     </span>
    </p>
   </div>
   <div class='ocr_carea' id='block_1_41' title="bbox 593 2595 2174 2672">
    <p class='ocr_par' dir='ltr' id='par_1_41' title="bbox 593 2595 2174 2672">
     <span class='ocr_line' id='line_1_41' title="bbox 593 2595 2174 2672; baseline -0.004 -16"><span class='ocrx_word' id='word_1_319' title='bbox 593 2601 743 2656; x_wconf 89' lang='lat' dir='ltr'><strong>natio</strong></span> <span class='ocrx_word' id='word_1_320' title='bbox 784 2600 1047 2672; x_wconf 90' lang='lat' dir='ltr'><strong>gentium,</strong></span> <span class='ocrx_word' id='word_1_321' title='bbox 1089 2614 1183 2654; x_wconf 92' lang='lat' dir='ltr'><strong>seu</strong></span> <span class='ocrx_word' id='word_1_322' title='bbox 1214 2605 1409 2652; x_wconf 85' lang='lat' dir='ltr'><strong>caetera</strong></span> <span class='ocrx_word' id='word_1_323' title='bbox 1453 2595 1519 2651; x_wconf 91' lang='lat' dir='ltr'><strong>de</strong></span> <span class='ocrx_word' id='word_1_324' title='bbox 1556 2596 1663 2662; x_wconf 91' lang='lat' dir='ltr'><strong>his,</strong></span> <span class='ocrx_word' id='word_1_325' title='bbox 1702 2611 1820 2666; x_wconf 85' lang='lat' dir='ltr'><strong>quae</strong></span> <span class='ocrx_word' id='word_1_326' title='bbox 1865 2595 2174 2666; x_wconf 84' lang='lat' dir='ltr'><strong>confingere</strong></span> 
     </span>
    </p>
   </div>
   <div class='ocr_carea' id='block_1_42' title="bbox 591 2685 2176 2760">
    <p class='ocr_par' dir='ltr' id='par_1_42' title="bbox 591 2685 2176 2760">
     <span class='ocr_line' id='line_1_42' title="bbox 591 2685 2176 2760; baseline -0.004 -13"><span class='ocrx_word' id='word_1_327' title='bbox 591 2694 842 2747; x_wconf 88' lang='lat' dir='ltr'><strong>videntur</strong></span> <span class='ocrx_word' id='word_1_328' title='bbox 871 2690 1042 2760; x_wconf 90' lang='lat' dir='ltr'><strong>magis</strong></span> <span class='ocrx_word' id='word_1_329' title='bbox 1067 2703 1227 2759; x_wconf 90' lang='lat' dir='ltr'><strong>quam</strong></span> <span class='ocrx_word' id='word_1_330' title='bbox 1257 2701 1545 2758; x_wconf 83' lang='lat' dir='ltr'><strong>exponere,</strong></span> <span class='ocrx_word' id='word_1_331' title='bbox 1561 2686 1863 2757; x_wconf 65' lang='lat' dir='ltr'><strong>praesertim</strong></span> <span class='ocrx_word' id='word_1_332' title='bbox 1899 2685 2024 2756; x_wconf 87' lang='lat' dir='ltr'><strong>quia</strong></span> <span class='ocrx_word' id='word_1_333' title='bbox 2054 2686 2176 2741; x_wconf 80' lang='lat' dir='ltr'><strong>obs-</strong></span> 
     </span>
    </p>
   </div>
   <div class='ocr_carea' id='block_1_43' title="bbox 589 2777 2170 2849">
    <p class='ocr_par' dir='ltr' id='par_1_43' title="bbox 589 2777 2170 2849">
     <span class='ocr_line' id='line_1_43' title="bbox 589 2777 2170 2849; baseline -0.004 -10"><span class='ocrx_word' id='word_1_334' title='bbox 589 2799 718 2840; x_wconf 85' lang='lat' dir='ltr'><strong>cura</strong></span> <span class='ocrx_word' id='word_1_335' title='bbox 751 2791 908 2846; x_wconf 87' lang='lat' dir='ltr'><strong>sunt;</strong></span> <span class='ocrx_word' id='word_1_336' title='bbox 936 2783 1056 2835; x_wconf 88' lang='lat' dir='ltr'><strong>ideo</strong></span> <span class='ocrx_word' id='word_1_337' title='bbox 1082 2781 1271 2846; x_wconf 87' lang='lat' dir='ltr'><strong>libere,</strong></span> <span class='ocrx_word' id='word_1_338' title='bbox 1298 2788 1357 2834; x_wconf 91' lang='lat' dir='ltr'><strong>ut</strong></span> <span class='ocrx_word' id='word_1_339' title='bbox 1392 2781 1464 2834; x_wconf 92' lang='lat' dir='ltr'><strong>ita</strong></span> <span class='ocrx_word' id='word_1_340' title='bbox 1505 2781 1702 2845; x_wconf 91' lang='lat' dir='ltr'><strong>dicam,</strong></span> <span class='ocrx_word' id='word_1_341' title='bbox 1731 2778 1961 2834; x_wconf 89' lang='lat' dir='ltr'><strong>delirare</strong></span> <span class='ocrx_word' id='word_1_342' title='bbox 2003 2777 2170 2849; x_wconf 91' lang='lat' dir='ltr'><strong>aliqui</strong></span> 
     </span>
    </p>
   </div>
   <div class='ocr_carea' id='block_1_44' title="bbox 591 2869 2171 2946">
    <p class='ocr_par' dir='ltr' id='par_1_44' title="bbox 591 2869 2171 2946">
     <span class='ocr_line' id='line_1_44' title="bbox 591 2869 2171 2946; baseline -0.003 -18"><span class='ocrx_word' id='word_1_343' title='bbox 591 2875 738 2946; x_wconf 84' lang='lat' dir='ltr'><strong>passi</strong></span> <span class='ocrx_word' id='word_1_344' title='bbox 768 2884 911 2930; x_wconf 87' lang='lat' dir='ltr'><strong>sunt.</strong></span> <span class='ocrx_word' id='word_1_345' title='bbox 955 2873 1062 2928; x_wconf 89' lang='lat' dir='ltr'><strong>Sed</strong></span> <span class='ocrx_word' id='word_1_346' title='bbox 1098 2881 1196 2927; x_wconf 81' lang='lat' dir='ltr'><strong>n05</strong></span> <span class='ocrx_word' id='word_1_347' title='bbox 1221 2870 1340 2925; x_wconf 86' lang='lat' dir='ltr'><strong>fulti</strong></span> <span class='ocrx_word' id='word_1_348' title='bbox 1383 2871 1554 2941; x_wconf 89' lang='lat' dir='ltr'><strong>gratia</strong></span> <span class='ocrx_word' id='word_1_349' title='bbox 1594 2869 1830 2939; x_wconf 89' lang='lat' dir='ltr'><strong>Spiritus</strong></span> <span class='ocrx_word' id='word_1_350' title='bbox 1872 2869 2067 2935; x_wconf 86' lang='lat' dir='ltr'><strong>sancti,</strong></span> <span class='ocrx_word' id='word_1_351' title='bbox 2095 2870 2171 2924; x_wconf 88' lang='lat' dir='ltr'><strong>di-</strong></span> 
     </span>
    </p>
   </div>
   <div class='ocr_carea' id='block_1_45' title="bbox 592 2957 2170 3032">
    <p class='ocr_par' dir='ltr' id='par_1_45' title="bbox 592 2957 2170 3032">
     <span class='ocr_line' id='line_1_45' title="bbox 592 2957 2170 3032; baseline -0.003 -13"><span class='ocrx_word' id='word_1_352' title='bbox 592 2980 800 3028; x_wconf 90' lang='lat' dir='ltr'><strong>camus,</strong></span> <span class='ocrx_word' id='word_1_353' title='bbox 827 2972 885 3017; x_wconf 92' lang='lat' dir='ltr'><strong>ut</strong></span> <span class='ocrx_word' id='word_1_354' title='bbox 913 2978 1072 3032; x_wconf 89' lang='lat' dir='ltr'><strong>supra</strong></span> <span class='ocrx_word' id='word_1_355' title='bbox 1090 2957 1206 3032; x_wconf 75' lang='lat' dir='ltr'><strong>jam</strong></span> <span class='ocrx_word' id='word_1_356' title='bbox 1233 2961 1486 3025; x_wconf 80' lang='lat' dir='ltr'><strong>diximus,</strong></span> <span class='ocrx_word' id='word_1_357' title='bbox 1518 2960 1642 3030; x_wconf 90' lang='lat' dir='ltr'><strong>quia</strong></span> <span class='ocrx_word' id='word_1_358' title='bbox 1669 2958 1864 3014; x_wconf 87' lang='lat' dir='ltr'><strong>Christi</strong></span> <span class='ocrx_word' id='word_1_359' title='bbox 1889 2975 2017 3015; x_wconf 89' lang='lat' dir='ltr'><strong>caro</strong></span> <span class='ocrx_word' id='word_1_360' title='bbox 2044 2975 2170 3031; x_wconf 88' lang='lat' dir='ltr'><strong>ager</strong></span> 
     </span>
    </p>
   </div>
   <div class='ocr_carea' id='block_1_46' title="bbox 589 3044 2170 3122">
    <p class='ocr_par' dir='ltr' id='par_1_46' title="bbox 589 3044 2170 3122">
     <span class='ocr_line' id='line_1_46' title="bbox 589 3044 2170 3122; baseline -0.002 -15"><span class='ocrx_word' id='word_1_361' title='bbox 589 3052 691 3117; x_wconf 80' lang='lat' dir='ltr'><strong>est,</strong></span> <span class='ocrx_word' id='word_1_362' title='bbox 729 3044 920 3122; x_wconf 89' lang='lat' dir='ltr'><strong>plenus</strong></span> <span class='ocrx_word' id='word_1_363' title='bbox 949 3051 1260 3105; x_wconf 75' lang='lat' dir='ltr'><strong>cmlestibus</strong></span> <span class='ocrx_word' id='word_1_364' title='bbox 1293 3050 1671 3114; x_wconf 90' lang='lat' dir='ltr'><strong>sacramentis,</strong></span> <span class='ocrx_word' id='word_1_365' title='bbox 1707 3064 1867 3118; x_wconf 88' lang='lat' dir='ltr'><strong>quem</strong></span> <span class='ocrx_word' id='word_1_366' title='bbox 1914 3047 2041 3103; x_wconf 91' lang='lat' dir='ltr'><strong>olim</strong></span> <span class='ocrx_word' id='word_1_367' title='bbox 2083 3049 2170 3104; x_wconf 89' lang='lat' dir='ltr'><strong>be-</strong></span> 
     </span>
    </p>
   </div>
   <div class='ocr_carea' id='block_1_47' title="bbox 588 3141 2165 3212">
    <p class='ocr_par' dir='ltr' id='par_1_47' title="bbox 588 3141 2165 3212">
     <span class='ocr_line' id='line_1_47' title="bbox 588 3141 2165 3212; baseline -0.002 -14"><span class='ocrx_word' id='word_1_368' title='bbox 588 3144 798 3198; x_wconf 85' lang='lat' dir='ltr'><strong>nedixit</strong></span> <span class='ocrx_word' id='word_1_369' title='bbox 843 3142 1122 3205; x_wconf 89' lang='lat' dir='ltr'><strong>Dominus,</strong></span> <span class='ocrx_word' id='word_1_370' title='bbox 1167 3141 1222 3195; x_wconf 92' lang='lat' dir='ltr'><strong>in</strong></span> <span class='ocrx_word' id='word_1_371' title='bbox 1255 3141 1407 3212; x_wconf 90' lang='lat' dir='ltr'><strong>cujus</strong></span> <span class='ocrx_word' id='word_1_372' title='bbox 1450 3141 1680 3210; x_wconf 88' lang='lat' dir='ltr'><strong>pretium</strong></span> <span class='ocrx_word' id='word_1_373' title='bbox 1710 3141 2002 3196; x_wconf 72' lang='lat' dir='ltr'><strong>vendenda:</strong></span> <span class='ocrx_word' id='word_1_374' title='bbox 2041 3150 2165 3196; x_wconf 91' lang='lat' dir='ltr'><strong>sunt</strong></span> 
     </span>
    </p>
   </div>
   <div class='ocr_carea' id='block_1_48' title="bbox 2277 1945 3858 2023">
    <p class='ocr_par' dir='ltr' id='par_1_48' title="bbox 2277 1945 3858 2023">
     <span class='ocr_line' id='line_1_48' title="bbox 2277 1945 3858 2023; baseline 0.006 -23"><span class='ocrx_word' id='word_1_375' title='bbox 2277 1945 2557 2015; x_wconf 86' lang='lat' dir='ltr'><strong>dispendio</strong></span> <span class='ocrx_word' id='word_1_376' title='bbox 2582 1947 2897 2004; x_wconf 88' lang='lat' dir='ltr'><strong>facultatum</strong></span> <span class='ocrx_word' id='word_1_377' title='bbox 2935 1950 3148 2005; x_wconf 85' lang='lat' dir='ltr'><strong>emendi</strong></span> <span class='ocrx_word' id='word_1_378' title='bbox 3175 1952 3304 2023; x_wconf 45' lang='lat' dir='ltr'><strong>.agri</strong></span> <span class='ocrx_word' id='word_1_379' title='bbox 3332 1953 3716 2009; x_wconf 87' lang='lat' dir='ltr'><strong>necessitatem</strong></span> <span class='ocrx_word' id='word_1_380' title='bbox 3761 1970 3858 2009; x_wconf 92' lang='lat' dir='ltr'><strong>non</strong></span> 
     </span>
    </p>
   </div>
   <div class='ocr_carea' id='block_1_49' title="bbox 2276 2036 3859 2114">
    <p class='ocr_par' dir='ltr' id='par_1_49' title="bbox 2276 2036 3859 2114">
     <span class='ocr_line' id='line_1_49' title="bbox 2276 2036 3859 2114; baseline 0.005 -23"><span class='ocrx_word' id='word_1_381' title='bbox 2276 2036 2523 2104; x_wconf 88' lang='lat' dir='ltr'><strong>haberet,</strong></span> <span class='ocrx_word' id='word_1_382' title='bbox 2559 2038 2690 2093; x_wconf 92' lang='lat' dir='ltr'><strong>dum</strong></span> <span class='ocrx_word' id='word_1_383' title='bbox 2721 2040 3032 2096; x_wconf 88' lang='lat' dir='ltr'><strong>thesaurum</strong></span> <span class='ocrx_word' id='word_1_384' title='bbox 3071 2056 3168 2111; x_wconf 93' lang='lat' dir='ltr'><strong>pro</strong></span> <span class='ocrx_word' id='word_1_385' title='bbox 3197 2057 3295 2098; x_wconf 91' lang='lat' dir='ltr'><strong>suo</strong></span> <span class='ocrx_word' id='word_1_386' title='bbox 3331 2043 3550 2112; x_wconf 86' lang='lat' dir='ltr'><strong>gavisus</strong></span> <span class='ocrx_word' id='word_1_387' title='bbox 3574 2055 3659 2100; x_wconf 89' lang='lat' dir='ltr'><strong>est</strong></span> <span class='ocrx_word' id='word_1_388' title='bbox 3695 2045 3859 2114; x_wconf 89' lang='lat' dir='ltr'><strong>possi-</strong></span> 
     </span>
    </p>
   </div>
   <div class='ocr_carea' id='block_1_50' title="bbox 2277 2128 3858 2204">
    <p class='ocr_par' dir='ltr' id='par_1_50' title="bbox 2277 2128 3858 2204">
     <span class='ocr_line' id='line_1_50' title="bbox 2277 2128 3858 2204; baseline 0.004 -21"><span class='ocrx_word' id='word_1_389' title='bbox 2277 2130 2446 2184; x_wconf 84' lang='lat' dir='ltr'><strong>dere?</strong></span> <span class='ocrx_word' id='word_1_390' title='bbox 2501 2128 2608 2185; x_wconf 89' lang='lat' dir='ltr'><strong>Sed</strong></span> <span class='ocrx_word' id='word_1_391' title='bbox 2660 2132 2914 2202; x_wconf 87' lang='lat' dir='ltr'><strong>cognovit</strong></span> <span class='ocrx_word' id='word_1_392' title='bbox 2955 2133 3139 2202; x_wconf 89' lang='lat' dir='ltr'><strong>utique</strong></span> <span class='ocrx_word' id='word_1_393' title='bbox 3184 2134 3636 2204; x_wconf 73' lang='lat' dir='ltr'><strong>prudentissimus</strong></span> <span class='ocrx_word' id='word_1_394' title='bbox 3700 2135 3858 2190; x_wconf 88' lang='lat' dir='ltr'><strong>homo</strong></span> 
     </span>
    </p>
   </div>
   <div class='ocr_carea' id='block_1_51' title="bbox 2278 2218 3859 2294">
    <p class='ocr_par' dir='ltr' id='par_1_51' title="bbox 2278 2218 3859 2294">
     <span class='ocr_line' id='line_1_51' title="bbox 2278 2218 3859 2294; baseline 0.004 -20"><span class='ocrx_word' id='word_1_395' title='bbox 2278 2218 2608 2275; x_wconf 79' lang='lat' dir='ltr'><strong>inefﬁcacem</strong></span> <span class='ocrx_word' id='word_1_396' title='bbox 2658 2230 2820 2291; x_wconf 89' lang='lat' dir='ltr'><strong>atque</strong></span> <span class='ocrx_word' id='word_1_397' title='bbox 2870 2222 3134 2288; x_wconf 91' lang='lat' dir='ltr'><strong>inutilem,</strong></span> <span class='ocrx_word' id='word_1_398' title='bbox 3185 2223 3294 2278; x_wconf 91' lang='lat' dir='ltr'><strong>imo</strong></span> <span class='ocrx_word' id='word_1_399' title='bbox 3338 2224 3701 2294; x_wconf 86' lang='lat' dir='ltr'><strong>periculosam</strong></span> <span class='ocrx_word' id='word_1_400' title='bbox 3746 2240 3859 2281; x_wconf 88' lang='lat' dir='ltr'><strong>esse</strong></span> 
     </span>
    </p>
   </div>
   <div class='ocr_carea' id='block_1_52' title="bbox 2278 2311 3860 2383">
    <p class='ocr_par' dir='ltr' id='par_1_52' title="bbox 2278 2311 3860 2383">
     <span class='ocr_line' id='line_1_52' title="bbox 2278 2311 3860 2383; baseline 0.006 -19"><span class='ocrx_word' id='word_1_401' title='bbox 2278 2311 2518 2365; x_wconf 87' lang='lat' dir='ltr'><strong>thesauri</strong></span> <span class='ocrx_word' id='word_1_402' title='bbox 2557 2311 2736 2382; x_wconf 91' lang='lat' dir='ltr'><strong>hujus,</strong></span> <span class='ocrx_word' id='word_1_403' title='bbox 2770 2312 2887 2368; x_wconf 90' lang='lat' dir='ltr'><strong>sine</strong></span> <span class='ocrx_word' id='word_1_404' title='bbox 2923 2328 3072 2383; x_wconf 88' lang='lat' dir='ltr'><strong>agro,</strong></span> <span class='ocrx_word' id='word_1_405' title='bbox 3117 2315 3530 2383; x_wconf 89' lang='lat' dir='ltr'><strong>possessionem.</strong></span> <span class='ocrx_word' id='word_1_406' title='bbox 3567 2315 3710 2376; x_wconf 83' lang='lat' dir='ltr'><strong>Nam</strong></span> <span class='ocrx_word' id='word_1_407' title='bbox 3745 2318 3860 2373; x_wconf 89' lang='lat' dir='ltr'><strong>vide</strong></span> 
     </span>
    </p>
   </div>
   <div class='ocr_carea' id='block_1_53' title="bbox 2275 2399 3857 2475">
    <p class='ocr_par' dir='ltr' id='par_1_53' title="bbox 2275 2399 3857 2475">
     <span class='ocr_line' id='line_1_53' title="bbox 2275 2399 3857 2475; baseline 0.005 -21"><span class='ocrx_word' id='word_1_408' title='bbox 2275 2401 2399 2470; x_wconf 91' lang='lat' dir='ltr'><strong>quia</strong></span> <span class='ocrx_word' id='word_1_409' title='bbox 2423 2399 2746 2456; x_wconf 87' lang='lat' dir='ltr'><strong>absconsum</strong></span> <span class='ocrx_word' id='word_1_410' title='bbox 2779 2417 2902 2458; x_wconf 89' lang='lat' dir='ltr'><strong>eum</strong></span> <span class='ocrx_word' id='word_1_411' title='bbox 2929 2403 3229 2470; x_wconf 81' lang='lat' dir='ltr'><strong>invenerat,</strong></span> <span class='ocrx_word' id='word_1_412' title='bbox 3257 2405 3330 2460; x_wconf 89' lang='lat' dir='ltr'><strong>ita</strong></span> <span class='ocrx_word' id='word_1_413' title='bbox 3353 2413 3408 2460; x_wconf 89' lang='lat' dir='ltr'><strong>et</strong></span> <span class='ocrx_word' id='word_1_414' title='bbox 3428 2405 3542 2475; x_wconf 91' lang='lat' dir='ltr'><strong>ipse</strong></span> <span class='ocrx_word' id='word_1_415' title='bbox 3571 2421 3700 2460; x_wconf 89' lang='lat' dir='ltr'><strong>eum</strong></span> <span class='ocrx_word' id='word_1_416' title='bbox 3737 2407 3857 2464; x_wconf 80' lang='lat' dir='ltr'><strong>abs-</strong></span> 
     </span>
    </p>
   </div>
   <div class='ocr_carea' id='block_1_54' title="bbox 2273 2489 3858 2562">
    <p class='ocr_par' dir='ltr' id='par_1_54' title="bbox 2273 2489 3858 2562">
     <span class='ocr_line' id='line_1_54' title="bbox 2273 2489 3858 2562; baseline 0.004 -16"><span class='ocrx_word' id='word_1_417' title='bbox 2273 2491 2474 2546; x_wconf 86' lang='lat' dir='ltr'><strong>condit.</strong></span> <span class='ocrx_word' id='word_1_418' title='bbox 2520 2489 2630 2546; x_wconf 85' lang='lat' dir='ltr'><strong>Nec</strong></span> <span class='ocrx_word' id='word_1_419' title='bbox 2668 2507 2853 2562; x_wconf 89' lang='lat' dir='ltr'><strong>agrum</strong></span> <span class='ocrx_word' id='word_1_420' title='bbox 2896 2493 3099 2549; x_wconf 90' lang='lat' dir='ltr'><strong>nudare</strong></span> <span class='ocrx_word' id='word_1_421' title='bbox 3145 2509 3209 2550; x_wconf 88' lang='lat' dir='ltr'><strong>ac</strong></span> <span class='ocrx_word' id='word_1_422' title='bbox 3248 2509 3480 2551; x_wconf 73' lang='lat' dir='ltr'><strong>vacuare</strong></span> <span class='ocrx_word' id='word_1_423' title='bbox 3527 2511 3558 2550; x_wconf 90' lang='lat' dir='ltr'><strong>a</strong></span> <span class='ocrx_word' id='word_1_424' title='bbox 3602 2511 3708 2551; x_wconf 90' lang='lat' dir='ltr'><strong>suo</strong></span> <span class='ocrx_word' id='word_1_425' title='bbox 3751 2498 3858 2553; x_wconf 85' lang='lat' dir='ltr'><strong>the-</strong></span> 
     </span>
    </p>
   </div>
   <div class='ocr_carea' id='block_1_55' title="bbox 2275 2583 3860 2648">
    <p class='ocr_par' dir='ltr' id='par_1_55' title="bbox 2275 2583 3860 2648">
     <span class='ocr_line' id='line_1_55' title="bbox 2275 2583 3860 2648; baseline 0.004 -12"><span class='ocrx_word' id='word_1_426' title='bbox 2275 2597 2435 2640; x_wconf 90' lang='lat' dir='ltr'><strong>sauro</strong></span> <span class='ocrx_word' id='word_1_427' title='bbox 2482 2597 2647 2638; x_wconf 91' lang='lat' dir='ltr'><strong>ausus</strong></span> <span class='ocrx_word' id='word_1_428' title='bbox 2675 2591 2780 2648; x_wconf 89' lang='lat' dir='ltr'><strong>est,</strong></span> <span class='ocrx_word' id='word_1_429' title='bbox 2824 2583 2917 2638; x_wconf 91' lang='lat' dir='ltr'><strong>sed</strong></span> <span class='ocrx_word' id='word_1_430' title='bbox 2956 2584 3137 2639; x_wconf 89' lang='lat' dir='ltr'><strong>omnia</strong></span> <span class='ocrx_word' id='word_1_431' title='bbox 3183 2600 3280 2640; x_wconf 90' lang='lat' dir='ltr'><strong>sua</strong></span> <span class='ocrx_word' id='word_1_432' title='bbox 3318 2585 3549 2648; x_wconf 85' lang='lat' dir='ltr'><strong>vendere</strong></span> <span class='ocrx_word' id='word_1_433' title='bbox 3581 2585 3860 2643; x_wconf 83' lang='lat' dir='ltr'><strong>festinavit</strong></span> 
     </span>
    </p>
   </div>
   <div class='ocr_carea' id='block_1_56' title="bbox 2266 2677 3854 2752">
    <p class='ocr_par' dir='ltr' id='par_1_56' title="bbox 2266 2677 3854 2752">
     <span class='ocr_line' id='line_1_56' title="bbox 2266 2677 3854 2752; baseline 0.003 -19"><span class='ocrx_word' id='word_1_434' title='bbox 2266 2677 2389 2748; x_wconf 91' lang='lat' dir='ltr'><strong>jure</strong></span> <span class='ocrx_word' id='word_1_435' title='bbox 2425 2680 2691 2752; x_wconf 87' lang='lat' dir='ltr'><strong>legitimo,</strong></span> <span class='ocrx_word' id='word_1_436' title='bbox 2740 2688 2799 2734; x_wconf 91' lang='lat' dir='ltr'><strong>ut</strong></span> <span class='ocrx_word' id='word_1_437' title='bbox 2829 2681 3083 2735; x_wconf 88' lang='lat' dir='ltr'><strong>thesauro</strong></span> <span class='ocrx_word' id='word_1_438' title='bbox 3112 2678 3275 2734; x_wconf 88' lang='lat' dir='ltr'><strong>simul</strong></span> <span class='ocrx_word' id='word_1_439' title='bbox 3311 2679 3581 2750; x_wconf 90' lang='lat' dir='ltr'><strong>potiretur</strong></span> <span class='ocrx_word' id='word_1_440' title='bbox 3614 2687 3672 2735; x_wconf 91' lang='lat' dir='ltr'><strong>et</strong></span> <span class='ocrx_word' id='word_1_441' title='bbox 3705 2695 3854 2752; x_wconf 84' lang='lat' dir='ltr'><strong>agro.</strong></span> 
     </span>
    </p>
   </div>
   <div class='ocr_carea' id='block_1_57' title="bbox 2273 2770 3858 2838">
    <p class='ocr_par' dir='ltr' id='par_1_57' title="bbox 2273 2770 3858 2838">
     <span class='ocr_line' id='line_1_57' title="bbox 2273 2770 3858 2838; baseline 0.001 -13"><span class='ocrx_word' id='word_1_442' title='bbox 2273 2770 2411 2838; x_wconf 88' lang='lat' dir='ltr'><strong>Quia</strong></span> <span class='ocrx_word' id='word_1_443' title='bbox 2441 2788 2542 2828; x_wconf 91' lang='lat' dir='ltr'><strong>nec</strong></span> <span class='ocrx_word' id='word_1_444' title='bbox 2571 2771 2883 2827; x_wconf 90' lang='lat' dir='ltr'><strong>humanitas</strong></span> <span class='ocrx_word' id='word_1_445' title='bbox 2919 2770 3122 2826; x_wconf 90' lang='lat' dir='ltr'><strong>Christi</strong></span> <span class='ocrx_word' id='word_1_446' title='bbox 3166 2770 3283 2826; x_wconf 86' lang='lat' dir='ltr'><strong>sine</strong></span> <span class='ocrx_word' id='word_1_447' title='bbox 3311 2770 3613 2836; x_wconf 87' lang='lat' dir='ltr'><strong>divinitate,</strong></span> <span class='ocrx_word' id='word_1_448' title='bbox 3647 2787 3762 2834; x_wconf 83' lang='lat' dir='ltr'><strong>nec</strong></span> <span class='ocrx_word' id='word_1_449' title='bbox 3785 2772 3858 2828; x_wconf 85' lang='lat' dir='ltr'><strong>di-</strong></span> 
     </span>
    </p>
   </div>
   <div class='ocr_carea' id='block_1_58' title="bbox 2271 2863 3856 2935">
    <p class='ocr_par' dir='ltr' id='par_1_58' title="bbox 2271 2863 3856 2935">
     <span class='ocr_line' id='line_1_58' title="bbox 2271 2863 3856 2935; baseline 0.002 -18"><span class='ocrx_word' id='word_1_450' title='bbox 2271 2863 2466 2918; x_wconf 88' lang='lat' dir='ltr'><strong>vinitas</strong></span> <span class='ocrx_word' id='word_1_451' title='bbox 2511 2863 2627 2919; x_wconf 89' lang='lat' dir='ltr'><strong>sine</strong></span> <span class='ocrx_word' id='word_1_452' title='bbox 2671 2863 3010 2918; x_wconf 89' lang='lat' dir='ltr'><strong>humanitate</strong></span> <span class='ocrx_word' id='word_1_453' title='bbox 3038 2863 3091 2917; x_wconf 92' lang='lat' dir='ltr'><strong>in</strong></span> <span class='ocrx_word' id='word_1_454' title='bbox 3136 2877 3244 2918; x_wconf 90' lang='lat' dir='ltr'><strong>una</strong></span> <span class='ocrx_word' id='word_1_455' title='bbox 3290 2863 3586 2934; x_wconf 89' lang='lat' dir='ltr'><strong>eademque</strong></span> <span class='ocrx_word' id='word_1_456' title='bbox 3621 2879 3856 2935; x_wconf 80' lang='lat' dir='ltr'><strong>persona</strong></span> 
     </span>
    </p>
   </div>
   <div class='ocr_carea' id='block_1_59' title="bbox 2271 2954 3857 3027">
    <p class='ocr_par' dir='ltr' id='par_1_59' title="bbox 2271 2954 3857 3027">
     <span class='ocr_line' id='line_1_59' title="bbox 2271 2954 3857 3027; baseline 0.002 -17"><span class='ocrx_word' id='word_1_457' title='bbox 2271 2956 2506 3027; x_wconf 88' lang='lat' dir='ltr'><strong>legitime</strong></span> <span class='ocrx_word' id='word_1_458' title='bbox 2544 2957 2793 3012; x_wconf 89' lang='lat' dir='ltr'><strong>habetur.</strong></span> <span class='ocrx_word' id='word_1_459' title='bbox 2825 2955 2893 3010; x_wconf 88' lang='lat' dir='ltr'><strong>Et</strong></span> <span class='ocrx_word' id='word_1_460' title='bbox 2919 2955 3039 3011; x_wconf 90' lang='lat' dir='ltr'><strong>ideo</strong></span> <span class='ocrx_word' id='word_1_461' title='bbox 3076 2955 3142 3011; x_wconf 91' lang='lat' dir='ltr'><strong>de</strong></span> <span class='ocrx_word' id='word_1_462' title='bbox 3178 2954 3396 3011; x_wconf 88' lang='lat' dir='ltr'><strong>Christo</strong></span> <span class='ocrx_word' id='word_1_463' title='bbox 3421 2971 3648 3026; x_wconf 90' lang='lat' dir='ltr'><strong>prorsus</strong></span> <span class='ocrx_word' id='word_1_464' title='bbox 3678 2957 3857 3013; x_wconf 89' lang='lat' dir='ltr'><strong>omnis</strong></span> 
     </span>
    </p>
   </div>
   <div class='ocr_carea' id='block_1_60' title="bbox 2257 3047 3858 3120">
    <p class='ocr_par' dir='ltr' id='par_1_60' title="bbox 2257 3047 3858 3120">
     <span class='ocr_line' id='line_1_60' title="bbox 2257 3047 3858 3120; baseline 0.002 -18"><span class='ocrx_word' id='word_1_465' title='bbox 2257 3054 2353 3104; x_wconf 72' lang='lat' dir='ltr'><strong>&quot;est</strong></span> <span class='ocrx_word' id='word_1_466' title='bbox 2376 3048 2579 3103; x_wconf 91' lang='lat' dir='ltr'><strong>inutilis</strong></span> <span class='ocrx_word' id='word_1_467' title='bbox 2603 3056 2658 3106; x_wconf 91' lang='lat' dir='ltr'><strong>et</strong></span> <span class='ocrx_word' id='word_1_468' title='bbox 2684 3064 2825 3103; x_wconf 90' lang='lat' dir='ltr'><strong>vana</strong></span> <span class='ocrx_word' id='word_1_469' title='bbox 2848 3047 3116 3104; x_wconf 86' lang='lat' dir='ltr'><strong>confessio</strong></span> <span class='ocrx_word' id='word_1_470' title='bbox 3131 3056 3292 3116; x_wconf 87' lang='lat' dir='ltr'><strong>atque</strong></span> <span class='ocrx_word' id='word_1_471' title='bbox 3318 3047 3501 3120; x_wconf 90' lang='lat' dir='ltr'><strong>impia,</strong></span> <span class='ocrx_word' id='word_1_472' title='bbox 3527 3064 3651 3119; x_wconf 70' lang='lat' dir='ltr'><strong>qua:</strong></span> <span class='ocrx_word' id='word_1_473' title='bbox 3676 3049 3858 3106; x_wconf 82' lang='lat' dir='ltr'><strong>Domi-</strong></span> 
     </span>
    </p>
   </div>
   <div class='ocr_carea' id='block_1_61' title="bbox 2270 3139 3857 3204">
    <p class='ocr_par' dir='ltr' id='par_1_61' title="bbox 2270 3139 3857 3204">
     <span class='ocr_line' id='line_1_61' title="bbox 2270 3139 3857 3204; baseline 0.003 -10"><span class='ocrx_word' id='word_1_474' title='bbox 2270 3156 2397 3195; x_wconf 92' lang='lat' dir='ltr'><strong>num</strong></span> <span class='ocrx_word' id='word_1_475' title='bbox 2427 3139 2701 3195; x_wconf 89' lang='lat' dir='ltr'><strong>Christum</strong></span> <span class='ocrx_word' id='word_1_476' title='bbox 2724 3140 2892 3195; x_wconf 89' lang='lat' dir='ltr'><strong>Deum</strong></span> <span class='ocrx_word' id='word_1_477' title='bbox 2924 3139 3314 3204; x_wconf 89' lang='lat' dir='ltr'><strong>tantummodo,</strong></span> <span class='ocrx_word' id='word_1_478' title='bbox 3346 3151 3440 3196; x_wconf 88' lang='lat' dir='ltr'><strong>aut</strong></span> <span class='ocrx_word' id='word_1_479' title='bbox 3459 3141 3747 3197; x_wconf 87' lang='lat' dir='ltr'><strong>hominem</strong></span> <span class='ocrx_word' id='word_1_480' title='bbox 3778 3157 3857 3198; x_wconf 88' lang='lat' dir='ltr'><strong>so-</strong></span> 
     </span>
    </p>
   </div>
   <div class='ocr_carea' id='block_1_62' title="bbox 588 3213 3855 3301">
    <p class='ocr_par' dir='ltr' id='par_1_62' title="bbox 588 3213 3855 3301">
     <span class='ocr_line' id='line_1_62' title="bbox 588 3213 3855 3301; baseline 0 -14"><span class='ocrx_word' id='word_1_481' title='bbox 588 3223 775 3287; x_wconf 81' lang='lat' dir='ltr'><strong>omnes</strong></span> <span class='ocrx_word' id='word_1_482' title='bbox 821 3231 1002 3287; x_wconf 60' lang='lat' dir='ltr'><strong>saeculi</strong></span> <span class='ocrx_word' id='word_1_483' title='bbox 1054 3229 1352 3295; x_wconf 89' lang='lat' dir='ltr'><strong>facultates,</strong></span> <span class='ocrx_word' id='word_1_484' title='bbox 1404 3240 1462 3284; x_wconf 89' lang='lat' dir='ltr'><strong>ut</strong></span> <span class='ocrx_word' id='word_1_485' title='bbox 1501 3237 1730 3285; x_wconf 83' lang='lat' dir='ltr'><strong>aeternas</strong></span> <span class='ocrx_word' id='word_1_486' title='bbox 1778 3230 2012 3286; x_wconf 66' lang='lat' dir='ltr'><strong>caelestis</strong></span> <span class='ocrx_word' id='word_1_487' title='bbox 2053 3231 2168 3286; x_wconf 87' lang='lat' dir='ltr'><strong>the-</strong></span> <span class='ocrx_word' id='word_1_488' title='bbox 2193 3213 2238 3277; x_wconf 85' lang='lat' dir='ltr'><strong>C</strong></span> <span class='ocrx_word' id='word_1_489' title='bbox 2269 3229 2400 3293; x_wconf 86' lang='lat' dir='ltr'><strong>lum,</strong></span> <span class='ocrx_word' id='word_1_490' title='bbox 2421 3247 2525 3286; x_wconf 93' lang='lat' dir='ltr'><strong>non</strong></span> <span class='ocrx_word' id='word_1_491' title='bbox 2543 3231 2783 3286; x_wconf 90' lang='lat' dir='ltr'><strong>etDeum</strong></span> <span class='ocrx_word' id='word_1_492' title='bbox 2808 3230 3025 3286; x_wconf 89' lang='lat' dir='ltr'><strong>fatetur.</strong></span> <span class='ocrx_word' id='word_1_493' title='bbox 3046 3230 3246 3301; x_wconf 85' lang='lat' dir='ltr'><strong>Agrum</strong></span> <span class='ocrx_word' id='word_1_494' title='bbox 3267 3238 3446 3286; x_wconf 90' lang='lat' dir='ltr'><strong>autem</strong></span> <span class='ocrx_word' id='word_1_495' title='bbox 3467 3247 3693 3288; x_wconf 88' lang='lat' dir='ltr'><strong>carnem</strong></span> <span class='ocrx_word' id='word_1_496' title='bbox 3710 3234 3855 3290; x_wconf 87' lang='lat' dir='ltr'><strong>Chri-</strong></span> 
     </span>
    </p>
   </div>
   <div class='ocr_carea' id='block_1_63' title="bbox 589 3319 2164 3389">
    <p class='ocr_par' dir='ltr' id='par_1_63' title="bbox 589 3319 2164 3389">
     <span class='ocr_line' id='line_1_63' title="bbox 589 3319 2164 3389; baseline 0.001 -14"><span class='ocrx_word' id='word_1_497' title='bbox 589 3320 734 3375; x_wconf 89' lang='lat' dir='ltr'><strong>sauri</strong></span> <span class='ocrx_word' id='word_1_498' title='bbox 767 3321 981 3376; x_wconf 89' lang='lat' dir='ltr'><strong>divitias</strong></span> <span class='ocrx_word' id='word_1_499' title='bbox 1005 3334 1394 3389; x_wconf 88' lang='lat' dir='ltr'><strong>comparemus.</strong></span> <span class='ocrx_word' id='word_1_500' title='bbox 1431 3319 1813 3376; x_wconf 84' lang='lat' dir='ltr'><strong>Verumtamen</strong></span> <span class='ocrx_word' id='word_1_501' title='bbox 1851 3319 2006 3377; x_wconf 91' lang='lat' dir='ltr'><strong>valde</strong></span> <span class='ocrx_word' id='word_1_502' title='bbox 2034 3336 2164 3376; x_wconf 89' lang='lat' dir='ltr'><strong>con-</strong></span> 
     </span>
    </p>
   </div>
   <div class='ocr_carea' id='block_1_64' title="bbox 588 3411 2162 3483">
    <p class='ocr_par' dir='ltr' id='par_1_64' title="bbox 588 3411 2162 3483">
     <span class='ocr_line' id='line_1_64' title="bbox 588 3411 2162 3483; baseline -0.003 -14"><span class='ocrx_word' id='word_1_503' title='bbox 588 3413 950 3478; x_wconf 87' lang='lat' dir='ltr'><strong>siderandum,</strong></span> <span class='ocrx_word' id='word_1_504' title='bbox 981 3412 1106 3483; x_wconf 91' lang='lat' dir='ltr'><strong>quia</strong></span> <span class='ocrx_word' id='word_1_505' title='bbox 1149 3426 1250 3466; x_wconf 92' lang='lat' dir='ltr'><strong>nec</strong></span> <span class='ocrx_word' id='word_1_506' title='bbox 1284 3412 1573 3466; x_wconf 89' lang='lat' dir='ltr'><strong>thesaurus</strong></span> <span class='ocrx_word' id='word_1_507' title='bbox 1611 3412 1728 3467; x_wconf 91' lang='lat' dir='ltr'><strong>sine</strong></span> <span class='ocrx_word' id='word_1_508' title='bbox 1773 3427 1904 3482; x_wconf 87' lang='lat' dir='ltr'><strong>agro</strong></span> <span class='ocrx_word' id='word_1_509' title='bbox 1943 3411 2162 3477; x_wconf 89' lang='lat' dir='ltr'><strong>emitur,</strong></span> 
     </span>
    </p>
   </div>
   <div class='ocr_carea' id='block_1_65' title="bbox 587 3502 2164 3576">
    <p class='ocr_par' dir='ltr' id='par_1_65' title="bbox 587 3502 2164 3576">
     <span class='ocr_line' id='line_1_65' title="bbox 587 3502 2164 3576; baseline 0 -18"><span class='ocrx_word' id='word_1_510' title='bbox 587 3521 687 3560; x_wconf 90' lang='lat' dir='ltr'><strong>nec</strong></span> <span class='ocrx_word' id='word_1_511' title='bbox 722 3520 849 3576; x_wconf 89' lang='lat' dir='ltr'><strong>ager</strong></span> <span class='ocrx_word' id='word_1_512' title='bbox 896 3503 1013 3559; x_wconf 91' lang='lat' dir='ltr'><strong>siue</strong></span> <span class='ocrx_word' id='word_1_513' title='bbox 1042 3504 1294 3557; x_wconf 90' lang='lat' dir='ltr'><strong>thesauro</strong></span> <span class='ocrx_word' id='word_1_514' title='bbox 1326 3502 1614 3556; x_wconf 91' lang='lat' dir='ltr'><strong>invenitur.</strong></span> <span class='ocrx_word' id='word_1_515' title='bbox 1652 3502 1894 3572; x_wconf 90' lang='lat' dir='ltr'><strong>Hincque</strong></span> <span class='ocrx_word' id='word_1_516' title='bbox 1940 3503 2164 3558; x_wconf 86' lang='lat' dir='ltr'><strong>damna-</strong></span> 
     </span>
    </p>
   </div>
   <div class='ocr_carea' id='block_1_66' title="bbox 587 3594 2166 3664">
    <p class='ocr_par' dir='ltr' id='par_1_66' title="bbox 587 3594 2166 3664">
     <span class='ocr_line' id='line_1_66' title="bbox 587 3594 2166 3664; baseline 0 -13"><span class='ocrx_word' id='word_1_517' title='bbox 587 3605 678 3652; x_wconf 92' lang='lat' dir='ltr'><strong>tur</strong></span> <span class='ocrx_word' id='word_1_518' title='bbox 703 3597 880 3652; x_wconf 83' lang='lat' dir='ltr'><strong>‘omnis</strong></span> <span class='ocrx_word' id='word_1_519' title='bbox 906 3595 1280 3651; x_wconf 67' lang='lat' dir='ltr'><strong>haereticorum</strong></span> <span class='ocrx_word' id='word_1_520' title='bbox 1310 3594 1567 3664; x_wconf 89' lang='lat' dir='ltr'><strong>pravitas,</strong></span> <span class='ocrx_word' id='word_1_521' title='bbox 1589 3595 1679 3664; x_wconf 89' lang='lat' dir='ltr'><strong>qui</strong></span> <span class='ocrx_word' id='word_1_522' title='bbox 1709 3595 1774 3650; x_wconf 91' lang='lat' dir='ltr'><strong>de</strong></span> <span class='ocrx_word' id='word_1_523' title='bbox 1797 3595 2166 3652; x_wconf 88' lang='lat' dir='ltr'><strong>incarnatione</strong></span> 
     </span>
    </p>
   </div>
   <div class='ocr_carea' id='block_1_67' title="bbox 585 3684 2169 3756">
    <p class='ocr_par' dir='ltr' id='par_1_67' title="bbox 585 3684 2169 3756">
     <span class='ocr_line' id='line_1_67' title="bbox 585 3684 2169 3756; baseline 0.001 -15"><span class='ocrx_word' id='word_1_524' title='bbox 585 3686 797 3741; x_wconf 87' lang='lat' dir='ltr'><strong>Domini</strong></span> <span class='ocrx_word' id='word_1_525' title='bbox 837 3684 974 3740; x_wconf 89' lang='lat' dir='ltr'><strong>male</strong></span> <span class='ocrx_word' id='word_1_526' title='bbox 1014 3684 1214 3756; x_wconf 90' lang='lat' dir='ltr'><strong>aliquid</strong></span> <span class='ocrx_word' id='word_1_527' title='bbox 1242 3693 1544 3748; x_wconf 90' lang='lat' dir='ltr'><strong>senserunt,</strong></span> <span class='ocrx_word' id='word_1_528' title='bbox 1577 3692 1630 3738; x_wconf 90' lang='lat' dir='ltr'><strong>et</strong></span> <span class='ocrx_word' id='word_1_529' title='bbox 1669 3685 1734 3740; x_wconf 89' lang='lat' dir='ltr'><strong>de</strong></span> <span class='ocrx_word' id='word_1_530' title='bbox 1775 3700 1938 3740; x_wconf 89' lang='lat' dir='ltr'><strong>carne</strong></span> <span class='ocrx_word' id='word_1_531' title='bbox 1962 3686 2169 3742; x_wconf 89' lang='lat' dir='ltr'><strong>dubita-</strong></span> 
     </span>
    </p>
   </div>
   <div class='ocr_carea' id='block_1_68' title="bbox 585 3775 2163 3847">
    <p class='ocr_par' dir='ltr' id='par_1_68' title="bbox 585 3775 2163 3847">
     <span class='ocr_line' id='line_1_68' title="bbox 585 3775 2163 3847; baseline 0.001 -15"><span class='ocrx_word' id='word_1_532' title='bbox 585 3785 799 3842; x_wconf 88' lang='lat' dir='ltr'><strong>verunt,</strong></span> <span class='ocrx_word' id='word_1_533' title='bbox 827 3776 1080 3847; x_wconf 89' lang='lat' dir='ltr'><strong>quoniam</strong></span> <span class='ocrx_word' id='word_1_534' title='bbox 1119 3791 1220 3830; x_wconf 90' lang='lat' dir='ltr'><strong>nec</strong></span> <span class='ocrx_word' id='word_1_535' title='bbox 1251 3790 1378 3831; x_wconf 90' lang='lat' dir='ltr'><strong>caro</strong></span> <span class='ocrx_word' id='word_1_536' title='bbox 1427 3776 1542 3846; x_wconf 89' lang='lat' dir='ltr'><strong>ejus</strong></span> <span class='ocrx_word' id='word_1_537' title='bbox 1581 3775 1698 3830; x_wconf 88' lang='lat' dir='ltr'><strong>sine</strong></span> <span class='ocrx_word' id='word_1_538' title='bbox 1733 3776 1990 3832; x_wconf 89' lang='lat' dir='ltr'><strong>thesauro</strong></span> <span class='ocrx_word' id='word_1_539' title='bbox 2025 3777 2163 3833; x_wconf 90' lang='lat' dir='ltr'><strong>divi-</strong></span> 
     </span>
    </p>
   </div>
   <div class='ocr_carea' id='block_1_69' title="bbox 583 3867 2165 3934">
    <p class='ocr_par' dir='ltr' id='par_1_69' title="bbox 583 3867 2165 3934">
     <span class='ocr_line' id='line_1_69' title="bbox 583 3867 2165 3934; baseline 0.001 -11"><span class='ocrx_word' id='word_1_540' title='bbox 583 3870 770 3924; x_wconf 88' lang='lat' dir='ltr'><strong>nitatis</strong></span> <span class='ocrx_word' id='word_1_541' title='bbox 791 3869 1041 3934; x_wconf 83' lang='lat' dir='ltr'><strong>habetur,</strong></span> <span class='ocrx_word' id='word_1_542' title='bbox 1071 3883 1171 3923; x_wconf 91' lang='lat' dir='ltr'><strong>nec</strong></span> <span class='ocrx_word' id='word_1_543' title='bbox 1199 3867 1486 3922; x_wconf 87' lang='lat' dir='ltr'><strong>thesaurus</strong></span> <span class='ocrx_word' id='word_1_544' title='bbox 1512 3867 1627 3922; x_wconf 88' lang='lat' dir='ltr'><strong>sine</strong></span> <span class='ocrx_word' id='word_1_545' title='bbox 1669 3869 1952 3924; x_wconf 88' lang='lat' dir='ltr'><strong>nativitate</strong></span> <span class='ocrx_word' id='word_1_546' title='bbox 1986 3871 2165 3925; x_wconf 90' lang='lat' dir='ltr'><strong>carnis</strong></span> 
     </span>
    </p>
   </div>
   <div class='ocr_carea' id='block_1_70' title="bbox 587 3959 2163 4030">
    <p class='ocr_par' dir='ltr' id='par_1_70' title="bbox 587 3959 2163 4030">
     <span class='ocr_line' id='line_1_70' title="bbox 587 3959 2163 4030; baseline 0.001 -16"><span class='ocrx_word' id='word_1_547' title='bbox 587 3973 652 4015; x_wconf 82' lang='lat' dir='ltr'><strong>ex</strong></span> <span class='ocrx_word' id='word_1_548' title='bbox 686 3968 842 4014; x_wconf 85' lang='lat' dir='ltr'><strong>utero</strong></span> <span class='ocrx_word' id='word_1_549' title='bbox 880 3959 1104 4030; x_wconf 88' lang='lat' dir='ltr'><strong>virginis</strong></span> <span class='ocrx_word' id='word_1_550' title='bbox 1137 3959 1426 4024; x_wconf 83' lang='lat' dir='ltr'><strong>invenitur,</strong></span> <span class='ocrx_word' id='word_1_551' title='bbox 1457 3967 1512 4013; x_wconf 92' lang='lat' dir='ltr'><strong>et</strong></span> <span class='ocrx_word' id='word_1_552' title='bbox 1547 3961 1796 4014; x_wconf 91' lang='lat' dir='ltr'><strong>inventus</strong></span> <span class='ocrx_word' id='word_1_553' title='bbox 1821 3961 2020 4015; x_wconf 90' lang='lat' dir='ltr'><strong>emitur</strong></span> <span class='ocrx_word' id='word_1_554' title='bbox 2058 3961 2163 4017; x_wconf 85' lang='lat' dir='ltr'><strong>fide</strong></span> 
     </span>
    </p>
   </div>
   <div class='ocr_carea' id='block_1_71' title="bbox 586 4051 2161 4122">
    <p class='ocr_par' dir='ltr' id='par_1_71' title="bbox 586 4051 2161 4122">
     <span class='ocr_line' id='line_1_71' title="bbox 586 4051 2161 4122; baseline -0.001 -14"><span class='ocrx_word' id='word_1_555' title='bbox 586 4069 651 4108; x_wconf 89' lang='lat' dir='ltr'><strong>ac</strong></span> <span class='ocrx_word' id='word_1_556' title='bbox 675 4051 829 4108; x_wconf 89' lang='lat' dir='ltr'><strong>bonis</strong></span> <span class='ocrx_word' id='word_1_557' title='bbox 865 4051 1134 4122; x_wconf 90' lang='lat' dir='ltr'><strong>operibus.</strong></span> <span class='ocrx_word' id='word_1_558' title='bbox 1163 4051 1331 4119; x_wconf 89' lang='lat' dir='ltr'><strong>Quem</strong></span> <span class='ocrx_word' id='word_1_559' title='bbox 1355 4053 1666 4106; x_wconf 89' lang='lat' dir='ltr'><strong>thesaurum</strong></span> <span class='ocrx_word' id='word_1_560' title='bbox 1697 4051 1974 4121; x_wconf 72' lang='lat' dir='ltr'><strong>sapientiae</strong></span> <span class='ocrx_word' id='word_1_561' title='bbox 1999 4061 2161 4122; x_wconf 89' lang='lat' dir='ltr'><strong>atque</strong></span> 
     </span>
    </p>
   </div>
   <div class='ocr_carea' id='block_1_72' title="bbox 587 4144 2160 4215">
    <p class='ocr_par' dir='ltr' id='par_1_72' title="bbox 587 4144 2160 4215">
     <span class='ocr_line' id='line_1_72' title="bbox 587 4144 2160 4215; baseline 0.001 -15"><span class='ocrx_word' id='word_1_562' title='bbox 587 4145 824 4201; x_wconf 68' lang='lat' dir='ltr'><strong>scientiae</strong></span> <span class='ocrx_word' id='word_1_563' title='bbox 844 4146 933 4215; x_wconf 91' lang='lat' dir='ltr'><strong>qui</strong></span> <span class='ocrx_word' id='word_1_564' title='bbox 962 4144 1376 4214; x_wconf 88' lang='lat' dir='ltr'><strong>deprehenderit</strong></span> <span class='ocrx_word' id='word_1_565' title='bbox 1419 4145 1558 4199; x_wconf 92' lang='lat' dir='ltr'><strong>bono</strong></span> <span class='ocrx_word' id='word_1_566' title='bbox 1581 4145 1633 4198; x_wconf 93' lang='lat' dir='ltr'><strong>in</strong></span> <span class='ocrx_word' id='word_1_567' title='bbox 1681 4144 1897 4200; x_wconf 89' lang='lat' dir='ltr'><strong>Christo</strong></span> <span class='ocrx_word' id='word_1_568' title='bbox 1924 4146 2160 4214; x_wconf 89' lang='lat' dir='ltr'><strong>homine,</strong></span> 
     </span>
    </p>
   </div>
   <div class='ocr_carea' id='block_1_73' title="bbox 585 4232 2161 4304">
    <p class='ocr_par' dir='ltr' id='par_1_73' title="bbox 585 4232 2161 4304">
     <span class='ocr_line' id='line_1_73' title="bbox 585 4232 2161 4304; baseline 0.003 -17"><span class='ocrx_word' id='word_1_569' title='bbox 585 4234 742 4289; x_wconf 89' lang='lat' dir='ltr'><strong>valde</strong></span> <span class='ocrx_word' id='word_1_570' title='bbox 771 4233 1140 4288; x_wconf 91' lang='lat' dir='ltr'><strong>absconditum</strong></span> <span class='ocrx_word' id='word_1_571' title='bbox 1177 4248 1275 4303; x_wconf 89' lang='lat' dir='ltr'><strong>pro</strong></span> <span class='ocrx_word' id='word_1_572' title='bbox 1309 4232 1618 4287; x_wconf 89' lang='lat' dir='ltr'><strong>infirmitate</strong></span> <span class='ocrx_word' id='word_1_573' title='bbox 1645 4234 1824 4289; x_wconf 89' lang='lat' dir='ltr'><strong>carnis</strong></span> <span class='ocrx_word' id='word_1_574' title='bbox 1848 4235 2161 4304; x_wconf 89' lang='lat' dir='ltr'><strong>comproba-</strong></span> 
     </span>
    </p>
   </div>
   <div class='ocr_carea' id='block_1_74' title="bbox 582 4323 2158 4392">
    <p class='ocr_par' dir='ltr' id='par_1_74' title="bbox 582 4323 2158 4392">
     <span class='ocr_line' id='line_1_74' title="bbox 582 4323 2158 4392; baseline 0.004 -14"><span class='ocrx_word' id='word_1_575' title='bbox 582 4325 680 4378; x_wconf 84' lang='lat' dir='ltr'><strong>bit.</strong></span> <span class='ocrx_word' id='word_1_576' title='bbox 719 4323 822 4378; x_wconf 89' lang='lat' dir='ltr'><strong>Sed</strong></span> <span class='ocrx_word' id='word_1_577' title='bbox 849 4324 938 4392; x_wconf 94' lang='lat' dir='ltr'><strong>qui</strong></span> <span class='ocrx_word' id='word_1_578' title='bbox 979 4339 1102 4378; x_wconf 91' lang='lat' dir='ltr'><strong>eum</strong></span> <span class='ocrx_word' id='word_1_579' title='bbox 1132 4323 1340 4378; x_wconf 85' lang='lat' dir='ltr'><strong>invenit</strong></span> <span class='ocrx_word' id='word_1_580' title='bbox 1368 4324 1589 4380; x_wconf 87' lang='lat' dir='ltr'><strong>vaditet</strong></span> <span class='ocrx_word' id='word_1_581' title='bbox 1613 4325 1913 4392; x_wconf 91' lang='lat' dir='ltr'><strong>abscondit,</strong></span> <span class='ocrx_word' id='word_1_582' title='bbox 1951 4341 2020 4383; x_wconf 91' lang='lat' dir='ltr'><strong>ne</strong></span> <span class='ocrx_word' id='word_1_583' title='bbox 2057 4343 2158 4384; x_wconf 84' lang='lat' dir='ltr'><strong>au-</strong></span> 
     </span>
    </p>
   </div>
   <div class='ocr_carea' id='block_1_75' title="bbox 585 4413 2158 4485">
    <p class='ocr_par' dir='ltr' id='par_1_75' title="bbox 585 4413 2158 4485">
     <span class='ocr_line' id='line_1_75' title="bbox 585 4413 2158 4485; baseline 0.007 -18"><span class='ocrx_word' id='word_1_584' title='bbox 585 4413 713 4468; x_wconf 89' lang='lat' dir='ltr'><strong>ferri</strong></span> <span class='ocrx_word' id='word_1_585' title='bbox 741 4415 954 4469; x_wconf 91' lang='lat' dir='ltr'><strong>interim</strong></span> <span class='ocrx_word' id='word_1_586' title='bbox 985 4416 1153 4485; x_wconf 90' lang='lat' dir='ltr'><strong>possit</strong></span> <span class='ocrx_word' id='word_1_587' title='bbox 1190 4415 1452 4482; x_wconf 91' lang='lat' dir='ltr'><strong>clanculo,</strong></span> <span class='ocrx_word' id='word_1_588' title='bbox 1487 4433 1554 4472; x_wconf 91' lang='lat' dir='ltr'><strong>ne</strong></span> <span class='ocrx_word' id='word_1_589' title='bbox 1583 4416 1719 4472; x_wconf 84' lang='lat' dir='ltr'><strong>forte</strong></span> <span class='ocrx_word' id='word_1_590' title='bbox 1744 4419 1954 4475; x_wconf 89' lang='lat' dir='ltr'><strong>ablatus</strong></span> <span class='ocrx_word' id='word_1_591' title='bbox 1983 4435 2013 4475; x_wconf 91' lang='lat' dir='ltr'><strong>a</strong></span> <span class='ocrx_word' id='word_1_592' title='bbox 2054 4421 2158 4478; x_wconf 86' lang='lat' dir='ltr'><strong>fide</strong></span> 
     </span>
    </p>
   </div>
   <div class='ocr_carea' id='block_1_76' title="bbox 581 4501 2157 4572">
    <p class='ocr_par' dir='ltr' id='par_1_76' title="bbox 581 4501 2157 4572">
     <span class='ocr_line' id='line_1_76' title="bbox 581 4501 2157 4572; baseline 0.008 -17"><span class='ocrx_word' id='word_1_593' title='bbox 581 4501 650 4556; x_wconf 93' lang='lat' dir='ltr'><strong>de</strong></span> <span class='ocrx_word' id='word_1_594' title='bbox 678 4503 855 4556; x_wconf 82' lang='lat' dir='ltr'><strong>medio</strong></span> <span class='ocrx_word' id='word_1_595' title='bbox 883 4503 1017 4572; x_wconf 87' lang='lat' dir='ltr'><strong>agri,</strong></span> <span class='ocrx_word' id='word_1_596' title='bbox 1063 4505 1238 4558; x_wconf 92' lang='lat' dir='ltr'><strong>omnis</strong></span> <span class='ocrx_word' id='word_1_597' title='bbox 1264 4506 1474 4560; x_wconf 90' lang='lat' dir='ltr'><strong>emendi</strong></span> <span class='ocrx_word' id='word_1_598' title='bbox 1523 4507 1818 4563; x_wconf 89' lang='lat' dir='ltr'><strong>necessitas</strong></span> <span class='ocrx_word' id='word_1_599' title='bbox 1849 4516 1905 4564; x_wconf 89' lang='lat' dir='ltr'><strong>et</strong></span> <span class='ocrx_word' id='word_1_600' title='bbox 1930 4507 2157 4567; x_wconf 89' lang='lat' dir='ltr'><strong>facultas</strong></span> 
     </span>
    </p>
   </div>
   <div class='ocr_carea' id='block_1_77' title="bbox 582 4591 2160 4656">
    <p class='ocr_par' dir='ltr' id='par_1_77' title="bbox 582 4591 2160 4656">
     <span class='ocr_line' id='line_1_77' title="bbox 582 4591 2160 4656; baseline 0.008 -12"><span class='ocrx_word' id='word_1_601' title='bbox 582 4591 762 4647; x_wconf 91' lang='lat' dir='ltr'><strong>fructu</strong></span> <span class='ocrx_word' id='word_1_602' title='bbox 793 4603 976 4648; x_wconf 88' lang='lat' dir='ltr'><strong>careat</strong></span> <span class='ocrx_word' id='word_1_603' title='bbox 1006 4594 1349 4650; x_wconf 89' lang='lat' dir='ltr'><strong>inventionis.</strong></span> <span class='ocrx_word' id='word_1_604' title='bbox 1391 4595 1496 4650; x_wconf 89' lang='lat' dir='ltr'><strong>Sed</strong></span> <span class='ocrx_word' id='word_1_605' title='bbox 1527 4606 1587 4650; x_wconf 91' lang='lat' dir='ltr'><strong>ut</strong></span> <span class='ocrx_word' id='word_1_606' title='bbox 1614 4598 1689 4652; x_wconf 91' lang='lat' dir='ltr'><strong>rei</strong></span> <span class='ocrx_word' id='word_1_607' title='bbox 1722 4598 1796 4652; x_wconf 91' lang='lat' dir='ltr'><strong>ita</strong></span> <span class='ocrx_word' id='word_1_608' title='bbox 1823 4607 1877 4654; x_wconf 92' lang='lat' dir='ltr'><strong>et</strong></span> <span class='ocrx_word' id='word_1_609' title='bbox 1906 4601 2035 4656; x_wconf 90' lang='lat' dir='ltr'><strong>dicti</strong></span> <span class='ocrx_word' id='word_1_610' title='bbox 2059 4599 2160 4656; x_wconf 89' lang='lat' dir='ltr'><strong>fuit</strong></span> 
     </span>
    </p>
   </div>
   <div class='ocr_carea' id='block_1_78' title="bbox 582 4684 2159 4760">
    <p class='ocr_par' dir='ltr' id='par_1_78' title="bbox 582 4684 2159 4760">
     <span class='ocr_line' id='line_1_78' title="bbox 582 4684 2159 4760; baseline 0.005 -22"><span class='ocrx_word' id='word_1_611' title='bbox 582 4684 719 4738; x_wconf 88' lang='lat' dir='ltr'><strong>ratio</strong></span> <span class='ocrx_word' id='word_1_612' title='bbox 747 4684 1080 4754; x_wconf 88' lang='lat' dir='ltr'><strong>explicanda.</strong></span> <span class='ocrx_word' id='word_1_613' title='bbox 1111 4684 1372 4753; x_wconf 89' lang='lat' dir='ltr'><strong>Quoniam</strong></span> <span class='ocrx_word' id='word_1_614' title='bbox 1407 4685 1529 4742; x_wconf 93' lang='lat' dir='ltr'><strong>ideo</strong></span> <span class='ocrx_word' id='word_1_615' title='bbox 1567 4702 1751 4742; x_wconf 89' lang='lat' dir='ltr'><strong>rursus</strong></span> <span class='ocrx_word' id='word_1_616' title='bbox 1789 4703 1889 4759; x_wconf 88' lang='lat' dir='ltr'><strong>per</strong></span> <span class='ocrx_word' id='word_1_617' title='bbox 1915 4704 2038 4744; x_wconf 91' lang='lat' dir='ltr'><strong>eum</strong></span> <span class='ocrx_word' id='word_1_618' title='bbox 2065 4691 2159 4760; x_wconf 89' lang='lat' dir='ltr'><strong>qui</strong></span> 
     </span>
    </p>
   </div>
   <div class='ocr_carea' id='block_1_79' title="bbox 587 4777 2158 4856">
    <p class='ocr_par' dir='ltr' id='par_1_79' title="bbox 587 4777 2158 4856">
     <span class='ocr_line' id='line_1_79' title="bbox 587 4777 2158 4856; baseline 0.005 -24"><span class='ocrx_word' id='word_1_619' title='bbox 587 4777 808 4841; x_wconf 89' lang='lat' dir='ltr'><strong>invenit,</strong></span> <span class='ocrx_word' id='word_1_620' title='bbox 834 4777 1126 4834; x_wconf 85' lang='lat' dir='ltr'><strong>absconsus</strong></span> <span class='ocrx_word' id='word_1_621' title='bbox 1152 4786 1235 4834; x_wconf 89' lang='lat' dir='ltr'><strong>est</strong></span> <span class='ocrx_word' id='word_1_622' title='bbox 1257 4781 1558 4847; x_wconf 90' lang='lat' dir='ltr'><strong>thesaurus,</strong></span> <span class='ocrx_word' id='word_1_623' title='bbox 1585 4783 1711 4852; x_wconf 89' lang='lat' dir='ltr'><strong>quia</strong></span> <span class='ocrx_word' id='word_1_624' title='bbox 1740 4791 1797 4838; x_wconf 93' lang='lat' dir='ltr'><strong>et</strong></span> <span class='ocrx_word' id='word_1_625' title='bbox 1832 4798 2020 4856; x_wconf 90' lang='lat' dir='ltr'><strong>agrum</strong></span> <span class='ocrx_word' id='word_1_626' title='bbox 2039 4783 2158 4840; x_wconf 89' lang='lat' dir='ltr'><strong>&#39;emi</strong></span> 
     </span>
    </p>
   </div>
   <div class='ocr_carea' id='block_1_80' title="bbox 578 4869 2158 4939">
    <p class='ocr_par' dir='ltr' id='par_1_80' title="bbox 578 4869 2158 4939">
     <span class='ocr_line' id='line_1_80' title="bbox 578 4869 2158 4939; baseline 0.007 -17"><span class='ocrx_word' id='word_1_627' title='bbox 578 4869 866 4937; x_wconf 87' lang='lat' dir='ltr'><strong>oportebat</strong></span> <span class='ocrx_word' id='word_1_628' title='bbox 901 4869 954 4922; x_wconf 92' lang='lat' dir='ltr'><strong>in</strong></span> <span class='ocrx_word' id='word_1_629' title='bbox 979 4885 1086 4939; x_wconf 92' lang='lat' dir='ltr'><strong>quo</strong></span> <span class='ocrx_word' id='word_1_630' title='bbox 1113 4869 1420 4927; x_wconf 88' lang='lat' dir='ltr'><strong>divitiarum</strong></span> <span class='ocrx_word' id='word_1_631' title='bbox 1457 4874 1697 4929; x_wconf 90' lang='lat' dir='ltr'><strong>omnium</strong></span> <span class='ocrx_word' id='word_1_632' title='bbox 1724 4875 2158 4933; x_wconf 89' lang='lat' dir='ltr'><strong>abscondebatur</strong></span> 
     </span>
    </p>
   </div>
   <div class='ocr_carea' id='block_1_81' title="bbox 580 4957 2155 5034">
    <p class='ocr_par' dir='ltr' id='par_1_81' title="bbox 580 4957 2155 5034">
     <span class='ocr_line' id='line_1_81' title="bbox 580 4957 2155 5034; baseline 0.008 -24"><span class='ocrx_word' id='word_1_633' title='bbox 580 4957 886 5013; x_wconf 88' lang='lat' dir='ltr'><strong>thesaurus.</strong></span> <span class='ocrx_word' id='word_1_634' title='bbox 923 4959 1086 5030; x_wconf 77' lang='lat'><strong>600</strong></span> <span class='ocrx_word' id='word_1_635' title='bbox 1118 4958 1427 5016; x_wconf 91' lang='lat' dir='ltr'><strong>Thesaurus</strong></span> <span class='ocrx_word' id='word_1_636' title='bbox 1461 4963 1605 5017; x_wconf 90' lang='lat' dir='ltr'><strong>enim</strong></span> <span class='ocrx_word' id='word_1_637' title='bbox 1636 4963 1690 5017; x_wconf 93' lang='lat' dir='ltr'><strong>in</strong></span> <span class='ocrx_word' id='word_1_638' title='bbox 1738 4979 1890 5034; x_wconf 90' lang='lat' dir='ltr'><strong>agro,</strong></span> <span class='ocrx_word' id='word_1_639' title='bbox 1921 4975 1983 5021; x_wconf 91' lang='lat' dir='ltr'><strong>ut</strong></span> <span class='ocrx_word' id='word_1_640' title='bbox 2018 4966 2155 5022; x_wconf 86' lang='lat' dir='ltr'><strong>dixi-</strong></span> 
     </span>
    </p>
   </div>
   <div class='ocr_carea' id='block_1_82' title="bbox 581 5049 2152 5126">
    <p class='ocr_par' dir='ltr' id='par_1_82' title="bbox 581 5049 2152 5126">
     <span class='ocr_line' id='line_1_82' title="bbox 581 5049 2152 5126; baseline 0.007 -22"><span class='ocrx_word' id='word_1_641' title='bbox 581 5065 724 5116; x_wconf 90' lang='lat' dir='ltr'><strong>mus,</strong></span> <span class='ocrx_word' id='word_1_642' title='bbox 756 5049 1004 5105; x_wconf 89' lang='lat' dir='ltr'><strong>Christus</strong></span> <span class='ocrx_word' id='word_1_643' title='bbox 1047 5051 1360 5122; x_wconf 89' lang='lat' dir='ltr'><strong>intelligitur</strong></span> <span class='ocrx_word' id='word_1_644' title='bbox 1406 5054 1461 5107; x_wconf 89' lang='lat' dir='ltr'><strong>in</strong></span> <span class='ocrx_word' id='word_1_645' title='bbox 1505 5069 1690 5118; x_wconf 91' lang='lat' dir='ltr'><strong>carne,</strong></span> <span class='ocrx_word' id='word_1_646' title='bbox 1730 5055 1784 5110; x_wconf 92' lang='lat' dir='ltr'><strong>in</strong></span> <span class='ocrx_word' id='word_1_647' title='bbox 1830 5072 1938 5126; x_wconf 90' lang='lat' dir='ltr'><strong>quo</strong></span> <span class='ocrx_word' id='word_1_648' title='bbox 1974 5059 2152 5115; x_wconf 90' lang='lat' dir='ltr'><strong>omnis</strong></span> 
     </span>
    </p>
   </div>
   <div class='ocr_carea' id='block_1_83' title="bbox 575 5128 2170 5214">
    <p class='ocr_par' dir='ltr' id='par_1_83' title="bbox 575 5128 2170 5214">
     <span class='ocr_line' id='line_1_83' title="bbox 575 5128 2170 5214; baseline 0.006 -20"><span class='ocrx_word' id='word_1_649' title='bbox 575 5141 851 5212; x_wconf 88' lang='lat' dir='ltr'><strong>plenitudo</strong></span> <span class='ocrx_word' id='word_1_650' title='bbox 880 5142 1177 5196; x_wconf 86' lang='lat' dir='ltr'><strong>divinitatis</strong></span> <span class='ocrx_word' id='word_1_651' title='bbox 1205 5142 1471 5197; x_wconf 90' lang='lat' dir='ltr'><strong>inhabitat</strong></span> <span class='ocrx_word' id='word_1_652' title='bbox 1501 5144 1876 5214; x_wconf 87' lang='lat' dir='ltr'><strong>corporaliter,</strong></span> <span class='ocrx_word' id='word_1_653' title='bbox 1917 5157 1972 5203; x_wconf 91' lang='lat' dir='ltr'><strong>et</strong></span> <span class='ocrx_word' id='word_1_654' title='bbox 2011 5128 2170 5204; x_wconf 12' lang='lat' dir='ltr'><strong>cela-V</strong></span> 
     </span>
    </p>
   </div>
   <div class='ocr_carea' id='block_1_84' title="bbox 575 5233 2150 5308">
    <p class='ocr_par' dir='ltr' id='par_1_84' title="bbox 575 5233 2150 5308">
     <span class='ocr_line' id='line_1_84' title="bbox 575 5233 2150 5308; baseline 0.005 -21"><span class='ocrx_word' id='word_1_655' title='bbox 575 5242 663 5288; x_wconf 90' lang='lat' dir='ltr'><strong>tur</strong></span> <span class='ocrx_word' id='word_1_656' title='bbox 696 5233 1006 5290; x_wconf 90' lang='lat' dir='ltr'><strong>incredulis.</strong></span> <span class='ocrx_word' id='word_1_657' title='bbox 1037 5233 1205 5300; x_wconf 91' lang='lat' dir='ltr'><strong>Quem</strong></span> <span class='ocrx_word' id='word_1_658' title='bbox 1231 5233 1414 5303; x_wconf 88' lang='lat' dir='ltr'><strong>procul</strong></span> <span class='ocrx_word' id='word_1_659' title='bbox 1444 5233 1605 5291; x_wconf 91' lang='lat' dir='ltr'><strong>dubio</strong></span> <span class='ocrx_word' id='word_1_660' title='bbox 1627 5253 1816 5308; x_wconf 89' lang='lat' dir='ltr'><strong>agrum</strong></span> <span class='ocrx_word' id='word_1_661' title='bbox 1860 5238 2150 5306; x_wconf 84' lang='lat' dir='ltr'><strong>invenisse,</strong></span> 
     </span>
    </p>
   </div>
   <div class='ocr_carea' id='block_1_85' title="bbox 573 5325 2152 5400">
    <p class='ocr_par' dir='ltr' id='par_1_85' title="bbox 573 5325 2152 5400">
     <span class='ocr_line' id='line_1_85' title="bbox 573 5325 2152 5400; baseline 0.006 -23"><span class='ocrx_word' id='word_1_662' title='bbox 573 5325 866 5394; x_wconf 87' lang='lat' dir='ltr'><strong>gratuitum</strong></span> <span class='ocrx_word' id='word_1_663' title='bbox 891 5333 996 5391; x_wconf 91' lang='lat' dir='ltr'><strong>est,</strong></span> <span class='ocrx_word' id='word_1_664' title='bbox 1021 5325 1142 5394; x_wconf 91' lang='lat' dir='ltr'><strong>quia</strong></span> <span class='ocrx_word' id='word_1_665' title='bbox 1165 5325 1476 5396; x_wconf 84' lang='lat' dir='ltr'><strong>praedicatio</strong></span> <span class='ocrx_word' id='word_1_666' title='bbox 1492 5326 1764 5400; x_wconf 82' lang='lat' dir='ltr'><strong>Evangelii</strong></span> <span class='ocrx_word' id='word_1_667' title='bbox 1786 5331 1962 5386; x_wconf 91' lang='lat' dir='ltr'><strong>omnis</strong></span> <span class='ocrx_word' id='word_1_668' title='bbox 1983 5331 2036 5386; x_wconf 92' lang='lat' dir='ltr'><strong>in</strong></span> <span class='ocrx_word' id='word_1_669' title='bbox 2059 5331 2152 5387; x_wconf 90' lang='lat' dir='ltr'><strong>ab-</strong></span> 
     </span>
    </p>
   </div>
   <div class='ocr_carea' id='block_1_86' title="bbox 571 5417 2146 5492">
    <p class='ocr_par' dir='ltr' id='par_1_86' title="bbox 571 5417 2146 5492">
     <span class='ocr_line' id='line_1_86' title="bbox 571 5417 2146 5492; baseline 0.004 -20"><span class='ocrx_word' id='word_1_670' title='bbox 571 5417 749 5474; x_wconf 88' lang='lat' dir='ltr'><strong>soluto</strong></span> <span class='ocrx_word' id='word_1_671' title='bbox 777 5429 883 5485; x_wconf 90' lang='lat' dir='ltr'><strong>est,</strong></span> <span class='ocrx_word' id='word_1_672' title='bbox 923 5427 980 5474; x_wconf 91' lang='lat' dir='ltr'><strong>et</strong></span> <span class='ocrx_word' id='word_1_673' title='bbox 1015 5417 1186 5489; x_wconf 89' lang='lat' dir='ltr'><strong>gratis</strong></span> <span class='ocrx_word' id='word_1_674' title='bbox 1227 5418 1466 5474; x_wconf 73' lang='lat' dir='ltr'><strong>offertur.</strong></span> <span class='ocrx_word' id='word_1_675' title='bbox 1519 5419 1623 5476; x_wconf 90' lang='lat' dir='ltr'><strong>Sed</strong></span> <span class='ocrx_word' id='word_1_676' title='bbox 1670 5423 1852 5477; x_wconf 88' lang='lat' dir='ltr'><strong>utendi</strong></span> <span class='ocrx_word' id='word_1_677' title='bbox 1892 5430 1945 5477; x_wconf 90' lang='lat' dir='ltr'><strong>et</strong></span> <span class='ocrx_word' id='word_1_678' title='bbox 1972 5423 2146 5492; x_wconf 86' lang='lat' dir='ltr'><strong>possi-</strong></span> 
     </span>
    </p>
   </div>
   <div class='ocr_carea' id='block_1_87' title="bbox 573 5507 2149 5586">
    <p class='ocr_par' dir='ltr' id='par_1_87' title="bbox 573 5507 2149 5586">
     <span class='ocr_line' id='line_1_87' title="bbox 573 5507 2149 5586; baseline 0.006 -24"><span class='ocrx_word' id='word_1_679' title='bbox 573 5507 731 5563; x_wconf 86' lang='lat' dir='ltr'><strong>dendi</strong></span> <span class='ocrx_word' id='word_1_680' title='bbox 768 5510 1005 5564; x_wconf 89' lang='lat' dir='ltr'><strong>thesauri</strong></span> <span class='ocrx_word' id='word_1_681' title='bbox 1030 5509 1188 5579; x_wconf 86' lang='lat' dir='ltr'><strong>hujus</strong></span> <span class='ocrx_word' id='word_1_682' title='bbox 1224 5520 1463 5582; x_wconf 89' lang='lat' dir='ltr'><strong>potestas</strong></span> <span class='ocrx_word' id='word_1_683' title='bbox 1508 5528 1631 5568; x_wconf 90' lang='lat' dir='ltr'><strong>cum</strong></span> <span class='ocrx_word' id='word_1_684' title='bbox 1662 5529 1793 5584; x_wconf 89' lang='lat' dir='ltr'><strong>agro</strong></span> <span class='ocrx_word' id='word_1_685' title='bbox 1821 5530 1926 5570; x_wconf 92' lang='lat' dir='ltr'><strong>non</strong></span> <span class='ocrx_word' id='word_1_686' title='bbox 1969 5523 2149 5586; x_wconf 86' lang='lat' dir='ltr'><strong>potest</strong></span> 
     </span>
    </p>
   </div>
   <div class='ocr_carea' id='block_1_88' title="bbox 570 5598 2145 5669">
    <p class='ocr_par' dir='ltr' id='par_1_88' title="bbox 570 5598 2145 5669">
     <span class='ocr_line' id='line_1_88' title="bbox 570 5598 2145 5669; baseline 0.008 -21"><span class='ocrx_word' id='word_1_687' title='bbox 570 5611 691 5649; x_wconf 90' lang='lat' dir='ltr'><strong>esse</strong></span> <span class='ocrx_word' id='word_1_688' title='bbox 744 5598 859 5653; x_wconf 91' lang='lat' dir='ltr'><strong>sine</strong></span> <span class='ocrx_word' id='word_1_689' title='bbox 906 5601 1112 5668; x_wconf 88' lang='lat' dir='ltr'><strong>pretio;</strong></span> <span class='ocrx_word' id='word_1_690' title='bbox 1171 5601 1294 5669; x_wconf 92' lang='lat' dir='ltr'><strong>quia</strong></span> <span class='ocrx_word' id='word_1_691' title='bbox 1341 5602 1590 5658; x_wconf 77' lang='lat' dir='ltr'><strong>ctelestes</strong></span> <span class='ocrx_word' id='word_1_692' title='bbox 1633 5603 1834 5659; x_wconf 64' lang='lat' dir='ltr'><strong>divitiae</strong></span> <span class='ocrx_word' id='word_1_693' title='bbox 1880 5620 1986 5660; x_wconf 91' lang='lat' dir='ltr'><strong>non</strong></span> <span class='ocrx_word' id='word_1_694' title='bbox 2042 5605 2145 5662; x_wconf 91' lang='lat' dir='ltr'><strong>nisi</strong></span> 
     </span>
    </p>
   </div>
   <div class='ocr_carea' id='block_1_89' title="bbox 568 5683 1858 5760">
    <p class='ocr_par' dir='ltr' id='par_1_89' title="bbox 568 5683 1858 5760">
     <span class='ocr_line' id='line_1_89' title="bbox 568 5683 1858 5760; baseline 0.009 -23"><span class='ocrx_word' id='word_1_695' title='bbox 568 5683 768 5740; x_wconf 85' lang='lat' dir='ltr'><strong>damno</strong></span> <span class='ocrx_word' id='word_1_696' title='bbox 796 5690 975 5744; x_wconf 64' lang='lat' dir='ltr'><strong>saeculi</strong></span> <span class='ocrx_word' id='word_1_697' title='bbox 1003 5691 1364 5760; x_wconf 89' lang='lat' dir='ltr'><strong>possidentur.</strong></span> <span class='ocrx_word' id='word_1_698' title='bbox 1394 5687 1597 5748; x_wconf 87' lang='lat' dir='ltr'><strong>Idcirco</strong></span> <span class='ocrx_word' id='word_1_699' title='bbox 1625 5693 1822 5748; x_wconf 90' lang='lat' dir='ltr'><strong>dicitur</strong></span> <span class='ocrx_word' id='word_1_700' title='bbox 1846 5713 1858 5748; x_wconf 88' lang='lat'><strong>:</strong></span> 
     </span>
    </p>
   </div>
   <div class='ocr_carea' id='block_1_90' title="bbox 641 5776 2141 5857">
    <p class='ocr_par' dir='ltr' id='par_1_90' title="bbox 641 5776 2141 5857">
     <span class='ocr_line' id='line_1_90' title="bbox 641 5776 2141 5857; baseline 0.007 -25"><span class='ocrx_word' id='word_1_701' title='bbox 641 5776 806 5844; x_wconf 83' lang='lat' dir='ltr'><strong>Quem</strong></span> <span class='ocrx_word' id='word_1_702' title='bbox 820 5796 936 5835; x_wconf 86' lang='lat' dir='ltr'><strong>cum</strong></span> <span class='ocrx_word' id='word_1_703' title='bbox 961 5782 1212 5839; x_wconf 81' lang='lat' dir='ltr'><strong>invenerit</strong></span> <span class='ocrx_word' id='word_1_704' title='bbox 1235 5784 1390 5838; x_wconf 91' lang='lat' dir='ltr'><strong>homo</strong></span> <span class='ocrx_word' id='word_1_705' title='bbox 1423 5785 1715 5849; x_wconf 85' lang='lat' dir='ltr'><strong>abscondit,</strong></span> <span class='ocrx_word' id='word_1_706' title='bbox 1740 5795 1788 5839; x_wconf 88' lang='lat' dir='ltr'><strong>et</strong></span> <span class='ocrx_word' id='word_1_707' title='bbox 1809 5803 1917 5857; x_wconf 74' lang='lat' dir='ltr'><strong>pra:</strong></span> <span class='ocrx_word' id='word_1_708' title='bbox 1947 5789 2141 5857; x_wconf 87' lang='lat' dir='ltr'><strong>gaudio</strong></span> 
     </span>
    </p>
   </div>
   <div class='ocr_carea' id='block_1_91' title="bbox 2269 3321 3857 3393">
    <p class='ocr_par' dir='ltr' id='par_1_91' title="bbox 2269 3321 3857 3393">
     <span class='ocr_line' id='line_1_91' title="bbox 2269 3321 3857 3393; baseline 0 -16"><span class='ocrx_word' id='word_1_709' title='bbox 2269 3323 2336 3377; x_wconf 91' lang='lat' dir='ltr'><strong>sti</strong></span> <span class='ocrx_word' id='word_1_710' title='bbox 2361 3321 2656 3393; x_wconf 85' lang='lat' dir='ltr'><strong>ﬁguraliter</strong></span> <span class='ocrx_word' id='word_1_711' title='bbox 2685 3322 2976 3387; x_wconf 90' lang='lat' dir='ltr'><strong>nominari,</strong></span> <span class='ocrx_word' id='word_1_712' title='bbox 3015 3330 3070 3376; x_wconf 90' lang='lat' dir='ltr'><strong>et</strong></span> <span class='ocrx_word' id='word_1_713' title='bbox 3105 3336 3343 3391; x_wconf 63' lang='lat' dir='ltr'><strong>praesens</strong></span> <span class='ocrx_word' id='word_1_714' title='bbox 3371 3321 3575 3378; x_wconf 76' lang='lat' dir='ltr'><strong>indicat</strong></span> <span class='ocrx_word' id='word_1_715' title='bbox 3600 3322 3782 3389; x_wconf 90' lang='lat' dir='ltr'><strong>locus,</strong></span> <span class='ocrx_word' id='word_1_716' title='bbox 3805 3331 3857 3378; x_wconf 88' lang='lat' dir='ltr'><strong>et</strong></span> 
     </span>
    </p>
   </div>
   <div class='ocr_carea' id='block_1_92' title="bbox 2268 3414 3856 3487">
    <p class='ocr_par' dir='ltr' id='par_1_92' title="bbox 2268 3414 3856 3487">
     <span class='ocr_line' id='line_1_92' title="bbox 2268 3414 3856 3487; baseline 0.001 -18"><span class='ocrx_word' id='word_1_717' title='bbox 2268 3415 2435 3469; x_wconf 88' lang='lat' dir='ltr'><strong>multa</strong></span> <span class='ocrx_word' id='word_1_718' title='bbox 2474 3415 2575 3469; x_wconf 90' lang='lat' dir='ltr'><strong>alia</strong></span> <span class='ocrx_word' id='word_1_719' title='bbox 2607 3414 3008 3484; x_wconf 89' lang='lat' dir='ltr'><strong>Scripturarum</strong></span> <span class='ocrx_word' id='word_1_720' title='bbox 3035 3414 3362 3470; x_wconf 90' lang='lat' dir='ltr'><strong>testimonia.</strong></span> <span class='ocrx_word' id='word_1_721' title='bbox 3400 3414 3475 3469; x_wconf 89' lang='lat' dir='ltr'><strong>De</strong></span> <span class='ocrx_word' id='word_1_722' title='bbox 3515 3416 3621 3470; x_wconf 92' lang='lat' dir='ltr'><strong>hoc</strong></span> <span class='ocrx_word' id='word_1_723' title='bbox 3655 3417 3856 3487; x_wconf 89' lang='lat' dir='ltr'><strong>quippe</strong></span> 
     </span>
    </p>
   </div>
   <div class='ocr_carea' id='block_1_93' title="bbox 2268 3507 3854 3576">
    <p class='ocr_par' dir='ltr' id='par_1_93' title="bbox 2268 3507 3854 3576">
     <span class='ocr_line' id='line_1_93' title="bbox 2268 3507 3854 3576; baseline 0.003 -17"><span class='ocrx_word' id='word_1_724' title='bbox 2268 3521 2397 3576; x_wconf 89' lang='lat' dir='ltr'><strong>agro</strong></span> <span class='ocrx_word' id='word_1_725' title='bbox 2428 3507 2658 3562; x_wconf 83' lang='lat' dir='ltr'><strong>maxime</strong></span> <span class='ocrx_word' id='word_1_726' title='bbox 2683 3507 2832 3562; x_wconf 85' lang='lat' dir='ltr'><strong>Isaac</strong></span> <span class='ocrx_word' id='word_1_727' title='bbox 2870 3507 2923 3561; x_wconf 92' lang='lat' dir='ltr'><strong>in</strong></span> <span class='ocrx_word' id='word_1_728' title='bbox 2964 3507 3077 3562; x_wconf 91' lang='lat' dir='ltr'><strong>suis</strong></span> <span class='ocrx_word' id='word_1_729' title='bbox 3106 3507 3568 3564; x_wconf 88' lang='lat' dir='ltr'><strong>benedictionibus</strong></span> <span class='ocrx_word' id='word_1_730' title='bbox 3599 3517 3854 3574; x_wconf 90' lang='lat' dir='ltr'><strong>testatur,</strong></span> 
     </span>
    </p>
   </div>
   <div class='ocr_carea' id='block_1_94' title="bbox 2268 3594 3856 3666">
    <p class='ocr_par' dir='ltr' id='par_1_94' title="bbox 2268 3594 3856 3666">
     <span class='ocr_line' id='line_1_94' title="bbox 2268 3594 3856 3666; baseline -0.001 -16"><span class='ocrx_word' id='word_1_731' title='bbox 2268 3595 2488 3650; x_wconf 90' lang='lat' dir='ltr'><strong>dicens:</strong></span> <span class='ocrx_word' id='word_1_732' title='bbox 2518 3594 2651 3649; x_wconf 84' lang='lat' dir='ltr'><strong>Ecce</strong></span> <span class='ocrx_word' id='word_1_733' title='bbox 2689 3595 2819 3648; x_wconf 89' lang='lat' dir='ltr'><strong>odor</strong></span> <span class='ocrx_word' id='word_1_734' title='bbox 2853 3594 2952 3664; x_wconf 75' lang='lat' dir='ltr'><strong>filii</strong></span> <span class='ocrx_word' id='word_1_735' title='bbox 2985 3596 3105 3661; x_wconf 89' lang='lat' dir='ltr'><strong>mei,</strong></span> <span class='ocrx_word' id='word_1_736' title='bbox 3141 3596 3272 3650; x_wconf 81' lang='lat' dir='ltr'><strong>sicut</strong></span> <span class='ocrx_word' id='word_1_737' title='bbox 3306 3595 3439 3650; x_wconf 88' lang='lat' dir='ltr'><strong>odor</strong></span> <span class='ocrx_word' id='word_1_738' title='bbox 3460 3597 3576 3666; x_wconf 88' lang='lat' dir='ltr'><strong>agri</strong></span> <span class='ocrx_word' id='word_1_739' title='bbox 3594 3596 3744 3666; x_wconf 83' lang='lat' dir='ltr'><strong>pleni</strong></span> <span class='ocrx_word' id='word_1_740' title='bbox 3777 3597 3856 3650; x_wconf 83' lang='lat' dir='ltr'><strong>cui</strong></span> 
     </span>
    </p>
   </div>
   <div class='ocr_carea' id='block_1_95' title="bbox 2269 3683 3856 3756">
    <p class='ocr_par' dir='ltr' id='par_1_95' title="bbox 2269 3683 3856 3756">
     <span class='ocr_line' id='line_1_95' title="bbox 2269 3683 3856 3756; baseline 0.001 -17"><span class='ocrx_word' id='word_1_741' title='bbox 2269 3685 2526 3739; x_wconf 74' lang='lat' dir='ltr'><strong>benedixit</strong></span> <span class='ocrx_word' id='word_1_742' title='bbox 2555 3684 2696 3740; x_wconf 87' lang='lat' dir='ltr'><strong>Deus</strong></span> <span class='ocrx_word' id='word_1_743' title='bbox 2729 3683 2885 3756; x_wconf 82' lang='lat' dir='ltr'><strong>(Gen.</strong></span> <span class='ocrx_word' id='word_1_744' title='bbox 2914 3700 3084 3751; x_wconf 83' lang='lat' dir='ltr'><strong>xxvu,</strong></span> <span class='ocrx_word' id='word_1_745' title='bbox 3107 3685 3222 3756; x_wconf 73' lang='lat'><strong>27).</strong></span> <span class='ocrx_word' id='word_1_746' title='bbox 3259 3685 3394 3740; x_wconf 84' lang='lat' dir='ltr'><strong>Nam</strong></span> <span class='ocrx_word' id='word_1_747' title='bbox 3425 3701 3623 3756; x_wconf 90' lang='lat' dir='ltr'><strong>corpus</strong></span> <span class='ocrx_word' id='word_1_748' title='bbox 3646 3685 3856 3742; x_wconf 90' lang='lat' dir='ltr'><strong>Christi</strong></span> 
     </span>
    </p>
   </div>
   <div class='ocr_carea' id='block_1_96' title="bbox 2265 3773 3852 3848">
    <p class='ocr_par' dir='ltr' id='par_1_96' title="bbox 2265 3773 3852 3848">
     <span class='ocr_line' id='line_1_96' title="bbox 2265 3773 3852 3848; baseline -0.001 -19"><span class='ocrx_word' id='word_1_749' title='bbox 2265 3775 2423 3848; x_wconf 72' lang='grc' dir='ltr'><strong>θοι</strong></span> <span class='ocrx_word' id='word_1_750' title='bbox 2456 3774 2665 3846; x_wconf 89' lang='lat' dir='ltr'><strong>magnis</strong></span> <span class='ocrx_word' id='word_1_751' title='bbox 2692 3774 3023 3830; x_wconf 89' lang='lat' dir='ltr'><strong>diversarum</strong></span> <span class='ocrx_word' id='word_1_752' title='bbox 3051 3775 3309 3830; x_wconf 90' lang='lat' dir='ltr'><strong>virtutum</strong></span> <span class='ocrx_word' id='word_1_753' title='bbox 3341 3773 3537 3846; x_wconf 85' lang='lat' dir='ltr'><strong>flagrat</strong></span> <span class='ocrx_word' id='word_1_754' title='bbox 3560 3774 3852 3837; x_wconf 89' lang='lat' dir='ltr'><strong>odoribus;</strong></span> 
     </span>
    </p>
   </div>
   <div class='ocr_carea' id='block_1_97' title="bbox 2265 3864 3857 3936">
    <p class='ocr_par' dir='ltr' id='par_1_97' title="bbox 2265 3864 3857 3936">
     <span class='ocr_line' id='line_1_97' title="bbox 2265 3864 3857 3936; baseline -0.001 -16"><span class='ocrx_word' id='word_1_755' title='bbox 2265 3866 2409 3920; x_wconf 91' lang='lat' dir='ltr'><strong>unde</strong></span> <span class='ocrx_word' id='word_1_756' title='bbox 2431 3865 2723 3936; x_wconf 81' lang='lat' dir='ltr'><strong>Apostolus</strong></span> <span class='ocrx_word' id='word_1_757' title='bbox 2759 3883 2773 3920; x_wconf 90' lang='lat'><strong>:</strong></span> <span class='ocrx_word' id='word_1_758' title='bbox 2808 3864 3024 3930; x_wconf 85' lang='lat' dir='ltr'><strong>Christi,</strong></span> <span class='ocrx_word' id='word_1_759' title='bbox 3069 3864 3267 3934; x_wconf 88' lang='lat' dir='ltr'><strong>inquit,</strong></span> <span class='ocrx_word' id='word_1_760' title='bbox 3313 3864 3476 3919; x_wconf 82' lang='lat' dir='ltr'><strong>bonus</strong></span> <span class='ocrx_word' id='word_1_761' title='bbox 3509 3864 3643 3918; x_wconf 88' lang='lat' dir='ltr'><strong>odor</strong></span> <span class='ocrx_word' id='word_1_762' title='bbox 3671 3880 3857 3919; x_wconf 76' lang='lat' dir='ltr'><strong>sumus</strong></span> 
     </span>
    </p>
   </div>
   <div class='ocr_carea' id='block_1_98' title="bbox 2264 3953 3854 4027">
    <p class='ocr_par' dir='ltr' id='par_1_98' title="bbox 2264 3953 3854 4027">
     <span class='ocr_line' id='line_1_98' title="bbox 2264 3953 3854 4027; baseline -0.001 -19"><span class='ocrx_word' id='word_1_763' title='bbox 2264 3953 2374 4008; x_wconf 89' lang='lat' dir='ltr'><strong>Deo</strong></span> <span class='ocrx_word' id='word_1_764' title='bbox 2399 3953 2483 4027; x_wconf 90' lang='lat' dir='ltr'><strong>(II</strong></span> <span class='ocrx_word' id='word_1_765' title='bbox 2507 3954 2628 4009; x_wconf 85' lang='lat' dir='ltr'><strong>Cor.</strong></span> <span class='ocrx_word' id='word_1_766' title='bbox 2659 3971 2719 4021; x_wconf 85' lang='grc' dir='ltr'><strong>ιι,</strong></span> <span class='ocrx_word' id='word_1_767' title='bbox 2752 3954 2880 4026; x_wconf 82' lang='grc'><strong>15);</strong></span> <span class='ocrx_word' id='word_1_768' title='bbox 2913 3954 3042 4010; x_wconf 89' lang='lat' dir='ltr'><strong>hinc</strong></span> <span class='ocrx_word' id='word_1_769' title='bbox 3085 3953 3325 4010; x_wconf 87' lang='lat' dir='ltr'><strong>Ecclesia</strong></span> <span class='ocrx_word' id='word_1_770' title='bbox 3377 3955 3431 4010; x_wconf 92' lang='lat' dir='ltr'><strong>in</strong></span> <span class='ocrx_word' id='word_1_771' title='bbox 3477 3953 3762 4010; x_wconf 87' lang='lat' dir='ltr'><strong>Canticis:</strong></span> <span class='ocrx_word' id='word_1_772' title='bbox 3792 3954 3854 4007; x_wconf 77' lang='lat' dir='ltr'><strong>In</strong></span> 
     </span>
    </p>
   </div>
   <div class='ocr_carea' id='block_1_99' title="bbox 2266 4045 3855 4117">
    <p class='ocr_par' dir='ltr' id='par_1_99' title="bbox 2266 4045 3855 4117">
     <span class='ocr_line' id='line_1_99' title="bbox 2266 4045 3855 4117; baseline 0.001 -19"><span class='ocrx_word' id='word_1_773' title='bbox 2266 4045 2456 4112; x_wconf 86' lang='lat' dir='ltr'><strong>odore,</strong></span> <span class='ocrx_word' id='word_1_774' title='bbox 2505 4046 2612 4112; x_wconf 84' lang='lat' dir='ltr'><strong>ait,</strong></span> <span class='ocrx_word' id='word_1_775' title='bbox 2650 4055 2762 4117; x_wconf 87' lang='lat' dir='ltr'><strong>post</strong></span> <span class='ocrx_word' id='word_1_776' title='bbox 2789 4055 2866 4113; x_wconf 91' lang='lat' dir='ltr'><strong>te,</strong></span> <span class='ocrx_word' id='word_1_777' title='bbox 2909 4054 3293 4117; x_wconf 85' lang='lat' dir='ltr'><strong>unguentorum</strong></span> <span class='ocrx_word' id='word_1_778' title='bbox 3339 4055 3548 4100; x_wconf 85' lang='lat' dir='ltr'><strong>tuorum</strong></span> <span class='ocrx_word' id='word_1_779' title='bbox 3589 4047 3855 4100; x_wconf 84' lang='lat' dir='ltr'><strong>currimus</strong></span> 
     </span>
    </p>
   </div>
   <div class='ocr_carea' id='block_1_100' title="bbox 2265 4135 3858 4209">
    <p class='ocr_par' dir='ltr' id='par_1_100' title="bbox 2265 4135 3858 4209">
     <span class='ocr_line' id='line_1_100' title="bbox 2265 4135 3858 4209; baseline 0.001 -17"><span class='ocrx_word' id='word_1_780' title='bbox 2265 4135 2443 4203; x_wconf 84' lang='lat' dir='ltr'><strong>(Cant.</strong></span> <span class='ocrx_word' id='word_1_781' title='bbox 2473 4154 2510 4202; x_wconf 86' lang='grc' dir='ltr'><strong>ι,</strong></span> <span class='ocrx_word' id='word_1_782' title='bbox 2536 4137 2614 4207; x_wconf 79' lang='grc'><strong>4).</strong></span> <span class='ocrx_word' id='word_1_783' title='bbox 2640 4137 2774 4192; x_wconf 86' lang='lat' dir='ltr'><strong>Nam</strong></span> <span class='ocrx_word' id='word_1_784' title='bbox 2801 4138 2868 4192; x_wconf 92' lang='lat' dir='ltr'><strong>de</strong></span> <span class='ocrx_word' id='word_1_785' title='bbox 2889 4138 3047 4209; x_wconf 89' lang='lat' dir='ltr'><strong>hujus</strong></span> <span class='ocrx_word' id='word_1_786' title='bbox 3075 4137 3187 4208; x_wconf 90' lang='lat' dir='ltr'><strong>agri</strong></span> <span class='ocrx_word' id='word_1_787' title='bbox 3208 4136 3606 4207; x_wconf 89' lang='lat' dir='ltr'><strong>pulchritudine</strong></span> <span class='ocrx_word' id='word_1_788' title='bbox 3635 4139 3760 4208; x_wconf 88' lang='lat' dir='ltr'><strong>ipse</strong></span> <span class='ocrx_word' id='word_1_789' title='bbox 3788 4140 3858 4194; x_wconf 92' lang='lat' dir='ltr'><strong>lo-</strong></span> 
     </span>
    </p>
   </div>
   <div class='ocr_carea' id='block_1_101' title="bbox 2263 4227 3856 4301">
    <p class='ocr_par' dir='ltr' id='par_1_101' title="bbox 2263 4227 3856 4301">
     <span class='ocr_line' id='line_1_101' title="bbox 2263 4227 3856 4301; baseline 0.001 -18"><span class='ocrx_word' id='word_1_790' title='bbox 2263 4229 2448 4300; x_wconf 89' lang='lat' dir='ltr'><strong>quitur</strong></span> <span class='ocrx_word' id='word_1_791' title='bbox 2472 4229 2524 4283; x_wconf 91' lang='lat' dir='ltr'><strong>in</strong></span> <span class='ocrx_word' id='word_1_792' title='bbox 2549 4227 2779 4294; x_wconf 86' lang='lat' dir='ltr'><strong>Psalmo,</strong></span> <span class='ocrx_word' id='word_1_793' title='bbox 2820 4227 2888 4283; x_wconf 89' lang='lat' dir='ltr'><strong>Et</strong></span> <span class='ocrx_word' id='word_1_794' title='bbox 2923 4229 3114 4298; x_wconf 87' lang='lat' dir='ltr'><strong>species</strong></span> <span class='ocrx_word' id='word_1_795' title='bbox 3146 4229 3262 4300; x_wconf 90' lang='lat' dir='ltr'><strong>agri</strong></span> <span class='ocrx_word' id='word_1_796' title='bbox 3299 4245 3503 4283; x_wconf 82' lang='lat' dir='ltr'><strong>mecum</strong></span> <span class='ocrx_word' id='word_1_797' title='bbox 3539 4239 3616 4284; x_wconf 87' lang='lat' dir='ltr'><strong>est</strong></span> <span class='ocrx_word' id='word_1_798' title='bbox 3663 4228 3856 4301; x_wconf 79' lang='lat' dir='ltr'><strong>(Psat.</strong></span> 
     </span>
    </p>
   </div>
   <div class='ocr_carea' id='block_1_102' title="bbox 2262 4319 3860 4391">
    <p class='ocr_par' dir='ltr' id='par_1_102' title="bbox 2262 4319 3860 4391">
     <span class='ocr_line' id='line_1_102' title="bbox 2262 4319 3860 4391; baseline -0.001 -15"><span class='ocrx_word' id='word_1_799' title='bbox 2262 4337 2424 4386; x_wconf 84' lang='lat' dir='ltr'><strong>mx,</strong></span> <span class='ocrx_word' id='word_1_800' title='bbox 2463 4320 2578 4390; x_wconf 80' lang='lat' dir='ltr'><strong>ll).</strong></span> <span class='ocrx_word' id='word_1_801' title='bbox 2619 4321 2790 4388; x_wconf 90' lang='lat' dir='ltr'><strong>Quem</strong></span> <span class='ocrx_word' id='word_1_802' title='bbox 2833 4335 2964 4375; x_wconf 88' lang='lat' dir='ltr'><strong>sane</strong></span> <span class='ocrx_word' id='word_1_803' title='bbox 3004 4335 3191 4391; x_wconf 91' lang='lat' dir='ltr'><strong>agrum</strong></span> <span class='ocrx_word' id='word_1_804' title='bbox 3231 4320 3286 4374; x_wconf 91' lang='lat' dir='ltr'><strong>in</strong></span> <span class='ocrx_word' id='word_1_805' title='bbox 3329 4319 3617 4374; x_wconf 90' lang='lat' dir='ltr'><strong>Salomone</strong></span> <span class='ocrx_word' id='word_1_806' title='bbox 3654 4321 3860 4375; x_wconf 83' lang='lat' dir='ltr'><strong>mulier</strong></span> 
     </span>
    </p>
   </div>
   <div class='ocr_carea' id='block_1_103' title="bbox 2261 4410 3859 4483">
    <p class='ocr_par' dir='ltr' id='par_1_103' title="bbox 2261 4410 3859 4483">
     <span class='ocr_line' id='line_1_103' title="bbox 2261 4410 3859 4483; baseline -0.001 -16"><span class='ocrx_word' id='word_1_807' title='bbox 2261 4411 2623 4468; x_wconf 88' lang='lat' dir='ltr'><strong>introducitur</strong></span> <span class='ocrx_word' id='word_1_808' title='bbox 2663 4426 3035 4481; x_wconf 89' lang='lat' dir='ltr'><strong>comparasse,</strong></span> <span class='ocrx_word' id='word_1_809' title='bbox 3077 4410 3155 4466; x_wconf 91' lang='lat' dir='ltr'><strong>sic</strong></span> <span class='ocrx_word' id='word_1_810' title='bbox 3183 4411 3327 4466; x_wconf 92' lang='lat' dir='ltr'><strong>enim</strong></span> <span class='ocrx_word' id='word_1_811' title='bbox 3364 4411 3599 4466; x_wconf 88' lang='lat' dir='ltr'><strong>dicitur:</strong></span> <span class='ocrx_word' id='word_1_812' title='bbox 3648 4414 3859 4483; x_wconf 75' lang='lat' dir='ltr'><strong>Agrum</strong></span> 
     </span>
    </p>
   </div>
   <div class='ocr_carea' id='block_1_104' title="bbox 2261 4500 3861 4575">
    <p class='ocr_par' dir='ltr' id='par_1_104' title="bbox 2261 4500 3861 4575">
     <span class='ocr_line' id='line_1_104' title="bbox 2261 4500 3861 4575; baseline 0 -17"><span class='ocrx_word' id='word_1_813' title='bbox 2261 4504 2412 4569; x_wconf 77' lang='lat' dir='ltr'><strong>vidit,</strong></span> <span class='ocrx_word' id='word_1_814' title='bbox 2445 4513 2496 4558; x_wconf 88' lang='lat' dir='ltr'><strong>et</strong></span> <span class='ocrx_word' id='word_1_815' title='bbox 2540 4506 2662 4557; x_wconf 86' lang='lat' dir='ltr'><strong>emit</strong></span> <span class='ocrx_word' id='word_1_816' title='bbox 2705 4502 2855 4558; x_wconf 87' lang='lat' dir='ltr'><strong>illum</strong></span> <span class='ocrx_word' id='word_1_817' title='bbox 2886 4500 3067 4574; x_wconf 84' lang='lat' dir='ltr'><strong>(Prov.</strong></span> <span class='ocrx_word' id='word_1_818' title='bbox 3099 4517 3249 4567; x_wconf 66' lang='grc' dir='ltr'><strong>χιιι,</strong></span> <span class='ocrx_word' id='word_1_819' title='bbox 3278 4501 3388 4572; x_wconf 84' lang='grc'><strong>16).</strong></span> <span class='ocrx_word' id='word_1_820' title='bbox 3417 4501 3689 4569; x_wconf 88' lang='lat' dir='ltr'><strong>Quoniam</strong></span> <span class='ocrx_word' id='word_1_821' title='bbox 3738 4520 3861 4575; x_wconf 87' lang='lat' dir='ltr'><strong>pre-</strong></span> 
     </span>
    </p>
   </div>
   <div class='ocr_carea' id='block_1_105' title="bbox 2263 4592 3861 4666">
    <p class='ocr_par' dir='ltr' id='par_1_105' title="bbox 2263 4592 3861 4666">
     <span class='ocr_line' id='line_1_105' title="bbox 2263 4592 3861 4666; baseline 0 -16"><span class='ocrx_word' id='word_1_822' title='bbox 2263 4596 2400 4650; x_wconf 90' lang='lat' dir='ltr'><strong>tiosa</strong></span> <span class='ocrx_word' id='word_1_823' title='bbox 2426 4603 2509 4649; x_wconf 90' lang='lat' dir='ltr'><strong>est</strong></span> <span class='ocrx_word' id='word_1_824' title='bbox 2546 4594 2702 4664; x_wconf 89' lang='lat' dir='ltr'><strong>hujus</strong></span> <span class='ocrx_word' id='word_1_825' title='bbox 2731 4595 2842 4666; x_wconf 88' lang='lat' dir='ltr'><strong>agri</strong></span> <span class='ocrx_word' id='word_1_826' title='bbox 2873 4593 3169 4664; x_wconf 90' lang='lat' dir='ltr'><strong>possessio,</strong></span> <span class='ocrx_word' id='word_1_827' title='bbox 3201 4609 3322 4663; x_wconf 71' lang='lat' dir='ltr'><strong>quae</strong></span> <span class='ocrx_word' id='word_1_828' title='bbox 3363 4592 3565 4650; x_wconf 88' lang='lat' dir='ltr'><strong>Christi</strong></span> <span class='ocrx_word' id='word_1_829' title='bbox 3605 4593 3761 4649; x_wconf 88' lang='lat' dir='ltr'><strong>intra</strong></span> <span class='ocrx_word' id='word_1_830' title='bbox 3802 4609 3861 4650; x_wconf 83' lang='lat' dir='ltr'><strong>se</strong></span> 
     </span>
    </p>
   </div>
   <div class='ocr_carea' id='block_1_106' title="bbox 2262 4686 3860 4743">
    <p class='ocr_par' dir='ltr' id='par_1_106' title="bbox 2262 4686 3860 4743">
     <span class='ocr_line' id='line_1_106' title="bbox 2262 4686 3860 4743; baseline 0.002 -4"><span class='ocrx_word' id='word_1_831' title='bbox 2262 4687 2585 4741; x_wconf 89' lang='lat' dir='ltr'><strong>absconsam</strong></span> <span class='ocrx_word' id='word_1_832' title='bbox 2626 4686 2823 4740; x_wconf 90' lang='lat' dir='ltr'><strong>retinet</strong></span> <span class='ocrx_word' id='word_1_833' title='bbox 2869 4686 3145 4741; x_wconf 88' lang='lat' dir='ltr'><strong>deitatem.</strong></span> <span class='ocrx_word' id='word_1_834' title='bbox 3180 4686 3384 4742; x_wconf 87' lang='lat' dir='ltr'><strong>Idcirco</strong></span> <span class='ocrx_word' id='word_1_835' title='bbox 3411 4702 3512 4742; x_wconf 90' lang='lat' dir='ltr'><strong>nec</strong></span> <span class='ocrx_word' id='word_1_836' title='bbox 3553 4687 3860 4743; x_wconf 90' lang='lat' dir='ltr'><strong>thesaurus</strong></span> 
     </span>
    </p>
   </div>
   <div class='ocr_carea' id='block_1_107' title="bbox 2261 4780 3858 4851">
    <p class='ocr_par' dir='ltr' id='par_1_107' title="bbox 2261 4780 3858 4851">
     <span class='ocr_line' id='line_1_107' title="bbox 2261 4780 3858 4851; baseline 0.002 -16"><span class='ocrx_word' id='word_1_837' title='bbox 2261 4780 2478 4836; x_wconf 88' lang='lat' dir='ltr'><strong>deitatis</strong></span> <span class='ocrx_word' id='word_1_838' title='bbox 2526 4780 2648 4836; x_wconf 90' lang='lat' dir='ltr'><strong>sine</strong></span> <span class='ocrx_word' id='word_1_839' title='bbox 2678 4796 2842 4851; x_wconf 91' lang='lat' dir='ltr'><strong>agro,</strong></span> <span class='ocrx_word' id='word_1_840' title='bbox 2883 4795 2984 4835; x_wconf 92' lang='lat' dir='ltr'><strong>nec</strong></span> <span class='ocrx_word' id='word_1_841' title='bbox 3021 4795 3150 4850; x_wconf 89' lang='lat' dir='ltr'><strong>ager</strong></span> <span class='ocrx_word' id='word_1_842' title='bbox 3176 4780 3294 4835; x_wconf 87' lang='lat' dir='ltr'><strong>sine</strong></span> <span class='ocrx_word' id='word_1_843' title='bbox 3317 4781 3600 4848; x_wconf 88' lang='lat' dir='ltr'><strong>thesauro,</strong></span> <span class='ocrx_word' id='word_1_844' title='bbox 3628 4791 3699 4837; x_wconf 88' lang='lat' dir='ltr'><strong>ut</strong></span> <span class='ocrx_word' id='word_1_845' title='bbox 3743 4781 3858 4837; x_wconf 65' lang='lat' dir='ltr'><strong>ha:-</strong></span> 
     </span>
    </p>
   </div>
   <div class='ocr_carea' id='block_1_108' title="bbox 2259 4869 3863 4939">
    <p class='ocr_par' dir='ltr' id='par_1_108' title="bbox 2259 4869 3863 4939">
     <span class='ocr_line' id='line_1_108' title="bbox 2259 4869 3863 4939; baseline 0.002 -14"><span class='ocrx_word' id='word_1_846' title='bbox 2259 4869 2417 4926; x_wconf 90' lang='lat' dir='ltr'><strong>retici</strong></span> <span class='ocrx_word' id='word_1_847' title='bbox 2439 4869 2743 4937; x_wconf 86' lang='lat' dir='ltr'><strong>voluerunt,</strong></span> <span class='ocrx_word' id='word_1_848' title='bbox 2758 4869 2880 4938; x_wconf 89' lang='lat' dir='ltr'><strong>jure</strong></span> <span class='ocrx_word' id='word_1_849' title='bbox 2907 4869 3105 4923; x_wconf 89' lang='lat' dir='ltr'><strong>emitur</strong></span> <span class='ocrx_word' id='word_1_850' title='bbox 3123 4877 3216 4923; x_wconf 89' lang='lat' dir='ltr'><strong>aut</strong></span> <span class='ocrx_word' id='word_1_851' title='bbox 3233 4869 3558 4939; x_wconf 89' lang='lat' dir='ltr'><strong>possidetur.</strong></span> <span class='ocrx_word' id='word_1_852' title='bbox 3586 4869 3863 4939; x_wconf 81' lang='lat' dir='ltr'><strong>Quamvis</strong></span> 
     </span>
    </p>
   </div>
   <div class='ocr_carea' id='block_1_109' title="bbox 2258 4959 3863 5032">
    <p class='ocr_par' dir='ltr' id='par_1_109' title="bbox 2258 4959 3863 5032">
     <span class='ocr_line' id='line_1_109' title="bbox 2258 4959 3863 5032; baseline 0.004 -17"><span class='ocrx_word' id='word_1_853' title='bbox 2258 4959 2593 5032; x_wconf 81' lang='lat' dir='ltr'><strong>Augustinus</strong></span> <span class='ocrx_word' id='word_1_854' title='bbox 2619 4961 2810 5016; x_wconf 87' lang='lat' dir='ltr'><strong>doctor</strong></span> <span class='ocrx_word' id='word_1_855' title='bbox 2837 4960 3091 5027; x_wconf 82' lang='lat' dir='ltr'><strong>eximius,</strong></span> <span class='ocrx_word' id='word_1_856' title='bbox 3121 4961 3266 5016; x_wconf 92' lang='lat' dir='ltr'><strong>hunc</strong></span> <span class='ocrx_word' id='word_1_857' title='bbox 3305 4976 3495 5032; x_wconf 89' lang='lat' dir='ltr'><strong>agrum</strong></span> <span class='ocrx_word' id='word_1_858' title='bbox 3528 4962 3634 5018; x_wconf 90' lang='lat' dir='ltr'><strong>duo</strong></span> <span class='ocrx_word' id='word_1_859' title='bbox 3653 4963 3863 5021; x_wconf 78' lang='lat' dir='ltr'><strong>Testa-</strong></span> 
     </span>
    </p>
   </div>
   <div class='ocr_carea' id='block_1_110' title="bbox 2259 5055 3863 5125">
    <p class='ocr_par' dir='ltr' id='par_1_110' title="bbox 2259 5055 3863 5125">
     <span class='ocr_line' id='line_1_110' title="bbox 2259 5055 3863 5125; baseline 0.003 -17"><span class='ocrx_word' id='word_1_860' title='bbox 2259 5064 2440 5110; x_wconf 91' lang='lat' dir='ltr'><strong>menta</strong></span> <span class='ocrx_word' id='word_1_861' title='bbox 2478 5070 2599 5112; x_wconf 89' lang='lat' dir='ltr'><strong>esse</strong></span> <span class='ocrx_word' id='word_1_862' title='bbox 2637 5055 2875 5122; x_wconf 85' lang='lat' dir='ltr'><strong>dixerit;</strong></span> <span class='ocrx_word' id='word_1_863' title='bbox 2907 5055 3097 5112; x_wconf 91' lang='lat' dir='ltr'><strong>melius</strong></span> <span class='ocrx_word' id='word_1_864' title='bbox 3135 5063 3313 5112; x_wconf 91' lang='lat' dir='ltr'><strong>tamen</strong></span> <span class='ocrx_word' id='word_1_865' title='bbox 3354 5056 3434 5112; x_wconf 92' lang='lat' dir='ltr'><strong>sic</strong></span> <span class='ocrx_word' id='word_1_866' title='bbox 3462 5055 3774 5125; x_wconf 86' lang='lat' dir='ltr'><strong>accipitur,</strong></span> <span class='ocrx_word' id='word_1_867' title='bbox 3803 5067 3863 5113; x_wconf 92' lang='lat' dir='ltr'><strong>ut</strong></span> 
     </span>
    </p>
   </div>
   <div class='ocr_carea' id='block_1_111' title="bbox 2259 5145 3861 5217">
    <p class='ocr_par' dir='ltr' id='par_1_111' title="bbox 2259 5145 3861 5217">
     <span class='ocr_line' id='line_1_111' title="bbox 2259 5145 3861 5217; baseline 0.003 -19"><span class='ocrx_word' id='word_1_868' title='bbox 2259 5159 2365 5198; x_wconf 91' lang='lat' dir='ltr'><strong>non</strong></span> <span class='ocrx_word' id='word_1_869' title='bbox 2397 5145 2575 5201; x_wconf 89' lang='lat' dir='ltr'><strong>minus</strong></span> <span class='ocrx_word' id='word_1_870' title='bbox 2601 5145 2814 5200; x_wconf 90' lang='lat' dir='ltr'><strong>Photini</strong></span> <span class='ocrx_word' id='word_1_871' title='bbox 2843 5161 2999 5203; x_wconf 88' lang='lat' dir='ltr'><strong>error</strong></span> <span class='ocrx_word' id='word_1_872' title='bbox 3025 5148 3366 5212; x_wconf 89' lang='lat' dir='ltr'><strong>destruatur,</strong></span> <span class='ocrx_word' id='word_1_873' title='bbox 3413 5147 3507 5217; x_wconf 88' lang='lat' dir='ltr'><strong>qui</strong></span> <span class='ocrx_word' id='word_1_874' title='bbox 3541 5145 3727 5202; x_wconf 86' lang='lat' dir='ltr'><strong>solum</strong></span> <span class='ocrx_word' id='word_1_875' title='bbox 3762 5148 3861 5203; x_wconf 82' lang='lat' dir='ltr'><strong>ho-</strong></span> 
     </span>
    </p>
   </div>
   <div class='ocr_carea' id='block_1_112' title="bbox 2257 5234 3862 5309">
    <p class='ocr_par' dir='ltr' id='par_1_112' title="bbox 2257 5234 3862 5309">
     <span class='ocr_line' id='line_1_112' title="bbox 2257 5234 3862 5309; baseline 0.002 -21"><span class='ocrx_word' id='word_1_876' title='bbox 2257 5234 2457 5290; x_wconf 89' lang='lat' dir='ltr'><strong>minem</strong></span> <span class='ocrx_word' id='word_1_877' title='bbox 2484 5236 2617 5292; x_wconf 91' lang='lat' dir='ltr'><strong>dicit</strong></span> <span class='ocrx_word' id='word_1_878' title='bbox 2645 5236 2943 5304; x_wconf 86' lang='lat' dir='ltr'><strong>Christum,</strong></span> <span class='ocrx_word' id='word_1_879' title='bbox 2983 5253 3144 5308; x_wconf 90' lang='lat' dir='ltr'><strong>quam</strong></span> <span class='ocrx_word' id='word_1_880' title='bbox 3173 5247 3230 5293; x_wconf 91' lang='lat' dir='ltr'><strong>et</strong></span> <span class='ocrx_word' id='word_1_881' title='bbox 3261 5237 3575 5309; x_wconf 80' lang='lat' dir='ltr'><strong>Eutychetis</strong></span> <span class='ocrx_word' id='word_1_882' title='bbox 3605 5251 3716 5292; x_wconf 83' lang='lat' dir='ltr'><strong>nec</strong></span> <span class='ocrx_word' id='word_1_883' title='bbox 3747 5254 3862 5293; x_wconf 84' lang='lat' dir='ltr'><strong>nou</strong></span> 
     </span>
    </p>
   </div>
   <div class='ocr_carea' id='block_1_113' title="bbox 2253 5325 3861 5393">
    <p class='ocr_par' dir='ltr' id='par_1_113' title="bbox 2253 5325 3861 5393">
     <span class='ocr_line' id='line_1_113' title="bbox 2253 5325 3861 5393; baseline 0.003 -14"><span class='ocrx_word' id='word_1_884' title='bbox 2253 5335 2311 5379; x_wconf 91' lang='lat' dir='ltr'><strong>et</strong></span> <span class='ocrx_word' id='word_1_885' title='bbox 2335 5325 2566 5382; x_wconf 84' lang='lat' dir='ltr'><strong>Nestorii</strong></span> <span class='ocrx_word' id='word_1_886' title='bbox 2599 5326 2837 5391; x_wconf 87' lang='lat' dir='ltr'><strong>falsitas,</strong></span> <span class='ocrx_word' id='word_1_887' title='bbox 2861 5345 2930 5385; x_wconf 87' lang='lat' dir='ltr'><strong>ex</strong></span> <span class='ocrx_word' id='word_1_888' title='bbox 2958 5330 3061 5384; x_wconf 91' lang='lat' dir='ltr'><strong>hoc</strong></span> <span class='ocrx_word' id='word_1_889' title='bbox 3100 5329 3240 5385; x_wconf 91' lang='lat' dir='ltr'><strong>sicut</strong></span> <span class='ocrx_word' id='word_1_890' title='bbox 3277 5336 3334 5384; x_wconf 89' lang='lat' dir='ltr'><strong>et</strong></span> <span class='ocrx_word' id='word_1_891' title='bbox 3367 5329 3422 5385; x_wconf 92' lang='lat' dir='ltr'><strong>in</strong></span> <span class='ocrx_word' id='word_1_892' title='bbox 3449 5329 3660 5385; x_wconf 71' lang='lat' dir='ltr'><strong>caeteris</strong></span> <span class='ocrx_word' id='word_1_893' title='bbox 3689 5329 3861 5393; x_wconf 84' lang='lat' dir='ltr'><strong>locis,</strong></span> 
     </span>
    </p>
   </div>
   <div class='ocr_carea' id='block_1_114' title="bbox 2251 5419 3265 5492">
    <p class='ocr_par' dir='ltr' id='par_1_114' title="bbox 2251 5419 3265 5492">
     <span class='ocr_line' id='line_1_114' title="bbox 2251 5419 3265 5492; baseline 0.005 -21"><span class='ocrx_word' id='word_1_894' title='bbox 2251 5419 2639 5475; x_wconf 89' lang='lat' dir='ltr'><strong>condemnetur</strong></span> <span class='ocrx_word' id='word_1_895' title='bbox 2669 5422 2935 5491; x_wconf 87' lang='lat' dir='ltr'><strong>impietas.</strong></span> <span class='ocrx_word' id='word_1_896' title='bbox 2965 5421 3220 5492; x_wconf 90' lang='lat' dir='ltr'><strong>Sequitur</strong></span> <span class='ocrx_word' id='word_1_897' title='bbox 3251 5439 3265 5476; x_wconf 92' lang='lat'><strong>:</strong></span> 
     </span>
    </p>
   </div>
   <div class='ocr_carea' id='block_1_115' title="bbox 2259 5509 3861 5584">
    <p class='ocr_par' dir='ltr' id='par_1_115' title="bbox 2259 5509 3861 5584">
     <span class='ocr_line' id='line_1_115' title="bbox 2259 5509 3861 5584; baseline 0.002 -22"><span class='ocrx_word' id='word_1_898' title='bbox 2259 5546 2261 5548; x_wconf 86' lang='grc'><strong>-</strong></span> <span class='ocrx_word' id='word_1_899' title='bbox 2321 5509 2522 5565; x_wconf 78' lang='lat' dir='ltr'><strong>Iterum</strong></span> <span class='ocrx_word' id='word_1_900' title='bbox 2553 5512 2722 5566; x_wconf 87' lang='lat' dir='ltr'><strong>simile</strong></span> <span class='ocrx_word' id='word_1_901' title='bbox 2739 5523 2812 5566; x_wconf 86' lang='lat' dir='ltr'><strong>est</strong></span> <span class='ocrx_word' id='word_1_902' title='bbox 2837 5529 3052 5584; x_wconf 85' lang='lat' dir='ltr'><strong>regnum</strong></span> <span class='ocrx_word' id='word_1_903' title='bbox 3090 5514 3337 5570; x_wconf 68' lang='lat' dir='ltr'><strong>calorum</strong></span> <span class='ocrx_word' id='word_1_904' title='bbox 3365 5515 3566 5569; x_wconf 81' lang='lat' dir='ltr'><strong>homini</strong></span> <span class='ocrx_word' id='word_1_905' title='bbox 3605 5518 3861 5584; x_wconf 81' lang='lat' dir='ltr'><strong>negotia-</strong></span> 
     </span>
    </p>
   </div>
   <div class='ocr_carea' id='block_1_116' title="bbox 2251 5603 3863 5677">
    <p class='ocr_par' dir='ltr' id='par_1_116' title="bbox 2251 5603 3863 5677">
     <span class='ocr_line' id='line_1_116' title="bbox 2251 5603 3863 5677; baseline 0.004 -21"><span class='ocrx_word' id='word_1_906' title='bbox 2251 5603 2353 5656; x_wconf 89' lang='lat' dir='ltr'><strong>tori</strong></span> <span class='ocrx_word' id='word_1_907' title='bbox 2378 5605 2630 5675; x_wconf 68' lang='lat' dir='ltr'><strong>quaarenti</strong></span> <span class='ocrx_word' id='word_1_908' title='bbox 2657 5605 2818 5659; x_wconf 85' lang='lat' dir='ltr'><strong>bonas</strong></span> <span class='ocrx_word' id='word_1_909' title='bbox 2841 5610 3156 5676; x_wconf 87' lang='lat' dir='ltr'><strong>margaritas</strong></span> <span class='ocrx_word' id='word_1_910' title='bbox 3173 5648 3189 5673; x_wconf 93' lang='lat'><strong>,</strong></span> <span class='ocrx_word' id='word_1_911' title='bbox 3220 5615 3276 5662; x_wconf 91' lang='lat' dir='ltr'><strong>et</strong></span> <span class='ocrx_word' id='word_1_912' title='bbox 3301 5615 3518 5663; x_wconf 66' lang='lat' dir='ltr'><strong>caetera.</strong></span> <span class='ocrx_word' id='word_1_913' title='bbox 3547 5605 3688 5662; x_wconf 77' lang='lat' dir='ltr'><strong>Aliis</strong></span> <span class='ocrx_word' id='word_1_914' title='bbox 3723 5609 3863 5677; x_wconf 84' lang='lat' dir='ltr'><strong>qui-</strong></span> 
     </span>
    </p>
   </div>
   <div class='ocr_carea' id='block_1_117' title="bbox 2147 5697 3863 5770">
    <p class='ocr_par' dir='ltr' id='par_1_117' title="bbox 2147 5697 3863 5770">
     <span class='ocr_line' id='line_1_117' title="bbox 2147 5697 3863 5770; baseline -0.001 -18"><span class='ocrx_word' id='word_1_915' title='bbox 2147 5697 2153 5716; x_wconf 80' lang='lat'>‘</span> <span class='ocrx_word' id='word_1_916' title='bbox 2253 5697 2372 5752; x_wconf 85' lang='lat' dir='ltr'><strong>dem</strong></span> <span class='ocrx_word' id='word_1_917' title='bbox 2419 5697 2602 5753; x_wconf 88' lang='lat' dir='ltr'><strong>verbis</strong></span> <span class='ocrx_word' id='word_1_918' title='bbox 2627 5741 2642 5764; x_wconf 94' lang='lat'><strong>,</strong></span> <span class='ocrx_word' id='word_1_919' title='bbox 2680 5707 2733 5753; x_wconf 86' lang='lat' dir='ltr'><strong>et</strong></span> <span class='ocrx_word' id='word_1_920' title='bbox 2762 5699 2867 5754; x_wconf 86' lang='lat' dir='ltr'><strong>alio</strong></span> <span class='ocrx_word' id='word_1_921' title='bbox 2893 5698 3144 5769; x_wconf 88' lang='lat' dir='ltr'><strong>loquendi</strong></span> <span class='ocrx_word' id='word_1_922' title='bbox 3189 5713 3386 5770; x_wconf 89' lang='lat' dir='ltr'><strong>genere</strong></span> <span class='ocrx_word' id='word_1_923' title='bbox 3416 5698 3644 5768; x_wconf 86' lang='lat' dir='ltr'><strong>idipsum</strong></span> <span class='ocrx_word' id='word_1_924' title='bbox 3680 5712 3863 5768; x_wconf 76' lang='lat' dir='ltr'><strong>repe-</strong></span> 
     </span>
    </p>
   </div>
   <div class='ocr_carea' id='block_1_118' title="bbox 2253 5790 3867 5856">
    <p class='ocr_par' dir='ltr' id='par_1_118' title="bbox 2253 5790 3867 5856">
     <span class='ocr_line' id='line_1_118' title="bbox 2253 5790 3867 5856; baseline 0.001 -13"><span class='ocrx_word' id='word_1_925' title='bbox 2253 5796 2366 5843; x_wconf 89' lang='lat' dir='ltr'><strong>tere</strong></span> <span class='ocrx_word' id='word_1_926' title='bbox 2394 5791 2740 5843; x_wconf 71' lang='lat' dir='ltr'><strong>ornatissime</strong></span> <span class='ocrx_word' id='word_1_927' title='bbox 2789 5793 3016 5856; x_wconf 74' lang='lat' dir='ltr'><strong>videtur,</strong></span> <span class='ocrx_word' id='word_1_928' title='bbox 3069 5807 3179 5847; x_wconf 92' lang='lat' dir='ltr'><strong>non</strong></span> <span class='ocrx_word' id='word_1_929' title='bbox 3207 5801 3266 5847; x_wconf 91' lang='lat' dir='ltr'><strong>ut</strong></span> <span class='ocrx_word' id='word_1_930' title='bbox 3302 5792 3553 5847; x_wconf 83' lang='lat' dir='ltr'><strong>itnmutet</strong></span> <span class='ocrx_word' id='word_1_931' title='bbox 3586 5790 3867 5852; x_wconf 81' lang='lat' dir='ltr'><strong>eamdem</strong></span> 
     </span>
    </p>
   </div>
  </div>
