4004 6362
149 351 233 407 505
867 351 1232 415 EXPOSITIO
1269 356 1337 413 IN
1370 356 1810 418 MATTHEUM.
1851 392 1920 403 —
1958 310 2086 419 LlB.
2130 363 2242 431 VII,
2278 363 2430 421 CAP.
2472 360 2608 420 Xlll.

3277 363 3376 419 506

149 467 456 537 sapientiam,
483 464 580 523 sed
609 476 668 522 ut
695 467 1006 526 introducat
1029 472 1096 528 ad
1137 489 1257 528 eam
1281 474 1448 529 variis
1478 482 1697 530 senten—
1726 477 1778 538 Α
1803 475 1940 544 Quia
1990 491 2213 549 regnum
2251 479 2344 534 Dei
2383 479 2514 533 tanti
2549 478 2713 544 valet,
2761 484 3021 548 quantum
3058 477 3243 532 habes.
3277 477 3380 531 Ve-

149 560 316 634 tiarum
363 553 742 629 aanigmatibus
768 585 788 625 ,~
839 561 1138 618 audientes.
1187 563 1302 619 Nisi
1347 565 1488 636 quod
1531 565 1703 620 solum

147 651 328 706 videtur
345 651 739 721 negotiatorem
763 651 918 723 longe
935 653 1049 724 jam
1073 654 1161 710 diu
1185 656 1237 710 in
1261 655 1378 724 lege
1398 666 1703 712 versantem

148 740 343 812 amplius
393 741 706 812 designare,
756 743 1004 812 quamvis
1039 760 1228 800 omnes
1270 747 1361 816 qui
1405 746 1563 801 ﬁdem
1613 761 1702 802 se-

147 841 334 888 ctantur
369 832 576 887 Christi
604 832 932 903 generaliter
958 836 1128 905 possit
1156 837 1271 891 haec
1299 835 1551 906 parabola
1585 836 1701 891 evi-

148 923 301 976 denter
327 920 610 990 colligere.
641 918 776 975 Nam
804 921 859 976 in
881 935 948 977 eo
974 924 1118 992 quod
1154 925 1541 995 negotiatorem
1577 941 1701 980 eum

147 1022 290 1076 vocat,
315 1021 374 1066 et
402 1026 649 1082 quaerere
683 1013 853 1068 bonas
872 1015 1218 1087 margaritas,
1248 1017 1476 1072 multum
1501 1016 1703 1086 diuque

145 1105 479 1176 prznuntiat,
527 1113 582 1160 et
619 1119 712 1160 eos
736 1121 834 1175 per
877 1108 1112 1177 speciem
1158 1110 1318 1164 unius
1343 1109 1580 1167 hominis
1603 1110 1699 1165 de-

143 1197 311 1266 signat,
331 1197 426 1266 qui
449 1195 612 1266 longo
639 1212 703 1250 ac
729 1196 938 1252 diutino
963 1197 1146 1255 labore
1181 1200 1249 1254 ad
1284 1200 1699 1272 margaritarum

142 1287 395 1343 scientiam
427 1286 614 1340 venire
643 1286 969 1342 desiderant.
1002 1287 1205 1344 Deinde
1231 1305 1352 1344 cum
1379 1289 1496 1360 jugi
1527 1291 1698 1344 medi-

144 1379 317 1433 tatione
351 1379 659 1448 negotiatus
683 1377 844 1433 fuerit
871 1379 926 1433 in
955 1380 1094 1452 lege,
1123 1389 1176 1436 et
1203 1397 1297 1437 eas
1329 1398 1449 1452 quae
1491 1383 1542 1436 in
1583 1383 1700 1453 lege

142 1479 264 1533 sunt,
285 1470 704 1539 deprehenderit
727 1470 1129 1540 intelligentias,
1147 1473 1359 1528 tandem
1388 1474 1696 1543 aliquando,

140 1561 260 1614 inter
285 1573 380 1614 eas
402 1576 533 1629 quas
561 1569 837 1631 repererat
867 1560 1074 1616 invenit
1099 1578 1263 1618 unam
1286 1572 1342 1618 et
1370 1565 1698 1635 singularem

141 1652 462 1722 margaritam
485 1650 762 1705 Christum
805 1667 968 1722 quam
995 1654 1232 1723 optabat.
1271 1655 1326 1709 In
1355 1655 1508 1725 cujus
1550 1672 1699 1711 com-

137 1741 414 1811 paratione,
442 1741 564 1796 licet
588 1742 729 1797 bona
756 1743 827 1797 sit
854 1742 960 1809 lex,
1007 1745 1147 1799 bona
1181 1745 1250 1800 sit
1287 1755 1344 1802 et
1371 1747 1652 1816 prophetia
1677 1788 1694 1814 ,

1807 577 2109 626 rumtamen
2159 588 2264 626 non
2297 572 2367 625 ita
2409 572 2629 636 emitur,
2683 579 2742 626 ut
2791 580 2877 625 tua
2915 570 3119 626 tribuas
3157 569 3302 634 Deo,
3332 579 3384 624 te

1805 677 1986 722 autem
2015 667 2163 722 vitiis
2198 677 2253 723 et
2298 668 2543 734 diabolo,
2570 669 2663 723 sed
2693 677 2753 723 ut
2788 677 2841 722 te
2869 667 3100 736 primum
3129 666 3383 721 restituas

1803 758 1874 821 ei,
1903 759 2096 814 deinde
2118 775 2238 829 quas
2283 768 2371 814 tua
2406 769 2557 822 sunt,
2593 771 2649 814 ut
2688 775 2810 814 eum
2845 759 2981 814 liber
3007 759 3157 829 sequi
3181 757 3380 812 valeas.

1803 847 1988 920 Neque
2017 865 2139 904 cum
2166 865 2287 904 eum
2329 851 2621 915 inveneris,
2644 859 2698 906 et
2719 849 2823 906 ﬁde
2845 851 3108 920 bonisque
3131 848 3384 919 operibus

1803 941 2022 1006 emeris,
2053 956 2178 995 mox
2204 955 2445 1011 quaerere
2469 950 2524 996 et
2557 941 2801 996 invenire
2820 982 2834 1005 ,
2865 941 3035 996 donec
3057 941 3110 994 in
3138 940 3241 1013 hac
3268 938 3380 994 vita

1802 1046 1883 1095 es,
1911 1033 2173 1088 cessabis.
2211 1032 2316 1087 Sed
2340 1033 2480 1088 sicut
2505 1033 2771 1103 Propheta
2803 1033 2986 1096 canit,
3023 1031 3254 1086 Lmtetur
3292 1045 3385 1084 cor

1800 1124 2142 1186 quwrentium
2166 1122 2492 1188 'Dominum,
2546 1123 2766 1194 quterile
2810 1121 3087 1174 Dominum
3117 1129 3164 1174 et
3193 1117 3384 1186 conﬁr-

1802 1216 2042 1280 mamini,
2068 1216 2282 1287 quwrite
2319 1215 2505 1284 faciem
2542 1214 2655 1282 ejus
2695 1228 2893 1282 semper
2921 1208 3092 1277 (Psal.
3117 1225 3223 1270 etv,
3255 1207 3333 1278 3).

1874 1305 2074 1360 Iterum
2122 1305 2290 1360 simile
2334 1315 2409 1360 est
2449 1321 2662 1376 regnum
2694 1303 2940 1358 caelorum
2979 1317 3183 1372 sagena:
3221 1299 3382 1371 603

1802 1398 1976 1452 missa!
1994 1399 2048 1452 in
2076 1415 2238 1460 mare,
2261 1407 2308 1451 et
2329 1413 2392 1451 ex
2414 1398 2554 1450 omni
2581 1411 2768 1466 genere
2788 1394 3007 1464 piscium
3027 1392 3382 1462 congreganti,

1801 1497 1857 1542 et
1885 1497 2099 1542 caetera.
2151 1488 2472 1543 Rectissime
2527 1487 2692 1559 igitur
2736 1485 3171 1556 przedicationcm
3210 1481 3382 1537 sancti

1803 1579 2081 1648 Evangelii
2134 1580 2393 1635 Dominus
2438 1587 2494 1633 et
2536 1579 2786 1634 Salvator
2833 1594 3039 1649 sagena:
3093 1577 3266 1630 missa:
3327 1575 3384 1628 in

1800 1687 1948 1726 mare
1976 1673 2309 1742 comparavit
2339 1681 2397 1726 ut
2435 1672 2489 1726 in
2529 1671 2613 1726 his
2648 1672 2826 1726 verbis
2870 1670 3182 1725 vaticinium
3229 1667 3381 1723 Iere-

1801 1761 1925 1814 mite
1973 1760 2247 1830 prophetae
2297 1760 2584 1830 impleatur
2611 1761 2839 1816 dicentis
2882 1778 2895 1814 :
2941 1758 3073 1814 Ecce
3111 1759 3252 1813 enim
3290 1774 3383 1828 ego

135 1844 216 1886 seu
237 1847 350 1902 quae
375 1832 433 1886 in
458 1832 545 1887 his
572 1833 841 1903 praecipua
868 1835 1217 1890 inveniuntur
1252 1836 1511 1892 doctrina:
1533 1853 1698 1892 orna-

1803 1854 1951 1908 mitto
1981 1853 2049 1907 ad
2085 1869 2180 1907 vos
2207 1854 2488 1922 piscatores
2537 1853 2727 1908 multos
2753 1852 2925 1923 (Hier.
2971 1869 3084 1917 xvr,
3138 1851 3248 1921 16).
3281 1850 3382 1916 Qui

135 1931 310 1987 menta,
334 1923 500 1978 homo
525 1925 827 1993 negotiator
851 1925 1044 1981 similis
1061 1926 1210 1982 Pauli
1234 1929 1484 1999 apost'oli,
1512 1930 1694 1985 omnia

133 2011 242 2082 legis
289 2013 796 2084 prophetarumque
855 2017 1113 2086 mysteria
1171 2026 1226 2073 et
1287 2020 1694 2077 observationes

133 2102 378 2171 pristinas,
428 2104 480 2158 in
514 2105 710 2173 quibus
737 2106 1008 2177 inculpate
1042 2109 1193 2178 prius
1233 2110 1442 2166 vixerat
1471 2153 1486 2177 ,
1539 2113 1694 2182 quasi

131 2203 460 2263 purgamenta
487 2198 784 2250 contemnit
823 2205 878 2251 et
919 2198 1259 2268 quisquilias,
1310 2211 1370 2255 ut
1417 2202 1693 2258 Christum

130 2285 442 2353 lucrifaciat;
488 2290 616 2358 quia
666 2289 1120 2358 pretiosissimum
1159 2300 1243 2348 est
1292 2295 1643 2365 margaritum
1676 2336 1690 2362 ,

128 2381 323 2435 scientia
352 2379 663 2436 Salvatoris
683 2423 698 2445 ,
728 2391 782 2437 et
811 2393 1210 2440 sacramentum
1237 2385 1501 2456 passionis
1527 2387 1690 2452 illius,

127 2484 171 2527 et
191 2475 603 2530 resurrectionis
631 2491 910 2530 arcanum.
944 2475 1060 2531 Non
1096 2477 1222 2548 quia
1253 2477 1492 2534 inventio
1534 2479 1694 2549 hujus

127 2568 514 2634 pretiosissima:
541 2566 704 2638 602
736 2567 1040 2638 margaritae
1070 2569 1451 2625 condemnatio
1490 2571 1560 2626 sit
1599 2585 1691 2624 ve-

130 2664 274 2709 terum
318 2655 794 2725 margaritarum,
854 2655 948 2710 sed
1001 2657 1126 2725 quia
1182 2656 1237 2710 in
1291 2656 1694 2726 comparatione

126 2741 294 2800 Christi
323 2745 514 2801 omnis
540 2759 773 2816 gemma,
822 2745 874 2800 id
901 2755 1006 2812 est,
1039 2746 1172 2818 legis
1197 2757 1250 2802 et
1277 2748 1572 2817 prophetia:
1612 2748 1693 2802 in-

127 2834 418 2906 telligentia,
451 2836 525 2890 sit
554 2836 732 2891 vilior.
761 2835 946 2892 Potest
977 2847 1031 2893 et
1051 2853 1148 2908 per
1170 2838 1314 2892 hunc
1357 2854 1692 2909 gemmarum

123 2925 578 2996 diligentissimum
622 2927 1052 2998 negotiatorem,
1108 2929 1393 2985 universus
1439 2931 1695 2988 Ecclesia:

124 3016 292 3073 Christi
319 3021 462 3074 ordo
491 3019 794 3089 designari,
825 3029 885 3076 ut
912 3021 1229 3076 ostendatur
1267 3039 1437 3094 genus
1485 3024 1538 3078 in
1575 3041 1696 3096 spe-

121 3110 208 3174 cie,
235 3122 286 3166 et
314 3127 547 3183 regnum
593 3112 858 3167 ccelorum
882 3112 999 3182 ipsa
1032 3113 1362 3183 intelligatur
1400 3115 1639 3171 Ecclesia
1675 3157 1691 3182 ,

121 3217 224 3269 quae
249 3203 401 3275 longe
449 3204 542 3258 diu
588 3203 926 3274 multumque
960 3205 1225 3262 laboravit
1247 3207 1300 3262 in
1327 3209 1652 3278 patriarchis
1674 3251 1687 3273 ,
1720 3190 1766 3254 C

122 3295 344 3361 quiesivit
371 3295 430 3349 in
458 3293 749 3364 Prophetis
773 3335 786 3359 ,
822 3297 1070 3366 quamvis
1096 3296 1361 3365 latenter;
1397 3301 1523 3370 quia
1559 3317 1690 3356 nec-

121 3385 229 3438 dum
257 3396 373 3442 erat
400 3386 684 3457 propalata
716 3396 1029 3444 sanctorum
1059 3389 1248 3461 gloria.
1278 3389 1479 3446 Tamen
1525 3394 1578 3447 in
1613 3395 1694 3450 eis

115 3477 259 3531 multi
287 3494 621 3546 gemmarum
669 3481 905 3550 speciem
954 3479 1284 3548 all‘erebant,
1319 3492 1372 3538 et
1421 3501 1694 3555 praeorna-

115 3567 245 3622 baut
274 3570 661 3639 prazﬁgnrando
676 3570 952 3627 Christum
978 3572 1214 3628 futuram
1238 3574 1561 3632 Eeclesiam.
1589 3577 1694 3632 Sed

115 3672 277 3731 nemo
319 3661 375 3714 in
424 3661 502 3714 eis
548 3661 788 3717 inventus
839 3670 952 3728 est,
1019 3664 1111 3733 qui
1161 3666 1394 3734 pretium
1447 3667 1696 3722 humanae

115 3751 497 3822 redemptionis
522 3753 573 3808 in
616 3770 676 3809 se
714 3753 963 3820 aﬂ‘erret,
1005 3764 1060 3810 et
1102 3755 1222 3811 ideo
1252 3772 1414 3812 nemo
1440 3757 1696 3816 inventus

116 3851 187 3897 est
228 3843 362 3916 lapis
415 3856 525 3900 tam
578 3848 849 3917 pretiosus
895 3857 1118 3918 pr0pter
1157 3863 1317 3918 quem
1361 3849 1542 3903 omnia
1578 3865 1698 3919 quae

115 3937 380 4000 praesentis
411 3937 542 3991 vita:
590 3945 716 3991 sunt
761 3937 849 3992 hic
890 3938 1126 4008 prudens
1157 3938 1460 4010 negotiator
1500 3940 1698 3995 vende-

117 4033 212 4088 ret,
237 4035 442 4083 tantum
487 4035 546 4082 ut
584 4029 724 4084 hanc
769 4029 937 4084 solam
978 4031 1282 4100 acquireret
1321 4045 1610 4102 gemmam,
1642 4032 1696 4088 in

115 4130 206 4182 qua
251 4130 377 4174 sunt
405 4133 604 4174 omnes
639 4118 877 4174 thesauri
921 4119 1201 4189 sapientiae
1235 4128 1301 4190 get
1343 4120 1613 4188 scientiae,
1644 4130 1700 4176 et

114 4210 329 4275 pretium
365 4213 630 4268 humanae
675 4211 884 4266 salutis.
915 4211 981 4266 Et
1007 4212 1128 4268 ideo
1167 4227 1234 4268 eo
1277 4214 1454 4284 pretio
1501 4215 1701 4270 emitur

116 4297 202 4354 iste
223 4303 668 4372 pretiosissimas
693 4301 850 4372 lapis,
880 4319 986 4374 quo
1007 4319 1170 4374 supra
1212 4304 1266 4358 in
1309 4304 1398 4359 illa
1419 4305 1522 4360 alia
1545 4321 1702 4376 para-

115 4388 219 4445 bola
245 4405 474 4466 emptus
515 4383 772 4465 est'ager
814 4403 870 4449 et
916 4395 1218 4450 thesaurus.
1259 4393 1379 4451 Non
1424 4399 1568 4468 quod
1609 4397 1702 4452 alii

112 4484 296 4556 lapides
325 4506 478 4561 quos
507 4489 758 4560 quaesivit
782 4505 1023 4560 praesens
1063 4490 1369 4561 negotiator
1395 4531 1411 4557 ,
1461 4501 1518 4546 et
1566 4490 1702 4546 forte

115 4578 317 4650 invenit,
346 4584 493 4640 boni
528 4600 636 4639 non
669 4582 868 4638 fuerint
902 4592 957 4638 et
995 4582 1252 4654 pretiosi,
1285 4583 1379 4638 sed
1409 4584 1462 4638 in
1488 4598 1704 4654 compa-

112 4672 302 4728 ratione
349 4675 524 4730 istius
557 4689 716 4729 nemo
743 4675 936 4740 bonus,
971 4675 1097 4742 quia
1144 4689 1334 4729 omnes
1362 4689 1430 4730 ex
1457 4674 1562 4730 isto
1607 4676 1703 4730 ha-

112 4757 224 4815 bent
247 4772 303 4816 ut
329 4763 478 4820 boni
511 4764 621 4818 sint
657 4772 712 4819 et
740 4762 984 4834 pretiosi.
1014 4762 1113 4818 Hic
1143 4771 1228 4818 est
1265 4762 1502 4819 calculus
1531 4779 1705 4820 novus

108 4854 530 4927 exApocalypsi
571 4853 815 4922 Joannis,
860 4855 915 4910 in
954 4869 1062 4924 quo
1115 4869 1314 4909 nomen
1367 4870 1565 4910 novum
1619 4864 1707 4911 est

109 4953 520 5022 mnscriptum,
571 4965 734 5020 quem
785 4965 947 5006 nemo
994 4950 1176 5017 novit,
1210 4951 1314 5006 nisi
1345 4952 1437 5022 qui
1485 4952 1700 5024 accipit.

107 5037 242 5098 Unde
289 5052 527 5114 oportet
567 5052 628 5098 ut
662 5044 838 5098 omnis
863 5043 1054 5098 umbra
1103 5052 1448 5099 removeatur
1475 5060 1506 5097 a
1542 5059 1706 5100 sensu

108 5129 224 5201 legis
245 5145 303 5189 et
331 5133 747 5203 Prophetarum
779 5175 794 5200 ,
841 5141 897 5189 et
935 5133 1048 5190 sola
1073 5134 1276 5190 veritas
1304 5133 1702 5204 amplectatur;

104 5227 442 5287 distrahatur
479 5246 720 5302 praesens
739 5232 868 5298 vita,
897 5241 954 5288 et
977 5247 1097 5302 quae
1119 5233 1532 5304 prmsentiarum
1557 5243 1703 5301 sunt,

103 5327 154 5371 nt
194 5322 310 5378 haec
349 5323 481 5379 sola
523 5323 788 5378 habeatur
835 5324 888 5378 in
927 5339 1034 5393 qua
1077 5324 1258 5380 omnia
1291 5332 1417 5378 sunt
1464 5325 1605 5379 bona
1654 5333 1709 5379 et

98 5416 440 5482 sempiterna
469 5423 616 5469 sunt.
649 5415 717 5468 Et
744 5416 1040 5470 notandum
1067 5415 1192 5484 quia
1218 5430 1323 5469 non
1351 5414 1551 5470 dicitur
1569 5432 1707 5487 pra:-

98 5515 218 5560 seus
245 5507 581 5575 negotiator
617 5515 882 5575 quantum
926 5505 1121 5561 emerit
1160 5521 1314 5570 eam,
1354 5506 1448 5560 sed
1496 5513 1705 5560 tantum

96 5596 415 5666 quicunque
451 5596 724 5651 invenerit
749 5612 868 5652 eam
892 5637 907 5664 ,
957 5606 1221 5664 quantum
1252 5596 1522 5652 habuerit.
1555 5596 1709 5653 Unde

97 5684 290 5742 dicitur
316 5705 332 5741 :

166 5779 337 5834 Vadit
381 5790 439 5836 et
487 5781 659 5835 vendit
694 5782 871 5837 omnia
915 5798 1036 5853 quae
1070 5779 1264 5848 habet,
1311 5789 1362 5835 et
1405 5780 1528 5836 emit
1568 5798 1704 5838 eam.

1798 1940 2046 2013 profecto
2088 1942 2390 2013 piscatores
2438 1942 2506 1996 ab
2561 1942 2714 1997 initio
2764 1942 3037 2013 Evangelii
3094 1955 3269 2010 usque
3317 1940 3383 1993 ad

1797 2032 1958 2088 ﬁnem
1995 2033 2174 2088 saeculi
2206 2033 2500 2087 laboraturi
2551 2043 2677 2087 sunt
2721 2034 2774 2087 in
2808 2034 2907 2087 hac
2954 2033 3252 2102 piscatione
3280 2033 3383 2086 hu—

1796 2139 1972 2178 mante
2000 2124 2218 2190 salutis;
2257 2140 2484 2195 quorum
2516 2125 2678 2198 primi
2719 2123 2935 2179 fuerunt
2961 2125 3155 2193 quibus
3181 2125 3384 2178 dictum

1795 2224 1880 2269 est
1903 2256 1918 2279 ,
1955 2213 2135 2270 Venite
2160 2227 2273 2285 post
2296 2233 2406 2280 me,
2443 2215 2638 2285 faciam
2677 2232 2763 2270 vos
2792 2216 3075 2286 piscatores
3116 2216 3384 2270 hominum

1798 2303 2016 2373 (Matth.
2053 2319 2126 2368 IV,
2151 2304 2260 2374 19).
2298 2302 2451 2359 Unde
2475 2305 2528 2358 hi
2556 2312 2790 2373 quatuor
2822 2304 2970 2370 bini,
3001 2313 3055 2359 et
3081 2303 3230 2368 bini,
3269 2305 3384 2374 pri-

1797 2409 1944 2448 mum
1972 2403 2367 2450 contexuerunt
2411 2395 2511 2449 sibi
2542 2395 2697 2465 juxta
2725 2410 2910 2451 vocem
2939 2395 3289 2466 praeceptoris
3329 2405 3385 2450 et

1798 2481 2097 2539 Salvatoris
2135 2485 2236 2548 sui,
2279 2494 2387 2538 tam
2417 2500 2485 2540 ex
2520 2483 2699 2539 Veteri
2728 2500 2889 2554 quam
2917 2501 2982 2540 ex
3013 2484 3162 2540 Novo
3189 2485 3380 2541 Testa-

1795 2583 2002 2639 mento,
2023 2589 2277 2644 sagenam
2295 2574 2578 2646 Evangelii
2609 2575 2908 2646 dogmatis;
2933 2576 3121 2630 deinde
3142 2577 3383 2632 omnium

1796 2677 2106 2723 sanctorum
2148 2668 2563 2737 pnedicalorum
2607 2677 2827 2722 secutus
2853 2676 2936 2722 est
2963 2668 3118 2723 ordo.
3158 2667 3224 2722 Et
3268 2677 3382 2722 tra-

1797 2759 1944 2813 hitur
1973 2758 2089 2812 hzec
2115 2773 2311 2828 sagena
2339 2756 2548 2812 duobus
2587 2771 2827 2812 connexa
2858 2755 3096 2822 funibus,
3128 2772 3226 2827 per
3271 2772 3387 2812 me-

1797 2850 1942 2905 dium
1967 2851 2069 2904 hoc
2095 2865 2264 2913 mare,
2303 2864 2334 2902 a
2370 2864 2582 2904 summo
2614 2863 2784 2918 usque
2829 2849 3079 2904 deorsum
3111 2860 3334 2904 extensa
3364 2866 3378 2902 :

1798 2958 2012 2997 sursum
2060 2941 2326 3010 siquidem
2374 2956 2469 3011 spe
2521 2954 2681 3010 super
2723 2955 2912 2995 omnes
2962 2938 3154 2995 ﬂuctus
3201 2941 3382 2994 sarculi

1796 3034 2145 3089 vehementer
2191 3040 2374 3086 erecta
2417 3040 2469 3085 et
2503 3031 2743 3096 ﬁrmata,
2779 3031 3031 3087 deorsum
3062 3046 3189 3085 vero
3215 3045 3384 3101 usque

1798 3128 1866 3182 ad
1896 3127 2024 3191 ima,
2050 3127 2244 3181 timore
2274 3125 2439 3180 divini
2463 3126 2652 3196 judicii
2682 3125 2938 3190 dimersa,
2984 3127 3078 3181 sed
3108 3142 3384 3197 nunquam

1797 3235 1970 3290 usque
2013 3220 2081 3274 ad
2123 3219 2229 3272 ima
2265 3227 2561 3289 pertracta,
2603 3229 2662 3273 ut
2697 3234 2912 3289 semper
2940 3235 3154 3274 sursum
3181 3235 3284 3274 non
3313 3221 3386 3274 sit

1799 3310 2129 3366 eminentius
2161 3311 2427 3364 charitate
2450 3309 2652 3365 Christi
2688 3309 2938 3380 levigata,
2980 3320 3036 3365 et
3081 3311 3147 3366 ad
3185 3311 3383 3365 malum

1798 3419 1968 3474 usque
2019 3413 2222 3460 erecta.
2278 3402 2410 3457 Nam
2471 3419 2668 3474 sagena
2725 3403 2913 3459 Grtece
2971 3420 3089 3474 quae
3138 3404 3296 3475 vulgo
3353 3422 3382 3459 a

1799 3496 2048 3550 trahente
2090 3496 2436 3550 verruculum
2483 3505 2727 3550 vocatur.
2772 3497 2923 3563 Quod
2960 3513 3125 3561 mare,
3177 3497 3230 3550 in
3278 3513 3387 3566 quo

1802 3585 2033 3639 trahitur
2061 3628 2075 3652 ,
2124 3602 2373 3656 magnum
2421 3596 2469 3640 et
2521 3589 2812 3655 spatiosum
2845 3588 2897 3641 in
2928 3587 3158 3642 Psalmis
3189 3588 3384 3643 dicitur

1800 3673 1972 3744 (Psal.
1999 3691 2114 3741 cru,
2139 3675 2252 3746 25),
2281 3677 2368 3730 ubi
2399 3677 2605 3746 reptilia
2637 3686 2780 3742 sunt,
2804 3695 3026 3748 quorum
3051 3694 3153 3731 non
3179 3688 3254 3732 est
3283 3695 3382 3733 nu-

1800 3781 1995 3830 merus,
2023 3765 2077 3820 in
2105 3781 2212 3834 quo
2236 3776 2292 3820 et
2313 3767 2474 3820 draco
2508 3768 2577 3820 ad
2609 3767 2935 3822 illudendum
2958 3769 3005 3822 ei
3035 3768 3244 3838 positus
3279 3777 3381 3831 est,

1800 3866 1860 3911 ut
1884 3858 1997 3926 ipse
2020 3858 2088 3912 ab
2113 3858 2364 3912 omnibus
2395 3858 2670 3926 illudatur,
2711 3874 2814 3913 non
2867 3859 3143 3914 hominum
3187 3859 3387 3913 virtute

1802 3957 2010 4002 tantum
2038 3989 2053 4014 ,
2100 3949 2192 4003 sed
2237 3948 2411 4019 gratia
2441 3948 2606 4003 divini
2645 3950 2884 4004 muneris
2912 3989 2928 4014 ,
2979 3959 3034 4004 et
3077 3949 3389 4019 magisterio

1803 4039 1938 4093 tanti
1964 4038 2273 4108 piscatoris.
2307 4038 2390 4092 Ad
2436 4039 2590 4109 cujus
2637 4039 2892 4094 nimirum
2938 4041 3234 4111 magisterii
3279 4039 3390 4096 for-

1801 4146 1946 4186 mam
2001 4146 2196 4202 sagena
2227 4145 2294 4184 ex
2334 4146 2434 4186 usu
2465 4131 2539 4185 ita
2566 4130 2858 4200 majoribus
2884 4141 2939 4187 et
2969 4133 3269 4188 minoribus
3293 4134 3392 4188 du-

1802 4223 2018 4294 pliciter
2047 4225 2356 4278 contexitur
2399 4221 2558 4277 nodis
2586 4263 2601 4288 ,
2659 4232 2715 4277 ut
2764 4224 2943 4278 omnia
2986 4224 3159 4294 possit
3198 4238 3392 4294 capere

1804 4328 2004 4382 genera
2051 4312 2318 4383 piscium,
2377 4329 2447 4368 ne
2499 4328 2726 4384 magnus
2767 4323 2861 4367 aut
2911 4328 3106 4384 parvus
3155 4313 3391 4387 ellugere

1807 4404 1998 4475 possit.
2027 4402 2179 4458 Sicut
2207 4413 2260 4457 et
2291 4404 2404 4458 haec
2426 4405 2532 4459 duo
2557 4403 2904 4461 Testamenta
2933 4405 3143 4462 minora
3175 4416 3232 4460 et
3275 4422 3390 4460 ma-

1802 4479 1929 4565 jora
1944 4496 2046 4551 sibi
2067 4496 2342 4566 duplicant
2369 4505 2636 4567 praecepta
2655 4538 2670 4564 ,
2703 4513 2769 4553 ne
2798 4497 2938 4553 ullus
2963 4496 3181 4570 effugiat
3201 4498 3392 4555 salutis

1809 4605 1920 4645 suae
1948 4589 2102 4644 retia.
2134 4589 2286 4656 Quod
2332 4590 2376 4644 si
2422 4588 2626 4657 majora
2673 4605 2780 4645 non
2828 4600 3026 4660 potest,
3056 4589 3140 4644 vel
3168 4590 3391 4646 minima

1809 4682 2099 4752 compleat.
2149 4682 2304 4748 Quod
2340 4683 2519 4751 itaque
2557 4691 2705 4738 recte
2742 4683 2820 4739 sic
2870 4683 3102 4739 trahitur
3152 4684 3392 4754 Evange-

1805 4773 1961 4838 lium,
1993 4782 2054 4827 ut
2083 4789 2181 4842 per
2223 4789 2382 4828 omne
2423 4789 2572 4829 mare
2609 4774 2896 4844 penetret;
2928 4777 3000 4830 ita
3057 4785 3116 4830 ut
3165 4776 3230 4830 de
3270 4792 3392 4846 pro-

1807 4864 1973 4920 fundo
2002 4863 2270 4920 elemento
2303 4863 2459 4931 hujus
2486 4865 2694 4930 saeculi,
2725 4881 2821 4936 per
2865 4880 3025 4920 omne
3063 4880 3258 4935 corpus
3296 4881 3390 4918 va-

1807 4959 1962 5022 dens,
1995 4957 2206 5013 clausos
2237 4959 2378 5012 intra
2418 4957 2678 5012 ambitum
2708 4967 2764 5012 et
2791 4958 2969 5014 sinum
3008 4973 3164 5014 suum
3203 4971 3392 5011 omnes

1809 5049 2062 5103 extrahat
2085 5049 2151 5102 ad
2180 5048 2352 5102 lucem
2384 5062 2692 5118 supernam,
2720 5056 2776 5102 et
2803 5048 2870 5102 ad
2899 5047 3077 5102 lumen
3108 5045 3220 5100 veri
3241 5044 3391 5110 solis,

1809 5153 1879 5193 ne
1910 5137 2049 5192 ullus
2081 5138 2133 5191 in
2163 5137 2266 5194 hac
2299 5137 2529 5204 caligine
2558 5153 2820 5207 aquarum
2849 5147 3008 5191 natus
3027 5145 3082 5190 et
3100 5134 3391 5198 enutritus,

1810 5230 2091 5284 demersus
2117 5235 2416 5282 remaneat.
2466 5229 2546 5283 Ad
2586 5229 2689 5282 hoc
2715 5228 2913 5298 quippe
2953 5225 3248 5281 similitudo
3303 5223 3392 5278 illa

1810 5320 2169 5390 componitur,
2196 5329 2255 5373 ut
2275 5319 2525 5374 ostendat
2551 5334 2648 5373 cur
2669 5320 2720 5373 in
2749 5317 3016 5388 apostolos
3040 5326 3149 5372 tum
3172 5315 3390 5372 eosdem

1809 5412 2004 5482 quibus
2038 5411 2276 5480 loquitur
2311 5411 2611 5480 piscatores
2639 5410 2892 5478 elegerit,
2923 5417 2978 5463 et
3006 5416 3253 5479 captores
3280 5407 3393 5478 pis-

1810 5505 1954 5558 cium
1993 5502 2184 5557 fecerit
2211 5501 2488 5556 hominum
2519 5502 2822 5570 piscatores
2854 5518 2865 5554 :
2896 5499 3102 5555 scilicet
3132 5508 3190 5554 ut
3226 5500 3392 5556 divini

1804 5593 1992 5663 judicii
2011 5602 2168 5664 typus
2189 5601 2304 5648 arte
2319 5593 3036 5663 piscatoris,monstraretur.
3049 5591 3233 5646 Pisces
3247 5607 3393 5645 nam-

1809 5703 1912 5756 que
1943 5697 2234 5756 congregat
2261 5696 2482 5756 captura
2507 5697 2857 5754 quoscunque
2879 5684 3134 5742 confusos
3161 5695 3216 5740 et
3232 5684 3396 5740 indis-

1812 5777 2204 5850 cretos;6()&l
2232 5778 2324 5834 sed
2351 5777 2402 5832 in
2435 5767 2580 5858 vasis
2607 5777 2862 5834 discretio
2900 5778 3066 5835 divini
3098 5775 3285 5849 judicii
3307 5789 3393 5831 se.
