4004 6362
666 310 768 366 507

1487 303 1548 363 S.
1584 300 1942 358 PASCHASII
1981 297 2329 355 RADBERTI
2369 292 2659 355 ABBATlS
2696 290 3145 351 CORBEIENSIS
3762 309 3835 364 ωε

666 422 843 477 0011111
877 419 1080 476 0100108
1104 438 1116 473 ;
1143 417 1412 489 quomodo
1441 416 1651 471 vocatio
1677 411 1953 483 Evangelii
1993 413 2168 482 justos
2194 420 2250 466 et
2274 415 2325 476 Α
2352 408 2552 465 stridor
2578 408 2821 464 dentium
2842 416 2894 463 et
2924 406 3364 463 fletusoculorum
3380 412 3839 481 pmdicaturmondc

669 511 917 583 iniustos,
955 511 1124 567 bonos
1159 508 1393 565 malasve
1434 508 1500 563 ad
1548 508 1707 562 ﬁdem
1754 514 1911 560 vocat
1956 512 2012 560 et
2064 504 2249 559 trahit.

664 604 821 662 Finis
846 618 976 659 vero
999 604 1181 659 szeculi
1216 612 1270 657 et
1297 601 1485 671 judicii
1517 601 1662 664 dies,
1694 599 1882 669 quales
1908 599 2039 653 retia
2071 607 2251 652 traxe—

666 699 800 760 rint,
834 694 1245 752 demonstrabit.
1301 692 1434 747 Nam
1482 692 1622 746 inter
1660 691 1817 761 hujus
1864 689 2029 744 maris
2060 688 2254 743 fluctus

666 804 775 859 quo
818 797 1033 843 tumens
1064 801 1258 857 pompa
1291 802 1349 840 se
1375 784 1560 840 multis
1589 784 1859 854 dispumat
1892 782 2252 846 allisionibus,

665 895 775 951 quo
804 879 949 936 elato
1004 893 1062 934 se
1108 877 1305 933 attollit
1355 876 1557 932 vertice
1605 877 1855 939 tnnndus,
1892 875 2154 931 undosum
2194 889 2254 931 se

660 971 799 1026 facit
825 970 1007 1035 sectis,
1038 969 1297 1023 dividitur
1317 967 1630 1032 erroribus,
1661 967 1956 1022 clamosum
1989 982 2045 1020 se
2080 967 2252 1020 reddit

656 1060 875 1126 litibus,
929 1060 1113 1116 fremit
1161 1061 1364 1114 irarum
1405 1058 1733 1127 vaporibus,
1783 1058 1935 1111 saevit
1978 1056 2247 1125 procellis,

666 1153 1021 1225 naufragatur
1051 1152 1369 1216 sceleribus,
1409 1150 1684 1221 impietate
1721 1150 2071 1219 denter-gitur.
2110 1148 2253 1201 inter

665 1244 772 1300 hoc
814 1245 992 1314 itaque
1036 1243 1206 1298 maris
1239 1241 1452 1305 ﬂuctus,
1480 1256 1587 1309 quo
1616 1242 1875 1310 regnabat
1904 1239 2076 1293 hostis
2114 1239 2252 1291 anti-

665 1350 825 1404 quus,
855 1334 1002 1390 misit
1028 1334 1275 1389 Christus
1313 1334 1609 1403 piscatores
1643 1347 1770 1386 suos
1794 1372 1807 1395 ,
1859 1330 2077 1385 Petrum
2108 1329 2253 1383 vide-

664 1426 794 1484 licet
838 1436 893 1483 et
933 1427 1226 1491 Andream,
1273 1423 1533 1482 Jacobum
1582 1433 1637 1479 et
1674 1423 1959 1488 Joannem,
1998 1423 2254 1491 probatos

664 1528 786 1574 arte
814 1534 934 1575 cum
966 1518 1098 1572 dicit
1119 1559 1134 1583 ,
1190 1515 1367 1571 Venite
1389 1527 1501 1587 post
1534 1533 1633 1579 me,
1661 1516 1857 1586 facium
1884 1531 1968 1568 ros
2000 1514 2115 1582 ﬁeri
2145 1515 2253 1584 pis-

665 1619 867 1663 catores
902 1608 1417 1678 hominum’(Matth.
1460 1624 1533 1672 tv,
1568 1608 1677 1677 19).
1709 1606 1845 1663 Istos
1876 1606 2074 1677 quippe
2104 1607 2252 1662 misit

666 1701 804 1755 retia
832 1709 1113 1771 portantes
1153 1700 1438 1771 praeceptis
1482 1698 1807 1770 evangelicis
1847 1707 1899 1752 et
1938 1698 2250 1754 coalestibus

2356 503 2468 559 sola
2512 500 2842 558 conscientia
2873 501 3083 573 peccati
3115 500 3334 556 veniens
3358 543 3372 567 ,
3407 504 3495 559 sed
3538 507 3596 560 de
3639 511 3839 580 supplicio

2355 603 2659 666 praeparato
2704 604 2926 650 aeterno.
2971 593 3082 649 Nisi
3110 592 3251 649 forte
3275 605 3555 652 assertores
3576 576 3841 669 basiem

2353 686 2493 743 dacii
2526 688 2692 742 velint
2719 697 2984 753 astruere,
3011 687 3153 757 quod
3182 687 3342 741 etiam
3389 689 3523 759 ipsas
3560 693 3841 752 conscientia

2355 791 2544 836 auctor
2572 782 2694 836 vita:
2720 782 2797 839 sic
2824 780 3233 851 pra‘paraverit,
3274 781 3326 834 in
3354 781 3539 851 quibus
3569 785 3766 853 torqueri
3785 802 3846 842 so-

2354 873 2628 927 lummodo
2658 873 2726 927 ab
2754 873 2837 926 eis
2862 873 3180 936 creduntur,
3220 880 3279 925 ut
3323 873 3433 941 ipse
3474 873 3541 927 sit
3572 884 3733 928 auctor
3759 891 3845 947 sup-

2354 965 2539 1036 plicii;
2595 965 2849 1034 quoniam
2895 972 3163 1019 tormenta
3212 963 3406 1033 quibus
3452 966 3705 1035 torquendi
3734 976 3845 1033 sunt,

2355 1071 2564 1110 necnon
2596 1056 2746 1125 ignes
2786 1064 2841 1110 et
2869 1056 3150 1126 supplicia,
3188 1055 3255 1109 ab
3283 1056 3398 1124 ipso
3419 1066 3691 1125 prmparata
3711 1055 3848 1115 dicun-

2357 1156 2461 1201 tur.
2496 1146 2647 1202 Undc
2680 1147 2796 1211 ait,
2838 1146 3178 1201 Intellexisti:
3214 1147 3323 1200 hare
3358 1147 3570 1201 omnia?
3602 1146 3726 1203 Solis
3745 1165 3851 1203 nam-

2356 1256 2463 1309 que
2488 1240 2759 1309 Apostolis
2794 1240 2897 1294 hoc
2921 1240 3051 1294 dicit
3074 1280 3086 1300 ,
3124 1238 3322 1308 quibus
3347 1238 3523 1290 datum
3546 1248 3611 1291 est
3633 1256 3755 1292 nosse
3771 1257 3848 1309 my-

2356 1331 2573 1385 sterium
2601 1332 2744 1401 regni
2773 1330 2867 1384 Dei
2902 1329 3096 1401 (Marc.
3128 1344 3203 1394 iv,
3230 1328 3319 1399 H)
3338 1370 3351 1393 ,
3375 1338 3429 1383 et
3448 1328 3686 1397 plebibus.
3704 1328 3852 1382 Idcirw

2357 1432 2411 1476 et
2442 1423 2541 1493 ipsi
2586 1422 2739 1492 quasi
2771 1421 3047 1491 magistri,
3080 1421 3232 1491 quasi
3283 1430 3555 1477 consortes
3608 1421 3764 1491 regni,
3800 1423 3853 1475 di-

2357 1525 2488 1571 cunt
2526 1516 2712 1585 utique
2750 1531 2855 1571 non
2900 1514 2965 1568 de
2994 1514 3155 1569 trivio
3179 1514 3322 1568 docti
3350 1554 3365 1578 ,
3401 1529 3503 1569 non
3530 1514 3589 1567 de
3609 1512 3758 1567 schola
3771 1513 3853 1583 phi-

2357 1607 2708 1677 losophorum
2738 1646 2754 1671 ,
2793 1606 2884 1660 sed
2926 1604 3131 1675 Spiritu
3169 1613 3389 1665 sancto,
3432 1604 3577 1673 quasi
3614 1602 3750 1657 futuri
3779 1615 3853 1656 ma-

2355 1700 2533 1769 gistri,
2567 1698 2853 1761 instructi,
2882 1705 2936 1751 et
2966 1697 3281 1768 magisterio
3310 1694 3514 1750 caelesti
3539 1694 3727 1749 eruditi.

665 1791 919 1845 innodata
954 1791 1191 1855 monitis,
1222 1791 1586 1862 circumplexa
1629 1800 1684 1845 et
1731 1800 1957 1845 coutcxa
1990 1790 2247 1845 virtutum
2279 1789 2326 1849 B
2429 1790 2574 1844 Tunc
2614 1791 2687 1843 ait
2724 1789 2860 1853 illis,
2899 1789 3015 1842 ideo
3056 1790 3226 1842 omnis
3254 1786 3435 1842 Scriba
3472 1786 3641 1840 doctus
3673 1787 3717 1840 in
3748 1799 3854 1855 regno

661 1880 840 1937 donis.
865 1881 993 1950 Quae
1016 1896 1216 1953 sagena
1257 1883 1378 1937 sinu
1416 1881 1725 1952 evangelico
1758 1881 1999 1946 dilatata,
2032 1880 2247 1953 longam

666 1975 837 2029 trahit
892 1989 1062 2044 usque
1097 1974 1165 2029 ad
1205 1975 1368 2030 ﬁnem
1409 1974 1592 2030 saeculi
1638 1974 1858 2029 humani
1904 1974 2120 2045 generis
2159 1991 2248 2029 ca-

662 2080 895 2142 pturum.
932 2068 1104 2135 Quam
1152 2086 1270 2124 cum
1305 2068 1517 2139 impleta
1561 2078 1714 2133 esset,
1746 2068 1940 2139 inquit,
1971 2068 2247 2123 edncentes

662 2171 711 2216 et
733 2177 883 2216 secus
908 2159 1053 2215 littits
1077 2161 1312 2216 sedentes
1337 2159 1601 2231 elegerunt
1639 2160 1797 2215 bonos
1822 2160 1876 2213 in
1902 2176 2045 2221 vasa,
2079 2157 2246 2213 malos

662 2263 838 2309 autem
882 2254 1027 2325 [oras
1074 2256 1346 2309 miserunt.
1397 2251 1548 2309 lianc
1578 2253 1742 2326 igitur
1772 2254 1988 2309 tertiam
2018 2252 2248 2323 parabo.

661 2346 770 2403 lam
804 2362 904 2420 per
946 2362 1005 2403 se
1054 2345 1302 2402 Salvator
1348 2348 1638 2418 exposuit,
1693 2347 1949 2417 quoniam
2004 2345 2249 2401 obscurae

664 2447 813 2503 sunt,
841 2446 901 2492 ut
926 2437 980 2494 in
1011 2454 1106 2493 ore
1136 2439 1363 2494 duorum
1405 2438 1489 2495 vel
1520 2438 1684 2495 trium
1712 2439 1930 2495 testium
1958 2447 2065 2495 stet
2089 2451 2249 2493 omne

665 2531 890 2589 verbum
918 2530 1201 2588 catholica:
1229 2531 1587 2590 dissertiouis.

734 2619 821 2681 Sic
847 2623 965 2689 erit,
991 2622 1186 2693 inquit,
1218 2624 1273 2676 in
1301 2622 1747 2679 consummatione
1772 2620 1970 2676 sa’culi.
2014 2619 2249 2674 Exibunt

662 2712 856 2784 angeli,
880 2724 927 2767 et
955 2713 1268 2783 separabunt
1299 2712 1465 2768 malos
1495 2713 1560 2767 de
1598 2713 1767 2767 medio
1799 2713 2084 2782 justorum.
2130 2708 2247 2765 Non

661 2802 804 2871 quod
834 2801 1009 2874 angeli
1037 2802 1314 2873 corporeis
1342 2812 1538 2874 egeant
1585 2802 1918 2858 sessionibus
1944 2843 1959 2865 ,
1995 2806 2089 2856 sed
2121 2802 2249 2871 quia

663 2907 850 2951 eorum
877 2901 1116 2961 potestas
1135 2892 1423 2961 judiciaria
1450 2893 1785 2963 designatur.
1826 2890 1984 2946 Unde
2037 2891 2249 2961 signan-

665 2991 751 3039 ter
773 2981 883 3037 ait:
908 2980 1146 3036 Exibunt
1175 2982 1349 3053 angeli
1376 2983 1446 3038 ab
1467 2982 1557 3037 1110
1585 2986 1798 3038 interno
1826 2991 1880 3037 et
1910 2981 2107 3037 divinae
2133 2995 2247 3035 ma-

658 3071 873 3141 iestatis
892 3072 1116 3144 judicio,
1166 3077 1220 3129 in
1260 3090 1367 3145 quo
1417 3075 1621 3130 sedebit
1648 3073 1899 3130 Christus
1934 3089 2056 3127 cum
2089 3088 2246 3127 sena-

2350 1884 2598 1939 caelorum
2629 1881 2816 1937 similis
2851 1892 2924 1935 est
2957 1881 3157 1935 homini
3194 1879 3585 1950 patrifamilias,
3618 1878 3694 1949 qui
3717 1875 3855 1947 profui

2351 1979 2416 2033 de
2446 1978 2690 2044 thesauro
2718 1994 2813 2032 suo
2840 1993 2975 2030 nova
3001 1986 3049 2029 et
3077 1986 3269 2032 uetera.
3317 1974 3533 2030 Scribas
3558 1988 3643 2027 eos
3665 1979 3801 2033 vocat,
3820 1977 3855 2023 rt

2352 2072 2541 2127 doctos
2570 2076 2733 2141 atque
2772 2070 3050 2124 institutes
3086 2067 3405 2123 caelestibus
3452 2066 3670 2121 insinuat
3693 2059 3857 2132 disciplio

2352 2165 2462 2230 nis,
2493 2163 2618 2219 dum
2652 2162 2853 2218 eisdem
2899 2179 2963 2217 ac
2993 2162 3037 2217 si
3075 2160 3502 2233 intelligentibus
3528 2155 3784 2229 parabolas,
3807 2152 3858 2207 di-

2355 2272 2523 2328 gnum
2564 2254 2740 2310 reddit
2776 2254 3177 2320 testimonium,
3216 2252 3476 2324 quoniam
3520 2250 3613 2322 ipsi
3640 2247 3722 2304 soli
3750 2244 3857 2318 quasi

2353 2347 2550 2403 notarii
2580 2332 2878 2402 Salvatoris
2915 2353 2971 2401 et
2997 2354 3338 2401 secretorum
3366 2342 3585 2408 conscii,
3606 2337 3859 2397 νει-1101111111

2352 2448 2409 2494 et
2440 2449 2704 2509 praecepta
2749 2438 3115 2494 recondebam
3160 2438 3216 2492 in
3252 2438 3510 2493 thesauro
3540 2433 3715 2497 cordis,
3739 2428 3860 2488 etde-

2354 2530 2663 2585 scribebant
2691 2529 2745 2584 in
2781 2528 2978 2584 tabulis
3014 2528 3301 2600 purissimi
3336 2527 3583 2599 pectoris.
3616 2524 3782 2580 Idcirco
3799 2534 3862 2590 pa-

2354 2622 2674 2678 trisfamiliae
2709 2622 2927 2677 nomine
2978 2622 3078 2677 sibi
3109 2637 3203 2678 eos
3239 2629 3540 2693 comparat,
3577 2634 3635 2675 eo
3668 2614 3780 2688 quod
3801 2613 3863 2665 do-

2354 2714 2584 2768 ctrinam
2626 2712 2760 2769 Novi
2810 2729 2871 2768 ac
2900 2712 3107 2769 Veteris
3134 2713 3496 2778 Testamenti,
3545 2710 3663 2782 legis
3684 2704 3861 2762 videlicet

2355 2814 2411 2861 et
2440 2804 2873 2874 prophetarum,
2924 2804 2992 2860 de
3041 2805 3307 2859 thesauro
3356 2801 3585 2873 pectoris
3624 2795 3784 2857 Christi
3820 2788 3861 2845 ad

2354 2894 2572 2965 plenum
2625 2895 2960 2957 hauserant;
3017 2903 3246 2965 propter
3299 2893 3443 2964 quod
3497 2899 3550 2947 et
3593 2888 3774 2945 Scribas
3804 2894 3863 2936 eos

2353 2995 2629 3055 nuncupat
2661 2986 2847 3041 doctos
2883 2986 2934 3039 in
2961 2986 3079 3057 lege
3117 2995 3171 3039 et
3195 2984 3515 3055 Evangelio.
3560 2981 3618 3036 Et
3640 2994 3727 3033 non
3748 2974 3863 3032 solum

2354 3076 2561 3140 doctos,
2587 3090 2775 3130 verum
2793 3074 2957 3129 etiam
2986 3075 3088 3130 sibi
3119 3074 3334 3130 similes
3360 3089 3453 3129 eos
3478 3071 3616 3127 facit.
3632 3067 3718 3135 Qui
3732 3062 3866 3137 profer!

664 3165 870 3222 toribus
897 3165 1029 3222 suis.
1069 3165 1307 3222 Exibunt
1346 3166 1585 3239 quidem,
1634 3166 1699 3220 ad
1736 3164 2033 3220 exercenda
2062 3163 2241 3218 divina
2268 3155 2315 3216 C
2348 3166 2415 3219 de
2441 3166 2687 3219 thesauro
2716 3181 2812 3219 suo
2843 3180 2977 3219 nova
3006 3174 3052 3218 et
3072 3174 3272 3219 cetera.
3302 3164 3454 3220 Unde
3482 3178 3545 3218 ex
3568 3174 3662 3214 uno
3686 3157 3866 3211 thesauro

658 3256 861 3327 judicia
902 3274 1023 3329 qua:
1062 3259 1208 3315 intus
1251 3258 1593 3322 didicerunt;
1641 3257 1732 3312 sed
1762 3271 1865 3311 non
1904 3264 2062 3310 antea
2084 3269 2248 3325 quam

664 3351 886 3424 impleta
932 3351 1004 3408 sit
1049 3367 1246 3423 sagena
1289 3349 1510 3418 Christi,
1562 3350 1616 3403 id
1651 3358 1735 3403 est
1769 3347 1946 3402 omnis
1990 3360 2250 3402 numerus

663 3458 854 3503 eorum
896 3443 989 3514 qui
1034 3443 1401 3513 praedestinati
1439 3450 1567 3499 sunt
1606 3440 1672 3496 ad
1711 3440 1874 3495 vitam
1899 3480 1912 3505 ,
1968 3446 2252 3510 011111001-

664 3536 838 3594 dinati
873 3545 999 3592 ante
1060 3535 1507 3593 constitutionem
1560 3532 1765 3588 numdi.
1828 3530 1931 3603 Ipsi
1981 3530 2036 3584 in
2088 3529 2251 3584 11110111

664 3628 847 3687 81001111
886 3628 1208 3701 colligentur
1253 3629 1307 3685 in
1353 3627 1529 3694 vasis,
1560 3626 1612 3682 id
1638 3634 1721 3681 est
1746 3666 1760 3689 ,
1798 3625 1849 3679 in
1881 3624 2251 3680 mansionibus

666 3721 903 3787 aeternis,
933 3729 989 3777 et
1015 3720 1140 3775 mali
1169 3721 1237 3775 ab
1265 3735 1331 3775 eo
1362 3734 1548 3791 regno,
1595 3727 1651 3773 et
1682 3733 1713 3771 a
1743 3716 1989 3773 claritate
2032 3725 2251 3771 aeterna

666 3815 816 3879 vitae,
844 3812 994 3871 foras
1022 3814 1327 3868 mittentur.
1357 3811 1424 3868 Et
1452 3812 1569 3867 haec
1596 3819 1680 3867 est
1720 3810 2116 3866 consummatio
2145 3824 2248 3864 sae-

664 3905 793 3960 culi.
843 3904 963 3960 Non
1014 3905 1156 3974 quod
1193 3904 1460 3960 elementa
1511 3902 1695 3958 mundi
1747 3901 2064 3972 deperient,
2121 3900 2249 3971 quia

664 3997 773 4053 0111
800 3997 996 4053 caelum
1024 4012 1220 4052 novum
1250 4004 1305 4051 et
1347 4004 1492 4053 terra
1533 4011 1702 4062 nova;
1737 3994 1832 4049 sed
1861 3994 2256 4051 consummatio

670 4087 857 4143 saeculi
925 4085 1273 4158 perfectionis
1334 4084 1652 4160 intelligitur
1693 4086 1997 4157 plenitudo,
2038 4086 2256 4154 quando

669 4179 904 4235 mundus
937 4179 1005 4234 de
1057 4178 1162 4234 ﬁne
1206 4178 1534 4250 principium
1581 4187 1665 4234 est
1716 4185 2052 4248 sumpturus.
2103 4177 2255 4234 Finis

668 4284 800 4326 vero
835 4286 940 4325 non
975 4268 1225 4334 defectio,
1277 4278 1336 4325 ut
1388 4268 1531 4335 dixi,
1561 4269 1953 4325 elementorum
1989 4270 2113 4333 erit,
2158 4269 2254 4326 sed

668 4362 966 4427 innovatio,
994 4376 1117 4416 cum
1141 4360 1462 4431 przeterierit
1485 4360 1658 4431 ﬁgura
1694 4359 1853 4429 hujus
1894 4360 2098 4427 mundi,
2123 4362 2249 4433 quia

667 4452 774 4507 etsi
798 4452 1034 4516 deﬁciet,
1063 4468 1168 4507 non
1199 4452 1432 4508 creatori
1460 4452 1679 4525 peribit,
1711 4453 1806 4507 sed
1837 4452 2085 4518 crimini;
2121 4453 2252 4524 quia

2355 3268 2442 3313 est
2490 3258 2634 3328 quod
2682 3271 2872 3314 omnes
2926 3258 3270 3325 hauserunt;
3334 3267 3390 3312 et
3433 3255 3551 3311 ideo
3592 3244 3801 3323 quidquid
3833 3242 3869 3296 11

2357 3349 2651 3421 Evangelio
2697 3348 2966 3404 docebant
3012 3348 3250 3418 apostoli
3305 3349 3443 3421 legis
3480 3354 3537 3401 et
3572 3341 3869 3421 prophetam!

2355 3420 2533 3515 θος
2549 3443 2773 3498 vocibus
2820 3441 3257 3512 comprobabant
3302 3420 3508 3504 omnia,
3555 3445 3611 3492 ut
3652 3426 3811 3489 similes
3838 3420 3873 3476 εἰ

2361 3535 2756 3597 invenirentur,
2800 3533 2956 3603 cujus
2995 3534 3321 3590 thesaurum
3374 3534 3429 3589 in
3474 3529 3629 3587 corde
3667 3518 3869 3603 gerem?

2360 3623 2500 3679 Hinc
2524 3638 2741 3694 quoque
2769 3601 2965 3693 sponsa
2994 3624 3140 3678 canit
3174 3623 3231 3677 in
3258 3622 3502 3680 Canticis
3527 3616 3687 3685 (Cant.
3707 3601 3874 3673 11101111ζ

2363 3716 2518 3771 Νουα
2545 3727 2592 3771 et
2619 3727 2789 3770 vetera
2819 3715 3095 3771 fratruelis
3134 3729 3298 3771 meus
3325 3712 3581 3771 servavit.
3610 3706 3726 3777 Quia
3754 3696 3877 3755 null“

2360 3811 2554 3867 doctor
2583 3810 2636 3864 iu
2664 3810 2906 3865 Ecclesia
2931 3822 3051 3864 esse
3080 3808 3248 3864 debet
3273 3811 3532 3883 (quaeest
3559 3790 3881 3889 regnatum”:

2357 3902 2523 3969 rum),
2576 3902 2679 3957 nisi
2735 3901 3048 3957 thesaurum
3100 3898 3242 3957 Novi
3290 3917 3355 3957 ac
3384 3889 3879 3957 VeterisoTestameutI

2357 3994 2609 4067 proferre
2649 3995 2822 4067 possit
2876 3994 2929 4048 in
2956 3993 3158 4065 plebes.
3202 3995 3383 4051 Debet
3420 4003 3644 4061 namque
3678 3980 3880 4048 antiit“In

2360 4087 2490 4143 Adae
2538 4085 3041 4158 praevaricationem
3097 4086 3171 4140 ita
3218 4083 3597 4157 pronuntiare,
3645 4085 3697 4131 ut
3722 4071 3882 4127 idoneas

2360 4181 2432 4235 sit
2453 4178 2660 4235 Christi
2706 4194 2860 4236 novre
2904 4179 3093 4249 gratia:
3119 4176 3422 4244 beneﬁcia,
3449 4184 3505 4231 et
3532 4183 3709 4229 novam
3738 4159 3886 4223 redem-

2358 4272 2601 4341 ptionem
2669 4272 2891 4326 humani
2973 4271 3190 4342 generis
3275 4268 3590 4341 plenissime
3646 4253 3885 4351 praedicat?

2359 4361 2530 4416 Debet
2572 4362 2737 4416 etiam
2780 4362 2934 4417 dives
2969 4362 3022 4416 in
3049 4362 3351 4418 virtutibus
3398 4356 3643 4422 inveniri,
3687 4359 3737 4408 ιιι
3772 4345 3893 4418 Ρθ⁵⁵ί¹

2367 4453 2433 4508 (10
2466 4454 2723 4508 thesauro
2754 4453 2937 4509 cordis
2972 4454 3055 4508 sui
3082 4456 3228 4509 bona
3267 4468 3439 4525 opera
3487 4451 3555 4506 ad
3584 4458 3753 4504 novam
3774 4436 3892 4525 νὶιειιξ

667 4558 810 4596 mors
834 4542 975 4597 ultra
999 4559 1103 4597 non
1123 4545 1222 4598 erit
1254 4545 1436 4615 (Apoc.
1462 4522 1596 4610 ⁷ιιι,
1635 4544 1713 4617 4).
1744 4544 1853 4599 Nec
1875 4544 2097 4600 dubium
2124 4522 2255 4613 quin
2284 4523 2339 4583 D
2367 4547 2694 4617 pertinentia
2746 4547 3058 4613 ostendere,
3090 4557 3145 4603 et
3167 4522 3321 4604 vitiav
3355 4564 3453 4605 seu
3482 4551 3710 4621 peccata.
3735 4547 3828 4608 qui“
3849 4522 3895 4580 'd

669 4632 904 4705 Angelos
932 4649 1080 4697 suos,
1101 4633 1264 4707 605
1289 4651 1386 4707 per
1420 4650 1557 4706 quos
1595 4652 1738 4691 nunc
1774 4636 1977 4707 regitur
2011 4644 2068 4690 et
2103 4633 2255 4704 adju-

670 4734 829 4783 vatur
868 4724 1109 4782 Ecclesia
1138 4725 1363 4793 Christi,
1389 4737 1517 4784 tunc
1546 4729 1791 4799 implebit
1837 4728 2099 4799 benignus
2140 4728 2255 4784 Sal-

671 4828 862 4888 vator,
903 4830 959 4876 et
1001 4821 1259 4877 tollantur
1298 4822 1450 4893 impii
1505 4824 1571 4879 de
1617 4823 1795 4879 medio
1836 4821 2133 4893 iustorum,
2186 4836 2255 4877 ne

669 4913 887 4969 videant
930 4911 1157 4985 gloriam
1201 4915 1317 4979 Dei,
1348 4924 1404 4970 et
1429 4915 1576 4972 foras
1612 4916 1896 4972 mittentur
1923 4916 1976 4970 in
2004 4917 2254 4972 tenebras

668 5005 971 5061 exteriores
997 5045 1012 5071 ,
1041 5014 1098 5061 et
1128 5006 1181 5060 in
1209 5007 1480 5062 caminum
1514 5009 1651 5078 ignis
1674 5049 1688 5073 ,
1732 5005 1832 5061 Ubi
1882 5009 1977 5061 erit
2015 5010 2167 5077 fletus
2202 5017 2253 5062 et

666 5095 865 5151 stridor
902 5096 1155 5151 dentium.
1198 5094 1366 5151 Miror
1416 5098 1572 5153 valde
1623 5098 1979 5168 quorumdam
2038 5100 2256 5154 temeri-

668 5195 837 5243 tatem
861 5195 916 5241 et
941 5187 1328 5257 insipientiam,
1351 5188 1444 5259 qui
1470 5189 1657 5245 dicunt
1687 5190 1862 5245 nullas
1894 5203 2014 5245 esse
2042 5204 2251 5260 pcenas,

670 5295 845 5351 neque
877 5290 1145 5337 tormenta
1179 5281 1589 5353 suppliciorum,
1620 5283 1721 5338 nisi
1748 5284 1996 5354 proprias
2022 5284 2258 5339 scelera-

670 5379 849 5426 torum
885 5374 1269 5439 conscientias,
1313 5373 1467 5443 quasi
1494 5381 1551 5428 et
1575 5374 1674 5444 ipsi
1706 5375 1808 5430 sibi
1838 5376 2040 5431 conscii
2075 5385 2258 5431 reatus

670 5464 756 5517 sui
783 5480 889 5518 non
911 5474 1117 5531 essent,
1155 5466 1283 5521 dum
1314 5465 1490 5521 adhuc
1520 5465 1573 5521 in
1612 5480 1775 5519 carne
1804 5467 2084 5530 viverent,
2115 5482 2259 5536 prte-

674 5556 861 5609 sertim
879 5573 1000 5612 cum
1023 5569 1078 5612 et
1091 5558 1230 5628 ignis
1248 5566 1485 5614 aeternus
1497 5567 1833 5629 praaparatus
1855 5559 2069 5615 diabolo
2093 5567 2146 5613 et
2162 5575 2260 5615 an-

672 5647 809 5720 gelis
833 5649 949 5720 ejus
974 5652 1207 5716 dicatur,
1231 5653 1285 5707 in
1308 5667 1415 5722 quo
1467 5653 1715 5708 mittendi
1766 5662 1891 5708 sunt
1939 5669 2077 5725 quos
2118 5653 2261 5727 ignis

675 5738 869 5799 adoret
888 5751 1142 5799 aeternus.
1164 5742 1263 5801 Ubi
1281 5744 1407 5813 quia
1433 5745 1614 5803 carnis
1637 5748 1966 5807 resurrectio
1988 5755 2116 5818 0111,
2137 5755 2259 5812 ideo

2368 4646 2610 4698 veterem
2639 4639 2918 4708 pertinent
2955 4640 3255 4705 hominem,
3288 4654 3448 4695 more
3499 4633 3683 4693 medici
3721 4627 3898 4719 sciettlf'

2365 4745 2589 4796 curare;
2638 4745 2846 4787 necnon
2889 4742 2945 4787 et
2984 4747 3176 4803 poenas
3218 4732 3455 4797 inferni,
3508 4739 3671 4798 atque“
3704 4712 3900 4790 supplicia

2367 4822 2684 4891 inferorum,
2731 4835 2918 4896 aperte
2966 4824 3316 4891 denuntiare,
3376 4826 3452 4880 ita
3488 4832 3547 4877 ut
3584 4826 3756 4893 potens
3781 4808 3835 4864 sit
3856 4812 3899 4907 ei

2371 4918 2498 4983 ﬁde,
2538 4934 2662 4975 cum
2685 4921 2832 4976 omni
2874 4918 3198 4975 auctoritate
3223 4918 3646 4990 Scripturarum
3668 4908 3901 4970 exhortari.

2364 5026 2429 5066 ac
2458 5012 2653 5067 docere
2688 5026 2808 5081 quae
2837 5010 3082 5067 coelestia
3119 5021 3246 5066 sunt
3272 5020 3331 5065 et
3359 5006 3662 5080 spiritualia
3690 5009 3770 5056 :et
3791 4991 3902 5049 adea

2365 5117 2486 5171 quae
2524 5102 2854 5173 sempiterna
2891 5111 3038 5169 sunt,
3075 5100 3363 5157 auditores
3405 5116 3536 5157 suos
3573 5083 3905 5180 evidentissiﬂl'3

2367 5192 2623 5259 invitare,
2651 5201 2711 5247 ut
2759 5193 2840 5248 sic
2869 5201 3137 5264 temperet
3164 5207 3310 5247 nova
3355 5208 3424 5249 ac
3453 5200 3656 5253 vetera.
3682 5197 3776 5241 που
3799 5183 3843 5272 "ﬁ
3863 5178 3908 5272 ιδ’

2367 5300 2485 5339 11101
2511 5286 2770 5355 gehenme
2797 5285 2981 5341 ﬁdeles
3009 5285 3322 5351 absorbeat,
3352 5295 3449 5339 aut
3475 5298 3601 5354 spes
3625 5266 3907 5337 beatitudinis

2361 5376 2635 5446 jactanter
2673 5392 2772 5433 nos
2809 5378 3006 5442 elevet,
3038 5378 3131 5432 sed
3166 5376 3465 5432 humilitas
3496 5386 3702 5445 semper
3733 5366 3905 5421 virtutes

2366 5485 2503 5539 quas
2548 5478 2805 5540 operatur
2845 5472 2897 5525 in
2946 5485 3004 5526 se
3035 5473 3322 5524 recondat.
3378 5470 3524 5525 Ecce
3555 5452 3907 5540 Matthaausinl‘

2365 5539 2779 5631 przesentiarum
2834 5571 2957 5617 octo
3002 5560 3393 5632 parabolarum
3444 5573 3641 5631 genera
3671 5539 3910 5624 proposui"

2367 5669 2507 5723 quas
2546 5654 2591 5708 si
2635 5653 2891 5719 volueris,
2941 5655 3131 5720 lector,
3176 5660 3309 5708 octo
3357 5646 3772 5709 beatitudinibus
3814 5644 3912 5691 οὐθ’

2368 5748 2533 5815 ferre,
2561 5745 2804 5801 invenies
2833 5745 2984 5801 valde
3023 5747 3259 5802 invicem
3286 5744 3518 5800 easdem
3542 5746 3815 5812 congruere
3837 5733 3914 5781 0°“
