3994 6364
64 327 164 391 ιω

797 324 1159 382 EXPOSI'I‘IO
1195 324 1260 380 IN
1303 322 1735 379 MATTHEUM.
1778 354 1848 364 ——
1883 324 2009 379 LIB.
2054 324 2166 391 γυ,
2205 323 2359 380 CAP.
2394 323 2530 379 Xlll.

3199 326 3307 384 δίο

72 440 231 495 solum
262 447 504 499 numero,
529 449 719 489 verum
747 444 805 490 et
834 436 1093 491 doctrinas
1134 436 1411 505 exemplo;
1443 452 1629 506 quam-
1654 438 1703 497 Α
1804 435 1870 489 Et
1914 437 2118 491 veniens
2158 436 2212 490 in
2249 437 2478 506 patriam
2518 452 2688 499 suam,
2722 436 2775 491 id
2812 445 2896 491 est
2938 436 2993 492 in
3016 436 3304 506 Nazaretb,

74 531 143 584 vis
165 527 253 582 alii
280 525 544 583 voluerint
568 525 786 581 easdem
816 535 1023 595 septem
1051 541 1192 591 esse,
1221 527 1466 582 dicentes
1487 525 1627 595 quod

68 618 347 678 uerissime
388 617 609 675 iteratio
645 618 718 673 sit
753 618 1127 688 prtecedentis.
1179 618 1441 674 Dixerunt
1484 619 1628 674 enim

72 712 185 776 hoc,
209 718 268 765 ut
289 717 493 778 septem
535 709 888 765 convenirent
914 709 1102 765 diebus
1128 710 1325 779 quibus
1347 709 1524 765 factus
1547 717 1631 766 est

72 801 327 868 mundus;
377 799 503 868 quia
551 808 607 855 ct
632 801 713 857 sic
748 801 921 871 prima
956 802 1333 870 parabolarum
1368 803 1435 859 de
1474 803 1630 858 initio

72 892 265 949 videtur
307 892 489 949 mundi
520 908 737 959 sonare,
762 908 871 963 quo
911 894 1236 951 setninatum
1264 904 1347 951 est
1369 896 1629 967 quidquid

72 994 178 1057 post
205 984 375 1039 crevit
417 984 473 1039 in
512 983 687 1054 fruge,
714 985 801 1039 vel
826 985 1075 1040 vitiatum
1107 987 1367 1056 quidquid
1412 987 1626 1041 demum

72 1073 302 1146 apparuit
344 1075 404 1131 in
449 1077 677 1131 semine.
729 1075 896 1131 Porro
948 1077 1240 1133 novissima
1285 1092 1473 1133 earum
1509 1093 1629 1148 qua:

72 1181 262 1238 sagenae
290 1174 638 1235 comparatur
682 1166 750 1221 ad
787 1167 950 1223 finem
986 1169 1158 1224 tendit
1199 1169 1401 1234 saeculi,
1434 1170 1486 1224 itt
1522 1184 1627 1239 qua

71 1256 248 1309 dictum
269 1263 381 1319 cst;
398 1254 487 1309 Sic
506 1256 605 1309 erit
628 1256 682 1311 in
695 1259 1138 1313 consummatione
1157 1260 1355 1315 circuli.
1377 1260 1629 1330 Reliquas

69 1361 183 1402 vero
204 1362 295 1402 sex
330 1346 382 1403 in
410 1347 590 1403 medio
613 1363 709 1403 sex
739 1349 922 1403 mundi
952 1350 1206 1406 aetatibus
1257 1352 1625 1417 contulerunt,

69 1452 126 1492 eo
166 1436 299 1506 quod
344 1452 651 1507 congruere
695 1438 946 1494 videatur
1006 1440 1266 1510 quidquid
1304 1441 1357 1495 itt
1406 1442 1629 1514 singulis

70 1529 253 1582 dictum
297 1536 379 1583 est
424 1527 656 1598 singulis
702 1527 883 1583 saeculi
927 1530 1288 1600 temporibus,
1339 1530 1412 1584 ita
1462 1540 1521 1585 ut
1573 1532 1626 1587 in

66 1621 230 1689 prima
269 1626 423 1673 aetate
460 1618 671 1683 surculi,
700 1618 908 1675 scilicet
956 1620 1008 1674 in
1034 1619 1203 1675 Adam
1246 1622 1499 1690 primum,
1533 1622 1627 1676 de-

70 1709 185 1763 inde
202 1708 348 1775 Cain,
371 1709 556 1779 sicque
586 1725 682 1782 per
709 1726 925 1767 omnem
956 1712 1101 1767 illam
1125 1721 1338 1768 aetatem
1383 1713 1628 1770 diabolus

1730 525 1941 579 docebat
1980 542 2065 580 eos
2110 527 2164 580 in
2206 526 2485 596 synagogis
2522 542 2722 589 eorum,
2756 527 2829 580 ita
2858 537 2913 580 ut
2960 529 3305 586 mirarentur.

1730 614 1827 671 Hic
1860 615 2143 671 .ilatthteus
2166 617 2410 670 ordinem
2461 617 2717 671 narrandi
2764 633 2869 673 non
2920 618 3115 683 tenuit,
3167 633 3307 687 quo-

1730 709 1874 763 niam
1904 716 2025 776 post
2064 707 2197 763 istas
2226 708 2509 778 parabolas
2539 718 2823 781 postquam
2869 724 2899 763 a
2925 709 3087 764 domo
3115 708 3305 774 exivit,

1730 801 1799 855 ad
1824 801 1928 855 alia
1969 817 2027 857 se
2048 801 2286 870 primum
2325 800 2621 866 transtulit,
2646 803 2791 871 quod
2818 800 3032 856 Marcus
3056 809 3112 855 et
3136 800 3313 857 Lucas

1730 901 2040 957 narrarunt,
2084 891 2174 947 ubi
2212 892 2399 947 dicunt
2434 893 2576 961 quod
2626 892 2680 947 in
2720 892 2855 946 mari
2907 891 3207 957 dortnierit,
3255 898 3313 947 et

1733 984 1874 1052 apud
1898 981 2200 1038 Gerasenos
2231 982 2491 1037 daemonia
2522 982 2747 1051 expulsa
2798 980 3022 1036 fuerint.
3074 980 3212 1037 Nam
3254 990 3314 1039 et

1729 1074 1903 1130 Lucas
1926 1076 2069 1131 hunc
2088 1075 2261 1131 locum
2289 1090 2395 1129 non
2430 1074 2587 1145 longe
2614 1083 2735 1144 post
2754 1072 3081 1142 baptismum
3112 1071 3313 1143 posuit,

1726 1168 1894 1239 608
1924 1168 2067 1237 quod
2099 1169 2245 1223 cives
2281 1167 2397 1237 ejus
2438 1166 2504 1220 ad
2535 1164 2652 1234 ejus
2689 1165 2984 1235 potentiam
3024 1165 3316 1235 obstupue-

1730 1260 1858 1315 rint.
1910 1259 1987 1316 Ne
2032 1260 2273 1325 mireris,
2318 1259 2510 1323 lector,
2556 1258 2697 1328 quod
2749 1259 2861 1313 ait:
2895 1258 3032 1325 Quia
3079 1257 3227 1313 venit
3259 1257 3316 1312 in

1729 1354 1957 1422 patriam
2007 1369 2184 1418 suam,
2229 1367 2336 1409 non
2386 1351 2531 1407 enim
2577 1351 2871 1406 secundum
2904 1349 3169 1405 Deitatetn
3215 1349 3319 1405 hoc

1730 1441 1987 1511 loquitur,
2019 1443 2113 1498 sed
2151 1442 2447 1499 secundum
2488 1441 2900 1498 humanitatem.
2940 1440 3091 1497 Alias
3122 1448 3309 1497 autem

1731 1533 2025 1588 secundum
2056 1531 2425 1598 Divinitatem,
2448 1532 2594 1588 unde
2616 1533 2888 1603 egreditur
2913 1532 3005 1601 qui
3046 1545 3313 1600 nusquam

1731 1622 1917 1677 abest?
1953 1621 2073 1689 Quo
2098 1623 2398 1692 ingreditur
2426 1622 2517 1693 qui
2546 1621 2693 1677 nullo
2718 1623 3029 1679 continetur
3063 1637 3163 1677 nec
3187 1636 3320 1678 con-

1731 1713 1967 1769 cluditur
1993 1713 2144 1769 loco?
2164 1712 2245 1768 Ad
2270 1728 2431 1783 quam
2458 1728 2587 1784 ergo
2614 1714 2843 1784 patriam
2870 1712 3037 1777 vadit,
3066 1712 3157 1783 qui
3185 1710 3319 1769 fecit

68 1815 125 1857 ac
150 1801 191 1856 si
221 1800 462 1857 inimicus
487 1811 543 1857 et
566 1803 760 1869 hostis,
788 1805 1060 1859 zizaniam
1108 1808 1624 1876 superseminaverit
1654 1792 1702 1853 Β
1729 1813 1785 1860 et
1812 1805 2050 1874 possidet
2094 1804 2302 1859 totum?
2351 1802 2507 1858 Venit
2560 1804 2721 1874 igitur
2770 1804 2835 1859 ad
2870 1804 3099 1874 patriam
3142 1810 3199 1858 et
3243 1801 3313 1857 ad

71 1894 117 1949 in
143 1895 306 1951 medio
339 1896 531 1977 tritici,
559 1906 615 1952 et
647 1899 891 1968 corrupit
926 1907 1174 1953 naturam
1206 1900 1427 1954 humani
1466 1914 1629 1972 gene-

72 1983 156 2037 ris.
186 1982 379 2040 Deinde
404 1986 644 2041 secunda
671 1997 829 2043 aetate
852 1986 965 2043 Noe
992 1989 1145 2059 quasi
1172 2005 1398 2060 granum
1428 1990 1630 2061 sinapis

76 2088 258 2143 parvus
299 2091 524 2131 numero
558 2078 727 2133 crevit
772 2077 827 2132 in
858 2087 1073 2149 gentem
1107 2096 1354 2152 magnam
1384 2081 1627 2138 dilatatis

70 2164 487 2236 gettealogiarum
534 2170 702 2225 ramis
732 2211 747 2236 ,
781 2178 833 2225 et
875 2169 1014 2225 facta
1050 2179 1132 2227 est
1172 2171 1332 2227 arbor
1376 2171 1629 2231 frondosa

71 2254 239 2309 nimis.
264 2256 420 2327 607
451 2256 616 2313 Porro
644 2257 969 2315 fermentum
1000 2262 1171 2317 tertia:
1200 2262 1470 2332 parabolae
1493 2272 1628 2317 acta-

70 2354 166 2399 tcnt
194 2346 433 2419 designat
465 2349 516 2403 in
549 2365 654 2419 qua
690 2349 824 2407 ﬁdes
862 2350 1032 2421 patris
1075 2353 1247 2408 nostri
1275 2352 1512 2408 Abrahae
1555 2353 1631 2409 ef-

71 2435 269 2503 ferbuit,
296 2447 350 2493 et
385 2438 478 2494 Dei
502 2452 616 2495 tum
646 2441 900 2513 deinceps
943 2442 1293 2499 fermentavit
1342 2445 1628 2511 mundum,

73 2524 117 2577 in
155 2523 295 2594 cujus
337 2529 553 2585 semine
591 2531 978 2589 benedicentur
1020 2549 1211 2590 omnes
1253 2544 1429 2591 terras.
1470 2536 1536 2590 Et
1573 2536 1629 2590 in

73 2616 157 2671 hac
178 2619 364 2691 quippe
395 2622 577 2677 szeculi
605 2632 763 2679 aetate
806 2625 1042 2695 primutn
1075 2626 1358 2698 Synagoga
1395 2626 1630 2682 fermen-

80 2718 174 2761 tum
216 2709 341 2791 legis
390 2715 627 2785 accepit,
677 2731 784 2785 quo
828 2725 938 2771 tota
983 2733 1273 2788 conspersa
1324 2729 1411 2774 est
1452 2734 1631 2779 massa

76 2797 187 2855 Novi
230 2802 565 2861 'l'estantenti
634 2807 922 2864 testiﬁcata
991 2825 1022 2864 a
1070 2806 1187 2881 lege
1228 2820 1283 2865 et
1326 2809 1626 2882 pmphetis.

76 2894 190 2952 llinc
211 2897 313 2967 jam
364 2900 422 2955 in
453 2909 696 2974 tempore
722 2904 889 2960 David
910 2905 1065 2975 quasi
1108 2905 1208 2960 sub
1227 2912 1419 2976 quarta
1445 2913 1626 2969 aetate,

74 2987 293 3046 inventus
321 3002 413 3048 est
444 2993 735 3050 thesaurus
787 2995 839 3050 in
868 3011 1000 3066 agro
1042 2996 1340 3065 prophetiae
1384 2995 1626 3050 latuisse.

74 3077 205 3136 Unde
230 3097 360 3139 unus
394 3086 781 3156 prophetarum
829 3101 951 3142 cum
1003 3087 1296 3143 invenisset
1335 3101 1481 3153 eum,
1513 3087 1628 3142 aie-

78 3170 194 3229 bat:
224 3174 293 3230 Tu
328 3196 388 3232 es
414 3177 552 3233 Deus
587 3178 937 3245 absconditus,
979 3189 1029 3234 et
1061 3196 1155 3234 nos
1181 3178 1536 3234 nesciebamus
1580 3187 1629 3234 te

76 3264 193 3332 (lsa.
214 3283 325 3333 ην,
349 3270 466 3343 15).
492 3269 707 3326 Interea
731 3288 855 3326 cum
881 3273 1203 3328 accessisset
1229 3272 1515 3343 captivitas
1539 3272 1631 3329 illa

75 3372 176 3427 qua-
215 3358 345 3416 facta
399 3371 485 3418 est
538 3363 595 3418 in
642 3362 926 3428 Chaldaeis,
972 3365 1291 3443 margaritat_
1334 3363 1492 3437 longe
1539 3364 1630 3421 diu

75 3451 283 3519 quaesita:
325 3453 671 3519 defecerunt,
715 3454 887 3511 donec
934 3456 987 3510 in
1022 3455 1127 3511 ﬁne
1164 3455 1324 3525 hujus
1373 3455 1632 3527 temporis

76 3556 189 3605 una,
230 3559 336 3613 qme
386 3544 636 3601 Christus
677 3555 782 3613 est,
830 3547 1223 3619 pretiosissima
1272 3548 1630 3610 inveniretur,

74 3631 186 3700 quia
226 3634 272 3689 in
304 3650 361 3690 ea
408 3646 568 3691 natus
598 3645 683 3693 est
713 3636 980 3694 Christus.
1013 3637 1211 3709 Sicque
1236 3639 1289 3693 in
1317 3638 1505 3693 ultima
1538 3637 1630 3693 illa

74 3732 214 3781 aetate
234 3743 346 3798 qua:
373 3738 526 3785 sexta
557 3739 804 3794 vocatur,
835 3730 1013 3786 omnis
1055 3731 1189 3785 ordo
1219 3731 1631 3800 praedicatorum

72 3812 121 3869 in
147 3816 488 3877 similitudine
511 3820 736 3888 Christi,
772 3822 863 3893 qui
894 3822 1119 3894 protulit
1145 3823 1213 3878 de
1254 3823 1511 3879 thesauro
1534 3837 1633 3880 suo

72 3922 201 3961 nova
247 3920 297 3965 et
341 3920 567 3979 vetera,
619 3913 868 3993 fecerunt
920 3913 973 3968 in
1018 3914 1162 3973 vasis
1211 3914 1326 3969 suis
1380 3913 1633 3993 fictilibus

75 3997 408 4059 Sacramenta
432 4004 562 4077 legis
588 4015 644 4062 et
669 3983 1073 4077 prophetarum,
1109 4015 1166 4062 et
1189 4015 1439 4063 eructant
1462 3988 1635 4078 usque

79 4088 125 4142 in
156 4087 307 4145 ﬁnem
333 4094 514 4149 saeculi
559 4103 1005 4152 ornamentorum
1032 4097 1451 4168 pretiosissima,
1494 4113 1633 4154 nova

73 4188 121 4233 et
168 4191 333 4238 vetera
385 4185 691 4243 divinorum
747 4186 1086 4259 eloquiorum
1143 4191 1423 4261 mysteria.
1483 4190 1628 4258 Haec,

74 4270 180 4339 quia
210 4275 447 4330 nonnulli
472 4277 755 4333 doctorum
778 4276 852 4335 ita
878 4280 1114 4347 tradunt,
1137 4290 1198 4336 ut
1223 4280 1481 4347 diximus,
1511 4281 1635 4338 ideo

73 4375 159 4416 nos
198 4368 377 4434 paucis
428 4367 669 4439 tetigisse
715 4369 915 4440 potius,
945 4385 1106 4440 quam
1141 4372 1462 4443 explanasse
1488 4371 1635 4428 sufﬁ-

71 4451 180 4507 ciat.
212 4453 312 4512 Sed
354 4458 588 4529 diligens
618 4459 786 4517 lector
816 4461 1141 4528 consideret,
1177 4468 1357 4519 utrum
1388 4463 1510 4534 plus
1554 4463 1629 4518 si-

71 4544 164 4597 mul
206 4557 322 4603 octo
364 4551 673 4621 parabolae,
713 4567 836 4608 cum
868 4554 981 4609 suis
1022 4561 1146 4610 octo
1182 4554 1627 4621 beatitudinibus,

68 4640 359 4696 conveniant
406 4642 645 4711 junctae,
689 4660 758 4701 an
787 4646 881 4713 ita,
937 4655 997 4702 ut
1043 4646 1248 4714 volunt,
1290 4649 1336 4704 si
1383 4662 1505 4703 cum
1545 4648 1630 4705 bis

69 4727 290 4787 tenuibus
330 4733 519 4789 saeculi
562 4744 966 4806 comparentur.
993 4736 1124 4793 Nam
1156 4738 1262 4795 hoc
1291 4746 1498 4797 certum
1524 4746 1629 4804 est,

67 4819 175 4888 quia
198 4839 299 4879 non
327 4826 541 4898 absque
567 4830 825 4902 mysterio
850 4830 985 4885 tales
1008 4830 1338 4900 totidemque
1360 4827 1632 4902 parabole

69 4909 205 4966 simul
223 4915 548 4988 junguntur,
582 4919 635 4975 in
666 4920 860 4991 quibus
885 4930 941 4977 et
965 4923 1277 4978 octonarius
1326 4922 1633 4977 conforma-

70 5008 145 5056 tur
170 5020 443 5075 numerus,
470 5019 529 5066 et
551 5014 809 5083 mysteria
838 5014 1087 5070 hutnante
1128 5013 1319 5069 salutis
1356 5014 1632 5069 occultan-

70 5104 144 5151 tur
160 5097 379 5170 Judteis,
411 5115 467 5161 et
492 5107 805 5177 panduntur
831 5109 1107 5180 apostolis.
1144 5108 1296 5164 Unde
1321 5108 1428 5163 ait:
1452 5106 1520 5162 Et
1542 5108 1629 5179 {a-

68 5196 190 5244 ctam
207 5202 281 5246 est
302 5212 423 5250 cum
444 5208 855 5254 consummasset
866 5198 901 5254 ¹1
905 5217 1023 5255 esus
1037 5197 1316 5271 parabolas
1338 5199 1485 5261 istas,
1503 5199 1633 5254 abiit

66 5277 189 5335 inde.
219 5282 627 5346 Consummatio
650 5306 781 5347 vero
810 5292 1187 5362 parabolarutn
1212 5308 1348 5363 opus
1376 5288 1633 5363 perfectae

65 5374 452 5440 praedicationis
475 5389 583 5447 est,
611 5384 756 5453 quod
784 5400 1057 5454 nunquam
1102 5384 1206 5441 nisi
1241 5394 1364 5440 octo
1394 5385 1631 5441 beatitu-

64 5460 266 5523 dinibus
311 5471 694 5541 complcbitur.
742 5474 809 5530 Et
856 5476 975 5530 ideo
1020 5476 1237 5546 quidam
1272 5477 1512 5546 psalmus
1534 5490 1635 5547 pro

65 5564 238 5612 octava
282 5564 519 5629 canitur,
567 5567 656 5635 qui
704 5567 769 5622 de
812 5568 1062 5638 passione
1092 5568 1303 5623 Domini
1355 5578 1633 5637 cantatur,

65 5648 304 5795 quipiam
337 5652 395 5709 in
424 5672 488 5713 eo
512 5658 689 5715 omnis
710 5659 972 5733 perfectio
1000 5660 1349 5718 beatitudinis
1378 5675 1635 5717 consum-

66 5752 140 5795 tua
176 5749 310 5795 lllﬂ'.

66 5749 310 5825 piabunt.

1733 1895 1986 1950 concives
2021 1909 2148 1950 suos
2190 1893 2484 1950 secundum
2528 1909 2770 1960 carnem,
2800 1902 2861 1948 ut
2886 1893 3106 1949 doceret
3130 1907 3225 1951 eos
3262 1891 3322 1949 in

1732 1987 2018 2059 synagogis
2064 2001 2271 2043 eorum.
2322 1986 2379 2041 ln
2426 2001 2616 2041 eorum
2661 1984 2979 2057 synagogis,
3016 1984 3214 2053 inquit,
3265 1991 3323 2041 et

1732 2094 1839 2134 non
1876 2078 1931 2133 in
1958 2078 2075 2144 Dei,
2102 2078 2230 2147 quia
2273 2078 2365 2147 qui
2401 2092 2525 2133 eum
2566 2077 2883 2132 nesciebant
2916 2077 3088 2133 Deum
3116 2075 3321 2132 habere

1734 2186 1840 2227 non
1869 2179 2138 2241 poterant.
2174 2171 2238 2226 Et
2264 2170 2384 2226 ideo
2412 2170 2750 2226 mirabantur
2777 2178 2830 2226 et
2856 2169 3146 2226 dicebant:

1806 2268 1954 2324 Unde
1972 2270 2092 2324 huic
2113 2269 2371 2341 sapientia
2400 2270 2510 2324 lucc
2528 2278 2576 2323 et
2598 2270 2808 2323 virtutes
2827 2269 2853 2322 ?
2889 2267 3024 2324 Mira
3048 2265 3322 2337 siquidem

1733 2361 1959 2417 stultitia
2011 2359 2414 2415 Nazarenorum
2471 2368 2528 2414 et
2585 2357 2966 2429 imprudentia.
3054 2355 3321 2413 Mirantur

1732 2451 1875 2506 unde
1915 2451 2116 2505 habeat
2155 2449 2478 2520 sapientiam
2520 2458 2723 2503 aeterna
2768 2448 3058 2517 sapientia,
3096 2455 3153 2503 et
3180 2448 3322 2502 unde

1733 2546 1933 2601 habeat
1976 2545 2206 2600 virtutes
2260 2552 2459 2599 aeterna
2517 2544 2708 2599 virtus.
2774 2543 2879 2598 Sed
2933 2558 3088 2600 error
3131 2557 3322 2599 eorum

1732 2636 2050 2693 manifestus
2093 2647 2197 2704 est,
2228 2638 2353 2692 dum
2401 2652 2526 2692 eum
2565 2636 2702 2691 fabri
2734 2636 2902 2692 ﬁlium
2951 2638 3320 2709 suspicantur.

1733 2729 1778 2783 0
1818 2737 2051 2797 quantus
2099 2736 2183 2783 est
2240 2742 2395 2783 error
2460 2727 2761 2793 humanus,
2837 2737 3147 2798 quantaque
3190 2726 3324 2783 lusio

1731 2820 1956 2890 pientia,
1985 2835 2103 2889 quae
2123 2819 2189 2874 de
2223 2819 2516 2874 virtutibus
2546 2829 2603 2873 et
2625 2817 2826 2875 divinis
2857 2819 3021 2877 rebus
3056 2817 3319 2876 invidiam

1732 2909 1970 2979 concipit
2009 2918 2064 2964 et
2104 2910 2247 2980 parit
2283 2909 2495 2964 odium!
2547 2909 2661 2964 Non
2715 2910 2861 2965 enim
2892 2910 2972 2969 sic
3019 2922 3127 2965 nox
3172 2908 3319 2967 diem

1733 3015 1909 3070 neque
1939 3000 2107 3055 solem
2136 3000 2311 3072 caligo
2342 3001 2509 3072 tegit,
2552 3015 2661 3071 quo
2684 3001 2846 3056 modo
2879 3009 3117 3058 mentem
3150 3008 3322 3057 caecat

1736 3099 1792 3146 et
1820 3089 2069 3145 tenebrat
2096 3106 2233 3162 quos
2258 3090 2561 3161 possederit
2598 3091 2811 3147 invidiae
2848 3091 3005 3146 livor.
3054 3092 3321 3148 Mirantur

1656 3162 1703 3226 Ο
1734 3180 1791 3236 bi
1822 3194 1985 3250 super
2025 3180 2347 3250 sapientiam
2374 3188 2431 3234 et
2458 3180 2689 3237 virtutes
2718 3179 2855 3249 ejus,
2885 3190 2941 3237 et
2971 3179 3161 3238 nolunt
3201 3195 3319 3237 cre-

1734 3270 1891 3332 dere;
1920 3270 2044 3339 quia
2068 3269 2182 3324 haec
2202 3267 2487 3324 admiratio
2513 3284 2619 3322 non
2641 3268 2706 3324 de
2725 3268 2944 3339 pietate,
2968 3270 3065 3326 sed
3090 3271 3157 3326 de
3179 3270 3319 3324 invi-

1733 3360 1820 3415 dia
1860 3359 2025 3415 venit.
2068 3358 2270 3415 Tamen
2296 3358 2484 3424 velint,
2522 3359 2711 3423 nolint,
2740 3359 2930 3416 deities
2965 3369 3050 3417 est
3070 3361 3319 3417 doctrina

1732 3464 1897 3519 quam
1925 3449 2168 3515 audiunt,
2196 3460 2251 3504 et
2276 3449 2508 3505 virtutes
2542 3462 2677 3519 quas
2719 3458 2973 3506 cernunt.
3018 3448 3148 3506 Plus
3188 3465 3316 3506 eum

1732 3539 1973 3595 fatentur
1999 3555 2161 3609 quam
2190 3539 2487 3603 hominem,
2533 3546 2590 3594 et
2628 3538 2748 3593 ideo
2778 3548 3062 3595 moventur
3107 3538 3176 3595 ad
3220 3538 3323 3594 mi-

1734 3629 1936 3694 racula,
1972 3627 2067 3683 sed
2101 3628 2287 3683 nolunt
2309 3643 2432 3683 eum
2456 3627 2622 3684 Deum
2650 3628 2917 3694 conﬁteri,
2948 3642 3074 3685 cum
3101 3628 3324 3684 videant

1734 3726 1789 3780 in
1812 3739 1878 3779 eo
1897 3738 2058 3794 opera
2083 3722 2329 3778 Deitatis.
2355 3720 2446 3777 Sic
2468 3722 2613 3777 enim
2639 3721 2995 3787 admirantur,
3023 3728 3083 3777 ut
3103 3719 3323 3776 aliunde

1734 3815 1940 3887 fingant
1976 3830 2100 3873 eum
2138 3813 2368 3877 habere,
2406 3828 2526 3883 quae
2555 3828 2755 3884 negare
2792 3828 2899 3868 non
2942 3822 3189 3882 possunt.
3232 3811 3320 3867 ld-

1733 3908 1881 3963 circo
1916 3922 2043 3965 mox
2078 3905 2284 3972 oculos,
2324 3904 2523 3961 invidia
2561 3904 2770 3972 caecati,
2819 3903 2887 3960 ad
2922 3904 3193 3963 hominem
3230 3917 3316 3958 re-

1736 4007 2008 4069 torquent.

1806 4099 2015 4166 Nonne,
2047 4100 2318 4170 inquiunt,
2351 4098 2436 4152 hic
2464 4106 2541 4153 est
2572 4096 2715 4165 ﬁlius
2745 4095 2904 4166 fabri,
2935 4103 2987 4151 et
3012 4102 3179 4153 mater
3204 4091 3323 4163 ejus

1733 4203 1808 4251 est
1829 4192 2046 4247 Maria?
2069 4190 2221 4247 Unde
2251 4191 2376 4246 huic
2404 4190 2520 4245 haec
2555 4187 2844 4260 sapientia,
2883 4194 3045 4244 tanta
3077 4184 3324 4256 telaque

1733 4283 1997 4339 virtutes?
2027 4282 2119 4338 Sic
2144 4281 2351 4346 dicunt,
2376 4279 2467 4350 qui
2497 4278 2665 4334 Deum
2689 4293 2758 4333 ex
2786 4291 2894 4348 quo
2919 4284 3005 4332 est
3030 4273 3318 4344 sapientia.

1735 4390 1803 4431 ex
1822 4390 1930 4445 quo
1954 4376 2148 4441 virtus,
2175 4373 2444 4445 ignorant.
2476 4370 2675 4442 Sicque
2697 4370 2927 4442 abnegat
2955 4378 3011 4424 et
3029 4366 3323 4425 conﬁtetur

1736 4468 1934 4524 invitus
1962 4469 2053 4537 qui
2092 4482 2200 4523 non
2231 4466 2424 4530 cernit,
2456 4465 2547 4534 qui
2575 4463 2852 4520 Christum
2888 4460 3064 4518 nescit
3088 4459 3182 4516 Dei
3212 4459 3323 4515 vir-

1736 4568 1905 4619 tutem
1944 4573 2065 4616 esse
2095 4558 2295 4628 Deique
2339 4559 2677 4629 sapientiam.
2729 4555 2837 4611 Sed
2879 4555 3048 4611 miror
3089 4568 3189 4609 cur
3214 4551 3326 4609 Ia-

1738 4651 1875 4707 riam
1904 4651 2209 4715 nominant,
2233 4665 2357 4706 cum
2380 4652 2446 4706 de
2474 4650 2645 4720 patris
2668 4648 2892 4703 nomine
2933 4655 3172 4712 taceant,
3211 4644 3322 4701 nisi

1738 4742 1863 4813 quia
1902 4743 2174 4803 irridendo
2209 4743 2381 4812 magis
2410 4741 2546 4797 fabri
2578 4741 2743 4796 filium
2771 4756 2893 4797 eum
2920 4747 3139 4807 vocant,
3164 4745 3223 4794 ut
3246 4751 3318 4794 ex

1740 4836 1973 4897 utilitate
2025 4835 2205 4905 operis
2253 4835 2483 4905 amplius
2518 4848 2642 4890 eum
2689 4833 3031 4904 despiciant,
3076 4826 3327 4902 quamvis

1741 4926 1835 4981 Dei
1864 4935 2018 4990 nutu,
2042 4927 2143 4981 etsi
2176 4926 2346 4991 inviti,
2376 4927 2442 4980 de
2476 4925 2567 4981 illo
2593 4941 2714 4995 qua:
2740 4940 2867 4979 vera
2897 4933 3024 4979 sunt
3049 4929 3105 4979 et
3130 4916 3326 4977 ἀείσω

1744 5019 2057 5089 loquuntur,
2108 5020 2358 5089 quoniam
2390 5019 2485 5075 Dei
2536 5018 2712 5075 Patris
2754 5026 2836 5074 est
2882 5032 3008 5074 vere
3029 5014 3197 5071 Filius
3232 5010 3327 5082 qui

1742 5109 2035 5167 fabricator
2069 5119 2155 5166 est
2190 5111 2394 5165 mundi.
2444 5111 2595 5166 Unde
2630 5109 2841 5165 Marcus
2875 5123 2998 5164 eum
3034 5120 3140 5161 non
3180 5100 3323 5158 fabri

1742 5199 1934 5267 ﬁlium,
1958 5204 2051 5257 sed
2075 5201 2249 5271 ipsum
2276 5199 2489 5255 fabrum
2513 5200 2664 5255 dicit.
2692 5199 2771 5254 Eo
2794 5198 2939 5254 enim
2960 5210 3083 5253 cum
3113 5193 3326 5249 fabrum

1741 5297 2069 5361 credebant,
2120 5310 2228 5366 quo
2263 5306 2315 5350 et
2371 5294 2506 5350 fabri
2560 5294 2764 5358 ﬁlium,
2792 5288 2958 5361 609
2988 5302 3055 5343 ex
3095 5283 3327 5340 artiﬁcio

1741 5385 1913 5455 patris
1942 5398 2068 5442 vere
2100 5394 2156 5441 et
2186 5386 2272 5456 ipe
2310 5384 2485 5451 faber,
2516 5383 2769 5453 quoniam
2808 5368 3102 5433 fabricator
3126 5383 3212 5433 est
3234 5389 3328 5430 or-

1741 5479 1826 5535 bis
1850 5494 1946 5549 per
1985 5494 2146 5549 quem
2177 5478 2315 5533 facta
2352 5487 2479 5533 sunt
2515 5475 2718 5530 omnia.
2772 5470 2887 5525 Non
2926 5469 3089 5541 igitur
3128 5466 3327 5523 mirum

1741 5573 1955 5642 cognati
1984 5581 2038 5628 et
2069 5572 2318 5626 concives
2342 5570 2385 5624 si
2415 5575 2598 5624 errent
2627 5578 2749 5619 cum
2768 5560 2970 5617 .lttdzels
2996 5561 3062 5617 de
3085 5559 3324 5626 Christo,

1741 5664 1831 5733 qui
1860 5673 2043 5718 errant
2073 5663 2139 5717 de
2168 5670 2320 5731 patre
2346 5668 2403 5712 ct
2425 5657 2495 5712 de
2521 5664 2693 5711 matre
2722 5652 2885 5717 illius,
2914 5667 3008 5708 seu
3039 5651 3106 5708 de
3133 5648 3321 5706 fratri-

1742 5758 1862 5829 bus.
1893 5754 2029 5815 Nam
2068 5752 2258 5811 callide
2298 5750 2498 5809 fratres
2538 5748 2791 5825 ingerunt
2821 5753 2879 5804 et
2904 5743 3197 5805 ostendunt
3240 5756 3328 5822 se;
