4004 6362
689 283 786 339 511

1499 287 1555 342 S.
1593 287 1954 346 PASCHASH
1991 292 2342 349 RADBERTI
2379 294 2674 352 ABBATIS
2707 293 3158 358 CORBEIENSIS

3849 315 3926 375 5η

691 413 866 464 rores,
897 405 957 453 ut
989 408 1081 454 aut
1105 408 1314 470 patrem
1341 401 1499 456 aliam
1528 403 1780 460 habuisse
1811 423 2032 463 uxorem
2067 409 2273 466 conﬁn-
2301 413 2350 473 Α
2377 419 2427 463 et
2461 411 2736 467 Inrsitabat
2785 431 2844 468 eo
2897 417 3037 486 quod
3086 418 3350 474 diceretur
3398 438 3431 476 a
3490 421 3799 494 quibusdam
3835 440 3926 504 quia

691 496 842 560 gant,
867 497 963 543 aut
1002 492 1342 546 numerosior
1378 502 1565 562 partus
1602 506 1804 552 sancta:
1831 497 2018 555 Matris
2051 501 2274 558 infame-

633 627 637 632 .
690 592 800 648 tur,
827 593 883 637 ut
909 583 1185 655 virginitas
1209 594 1394 640 sancta
1421 586 1602 654 lateat,
1630 589 1949 648 obscuretur
1972 595 2270 667 integritas,

689 682 746 729 et
787 673 1056 728 sentiatur
1091 687 1266 735 totum
1301 675 1366 730 de
1393 676 1610 733 Christo
1640 679 1780 748 quod
1828 683 2118 740 humanum
2168 695 2271 754 est,

689 763 766 818 nil
792 765 935 834 quod
961 765 1230 831 divinum;
1264 781 1390 822 cum
1429 767 1474 822 si
1505 767 1662 825 beata
1689 771 1856 828 Maria
1888 774 2026 832 ﬁlios
2056 777 2272 834 habuis-

684 863 790 919 set,
821 863 881 910 ut
905 856 1419 928 quidam.garriunt,
1455 860 1510 914 in
1541 860 1656 932 ipso
1683 866 1860 920 crucis
1888 875 2131 938 tempore
2160 887 2272 926 ma-

683 953 769 999 ter
793 961 825 1001 a
850 945 1068 1003 Christo
1091 949 1356 1021 discipulo
1385 952 1579 1024 virgini
1608 954 1770 1028 Virgo
1806 975 1911 1014 non
1945 963 2268 1030 traderetur,

683 1046 738 1092 et
764 1038 819 1092 in
851 1039 968 1109 ipso
998 1043 1189 1097 mortis
1216 1044 1446 1100 articulo
1475 1062 1575 1102 nec
1595 1052 2069 1108 commendaretur
2095 1064 2272 1110 extra-

681 1141 803 1182 neo.
857 1127 1110 1196 Quinimo
1157 1131 1355 1188 fratres
1399 1143 1454 1189 et
1499 1152 1714 1194 sorores
1750 1140 1951 1197 Christi
1982 1145 2048 1198 de
2073 1147 2270 1215 quibus

683 1217 934 1290 Cleophae
963 1224 1170 1279 sororis
1197 1223 1381 1280 Mariae
1411 1227 1502 1282 ﬁlii
1530 1240 1672 1295 sunt,
1701 1248 1821 1302 qua:
1849 1233 1951 1290 fuit
1978 1247 2268 1295 matertera

680 1309 904 1376 Christi,
941 1313 1007 1366 de
1036 1330 1142 1384 qua
1175 1316 1282 1370 orti
1314 1327 1441 1372 sunt
1490 1323 1796 1378 consobrini
1828 1323 2142 1395 Salvatoris,
2175 1331 2267 1400 qui

670 1398 797 1471 jure
827 1402 1022 1461 fratres
1052 1417 1336 1463 vocantur.
1391 1409 1676 1482 Nunquam
1704 1416 1847 1471 enim
1878 1429 2065 1475 contra
2096 1424 2268 1491 pieta-

678 1494 750 1548 tis
784 1496 1029 1552 ordinem
1061 1497 1285 1554 Matrem
1317 1502 1527 1557 Domini
1574 1515 1782 1573 extero,
1833 1510 1936 1566 hoc
1964 1523 2047 1567 est
2072 1513 2264 1569 Joanni

676 1588 744 1643 de
772 1604 954 1654 cruce,
984 1600 1045 1645 ut
1070 1591 1200 1654 dixi,
1224 1596 1677 1663 commendasset,
1708 1599 1752 1653 si
1779 1601 1913 1658 alios
1938 1614 2060 1674 post
2090 1606 2262 1676 ipsum

675 1678 815 1736 ﬁlios
846 1683 1192 1752 suscepisset.
1227 1683 1333 1740 Sed
1362 1687 1486 1756 quia
1529 1704 1633 1743 non
1663 1701 1818 1746 erant
1848 1693 1961 1759 alii,
1988 1696 2261 1766 Virginem

2376 498 2611 556 Joannes
2655 507 2939 562 resurrexit
2971 526 3003 561 a
3042 513 3264 564 mortuis
3296 510 3461 582 (Luc.
3513 531 3595 583 lx,
3620 516 3673 588 7)
3696 559 3710 584 ,
3742 536 3826 578 seu
3856 543 3927 583 ca.

2379 601 2492 647 tera
2521 608 2642 663 quae
2673 606 2992 666 sequuntur.
3033 599 3188 655 Unde
3215 601 3647 675 intelligendum,
3688 614 3823 681 quod
3857 629 3924 675 aut

2375 695 2500 756 post
2543 685 2936 745 haesitationem
2956 732 2970 756 ,
3003 707 3062 747 se
3090 694 3442 752 conﬁrmasse
3484 698 3540 753 in
3568 702 3752 759 animo
3777 716 3831 761 ut
3852 709 3926 768 hoc

2375 779 2623 834 crederet
2655 782 2804 850 quod
2823 783 3130 852 dicebatur,
3154 794 3209 841 et
3235 787 3316 844 sic
3341 789 3536 848 deinde
3556 793 3761 852 diceret
3785 806 3926 869 pueris

2375 872 2522 936 suis,
2548 871 2647 928 Hic
2691 883 2774 930 est
2801 875 3063 946 Joannes,
3102 881 3478 942 authaasitans
3523 888 3704 946 adhuc
3735 893 3924 954 interro-

2373 964 2552 1033 gative
2609 967 2839 1034 dixerit,
2899 969 2998 1025 Hic
3043 982 3130 1027 est
3175 971 3450 1032 Joannes?
3503 978 3741 1052 Utroque
3787 987 3926 1058 itaque

2373 1056 2533 1110 modo
2583 1057 2808 1130 intelligi
2866 1070 3065 1130 potest.
3127 1063 3246 1119 Non
3299 1067 3445 1122 enim
3509 1079 3570 1124 ut
3615 1056 3924 1136 conﬁrmaret

2371 1145 2537 1213 dixit,
2588 1148 2967 1221 Nunquidnam
3012 1169 3120 1209 non
3167 1156 3254 1212 hic
3287 1167 3393 1227 est,
3424 1169 3516 1216 aut
3548 1164 3806 1224 haesitans
3851 1189 3922 1230 non

2371 1243 2537 1309 dixit,
2570 1244 2648 1300 Ne
2701 1246 2838 1303 forte
2882 1250 2971 1304 hic
2995 1261 3098 1315 est,
3145 1255 3239 1309 sed
3275 1264 3686 1330 tantummodo,
3738 1266 3836 1322 Hic
3873 1283 3922 1327 est

2367 1332 2601 1389 Joannes
2644 1335 2918 1408 Baptista,
2949 1341 3057 1409 ipse
3084 1347 3313 1400 surrexit
3357 1366 3390 1402 a
3436 1356 3661 1409 mortuis
3689 1397 3704 1421 ,
3751 1369 3797 1412 et
3840 1362 3925 1416 ideo

2368 1425 2584 1480 virtutes
2619 1439 2905 1497 operantur
2952 1433 3007 1486 in
3054 1450 3130 1488 eo.
3180 1437 3409 1503 Quidam
3463 1445 3921 1506 ecclesiasticorum

2368 1514 2720 1585 interpretum
2769 1535 2962 1576 causas
3012 1527 3297 1594 requirunt
3350 1546 3520 1600 quare
3568 1534 3804 1593 Herodes
3848 1542 3921 1595 ista

2367 1608 2437 1662 sit
2478 1611 2804 1681 suspicatus,
2837 1622 2896 1669 ut
2943 1625 3093 1685 putet
3125 1618 3389 1678 Joannem
3421 1641 3450 1678 a
3498 1631 3730 1686 mortuis
3779 1649 3921 1688 resur-

2365 1703 2588 1768 rexisse,
2631 1713 2685 1788 et
2712 1706 2832 1760 ideo
2853 1707 3082 1765 virtutes
3110 1715 3325 1782 operari
3353 1715 3406 1770 in
3433 1732 3516 1772 eo.
3555 1719 3665 1776 Sed
3689 1725 3920 1794 superﬂua

3145 1768 3160 1782 .
3395 1768 3405 1770 -
3556 1768 3665 1776 η..
3689 1768 3920 1794 πρυ...

671 1768 865 1840 virgini
897 1775 1315 1842 commendavit,
1351 1785 1409 1830 ut
1441 1778 1583 1832 inter
1610 1791 1826 1836 exteros
1877 1785 2046 1839 solam
2073 1803 2260 1842 curam
2290 1774 2339 1834 Β
2365 1793 2579 1849 videtur
2606 1775 2765 1852 alieni
2817 1803 3021 1856 erroris
3068 1805 3226 1868 ratio,
3275 1807 3379 1863 nisi
3422 1808 3562 1866 forte
3613 1815 3737 1882 quia
3785 1819 3921 1887 repri.

671 1863 998 1887 οΛΛ-ΑΜΑ-οξ
1053 1865 1270 1887 ι..,ι.---.
1333 1868 1432 1887 --1-
1502 1886 1542 1887 κέ
1569 1871 1655 1887 μιᾷ-
1835 1875 1866 1887 ιι
1913 1876 1923 1887 ι
2004 1877 2016 1887 ι

671 1863 1001 1918 sacramenti
1053 1865 1295 1933 haberet,
1329 1868 1443 1923 sola
1494 1871 1724 1926 societas
1772 1875 2048 1946 religionis
2093 1889 2257 1946 esset,

670 1969 771 2008 nec
789 1956 1073 2011 mundanas
1102 1957 1448 2014 sollicitudini
1481 1961 1775 2031 discipulus
1801 1974 1984 2022 tantus
2009 1972 2255 2038 serviret,

668 2042 764 2097 sed
790 2043 1183 2112 praedicaturus
1206 2058 1419 2117 partum
1444 2051 1774 2123 virginitatis
1799 2056 1941 2110 domi
1967 2058 2260 2114 haberetur

672 2131 854 2204 Virgo.
907 2135 1157 2206 Alioquin
1187 2137 1374 2206 Jacob,
1404 2143 1494 2211 qui
1527 2142 1694 2199 frater
1722 2146 1932 2202 Domini
1962 2150 2178 2216 dicitur,
2212 2153 2256 2207 si

667 2221 808 2278 ﬁlius
831 2234 975 2280 esset
1003 2228 1162 2282 unius
1185 2229 1420 2297 feminae,
1447 2235 1686 2303 nunquid
1713 2252 1818 2292 non
1848 2240 2038 2295 matris
2060 2241 2259 2297 habere

666 2313 931 2382 potuisset
968 2317 1193 2372 curam?
1241 2321 1343 2385 Qui
1379 2332 1432 2376 et
1469 2322 1613 2378 inter
1642 2325 1899 2383 Ecclesiae
1937 2331 2254 2399 primordia,

666 2411 722 2457 et
759 2404 904 2459 inter
928 2404 1210 2463 Judaicam
1245 2419 1372 2466 tunc
1399 2415 1679 2481 perlidiam
1713 2416 2256 2492 Hierosolymitanam

664 2496 1010 2568 singulariter
1038 2502 1178 2556 rexit
1209 2503 1528 2561 Ecclesiam.
1567 2507 1716 2564 Unde
1763 2521 1977 2568 constat
2001 2516 2143 2585 quod
2170 2516 2257 2572 hic

665 2599 820 2640 error
843 2584 1174 2657 Judzeorum,
1206 2608 1314 2648 non
1347 2595 1413 2650 de
1440 2597 1687 2665 veritate,
1712 2601 1806 2655 sed
1829 2603 1896 2658 de
1925 2603 2123 2660 invidia
2160 2623 2256 2661 na.

666 2682 754 2731 tus
781 2686 884 2732 est.
933 2679 1143 2738 Idcirco
1190 2699 1291 2740 nec
1325 2687 1511 2742 mirari
1541 2699 1756 2759 oportet
1782 2692 1828 2747 si
1853 2704 2038 2750 errent
2063 2697 2115 2751 in
2147 2697 2254 2753 fra-

664 2766 858 2834 tribus,
889 2786 1011 2825 cum
1042 2783 1226 2829 errent
1258 2785 1313 2831 et
1343 2778 1395 2831 in
1427 2788 1605 2848 patre.

733 2857 892 2914 Jesus
921 2873 1095 2917 autem
1137 2866 1273 2920 dixit
1297 2868 1406 2935 eis,
1439 2869 1564 2924 Non
1605 2883 1682 2927 est
1719 2878 1971 2946 prapheta
2016 2881 2128 2934 sine
2157 2883 2251 2936 Ito-

664 2965 808 3016 nore,
848 2953 948 3005 nisi
983 2955 1037 3006 in
1070 2959 1245 3024 patria
1283 2976 1400 3014 sua.
1435 2960 1831 3032 Propemodum
1875 2972 2120 3027 naturale
2148 2985 2249 3041 est,

662 3041 810 3097 cives
831 3059 1046 3115 semper
1084 3049 1294 3105 civibus
1325 3051 1590 3121 invidere,
1613 3067 1670 3111 et
1700 3058 1821 3114 ideo
1862 3078 1969 3118 non
1999 3065 2249 3121 conside-

662 3144 785 3188 rant
821 3137 1142 3212 sapientiam
1193 3141 1250 3196 in
1279 3155 1344 3197 eo
1389 3143 1656 3214 Deitatis,
1705 3160 1761 3204 et
1804 3153 2003 3209 eximia
2058 3157 2251 3213 divinae
2279 3133 2322 3196 C

657 3223 958 3293 majestatis
1005 3243 1204 3301 opera,
1258 3235 1388 3290 dum
1455 3237 1664 3309 fragilis
1712 3242 1830 3311 ejus
1893 3248 2250 3304 recordantur

658 3315 919 3386 infantia,
953 3331 1008 3376 et
1039 3333 1324 3394 parentum
1361 3343 1772 3399 connumerant,
1806 3346 1859 3391 et
1887 3340 2166 3411 assignant
2198 3343 2248 3398 ei

654 3412 1043 3485 genealogiam.
1078 3417 1216 3474 Ecce
1247 3422 1542 3478 carnaliter
1576 3427 1806 3495 qualiter
1834 3433 2049 3500 sapiunt
2079 3435 2244 3502 cives,

652 3514 780 3556 ecce
837 3505 1071 3575 qualiter
1131 3512 1389 3566 mundani
1437 3525 1690 3584 parentes
1755 3523 1992 3578 sentiunt
2031 3526 2097 3580 de
2151 3527 2248 3581 ho-

652 3605 785 3648 nore
809 3597 1250 3670 propinquitatis.
1280 3602 1349 3656 Et
1373 3621 1478 3659 non
1517 3607 1661 3675 fecit,
1704 3610 1896 3680 inquit,
1924 3615 1995 3668 ibi
2030 3618 2244 3674 virtutes

647 3683 861 3753 multas,
892 3701 1106 3760 propter
1133 3694 1553 3753 incredulitatem
1574 3718 1772 3757 eorum.
1805 3703 1917 3760 Non
1939 3723 2047 3776 quo
2077 3711 2244 3765 etiam

647 3771 754 3828 illis
779 3791 886 3832 non
930 3781 1281 3838 credentibus
1316 3784 1499 3841 facere
1541 3806 1648 3846 non
1694 3771 2080 3862 potuerit,_sed
2133 3816 2243 3869 quo

648 3879 719 3920 ne
738 3868 936 3924 multas
963 3870 1190 3940 faciens,
1218 3877 1366 3932 cives
1395 3879 1702 3939 incredulos
1727 3887 1958 3957 amplius
1985 3894 2243 3948 condem-

646 3966 824 4011 naret.
859 3957 954 4014 Vel
993 3978 1194 4032 paucas
1219 3970 1390 4038 gratis
1429 3972 1550 4026 ideo
1575 3973 1722 4040 fecit,
1766 3985 1823 4030 ut
1846 3978 2241 4040 inexcusabiles

646 4057 864 4115 essent,
903 4052 1069 4123 610
1111 4055 1236 4113 licet
1266 4059 1448 4116 divino
1495 4079 1593 4119 suo
1635 4067 1843 4136 judicio
1887 4071 2157 4129 distulerit
2183 4087 2241 4132 ut

647 4136 845 4194 multas
878 4140 1114 4212 faceret;
1154 4149 1282 4216 quia
1324 4166 1430 4206 non
1470 4166 1751 4236 merentur
1782 4173 1846 4215 ea
1895 4161 2196 4236 intelligere
2220 4210 2236 4236 ,

647 4243 769 4298 quae
792 4228 936 4286 facta
971 4244 1096 4290 sunt
1121 4246 1180 4292 ut
1211 4241 1518 4299 crederent.
1618 4235 1624 4240 ’

721 4321 872 4394 (CAP.
906 4323 1068 4399 XIV.)
1087 4327 1154 4383 In
1179 4329 1271 4386 illo
1298 4343 1526 4404 tempore
1548 4340 1746 4394 audivit
1780 4341 2016 4402 Herodes
2047 4358 2237 4405 tetrar-

642 4415 743 4470 cita
776 4419 976 4488 famam
1000 4421 1163 4490 Jesu,
1192 4437 1242 4480 et
1280 4429 1356 4482 ait
1389 4434 1565 4500 pueris
1613 4437 1741 4491 suis.
1768 4438 1824 4494 In
1854 4441 1944 4498 illo
1989 4453 2232 4517 tempore

641 4612 819 4667 suam,
851 4601 904 4658 id
955 4615 1039 4660 est
1079 4607 1132 4663 in
1176 4608 1474 4682 Galilaeam,
1525 4633 1632 4688 quo
1663 4632 1780 4678 erat
1815 4622 2075 4685 Herodes.
2125 4633 2232 4691 lste

640 4687 882 4747 Herodes
913 4699 1184 4756 tetrarcha
1231 4702 1372 4760 ﬁlius
1420 4687 1650 4766 Herodis
1677 4726 1760 4769 est
1801 4717 1902 4773 sub
1933 4735 2040 4789 quo
2070 4687 2230 4782 natus

637 4791 722 4837 est
755 4781 1028 4856 Christus,
1073 4792 1163 4847 cui
1191 4804 1383 4863 quarta
1423 4815 1551 4869 pars
1586 4805 1736 4875 regni
1780 4781 2123 4880 Judzeorum,
2169 4824 2229 4872 ut

636 4886 1036 4949 essetregnum
1075 4881 1300 4953 humile,
1343 4903 1596 4949 concessa
1637 4906 1723 4951 est
1748 4897 1818 4952 ab
1858 4900 2126 4974 Augusto,
2153 4908 2227 4964 si-

635 4975 730 5022 cut
773 4977 831 5025 et
878 4971 1102 5044 reliquis
1151 4977 1324 5035 tribus
1373 4981 1652 5042 fratribus.
1700 4988 1853 5048 Unde
1901 4971 2119 5069 singuli»
2157 5017 2226 5056 ex

635 5059 827 5120 Graeco
861 5065 964 5121 sibi
1025 5085 1220 5126 nomen
1269 5083 1577 5145 traxerunt,
1627 5092 1686 5136 ut
1743 5090 2029 5145 tetrarcha:
2065 5108 2226 5149 voca-

638 5165 847 5222 rentur,
879 5172 944 5213 eo
969 5162 1116 5229 quod
1142 5164 1336 5234 singuli
1369 5181 1616 5238 quartam
1653 5185 1861 5244 partem
1891 5181 2054 5236 unius
2075 5184 2227 5252 prin-

638 5247 854 5316 cipatus
903 5252 1233 5312 obtinerent.
1263 5257 1414 5325 Quod
1449 5276 1577 5318 vero
1615 5265 1900 5325 Matthazus
1941 5273 2051 5339 ait,
2076 5247 2225 5345 -quia

636 5337 837 5394 dixerit
897 5342 1010 5398 suis
1059 5360 1181 5400 cum
1229 5349 1470 5405 audisset
1525 5351 1725 5410 famam
1767 5356 1928 5426 Jesu,
1992 5337 2221 5419 Hic-est

635 5427 868 5488 Joannes
913 5433 1186 5508 Baptista,
1217 5441 1326 5512 ipse
1371 5447 1600 5500 surrexit
1629 5467 1660 5501 a
1691 5452 1910 5506 mortuis
1940 5494 1954 5518 ,
2008 5453 2220 5514 Marcus

637 5522 709 5577 ita
733 5526 919 5594 refert,
950 5532 1075 5599 quia
1105 5533 1361 5592 dicebant
1397 5541 1614 5609 quidam
1665 5545 1808 5611 quod
1853 5543 2086 5602 Joannes
2113 5549 2220 5604 Ba-

635 5613 793 5680 ptista
840 5624 1123 5676 resurrexit
1167 5642 1198 5678 a
1255 5631 1475 5683 mortuis
1507 5631 1711 5702 (Marc.
1758 5650 1844 5698 γι,
1882 5636 1999 5708 Li);
2047 5638 2220 5696 Lucas

635 5722 795 5779 vero,
827 5714 1076 5780 Auditis,
1125 5721 1330 5792 inquit,
1370 5725 1608 5783 Herodes
1651 5747 1768 5800 qua:
1813 5732 2004 5802 ﬁebant
2045 5737 2109 5790 ab
2134 5754 2218 5805 eo,

2366 1889 2558 1944 menda
2601 1900 2654 1946 et
2687 1893 3096 1953 condemnanda
3148 1910 3233 1956 est
3265 1913 3409 1959 secta
3449 1921 3608 1976 quam
3662 1909 3823 1966 Gnaei
3857 1933 3918 1983 με·

2363 1982 2751 2054 τεμψυχὼζεως
2775 1998 2974 2043 vocant
2999 2031 3014 2056 ,
3052 2006 3214 2060 quam
3267 2012 3364 2066 per
3397 1996 3820 2058 Necromantiam
3867 2004 3919 2058 di-

2363 2083 2492 2128 cunt
2517 2075 2657 2142 ﬁeri,
2680 2087 2740 2132 ut
2777 2079 2971 2135 animae
3003 2083 3333 2155 singulorum
3368 2100 3489 2159 post
3519 2093 3733 2163 triginta
3779 2111 3921 2151 annos

2362 2159 2414 2216 in
2440 2180 2667 2235 corpora
2699 2169 2941 2236 redeant,
2975 2175 3118 2242 quod
3157 2179 3378 2234 omnino
3403 2180 3457 2234 in
3481 2159 3690 2239 Joanne
3717 2194 3766 2240 et
3792 2185 3921 2241 Chri-

2361 2261 2446 2308 sto
2491 2271 2596 2309 non
2651 2261 2940 2330 convenit;
2979 2266 3104 2334 quia
3160 2282 3226 2322 eo
3280 2278 3523 2340 tempore
3570 2290 3679 2344 quo
3719 2275 3920 2334 Joannes

2361 2344 2658 2402 decollatus
2688 2358 2792 2416 est,
2823 2353 3082 2410 Dominus
3115 2357 3336 2427 triginta
3367 2360 3480 2430 jam
3506 2374 3626 2419 erat
3651 2383 3919 2422 annorum:

2357 2439 2770 2512 μετεμψύχῳσις
2818 2453 3017 2508 autem,
3065 2457 3124 2502 ut
3149 2449 3281 2515 dixi,
3334 2463 3456 2524 post
3508 2455 3726 2528 triginta
3756 2475 3920 2523 annos,

2358 2539 2450 2584 aut
2479 2546 2544 2585 eo
2572 2533 2822 2602 amplius,
2847 2546 2970 2606 post
2999 2539 3195 2595 multos
3217 2543 3453 2601 circulos
3488 2562 3752 2604 annorum
3783 2551 3838 2604 in
3859 2551 3920 2605 (Ιί-

2357 2633 2512 2674 versa
2563 2637 2792 2692 corpora
2846 2625 2991 2681 dicat
3045 2630 3256 2687 animas
3285 2634 3564 2692 hominum
3601 2639 3917 2697 insinuariet

2356 2713 2556 2778 redire,
2604 2717 2748 2784 quod
2780 2717 2934 2773 valde
2986 2721 3327 2792 dogmatibus
3375 2725 3698 2788 Christianis
3733 2745 3921 2789 contra-

2357 2805 2497 2859 rium
2522 2816 2605 2861 est
2640 2817 2694 2863 et
2721 2809 3126 2868 insanissimum
3159 2820 3399 2874 credere.

2428 2897 2666 2954 Herodes
2718 2912 2892 2957 autem
2936 2907 3100 2960 tenuit
3156 2908 3437 2970 Joannem.
3498 2915 3576 2973 De
3625 2935 3732 2990 quo
3777 2937 3916 2993 supra

2356 2989 2564 3045 dixerat
2628 2993 2958 3064 evangelista
3010 2996 3062 3051 in
3110 3014 3340 3067 persona
3394 2989 3655 3073 Herodis,
3709 3011 3805 3066 Hic
3846 2989 3918 3068 ἐει

2355 3077 2624 3146 Joannes;
2671 3099 2831 3152 quem
2882 3085 3057 3142 locum
3109 3091 3269 3163 611
3320 3111 3482 3166 supra
3541 3105 3918 3174 recapitulando

2354 3171 2632 3238 praemisit.
2667 3172 2917 3230 Profecto
2943 3179 3069 3247 quia
3119 3197 3150 3234 a
3203 3183 3350 3240 nullo
3387 3171 3838 3260 evangelistarum
3878 3193 3916 3248 in

2349 3260 2565 3326 ordine,
2615 3279 2722 3333 quo
2768 3265 2911 3322 facta
2950 3279 3034 3325 est
3093 3272 3208 3329 hare
3269 3280 3565 3349 tragmdia,
3617 3285 3684 3338 de
3736 3283 3917 3339 Joanne

2347 3361 2632 3418 narratur;
2684 3360 2933 3425 quamvis
2980 3360 3265 3422 Matthmus
3310 3378 3366 3424 et
3417 3370 3636 3428 Marcus
3665 3375 3847 3429 eodem
3874 3375 3914 3428 in

2347 3440 2466 3496 loco
2497 3443 2639 3498 inter
2687 3463 2747 3502 se
2793 3454 3155 3508 consentiant.
3207 3456 3384 3514 Lucas
3426 3476 3555 3518 vero
3592 3463 3754 3538 longe
3783 3475 3913 3521 ante-

2345 3549 2507 3603 quam
2553 3537 2923 3607 baptizaretur
2954 3544 3234 3615 Dominus,
3268 3552 3384 3607 hzec
3430 3558 3783 3624 praimittens,
3814 3576 3918 3614 nar-

2346 3636 2447 3682 rat.
2492 3628 2660 3685 Porro
2684 3631 2920 3691 Joannes
2957 3638 3295 3698 solummodo
3339 3646 3509 3716 tangit
3536 3663 3677 3715 eam,
3715 3661 3774 3705 et
3807 3652 3914 3707 dicit

2343 3721 2556 3777 venisse
2575 3721 2759 3779 Jesum
2786 3727 2837 3782 in
2869 3727 3164 3798 Galilaeam,
3198 3734 3290 3789 ubi
3319 3737 3507 3793 vinum
3537 3739 3665 3795 fecit
3685 3742 3754 3797 de
3775 3759 3914 3812 aqua,

2342 3821 2398 3867 et
2429 3823 2570 3879 tunc,
2618 3817 2826 3887 inquit,
2858 3820 3018 3876 rediit
3069 3824 3120 3878 in
3163 3824 3445 3896 Judazam,
3497 3832 3588 3887 ubi
3644 3834 3916 3905 baptizavit

2343 3905 2562 3971 multos,
2591 3917 2882 3980 antequam
2935 3914 3168 3971 traditus
3196 3927 3343 3974 esset
3389 3918 3644 3976 Joannes.
3679 3922 3915 3980 Traditus

2341 4004 2426 4050 est
2459 4007 2637 4054 autem
2659 4042 2673 4065 ,
2703 4011 2757 4056 et
2787 4001 3056 4075 alligatus,
3089 4015 3143 4061 et
3173 4010 3382 4077 positus
3430 4013 3484 4066 in
3533 4029 3779 4081 carcere,
3809 4030 3908 4086 pro-

2340 4100 2460 4159 pter
2489 4089 2847 4149 Hcrodiadem
2891 4113 3116 4154 uxorem
3153 4101 3342 4158 fratris
3373 4106 3475 4159 sui.

2409 4179 2625 4235 Dicebat
2657 4185 2793 4238 enim
2835 4185 3109 4245 Joannes:
3145 4190 3270 4246 Non
3298 4193 3418 4249 licet
3451 4197 3544 4251 tibi
3579 4199 3771 4255 habere
3796 4215 3912 4254 eam.

2340 4270 2507 4325 Vetus
2550 4284 2738 4329 narrat
2791 4277 3016 4335 historia
3072 4280 3378 4354 Philippum
3429 4287 3659 4346 Herodis
3711 4291 3917 4362 majoris

2339 4359 2528 4428 ﬁlium,
2551 4365 2652 4419 sub
2676 4381 2782 4436 quo
2812 4369 3072 4427 Dominus
3099 4372 3237 4446 fugit
3261 4378 3315 4432 in
3348 4377 3641 4452 Egyptum
3663 4424 3677 4448 ,
3704 4359 3914 4438 fratrem

2256 4491 2311 4553 Β
2336 4451 2497 4522 hujus
2519 4454 2748 4513 Herodis
2781 4462 2880 4515 sub
2911 4479 3018 4533 quo
3050 4480 3245 4535 passus
3265 4479 3350 4526 est
3392 4451 3666 4538 Christus,
3712 4476 3917 4530 duxisse

642 4509 787 4576 quod
830 4511 978 4578 dicit,
1013 4515 1441 4590 intelligendum,
1473 4528 1691 4594 quando
1718 4533 1868 4587 venit
1912 4535 1965 4590 in
1993 4509 2230 4608 patriam
2257 4509 2288 4553 1

2337 4561 2563 4602 uxorem
2599 4549 2956 4610 Herodiadem
2985 4557 3151 4614 ﬁliam
3182 4563 3328 4634 regis
3374 4563 3694 4635 Petiphere;
3742 4578 3913 4640 postea

2337 4650 2466 4691 vero
2510 4653 2754 4696 socerum
2786 4642 2921 4713 ejus,
2951 4650 3160 4706 exortis
3185 4654 3510 4722 quibusdam
3545 4671 3735 4716 contra
3770 4675 3916 4735 gene-

2338 4743 2458 4782 rum
2493 4731 2872 4801 simultatibus,
2922 4739 3112 4796 tulisse
3151 4741 3316 4801 ﬁliam
3365 4763 3544 4816 suam,
3575 4761 3631 4807 et
3667 4754 3726 4808 in
3775 4731 3915 4809 dolo-

2337 4836 2450 4876 rem
2484 4824 2682 4894 prioris
2728 4831 2909 4885 mariti
2955 4833 3026 4888 ad
3070 4838 3456 4897 contumeliam
3507 4844 3667 4916 hujus
3695 4845 3918 4902 Herodis

2336 4913 2540 4972 inimici
2575 4920 2713 4990 ejus,
2750 4937 2870 4978 eam
2902 4929 3106 4997 nuptiis
3141 4933 3448 5002 copulasse,
3479 4913 3608 4994 licet
3644 4939 3917 5008 Philippus

2329 5023 2620 5078 germanus
2647 5023 2791 5070 esset
2827 5013 2999 5074 frater
3039 5021 3210 5092 ipsius
3248 5024 3497 5084 Herodis.
3546 5029 3653 5086 Sed
3682 5029 3917 5086 Joannes

2327 5097 2593 5171 Baptista,
2623 5107 2716 5175 qui
2745 5120 2969 5166 venerat
2997 5113 3052 5167 in
3077 5116 3264 5184 spiritu
3290 5128 3340 5173 et
3368 5121 3554 5176 virtute
3600 5121 3737 5177 Elite
3763 5121 3916 5196 (Luc.

2331 5206 2380 5257 ι,
2420 5192 2540 5262 l7),
2590 5197 2777 5252 eadem
2819 5203 3181 5272 auctoritate,
3212 5222 3317 5277 qua
3363 5209 3454 5264 ille
3502 5211 3691 5267 Achab
3744 5192 3917 5268 corri-

2327 5294 2521 5352 puerat
2557 5295 2612 5341 et
2638 5286 2886 5357 Jezabel,
2916 5307 3172 5365 arguerat
3199 5297 3491 5368 Herodem,
3531 5303 3674 5372 quod
3701 5303 3920 5360 illicitas

2326 5377 2543 5445 nuptias
2570 5377 2794 5448 fecerit,
2843 5385 2968 5452 quia
3001 5390 3296 5445 secundum
3350 5392 3524 5463 legem
3575 5411 3683 5450 non
3720 5395 3923 5452 licebat

2323 5461 2492 5521 fratre
2521 5468 2731 5525 vivente
2766 5489 3022 5542 germano
3049 5496 3273 5536 uxorem
3302 5483 3444 5540 illius
3470 5488 3687 5553 ducere,
3721 5503 3919 5559 quam-

2323 5559 2405 5613 vis
2434 5571 2554 5629 post
2602 5575 2829 5620 mortem
2863 5567 2914 5622 id
2949 5569 3181 5628 licuerit.
3213 5575 3280 5630 Et
3307 5577 3428 5633 ideo
3471 5578 3644 5635 fratre
3671 5582 3919 5646 vivente,

2323 5648 2446 5716 quia
2478 5666 2581 5705 non
2623 5663 2741 5709 erat
2787 5655 2992 5714 licitum
3041 5678 3166 5719 reus
3209 5666 3530 5738 culpabatur
3559 5670 3829 5736 Herodes,
3864 5681 3920 5728 et

2324 5737 2666 5799 incestuosus
2719 5762 2819 5818 pro
2860 5751 3119 5821 crimine;
3167 5737 3378 5817 malens
3434 5778 3615 5834 prazco
3657 5766 3921 5823 veritatis
