4004 6362
127 285 208 344 515
829 280 1188 338 EXPOSITIO
1224 280 1291 335 IN
1329 281 1761 338 MATTHASUM.
1802 312 1870 323 —
1904 284 2033 340 LIB.
2078 286 2189 352 Vll,
2226 287 2378 343 CAP.
2419 287 2556 344 XIV.

3232 296 3339 352 5η

125 397 384 473 periclum
443 395 586 464 apud
637 409 856 466 regem,
913 411 1074 464 quam
1134 405 1353 465 propter
1407 398 1667 453 adulatio-
1691 395 1839 462 Agii
1871 396 2096 451 violaret
2139 397 2387 454 affectum
2419 401 2746 468 fraternum;
2803 410 3011 458 tantum
3053 412 3110 458 ut
3159 409 3333 463 socia-

125 505 220 546 uem
257 502 378 543 esse
433 487 717 540 immemor
757 496 1146 556 praceptorum
1177 488 1292 542 Dei.
1333 487 1482 544 Unde
1505 530 1519 553 ,
1569 506 1667 545 nec

124 581 364 638 immerito
409 578 686 633 beatitudo
731 578 976 648 martyrii
1023 579 1071 632 ei
1118 596 1146 633 a
1196 581 1422 635 Domino
1459 597 1665 638 recom-

123 680 376 742 pensatur,
438 669 559 738 ipso
619 668 826 723 dicente
879 669 933 723 in
983 670 1086 724 hoc
1143 671 1257 739 ipso
1321 673 1663 743 Evangelio:

123 764 241 818 Beati
293 765 386 833 qui
441 765 848 832 persecutionem
903 765 1176 834 patiuntur
1229 778 1440 837 propter
1496 769 1663 838 justi-

124 857 247 917 tiam,
284 854 535 922 quoniam
559 853 788 922 ipsorum
821 863 894 908 est
922 871 1136 924 regnum
1161 855 1406 910 calorum
1446 857 1660 929 (Matth.

123 943 304 1012 v.10).
352 943 696 1014 Quapropter
743 946 1004 1014 arguendi
1050 956 1176 1000 sunt
1227 963 1369 1003 nunc
1411 949 1464 1002 in
1527 959 1661 1005 tem-

123 1050 222 1103 pore
264 1033 486 1103 quidam
523 1035 614 1104 qui
650 1034 868 1099 dicunt,
918 1050 1022 1089 non
1076 1037 1272 1093 debere
1323 1054 1550 1110 arguere
1577 1057 1663 1096 re-

123 1138 189 1193 ges
213 1132 296 1176 aut
337 1131 636 1192 potestates
670 1123 828 1194 hujus
873 1125 1086 1190 saculi,
1142 1142 1314 1197 neque
1354 1131 1542 1186 durius
1578 1133 1658 1186 in-

121 1228 339 1282 crepare,
373 1228 443 1267 ne
468 1211 606 1268 forte
651 1215 885 1270 atrocius
922 1229 1362 1274 commoveantur
1403 1221 1469 1274 ad
1501 1223 1656 1290 iram,

122 1305 278 1358 sicula
318 1305 554 1374 quodam
608 1306 784 1360 audivi
828 1309 1230 1379 episcoporum;
1259 1312 1382 1381 quia
1433 1329 1530 1368 rex
1561 1315 1661 1370 sub

120 1397 301 1462 nullius,
351 1397 563 1467 inquit,
610 1399 860 1454 redactus
889 1409 972 1455 est
1022 1411 1305 1472 potestate,
1338 1419 1510 1473 neque
1557 1405 1659 1461 sub

119 1503 219 1539 cura
247 1487 470 1557 alicujus
521 1488 817 1559 regiminis,
847 1504 912 1545 eo
945 1493 1089 1562 quod
1132 1495 1383 1550 omnibus
1422 1495 1476 1550 in
1505 1512 1655 1552 com-

117 1591 255 1631 mune
281 1585 383 1640 est,
413 1585 463 1630 et
481 1593 586 1631 non
610 1578 662 1632 in
688 1594 792 1633 una
821 1591 1182 1636 commoratur
1208 1585 1483 1654 parochia.
1504 1589 1659 1655 Quod

117 1666 152 1718 si
179 1666 248 1720 ita
273 1676 375 1730 est,
400 1666 626 1724 Joannes
648 1671 1086 1739 reprehensibilis
1107 1682 1161 1726 et
1187 1677 1504 1732 temerarius
1530 1693 1656 1733 cen-

1773 497 1922 541 retur
1947 486 2174 554 Herodi,
2216 500 2269 544 et
2310 500 2491 546 essent
2532 492 2586 546 in
2621 493 2836 548 nomine
2879 496 3206 562 consimiles,
3243 500 3335 568 qui

1769 593 1876 633 non
1902 590 2058 634 erant
2077 580 2189 649 jam
2237 583 2457 644 scelere,
2502 583 2762 650 moribus,
2786 594 2841 640 et
2888 587 2997 642 vita
3027 587 3336 647 dissimiles.

1766 666 2134 736 Jungebantur
2168 671 2427 726 vocabulo
2451 687 2589 740 quos
2613 673 2898 728 criminum
2933 674 3190 745 junxerat
3227 686 3339 733 tur-

1765 759 1973 828 pitudo.
2004 759 2112 814 Sed
2141 763 2350 829 turpior
2381 761 2488 815 filia
2531 777 2650 831 qua
2694 763 2806 818 suis
2852 764 3087 830 lusibus,
3137 775 3195 821 ut
3242 771 3348 838 pa-'

1769 859 1946 904 truutn
1977 850 2288 916 iucestaret,
2328 861 2382 906 et
2407 861 2635 907 matrem
2673 854 2900 923 amplius
2952 856 3175 922 fedaret,
3226 859 3333 914 filia

1764 939 2030 1010 siquidem
2052 941 2249 1009 prioris
2278 942 2456 996 mariti
2495 943 2610 998 hac
2633 946 2812 998 omnia
2849 945 3186 1013 publicahat;
3226 964 3334 1017 quo

1765 1030 1831 1083 de
1880 1029 2025 1084 facto
2074 1032 2329 1102 contigit,
2359 1041 2417 1086 ut
2461 1034 2638 1088 adhuc
2674 1034 2836 1105 613
2868 1036 3104 1092 deterior
3148 1048 3333 1103 esset,

1756 1119 1909 1191 juxta
1940 1120 2067 1175 illud
2093 1121 2471 1193 Apocalypsis,
2516 1132 2574 1177 ut
2608 1126 2696 1193 qui
2743 1135 2910 1189 nocet,
2948 1137 2996 1179 et
3028 1126 3200 1180 adhuc
3243 1145 3334 1181 no-

1761 1218 1895 1271 ceat.
1925 1220 1972 1264 et
1997 1221 2050 1264 ut
2077 1213 2165 1281 qui
2194 1212 2248 1266 in
2287 1213 2524 1267 sordibus
2553 1223 2600 1268 et
2642 1214 2814 1268 adhuc
2857 1217 3118 1270 sordescat
3146 1219 3329 1288 (Apoc.

1761 1317 1897 1366 χιιι,
1929 1303 2038 1372 ll).

1833 1391 1983 1447 Unde
2010 1409 2127 1447 cum
2147 1395 2448 1463 juramento
2494 1396 2753 1465 pollicitus
2798 1407 2874 1452 est
2909 1398 2956 1452 ei
2986 1399 3112 1452 dare
3161 1401 3328 1470 quod-

1759 1499 1960 1554 cunque
2001 1483 2330 1554 postulasset.
2358 1485 2549 1541 Procul
2586 1487 2744 1542 dubio
2773 1488 2892 1542 ideo
2920 1488 3134 1544 dolosus
3161 1489 3330 1559 jurat,

1760 1584 1819 1629 ut
1836 1575 2106 1630 videretur
2126 1577 2448 1631 excusabilis
2469 1588 2523 1632 et
2544 1577 2814 1642 innocens,
2839 1578 2930 1648 qui
2956 1578 3166 1646 volebat
3184 1595 3332 1645 eum,

1762 1675 1820 1720 ut
1849 1682 2009 1736 supra
2039 1675 2266 1724 testatus
2296 1677 2380 1724 est
2407 1669 2752 1739 evangelista,
2781 1669 2938 1740 longe
2979 1670 3069 1726 diu
3097 1670 3210 1738 jam
3236 1687 3334 1727 oc-

115 1759 288 1812 seudus
305 1768 406 1822 est,
435 1761 527 1829 qui
547 1775 614 1815 ex
655 1776 838 1815 eremo
859 1765 1007 1816 venit
1033 1764 1100 1817 ad
1131 1766 1273 1833 regis
1314 1769 1655 1835 prasentiam
1685 1759 1735 1819 B
1761 1757 1962 1813 cidere.
2007 1755 2223 1812 Sciebat
2259 1759 2405 1813 enim
2450 1775 2516 1813 ex
2563 1759 2755 1816 aﬂ'eclu
2798 1763 2986 1818 matris
3037 1763 3178 1833 quod
3219 1763 3335 1828 ﬁlia

112 1858 157 1901 ut
187 1851 482 1919 increparet
529 1849 872 1906 adulterium.
907 1851 1014 1908 Sed
1043 1855 1168 1924 quia
1216 1857 1423 1913 amicus
1470 1859 1654 1928 sponsi

114 1952 202 1996 erat
242 1943 495 2010 Joannes,
528 1945 862 2001 incestuosos
891 1946 1033 2001 ferre
1077 1963 1181 2003 non
1220 1958 1472 2018 poterat,
1520 1967 1655 2023 quos

113 2034 177 2087 hic
211 2034 454 2088 adulator
483 2036 658 2106 magis
708 2037 929 2106 palpare
955 2039 1118 2110 612
1147 2041 1370 2111 gaudet,
1418 2052 1473 2097 et
1517 2043 1654 2098 deli-

112 2125 203 2179 nire
239 2125 491 2181 laudibus
536 2142 698 2196 quam
756 2129 1054 2199 increpare.
1093 2130 1150 2186 In
1195 2148 1300 2202 quo
1349 2149 1477 2189 sane
1525 2136 1653 2192 vitio

112 2216 233 2269 multi
275 2217 654 2285 periclitantur
673 2259 688 2284 ,
719 2219 811 2288 qui
852 2219 1106 2274 videntur
1129 2237 1316 2292 gerere
1345 2240 1529 2278 curam
1559 2240 1654 2294 pa-

109 2309 257 2363 storis.
279 2309 431 2364 Unde
458 2311 663 2376 nescio,
695 2312 740 2366 si
766 2321 977 2383 tempus
999 2323 1143 2368 esset
1171 2318 1437 2386 martyrii,
1472 2327 1650 2374 utrum

110 2399 234 2454 ﬁdem
261 2411 545 2456 servarent
563 2403 653 2472 qui
683 2404 842 2457 modo
867 2405 1159 2473 quidquam
1189 2422 1286 2476 pro
1303 2407 1512 2475 justitia
1547 2425 1651 2464 nou

108 2491 293 2544 audent.
325 2490 432 2546 Sed
473 2491 734 2559 Joannes,
764 2493 892 2550 licet
919 2495 1265 2552 insidiaretur
1291 2499 1340 2552 ei
1370 2497 1649 2565 Herodias,

105 2594 186 2632 non
233 2581 459 2636 timebat
504 2581 804 2650 Herodem,
857 2588 951 2655 qui
998 2587 1158 2642 tantis
1201 2597 1322 2642 erat
1375 2589 1653 2644 devinctus

105 2671 251 2735 malis,
284 2688 464 2742 neque
491 2673 832 2730 molliebatur
854 2676 1131 2732 beneficiis
1163 2679 1311 2749 ejus,
1344 2680 1470 2748 quia
1515 2681 1655 2736 sicut

102 2761 206 2817 dicit
241 2765 606 2834 evangelista,
639 2767 694 2822 in
724 2767 905 2824 multis
935 2785 1060 2826 eum
1103 2787 1244 2841 sape
1294 2772 1565 2837 audiebat,
1600 2781 1654 2828 et

101 2847 362 2910 inclinabat
391 2872 453 2912 se
477 2859 548 2912 ad
573 2874 637 2914 ea
667 2859 919 2928 libenter,
945 2877 1065 2932 qua
1104 2878 1281 2932 praeco
1306 2863 1506 2918 Christi
1539 2879 1654 2918 mo-

99 2938 254 3000 nebat.
283 2947 415 3002 Erat
441 2949 588 3004 enim
637 2950 804 3005 miser
831 2951 884 3006 in
917 2952 1190 3020 omnibus,
1221 2953 1437 3010 dulosus
1473 2955 1649 3019 valde,

100 3037 217 3092 unde
267 3040 528 3095 Dominus
573 3041 786 3112 vulpem
837 3058 959 3100 eum
1017 3054 1194 3102 vocat.
1227 3047 1294 3102 Et
1344 3047 1465 3102 ideo
1522 3048 1654 3104 dicit

96 3130 397 3200 evangelista
426 3151 440 3185 :
1095 3201 1109 3212 .

163 3216 337 3274 Valens
361 3239 483 3276 eum
524 3226 778 3290 occidere,
808 3228 979 3281 timuit
1029 3229 1278 3300 populum
1303 3271 1318 3296 ,
1361 3231 1486 3301 quia
1513 3233 1646 3287 sicut

92 3311 368 3378 preplletam
422 3331 542 3368 eum
590 3316 866 3372 habebant.
919 3318 1024 3374 Sed
1055 3321 1180 3390 quia
1222 3321 1470 3378 occidere
1524 3339 1647 3379 eum

95 3398 302 3468 distulit,
334 3406 404 3460 ob
426 3406 854 3463 satisfactionem
883 3411 1132 3480 pessima
1171 3414 1376 3479 uxoris,
1407 3414 1646 3469 vinctum

89 3504 201 3544 eum
249 3495 368 3548 sine
409 3497 562 3565 culpa
609 3498 664 3552 iu
694 3515 911 3555 carcere
939 3504 1139 3572 posuit,
1181 3512 1240 3558 ut
1289 3514 1460 3560 totum
1504 3513 1648 3561 esset

88 3586 405 3652 mysterium
440 3587 650 3647 Herodis
674 3594 816 3662 quod
843 3605 962 3649 erat
984 3597 1049 3651 ad
1075 3607 1302 3653 reatum.
1336 3598 1647 3656 Occultatur

86 3672 197 3740 iste,
224 3677 354 3731 dum
404 3680 664 3737 exaltatur
689 3685 958 3742 Christus.
1009 3688 1049 3742 F
1054 3689 1221 3744 initur
1258 3691 1312 3745 in
1355 3707 1420 3747 eo
1464 3693 1549 3748 lex
1592 3703 1647 3748 et

84 3766 375 3834 prophetia,
411 3772 536 3840 quia
566 3788 754 3831 omnes
774 3777 1048 3847 propheta
1073 3796 1242 3850 usque
1272 3783 1340 3837 ad
1383 3780 1644 3840 Joannem

80 3860 547 3926 prophetaverunt.
588 3867 656 3922 Et
700 3869 841 3935 ideo,
893 3871 1081 3936 lector,
1110 3874 1250 3929 sicut
1298 3891 1459 3945 quam
1504 3892 1644 3948 sape

82 3951 280 4014 monui,
324 3969 540 4010 omnem
590 3959 926 4030 diligentiam
961 3963 1374 4036 Evangeliorum
1426 3968 1642 4024 lectioni

83 4040 313 4099 adhiberi
344 4058 588 4116 oportet;
623 4053 749 4121 quia
781 4055 833 4108 in
875 4056 960 4112 his
990 4051 1108 4126 quae
1134 4069 1283 4129 gesta
1328 4072 1639 4126 narrantur,

81 4133 284 4190 subesse
313 4138 482 4205 intus,
528 4142 809 4200 interioris
855 4148 1223 4221 intelligentia
1260 4168 1456 4207 arcana
1490 4169 1642 4224 repe-

82 4220 297 4282 riuntnr.
336 4228 508 4286 Habet
537 4235 778 4290 omnium
806 4220 1044 4306 operum
1073 4244 1312 4298 narratio
1351 4259 1504 4298 suum
1548 4263 1642 4300 or-

79 4309 260 4380 dinem,
294 4319 365 4373 de
401 4323 598 4390 quibus
628 4335 903 4396 gestorum
931 4330 1212 4388 cﬂectibus
1237 4350 1413 4388 causa
1461 4336 1641 4406 suhja-

1753 1849 1857 1903 hoc
1891 1856 2122 1919 peteret.
2161 1847 2412 1918 Alioquin
2441 1850 2487 1904 si
2515 1851 2658 1905 aliud
2684 1852 3026 1922 postulasset,
3055 1853 3196 1910 forte
3219 1869 3335 1909 ma-

1755 1939 1852 1992 tris
1898 1947 2126 1992 mortem
2163 1937 2348 2008 utique
2392 1956 2501 1994 non
2545 1941 2901 2011 impetrasset,
2950 1959 3123 2014 neque
3171 1945 3333 2000 dimi~

1753 2030 1895 2084 diam
1924 2038 2134 2098 partem
2165 2029 2337 2100 regni,
2365 2045 2526 2100 quam
2567 2031 2835 2100 pollicitus
2861 2042 2962 2088 est.
2993 2032 3108 2089 Non
3144 2044 3204 2088 ut
3234 2035 3331 2088 da-

1753 2130 1854 2187 ret,
1887 2123 1978 2176 sed
2008 2131 2066 2175 ut
2093 2122 2208 2193 ejus
2244 2122 2558 2193 pollicitatio
2585 2124 3007 2195 irrefragabilior
3034 2126 3330 2192 videretur,

1753 2228 1874 2267 cum
1901 2223 2112 2284 peteret
2153 2215 2296 2283 quod
2332 2215 2444 2284 ipse
2484 2215 2823 2272 moliebatur.
2853 2216 3067 2272 Nullum
3093 2234 3223 2290 ergo
3249 2219 3332 2274 in-

1752 2308 1997 2361 venimus
2030 2307 2171 2362 diem
2211 2309 2405 2363 natalis
2440 2310 2522 2364 sui
2556 2311 2891 2377 observasse,
2924 2313 3026 2367 nisi
3064 2312 3332 2369 Herodem

1752 2405 1806 2451 et
1831 2398 2166 2452 Pharaonem
2199 2398 2255 2452 in
2297 2399 2494 2454 divinis
2527 2399 2742 2466 litteris,
2765 2410 2824 2455 ut
2846 2417 3071 2472 quorum
3095 2412 3212 2459 erat
3236 2419 3334 2474 par

1755 2485 2002 2555 impietas
2028 2487 2082 2540 iu
2109 2487 2354 2555 perfidia,
2387 2497 2534 2543 esset
2562 2504 2667 2542 una
2693 2489 3004 2546 solemnitas
3039 2491 3107 2545 ad
3147 2506 3334 2562 super-

1753 2575 1916 2630 biam.
1946 2575 2090 2631 lnter
2118 2592 2252 2646 quas
2292 2576 2537 2634 fallacias
2573 2579 2767 2634 timens
2807 2579 3088 2646 Herodias,
3117 2597 3186 2638 ne
3229 2583 3329 2638 ali-

1753 2671 1968 2740 quando
2023 2669 2264 2726 Herodes
2321 2671 2694 2741 resipisceret,
2745 2671 2830 2726 vel
2880 2670 3126 2744 Philippo
3175 2672 3331 2730 fratri

1753 2763 1959 2819 amicus
1982 2764 2153 2828 fieret,
2178 2773 2340 2833 atque
2370 2763 2568 2818 illicita
2593 2765 2790 2834 nuptia
2815 2765 3040 2834 repudio
3061 2765 3332 2822 solveren-

1755 2865 1862 2920 tur,
1894 2864 2076 2911 monet
2106 2864 2163 2910 ut
2194 2855 2247 2909 in
2277 2857 2392 2924 ipso
2421 2857 2604 2910 statim
2634 2856 2881 2911 convivio
2911 2866 3071 2926 caput
3107 2855 3332 2914 Joannis

1754 2947 2070 3017 postularet,
2100 2947 2262 3017 digno
2297 2948 2446 3017 operi
2477 2947 2778 3002 saltationis
2807 2947 3027 3018 dignum
3056 2949 3332 3018 sanguinis

1753 3053 2054 3108 praemium.

1678 3108 1722 3170 (ἶ
1825 3129 1892 3183 Et
1937 3132 2274 3186 contristatus
2325 3141 2401 3186 est
2443 3149 2566 3197 rex,
2613 3133 2688 3187 ait
2733 3134 3083 3204 evangelista,
3119 3142 3329 3204 propter

1743 3223 2143 3294 jusjurandum.
2179 3224 2316 3291 Quia
2340 3226 2406 3279 de
2447 3240 2505 3281 se
2545 3227 2884 3291 ostendebat,
2916 3241 3020 3281 non
3051 3226 3118 3280 de
3155 3226 3330 3295 pani-

1752 3317 1934 3371 tudine
1960 3317 2159 3380 cordis,
2192 3317 2286 3370 sed
2318 3324 2379 3370 ut
2413 3316 2776 3372 simultatione
2803 3317 2960 3372 simul
2987 3316 3328 3372 discumben-

1750 3417 1832 3463 tes
1859 3409 2090 3464 falleret.
2120 3408 2327 3463 Artifex
2358 3410 2499 3463 enim
2528 3411 2790 3465 mendacii
2819 3419 2872 3464 et
2897 3409 3163 3465 homicida
3191 3425 3328 3479 pra-

1747 3499 1854 3555 fert
1904 3501 1956 3554 in
2007 3500 2144 3555 facie
2193 3502 2498 3565 tristitiam,
2543 3518 2664 3556 cum
2715 3503 2952 3557 latitiam
3003 3502 3223 3557 haberet
3272 3502 3326 3557 in

1748 3591 1930 3654 corde,
1969 3601 2024 3644 ut
2049 3591 2398 3646 convivantes
2422 3591 2680 3647 eluderet.
2721 3592 2890 3647 Porro
2919 3592 3324 3664 Scripturarum

1748 3683 2080 3739 consuetudo
2115 3691 2220 3748 est,
2245 3693 2305 3738 ut
2349 3684 2653 3754 opinionem
2688 3684 2978 3741 multorum
3019 3687 3110 3742 hic
3143 3695 3328 3740 narret

1749 3773 2058 3838 historicus,
2084 3775 2353 3844 quomodo
2391 3791 2458 3831 eo
2495 3785 2733 3847 tempore
2761 3779 2829 3834 ab
2859 3779 3110 3834 omnibus
3137 3781 3326 3834 crede-

1745 3864 1923 3926 batur,
1956 3865 2098 3919 sicut
2125 3873 2179 3919 et
2208 3865 2308 3921 hoc
2336 3866 2453 3922 loco
2482 3867 2620 3923 forte
2649 3869 3063 3934 discumbentes,
3091 3869 3327 3925 Herodes

1746 3955 1889 4024 quod
1934 3970 2059 4009 vere
2110 3955 2440 4021 tristaretur,
2467 3957 2745 4027 putabant.
2791 3958 2926 4013 Hinc
2964 3974 3177 4029 quoque
3208 3960 3324 4014 ait:

1747 4046 1970 4116 Propter
1990 4047 2351 4116 juramentum
2380 4059 2426 4102 et
2457 4066 2544 4104 eos
2573 4051 2662 4121 qui
2689 4051 2889 4120 pariter
2915 4052 3324 4118 discumbebant,

1735 4138 1897 4209 jussit
1927 4139 2062 4190 dari.
2099 4137 2248 4193 Unde
2287 4139 2512 4195 Domino
2539 4139 2764 4208 iubente
2796 4140 3046 4214 fugienda
3090 4151 3213 4198 sunt
3239 4142 3326 4212 ju-

1745 4235 2009 4293 ramcnta,
2041 4229 2275 4283 maxime
2307 4245 2426 4300 qua
2453 4231 2670 4300 pariunt
2707 4233 2836 4286 totis
2873 4233 3121 4288 noctibus
3148 4242 3204 4287 et
3232 4233 3328 4287 ho-

1745 4319 1822 4372 ris
1847 4328 2122 4388 protracta
2151 4321 2430 4386 convivia;
2473 4322 2600 4392 quia
2622 4322 2806 4376 vinum
2841 4323 2982 4393 quod
3019 4339 3141 4378 cum
3176 4337 3326 4379 men-

78 4408 233 4461 ceatis
260 4411 479 4480 species
507 4414 902 4482 praformatur.
933 4419 1088 4476 Unde
1132 4422 1392 4479 Herodias
1432 4426 1637 4496 signiﬁ-
1665 4461 1718 4520 Β
1746 4425 1871 4464 sura
1919 4411 2139 4474 emitur,
2169 4419 2225 4465 et
2255 4411 2372 4466 sine
2417 4427 2670 4467 mensura
2713 4413 2936 4480 bibitur,
2975 4415 3082 4470 cito
3107 4415 3325 4470 naufra-

75 4507 521 4572 catsynagogam,
554 4519 674 4572 qua
699 4517 861 4575 caput
879 4507 1122 4577 Joannis,
1154 4512 1205 4566 id
1232 4523 1316 4569 est
1340 4515 1637 4582 Christum,

75 4599 345 4656 amputare
394 4594 618 4648 molitur
666 4612 771 4651 una
810 4614 930 4653 cum
982 4601 1089 4656 ﬁlia
1115 4643 1130 4668 ,
1163 4619 1281 4672 qua
1327 4605 1541 4661 saltavit
1584 4608 1637 4662 iu

71 4682 323 4769 convivio,
368 4684 507 4740 sicut
529 4695 583 4740 et
608 4700 797 4758 gentes
825 4699 950 4746 ante
977 4693 1149 4762 idola;
1179 4711 1297 4766 quae
1331 4697 1452 4751 tulit
1480 4708 1639 4769 caput

68 4765 292 4838 Joannis,
334 4777 441 4830 hoc
480 4789 584 4844 est,
617 4796 812 4851 corpus
841 4781 1042 4839 Christi
1075 4787 1126 4840 in
1171 4765 1372 4852 altare,
1402 4765 1640 4858 quia—il-

64 4859 140 4950 lud
167 4867 363 4922 datum
393 4881 475 4923 est
505 4870 722 4938 puella,
756 4872 857 4927 hoc
893 4883 977 4930 est
1004 4875 1256 4932 Ecclesia
1281 4879 1345 4933 de
1370 4880 1636 4950 gentibus.

64 4949 254 5010 Rursus
285 4959 387 5014 illa
415 4959 535 5013 tulit
575 4977 697 5016 eum
729 4964 886 5018 matri
928 4979 1067 5032 sua,
1118 4969 1242 5037 quia
1289 4949 1444 5023 fidem
1477 4985 1636 5039 quam

57 5050 252 5116 accepit
291 5050 374 5105 de
414 5050 663 5117 Christo,
700 5054 754 5107 in
804 5053 963 5110 finem
993 5057 1173 5112 saculi
1215 5059 1280 5113 ad
1326 5061 1638 5116 conversio-

57 5146 167 5189 nem
201 5137 528 5197 Judaeorum
551 5184 565 5208 ,
611 5152 670 5197 ut
700 5153 863 5215 caput
900 5161 1023 5202 eum
1071 5149 1362 5220 recipiant,
1401 5152 1514 5220 ipsa
1555 5161 1639 5208 est

50 5223 314 5284 ablatura.

111 5316 207 5373 Die
231 5332 426 5377 autem
473 5324 666 5378 natalis
694 5323 921 5381 Herodis
939 5368 954 5392 ,
983 5328 1191 5384 saltavit
1213 5329 1327 5398 ﬁlia
1371 5330 1636 5386 Herodia-

46 5406 118 5459 ἐὺ
140 5409 194 5463 in
217 5412 435 5476 medio,
475 5425 523 5466 et
548 5414 744 5482 placuit
771 5415 988 5471 Herodi.
1021 5420 1188 5486 Quam
1226 5421 1442 5490 quidem
1474 5421 1636 5475 ﬁliam

49 5496 222 5556 dicunt
265 5504 452 5560 fuisse
502 5505 767 5577 Philippi,
818 5520 877 5564 ut
912 5526 975 5564 ex
1033 5511 1145 5580 ipsa
1195 5513 1640 5582 comprobaretur

45 5605 212 5650 coram
244 5597 522 5653 omnibus
559 5600 672 5654 suis
719 5602 1069 5672 complicibus
1114 5602 1464 5658 Herodiadem
1505 5620 1639 5658 uxo-

48 5693 147 5740 rem
171 5687 427 5743 duorum
478 5688 710 5744 fratrum
744 5690 927 5758 fuisse,
966 5708 1084 5764 qua
1134 5691 1415 5750 aﬂ‘ectione
1442 5694 1636 5765 conju-

1747 4501 1889 4572 gium
1917 4501 2076 4570 parit.
2105 4500 2242 4556 Hinc
2267 4511 2351 4556 est
2376 4503 2517 4571 quod
2548 4502 2804 4568 Herodes,
2832 4503 2960 4559 licet
2985 4514 3326 4561 sacramento

1747 4593 1907 4646 tidem
1949 4592 2266 4658 reddiderit;
2302 4593 2647 4649 homicidium
2694 4597 3042 4665 perpetravit.
3075 4595 3180 4653 Sed
3215 4614 3326 4652 me-

1746 4681 1850 4736 lius
1896 4692 2037 4738 esset
2084 4699 2180 4752 pro
2218 4684 2528 4754 jnramento
2576 4685 2842 4755 panitere
2888 4687 3124 4744 infausto
3162 4688 3326 4757 (sicut

1747 4775 1916 4829 David
1959 4775 2150 4830 fecisse
2194 4777 2421 4846 legimus
2468 4777 2646 4832 verbis
2687 4777 2909 4848 Abigael
2953 4793 3116 4850 super
3153 4779 3325 4835 Nabal

1746 4864 2039 4935 placatum)
2074 4880 2234 4934 quam
2269 4866 2588 4937 sanguinem
2617 4867 2864 4925 funderet
2887 4871 3061 4926 sancti
3096 4872 3326 4941 prophe-

1746 4964 1837 5018 ta,
1875 4962 1929 5008 et
1965 4953 2228 5021 fraudem,
2261 4971 2422 5026 quam
2462 4958 2518 5012 in
2541 4959 2710 5015 corde
2749 4961 2992 5031 gerebat,
3019 4961 3322 5030 perliceret.

1743 5046 1828 5101 Da
1855 5047 2003 5112 mihi,
2037 5047 2232 5118 inquit,
2256 5049 2312 5101 in
2350 5049 2515 5104 disco.
2547 5048 2658 5106 Cur
2688 5059 2869 5108 autem
2916 5052 2971 5106 in
3010 5051 3194 5106 disco?
3220 5051 3323 5107 nisi

1743 5149 1805 5196 ut
1855 5151 2254 5197 sacramentum
2307 5142 2633 5213 figuraretur
2676 5154 2875 5201 nostra
2918 5147 3320 5216 redemptionis.

1742 5231 1879 5298 Quia
1931 5229 2170 5286 Pretiosa
2200 5233 2255 5286 in
2284 5243 2560 5304 conspectu
2592 5233 2806 5290 Domini
2839 5251 2979 5290 mors
3021 5246 3321 5290 sanctorum

1744 5323 1858 5392 ejus
1881 5322 2052 5392 (Psal.
2083 5339 2207 5390 ειν,
2241 5324 2350 5396 15).
2386 5324 2456 5381 Ut
2490 5326 2545 5380 in
2574 5325 2724 5383 disco
2759 5335 2814 5382 et
2841 5341 3050 5393 mensa,
3075 5345 3181 5398 quo
3205 5344 3321 5382 cor-

1747 5431 1846 5484 pus
1863 5415 2062 5471 Christi
2085 5425 2346 5482 sacratur,
2371 5419 2515 5488 quod
2535 5428 2618 5474 est
2637 5427 2796 5487 caput
2816 5429 3135 5489 martyrum,
3159 5420 3324 5492 614
3355 5465 3357 5468 ‹

1746 5508 1844 5578 ipsi
1872 5509 2257 5579 participarcut
2276 5526 2398 5565 cum
2425 5526 2524 5565 suo
2542 5512 2717 5580 capite
2741 5511 2794 5565 in
2811 5511 3082 5567 oblatione
3106 5523 3321 5568 aternan

1745 5602 1949 5658 salutis.
2003 5601 2111 5657 Sed
2155 5603 2423 5673 serpentis
2466 5617 2682 5674 germen
2733 5611 2893 5672 caput
2927 5603 3151 5660 Joannis
3189 5608 3320 5677 petit

1744 5708 1978 5764 semper,
2021 5704 2180 5766 atque
2222 5694 2473 5760 hominis,
2516 5693 2602 5750 cui
2647 5711 2802 5752 suum
2851 5705 3011 5768 caput
3057 5701 3321 5754 sententia
