4004 6362
675 334 777 396 515

1502 327 1555 384 s.
1593 314 1949 382 PASCHASII
1988 314 2330 376 mnsam
2368 312 2659 371 ABBATIS
2695 313 3136 372 consmausrs
3810 292 3900 379 "sm

676 452 802 509 olim
847 448 1041 505 summi
1080 443 1277 516 judicis
1324 443 1527 499 sciebat
1564 441 1859 502 addictum,
1890 437 2100 492 dicente
2148 434 2253 489 Do-
2278 435 2329 494 Δ
2355 429 2579 485 Pascha:
2622 444 2774 483 suam
2813 435 3042 482 mortem
3089 426 3351 491 differret,
3378 405 3435 481 in
3462 441 3571 498 quo
3599 438 3811 499 propter
3835 447 3902 486 sa-

675 543 843 608 mino,
872 539 965 596 illa
993 546 1142 594 tuum
1171 536 1481 591 observabit
1508 539 1688 604 caput,
1719 539 1772 585 et
1803 540 1858 584 tu
1902 528 2046 583 illius
2068 528 2255 583 obser-

674 632 830 690 vahis
870 631 1182 688 calcaneum
1200 625 1371 703 .(Gen.
1405 642 1486 691 ιιι,
1530 624 1637 695 15).
1680 621 1786 677 Sed
1823 621 2022 676 misera
2074 617 2256 674 feralis

676 722 799 779 aula
835 720 996 789 regis,
1031 726 1086 772 et
1129 716 1313 771 infelix
1360 715 1554 773 rabies.
1588 727 1707 782 qum
1754 712 1806 789 in
1844 718 2054 781 pastum
2099 724 2255 764 suum

678 788 917 879 suscepit
938 815 1101 875 caput
1126 804 1401 875 martyris,
1423 812 1478 857 ct
1502 803 1554 857 in
1585 788 1962 872 po'tum'ebibit
1991 798 2256 870 liquorem

678 901 818 958 sacri
869 897 1173 970 sanguinis,
1216 896 1511 965 sitiensque
1561 903 1789 947 mortem
1818 893 2110 963 propheta:
2172 905 2258 945 as-

664 977 842 1061 pexit.
868 988 914 1043 0
941 986 1207 1042 ferculum
1237 984 1483 1039 crudele!
1531 982 1576 1038 Ο
1598 983 1781 1038 discus
1810 983 1951 1037 rosis
1977 995 2260 1051 resparsus

676 1077 976 1150 sanguinis,
1006 1076 1098 1132 sed
1127 1073 1539 1130 convivantibus
1584 1072 1736 1127 valde
1782 1072 2100 1126 exitiabilis!
2134 1072 2257 1140 quia

677 1170 731 1224 in
756 1175 908 1224 tanto
934 1165 1181 1223 convivio
1207 1177 1364 1219 nemo
1395 1162 1496 1216 fuit
1525 1163 1614 1232 qui
1644 1162 1951 1233 prohiberet
1981 1162 2260 1215 audaciam

677 1260 844 1333 regis,
872 1258 1135 1331 quinimo,
1160 1262 1220 1310 ut
1249 1256 1529 1325 Scriptura
1566 1256 1660 1316 ait,
1692 1264 1899 1324 propter
1924 1269 2010 1307 eos
2046 1255 2136 1322 qui
2170 1268 2263 1322 pa-

679 1353 805 1407 riter
828 1350 1236 1413 discumbebant,
1254 1349 1417 1419 jussit
1447 1349 1585 1401 dari.
1618 1348 1735 1414 Quo
1762 1347 1903 1400 facto
1928 1362 2115 1401 omnes
2146 1360 2264 1399 sce-

676 1444 805 1500 leris
833 1446 916 1500 sui
957 1446 1086 1500 facit
1127 1460 1246 1499 esse
1280 1452 1579 1508 consortes,
1603 1453 1657 1497 et
1700 1444 1752 1497 in
1785 1442 2062 1497 luxurioso
2091 1443 2263 1511 impu-

679 1549 849 1608 roque
875 1537 1145 1601 convivio,
1172 1543 1408 1591 cruenta:
1444 1534 1613 1604 epulae
1650 1535 1826 1589 adhuc
1852 1533 2120 1589 sordidius
2150 1548 2265 1587 sor-

679 1626 957 1695 didantur,
989 1628 1117 1683 dum
1149 1625 1393 1682 defertur
1413 1635 1572 1696 caput
1601 1625 1654 1679 in
1682 1625 1848 1681 disco.

750 1718 906 1786 Quod
941 1720 1163 1775 allatum
1206 1720 1387 1774 datum
1418 1729 1493 1773 est
1518 1718 1728 1789 puellae,
1752 1728 1799 1773 et
1828 1718 1919 1773 illa
1954 1717 2073 1772 tulit
2108 1719 2265 1773 matri

2356 527 2692 577 cramentum
2717 532 2935 587 semper
2964 517 3341 571 immolabatur
3365 533 3557 587 agnus.
3585 518 3663 571 Ad
3690 518 3900 578 ultimum

2353 621 2639 686 propterea
2668 612 2911 674 recessit,
2937 618 2997 663 ut
3025 609 3181 664 nobis
3218 608 3485 679 praeberet
3518 610 3814 679 exemplum
3837 614 3901 667 vi-

2358 706 2533 762 tanda:
2563 703 2916 768 temeritatis;
2950 703 3074 772 quia
3098 717 3203 756 non
3238 716 3426 756 omnes
3456 702 3649 756 eadem
3683 714 3903 759 constare

2358 799 2433 853 tia
2465 803 2816 868 perseverant
2850 795 3011 864 positi
3043 795 3098 847 in
3131 791 3433 858 tormentis,
3465 808 3571 861 qua
3607 807 3666 847 se
3696 809 3907 847 nonnun-

2357 906 2519 961 quam
2546 887 2873 959 torquendos
2895 884 3147 940 oll‘erunt.
3178 885 3401 940 Unde'et
3422 900 3585 954 supra
3601 885 3714 955 jam
3737 886 3906 943 dictum

2359 990 2441 1037 est
2466 999 2478 1035 ε
2508 980 2639 1034 Cum
2668 978 2924 1049 persecuti
2958 993 3043 1030 vos
3072 974 3266 1046 fuerint
3297 978 3350 1030 in
3383 993 3488 1030 una
3523 976 3753 1040 civitate,
3777 977 3909 1048 fugite

2358 1072 2414 1126 in
2462 1071 2623 1124 aiiam
2662 1068 2875 1139 (Matth.
2904 1083 2958 1131 ι,
2989 1065 3104 1137 25).
3135 1065 3424 1137 Eleganter
3451 1080 3668 1136 quoque
3716 1081 3909 1138 evange-

2362 1161 2481 1217 lista
2512 1176 2615 1214 non
2648 1160 2784 1227 fugit
2815 1158 2867 1212 in
2910 1158 3084 1213 locum
3114 1157 3405 1219 desertum,
3454 1157 3547 1214 sed
3577 1158 3819 1222 secessit,
3841 1160 3909 1220 ait.

2362 1262 2421 1308 ut
2449 1254 2757 1308 ostenderet
2797 1258 3176 1321 persecutores
3202 1265 3328 1304 suos
3351 1248 3523 1328 magis
3549 1249 3844 1305 declinasse
3864 1252 3910 1302 ad

2364 1351 2597 1415 tempus,
2636 1359 2796 1411 quam
2837 1341 3099 1396 timuisse.
3132 1339 3237 1395 Sed
3279 1350 3334 1395 et
3365 1350 3652 1411 postquam
3682 1356 3710 1394 a
3751 1339 3911 1396 Juda2is

2363 1444 2418 1490 et
2452 1451 2480 1488 a
2512 1450 2636 1505 rege
2661 1433 2967 1489 Judaeorum
3000 1433 3278 1503 prophetat
3312 1440 3622 1487 truncatum
3650 1440 3735 1488 est
3764 1444 3911 1503 caput,

2364 1534 2418 1579 et
2444 1526 2677 1595 linguam
2716 1532 2770 1577 et
2807 1539 2992 1578 vocem
3029 1523 3168 1593 apud
3202 1520 3417 1578 Judmos
3448 1522 3683 1593 perdidit
3716 1525 3910 1595 prophe-

2367 1616 2459 1681 tia,
2490 1612 2646 1669 Jesus
2694 1614 2911 1668 transiit
2949 1613 3015 1667 ad
3060 1612 3330 1667 desertum
3360 1619 3414 1668 et
3451 1611 3705 1668 Ecclesia)
3749 1614 3913 1679 locum,

2366 1721 2485 1776 qua:
2516 1706 2690 1759 virum
2723 1712 2881 1759 antea
2922 1719 3027 1759 non
3066 1704 3352 1769 habuerat,
3383 1719 3561 1775 neque
3591 1715 3771 1776 caput.
3797 1705 3913 1775 Quod

675 1826 803 1866 gum,
838 1808 1062 1882 Legitur
1109 1825 1238 1882 ergo
1288 1811 1342 1865 in
1383 1808 1627 1865 Romana
1676 1809 1899 1865 historia
1936 1809 2261 1864 Flaminium
2291 1794 2338 1853 Β
2366 1804 2544 1850 autem
2574 1795 2724 1860 dicit,
2762 1795 2889 1865 quia
2927 1803 3049 1865 ροει
3078 1793 3490 1850 decollationem
3517 1792 3743 1852 Joannis
3770 1813 3914 1853 56065-

677 1902 867 1959 ducem
898 1902 1225 1968 Romanum,
1249 1901 1393 1971 quod
1421 1901 1704 1956 accubanti
1730 1898 1882 1969 juxta
1919 1915 1976 1955 se
2019 1901 2263 1955 meretri-

677 1991 843 2057 culae,
884 2002 1003 2062 quae
1051 2004 1327 2061 nunquam
1368 1991 1571 2046 vidisse
1623 2006 1681 2046 se
1732 1991 1936 2046 diceret
1992 1990 2263 2045 hominem

676 2080 1022 2147 decollatum,
1066 2095 1322 2136 assensus
1371 2081 1460 2145 sit,
1487 2089 1546 2134 ut
1585 2095 1709 2135 reus
1750 2080 1969 2150 quidam
2018 2079 2263 2149 capitalis

679 2173 926 2230 criminis
966 2174 1022 2228 in
1065 2173 1313 2229 convivio
1351 2173 1526 2243 capite
1571 2181 1948 2237 truncaretur;
1994 2172 2185 2227 deinde
2235 2188 2264 2226 a

678 2263 1020 2320 senatoribus
1053 2264 1267 2318 demum
1314 2264 1526 2334 pulsum
1555 2279 1585 2318 a
1610 2263 1780 2329 curia,
1808 2277 1872 2318 eo
1902 2263 2044 2333 quod
2083 2262 2267 2333 epulas

680 2355 943 2428 sanguine
970 2354 1285 2421 miscuerat,
1309 2363 1364 2409 et
1396 2363 1626 2411 mortem
1650 2355 1897 2425 quamvis
1927 2355 2072 2408 noxii
2095 2355 2267 2410 homi-

677 2446 786 2511 nis,
807 2445 860 2502 in
886 2443 1108 2502 alterius
1139 2443 1358 2500 delicias
1383 2444 1705 2514 prostiterit,
1729 2452 1788 2498 ut
1812 2444 1974 2499 libido
2001 2452 2055 2499 et
2094 2444 2267 2499 homi-

677 2538 878 2594 cidium
936 2537 1097 2594 simul
1148 2538 1525 2592 miscerentur.
1593 2536 1805 2605 Quanto
1855 2536 2168 2592 sceleratior
2214 2537 2267 2592 in

677 2628 822 2685 facto
851 2628 1091 2685 Herodes
1126 2636 1181 2682 et
1218 2627 1561 2692 Herodiadis,
1593 2643 1802 2683 necnon
1842 2635 1897 2683 et
1944 2628 2119 2699 puella
2150 2643 2270 2698 quae

679 2719 917 2785 saltavit,
944 2726 998 2775 et
1037 2719 1091 2773 in
1131 2718 1363 2788 pretium
1409 2718 1685 2789 tragoediae
1724 2732 1854 2784 suae,
1888 2734 1993 2773 non
2035 2719 2267 2785 hircum,

679 2810 773 2865 sed
802 2817 964 2879 caput
992 2808 1225 2879 postulat
1265 2810 1565 2878 prophetae,
1599 2817 1658 2863 ut
1687 2808 1883 2864 habeat
1920 2809 1975 2863 in
2005 2818 2270 2880 potestate

678 2901 957 2970 linguam,
1007 2914 1128 2971 quae
1168 2900 1383 2955 illicitas
1428 2901 1688 2970 arguebat
1729 2901 1991 2955 audenter
2031 2902 2265 2973 nuptias.

681 2992 985 3064 Respondit
1044 2994 1206 3065 igitur
1259 3008 1371 3048 suae
1426 2995 1753 3064 turpissima:
1814 2998 2003 3059 matri,
2062 2998 2272 3068 turpior

688 3084 843 3140 valde
883 3082 1010 3139 filia.
1040 3085 1172 3151 Quia
1209 3084 1331 3138 talis
1376 3085 1560 3139 debuit
1598 3088 1873 3154 procreari
1908 3089 1975 3142 de
2004 3088 2265 3153 adultera,

688 3187 807 3245 quae
835 3174 1023 3230 fractis
1064 3176 1371 3243 gressibus,
1419 3191 1647 3245 corpore
1688 3177 1975 3244 dissoluto,
2016 3180 2270 3250 omnique
2298 3148 2343 3209 Ο

686 3281 944 3339 compage
984 3267 1352 3321 membrorum
1389 3267 1652 3337 disjuncta
1676 3310 1691 3334 ,
1738 3268 2025 3325 fluentibus
2066 3273 2170 3326 huc
2210 3271 2272 3326 il-

687 3360 884 3431 lucque
928 3377 993 3417 ex
1045 3368 1161 3416 arte
1212 3360 1459 3415 maleﬁcii
1510 3362 1809 3418 visceribus
1851 3365 2279 3435 deturpareturz'

687 3450 852 3521 fitque
898 3459 1007 3506 tota
1060 3453 1221 3506 matri
1276 3451 1618 3509 deformitate
1668 3454 1823 3510 valde
1867 3455 2180 3513 deformior.
2207 3458 2274 3514 Et

683 3546 981 3600 notandum
1016 3547 1158 3616 quod
1190 3547 1265 3601 ait
1297 3564 1309 3600 :

758 3636 897 3702 Quia
923 3637 1064 3693 misit
1094 3635 1329 3692 Herodes
1362 3646 1409 3692 et
1446 3639 1722 3695 decollavit
1749 3639 2030 3696 Joannem.
2061 3641 2140 3698 Ex
2168 3658 2274 3713 quo

686 3727 847 3782 datur
887 3726 1134 3798 intelligi,
1166 3727 1291 3797 quia
1324 3729 1440 3799 ipse
1472 3731 1672 3785 occidit
1701 3731 1792 3802 qui
1832 3729 2009 3800 jubet,
2044 3734 2184 3789 sicut
2220 3743 2276 3791 et

687 3817 753 3870 de
779 3817 925 3872 omni
952 3827 1127 3883 reatu,
1156 3818 1281 3887 quia
1308 3818 1422 3888 ipse
1450 3834 1509 3875 se
1535 3830 1810 3876 auctorem
1857 3821 2006 3877 facit.
2031 3824 2272 3891 sceleris,

687 3907 777 3976 qui
830 3908 1062 3976 imperat
1098 3916 1157 3963 ut
1199 3908 1312 3962 fiat.
1341 3900 1468 3964 Haéc
1500 3908 1655 3978 juxta
1690 3912 1929 3967 litteram
1961 3915 2104 3969 dicta
2132 3916 2272 3980 sint;

688 3998 813 4067 quia
861 3998 928 4052 de
976 3998 1078 4052 hac
1112 4000 1378 4054 comoedia
1426 4001 1610 4056 miseri
1658 4002 1904 4067 Herodis,
1951 4020 2278 4075 suorumque

689 4088 781 4159 qui
823 4103 945 4142 cum
992 4102 1058 4142 eo
1104 4089 1394 4159 complices
1422 4092 1767 4160 exstiterunt,
1793 4109 1824 4148 a
1855 4095 2038 4150 multis
2069 4107 2279 4153 nostro-

691 4194 811 4233 rum
859 4178 1247 4234 facundissime
1294 4179 1654 4237 declamatum
1699 4193 1782 4239 est
1823 4184 1875 4238 in
1917 4184 2192 4253 Ecclesiis,
2224 4198 2280 4245 et

691 4269 814 4325 ideo
835 4270 888 4325 in
918 4269 1023 4325 hoc
1052 4277 1285 4324 tractatu
1317 4285 1487 4341 pauca
1510 4273 1580 4328 de
1606 4273 1789 4328 multis
1815 4273 2002 4329 lectori
2034 4276 2277 4334 suiIicere

694 4364 909 4420 debent.

757 4452 922 4525 615
990 4453 1060 4509 Et
1109 4459 1444 4520 accedentes,
1492 4455 1687 4527 inquit,
1725 4457 2002 4529 discipuli,
2047 4459 2277 4517 tulerunt

688 4560 875 4615 corpus
899 4544 1033 4615 ejus,
1064 4555 1113 4601 et
1141 4546 1455 4617 sepelierunt
1491 4548 1645 4613 illud,
1675 4559 1723 4604 et
1761 4552 2020 4607 uenientes
2061 4555 2273 4609 nuntia-

687 4646 868 4690 verunt
891 4637 1043 4691 Iesu.
1078 4638 1179 4695 Ubi
1210 4640 1302 4710 qui
1333 4655 1454 4695 eum
1489 4641 1748 4707 tulerunt,
1777 4659 1882 4698 non
1913 4644 2094 4699 minus
2116 4644 2275 4701 Chri-

693 4726 761 4781 sti
810 4727 1101 4799 discipulos
1154 4730 1324 4786 fuisse
1364 4732 1624 4788 debemus
1661 4734 1980 4805 intelligere,
2015 4752 2176 4806 quam
2222 4746 2280 4793 et

692 4815 947 4884 Joannis;
997 4822 1125 4899 quia
1162 4822 1252 4891 qui
1279 4824 1430 4893 prius
1478 4822 1692 4879 fuerant
1730 4825 1976 4892 Joannis,
2003 4826 2115 4895 jam
2147 4828 2277 4885 facti

688 4916 848 4962 erant
873 4907 1097 4964 Christi.
1128 4908 1237 4965 Sed
1280 4912 1455 4966 honor
1491 4911 1713 4967 Joannis
1760 4923 2033 4981 servatur,
2068 4916 2121 4970 in
2171 4934 2279 4988 quo

691 5007 767 5053 tot
812 4999 1031 5069 impleta
1080 5008 1206 5055 sunt
1253 5012 1614 5068 sacramenta,
1643 5005 1717 5058 ita
1761 5014 1818 5058 ut
1844 5005 1897 5059 in
1940 5004 2055 5074 ejus
2097 5010 2277 5078 capite

690 5095 945 5142 truncato
970 5102 1259 5143 cernamus
1287 5087 1499 5144 Judaeos
1526 5106 1696 5161 usque
1728 5092 1888 5147 hodie
1924 5095 2040 5149 sine
2062 5094 2279 5151 Christo

691 5179 1041 5244 remansisse,
1064 5180 1156 5249 qui
1182 5188 1341 5250 caput
1367 5187 1452 5234 est
1476 5181 1716 5235 omnium
1744 5184 2150 5254 prophetarum.

763 5268 895 5335 Quae
922 5285 1041 5324 cum
1081 5270 1315 5324 audisset
1341 5269 1519 5336 Jestts;
1544 5272 1750 5325 secessit
1790 5274 1912 5326 inde
1944 5275 1999 5326 in
2037 5274 2277 5328 navicula

691 5365 744 5417 in
770 5363 941 5418 locum
962 5363 1225 5419 desertum
1247 5378 1503 5417 seorsum.
1526 5363 1607 5417 Ad
1635 5364 1790 5418 solita
1834 5379 2020 5419 rursus
2052 5365 2282 5421 secessit

693 5454 963 5522 praesidia,
992 5467 1115 5508 cum
1152 5454 1201 5509 ei
1242 5467 1431 5508 necem
1474 5452 1729 5524 Baptista:
1769 5454 2112 5521 nuntiarunt,
2148 5473 2276 5525 non,

695 5553 754 5597 ut
776 5546 994 5614 quidam
1031 5546 1278 5601 arbitrati
1307 5555 1451 5612 sunt,
1482 5546 1675 5601 timore
1714 5545 1928 5611 mortis,
1957 5547 2050 5601 sed
2078 5556 2189 5603 tres
2212 5550 2285 5605 ob

666 5644 670 5648 ‘
697 5648 907 5691 causas.
940 5636 1181 5692 Primum
1212 5646 1272 5692 ut
1303 5646 1553 5708 parceret
1583 5637 1818 5691 inimicis
1846 5637 1977 5701 suis,
2008 5646 2076 5693 ne
2107 5638 2284 5693 homi-

697 5729 839 5785 cidio
859 5729 1212 5787 homicidium
1230 5729 1545 5802 iungerent;
1577 5731 1769 5786 deinde
1791 5737 1850 5784 ut
1866 5740 2038 5801 neque
2059 5732 2112 5785 in
2140 5731 2281 5787 diem

2370 1886 2440 1940 sit
2460 1887 2512 1940 in
2537 1885 2859 1950 naviculam,
2878 1886 3006 1939 etin
3030 1885 3630 1949 desertum,continuus
3654 1902 3820 1942 sermo
3837 1896 3914 1943 est.

2371 1975 2523 2031 Unde
2565 1984 2790 2046 apparet
2835 1976 2975 2045 quod
3025 1984 3152 2045 post
3194 1974 3309 2033 haec
3349 1975 3532 2033 audita
3581 1988 3665 2033 est
3712 1976 3839 2033 fama
3870 1978 3917 2033 de

2367 2064 2514 2130 Jesu,
2543 2075 2598 2121 et
2628 2068 2768 2120 facta
2801 2073 2928 2121 sunt
2957 2065 3045 2120 illa
3082 2082 3202 2137 qua:
3243 2083 3405 2138 supra
3438 2076 3660 2123 narrata
3690 2077 3822 2124 sunt.
3850 2069 3919 2123 ille

2368 2173 2497 2213 vero
2539 2158 2703 2212 etiam
2749 2157 2820 2212 ob
2866 2157 2970 2212 hoc
3007 2173 3303 2213 secessrsse
3346 2158 3612 2225 videatur,
3641 2169 3699 2214 ut
3730 2161 3920 2216 creden-

2370 2252 2504 2305 tium
2542 2253 2798 2321 probaret
2842 2250 3021 2307 ﬁdem.
3061 2250 3127 2305 Et
3167 2251 3290 2306 ideo
3329 2251 3595 2321 sequitur,
3626 2253 3745 2323 quia
3782 2252 3920 2306 turba:

2370 2354 2561 2399 secuta:
2601 2353 2724 2397 sunt
2758 2360 2876 2397 eum
2919 2343 3198 2414 pedestres.
3233 2341 3349 2397 Non
3397 2342 3450 2397 in
3484 2343 3741 2414 jumentis
3777 2360 3921 2414 neque

2371 2434 2424 2488 in
2452 2433 2718 2488 vehiculis
2739 2433 2988 2499 diversis,
3017 2434 3109 2489 sed
3134 2433 3352 2505 proprio
3374 2433 3558 2490 labore
3584 2436 3772 2507 pedum
3795 2449 3922 2504 aspe-

2376 2526 2597 2581 ritatem
2634 2525 2845 2581 itineris
2875 2526 3133 2592 insinuat,
3163 2535 3223 2581 ut
3257 2526 3508 2581 ardorem
3545 2527 3738 2582 mentis
3764 2541 3923 2582 eorum

2371 2619 2645 2673 ostendat.
2679 2617 2812 2672 Nam
2841 2626 3130 2688 antequam
3161 2617 3371 2674 veniret
3398 2619 3454 2673 in
3485 2618 3792 2674 solitudines
3818 2636 3924 2691 gen-

2375 2708 2530 2773 tium,
2562 2708 2630 2763 ab
2672 2723 2780 2763 uno
2823 2717 3031 2763 tantum
3085 2708 3280 2780 populo
3323 2708 3619 2764 colebatur.
3662 2707 3763 2765 Sed
3801 2718 3924 2781 post-

2373 2814 2535 2870 quam
2565 2800 2826 2856 Dominus
2867 2801 3015 2857 venit
3055 2801 3122 2856 ad
3165 2810 3353 2874 gentes
3388 2802 3540 2873 quasi
3569 2803 3625 2857 in
3660 2803 3922 2869 desertum,

2373 2901 2573 2947 secutae
2622 2901 2749 2948 sunt
2798 2907 2920 2948 eum
2981 2892 3153 2949 turbae
3204 2892 3406 2948 multm.
3437 2890 3505 2948 Et
3552 2894 3673 2949 ideo
3712 2891 3924 2964 sequenti

2374 2987 2637 3042 miraculo
2690 2988 2792 3042 hoc
2855 2986 3221 3042 testimonium
3285 2988 3651 3059 apteponitur,
3701 2986 3922 3059 quoniam

2374 3078 2617 3133 abscisso
2641 3078 2821 3147 capite
2850 3094 2881 3132 a
2905 3078 3045 3150 lege,
3074 3096 3198 3135 mox
3226 3081 3452 3136 secessit
3491 3098 3520 3135 a
3561 3078 3761 3137 Judaeis
3785 3091 3837 3136 et
3858 3094 3924 3133 asa

2374 3169 2555 3223 cendit
2592 3169 2644 3223 in
2686 3170 2956 3237 navicula,
2983 3171 3035 3225 id
3069 3180 3152 3226 est
3202 3172 3256 3226 in
3291 3171 3379 3226 illa
3411 3172 3683 3241 primitiva
3714 3168 3922 3245 Ecclesia

2373 3261 2425 3314 in
2451 3260 2627 3316 locum
2656 3261 2954 3327 desertum,
2983 3272 3043 3317 ut
3066 3263 3194 3328 dixi,
3226 3264 3353 3334 quia
3378 3263 3545 3336 616
3570 3264 3826 3322 doctrinae
3849 3278 3923 3318 no-

2374 3351 2549 3405 titiam
2594 3366 2699 3406 non
2746 3354 3041 3409 habebant.
3088 3352 3156 3409 Et
3191 3366 3461 3410 venerunt
3505 3355 3800 3425 pedestres,
3827 3354 3926 3427 quia

2372 3441 2627 3507 humiles,
2653 3450 2706 3497 et
2737 3458 2842 3497 non
2886 3444 2940 3499 in
2977 3444 3188 3516 pompis
3225 3445 3429 3501 saeculi.
3464 3445 3668 3513 Quibus
3707 3447 3927 3503 misertus

2373 3542 2456 3589 est
2496 3534 2780 3601 Dominus,
2813 3537 3022 3593 animas
3049 3552 3234 3594 eorum
3264 3541 3527 3606 sanando,
3560 3540 3653 3611 qui
3679 3540 3746 3595 de
3773 3539 3930 3595 civita-

2375 3625 2534 3688 tibus,
2564 3626 2617 3681 id
2644 3636 2730 3681 est
2754 3627 2821 3683 de
2848 3628 3014 3685 variis
3040 3630 3223 3695 sectis,
3251 3630 3317 3685 ad
3359 3645 3482 3686 eum
3512 3638 3796 3696 venerant,
3821 3642 3930 3699 quos

2374 3720 2605 3773 curavit.
2635 3719 2794 3786 Quia,
2830 3722 3024 3789 quibus
3072 3721 3227 3791 plena
3271 3730 3355 3777 est
3406 3721 3562 3788 fides,
3586 3723 3769 3778 statim
3812 3736 3927 3793 pra:-

2377 3810 2545 3863 mium
2571 3811 2920 3879 consequitur
2951 3811 3157 3867 salutis.
3180 3808 3334 3867 Unde
3364 3812 3563 3867 dicitur
3590 3830 3605 3866 :

2449 3899 2518 3953 Et
2540 3903 2717 3955 exiens
2743 3902 2869 3955 vidit
2891 3903 3097 3955 turbam
3124 3900 3367 3968 multam,
3388 3913 3438 3957 et
3460 3905 3701 3958 misertus
3723 3913 3796 3957 est
3820 3900 3932 3972 ejus,

2377 4003 2424 4047 et
2464 3995 2663 4047 curavit
2703 3992 2980 4065 languidos
3011 4011 3210 4049 eorum.
3262 3995 3451 4050 Cernis
3479 3995 3605 4065 quia
3639 3997 3691 4049 in
3728 4007 3930 4063 evangev

2378 4086 2500 4141 licis
2529 4086 2870 4142 sermonibus
2899 4102 3113 4158 semper
3137 4086 3397 4158 spiritalia
3419 4097 3733 4143 reserantur
3760 4093 3927 4157 myste

2378 4180 2478 4233 ria.
2513 4179 2578 4233 Et
2620 4188 2907 4251 propterea
2938 4182 3155 4246 dicitur,
3198 4196 3451 4252 egressus
3493 4180 3670 4246 Jcsus,
3699 4179 3939 4252 signiﬁcat

2378 4272 2520 4341 quod
2549 4271 2718 4326 turbae
2762 4273 3069 4328 habuerunt
3105 4274 3320 4344 quidem
3348 4274 3597 4328 veniendi
3627 4275 3692 4327 ad
3720 4288 3838 4326 eum
3865 4282 3938 4321 vo-

2382 4364 2663 4428 luntatem,
2691 4368 2783 4422 sed
2812 4367 2957 4423 vires
2980 4366 3323 4436 perveniendi
3354 4382 3459 4421 non
3488 4367 3819 4432 habuerunt;
3841 4362 3940 4417 ideo

2383 4455 2631 4512 Salvator
2663 4456 2938 4528 egreditur
2970 4458 3035 4513 de
3072 4457 3210 4525 loco,
3244 4466 3299 4513 et
3344 4459 3520 4530 pergit
3561 4457 3797 4523 obviam,
3827 4455 3945 4509 sicut

2382 4549 2605 4619 prodigo
2648 4546 2757 4603 iiiio
2803 4546 3088 4619 ptenilénti
3135 4538 3362 4621 legimus
3405 4551 3729 4606 occurrisse.
3763 4548 3877 4616 Quil
3893 4559 3944 4597 us

2383 4641 2539 4705 visis,
2566 4640 2855 4696 miseretur
2882 4656 3092 4707 eorum,
3118 4651 3172 4696 et
3201 4650 3358 4697 curat
3384 4657 3598 4696 omnem
3627 4642 3945 4712 languorem.

2388 4737 2448 4784 ut
2476 4729 2611 4784 fides
2640 4729 2798 4799 plena
2821 4730 3002 4785 statim
3032 4732 3252 4800 praemia
3286 4743 3651 4801 consequatur
3683 4730 3887 4787 salutis.

2468 4817 2684 4888 Vespere
2712 4829 2884 4873 autem
2914 4818 3078 4888 facta,
3107 4821 3536 4889 accesseruntad
3574 4836 3690 4873 eum
3724 4813 3950 4885 discipuli

2383 4911 2634 4975 dicentes,
2660 4919 2766 4966 etc.
2799 4909 2916 4966 Non
2965 4914 3051 4967 est
3097 4912 3189 4981 qui
3235 4912 3419 4965 omnia
3458 4911 3736 4982 Evangelii
3783 4924 3950 4966 sacra—

2386 5007 2565 5055 menta
2594 4999 2661 5054 ad
2690 5000 2949 5070 liquidum
2980 4999 3153 5054 valeat
3179 5001 3535 5070 perscrutari,
3567 5001 3822 5070 quoniam
3849 5014 3953 5051 om-

2387 5091 2476 5146 nia
2518 5092 2794 5162 mysteriis
2844 5091 2997 5161 plena
3046 5102 3204 5158 sunt;
3234 5101 3289 5148 et
3334 5094 3400 5148 de
3444 5093 3693 5162 singulis,
3724 5102 3786 5147 ut
3831 5104 3967 5159 saepe,

2386 5182 2638 5247 diximus,
2665 5181 2810 5236 aliud
2848 5180 3087 5253 loquitur
3124 5183 3191 5239 de
3230 5183 3383 5251 locis,
3427 5185 3493 5239 de
3522 5170 3874 5254 temporibus,
3903 5178 3958 5233 de

2387 5278 2532 5336 actu,
2564 5280 2620 5326 et
2661 5273 2861 5336 causis,
2886 5272 3049 5327 etiam
3078 5280 3133 5328 et
3158 5273 3224 5329 de
3253 5273 3536 5328 sententiis
3563 5273 3724 5328 simul
3749 5260 3958 5342 junctis.

2387 5359 2609 5416 Recedit
2656 5361 2824 5431 igitur
2868 5362 2935 5418 de
2967 5361 3173 5430 Iudaea,
3207 5373 3263 5419 et
3300 5365 3447 5419 venit
3496 5365 3551 5418 in
3594 5366 3870 5421 desertum
3898 5360 3963 5416 lo-

2384 5466 2531 5516 cum,
2556 5452 2700 5507 unde
2720 5451 2833 5520 jam
2864 5453 3124 5517 diximus,
3153 5462 3209 5509 et
3234 5454 3510 5525 egreditur
3548 5455 3617 5509 ad
3656 5470 3753 5510 eos
3800 5434 3962 5511 Iesus.

2386 5551 2443 5598 et
2486 5544 2775 5599 miseretur
2814 5559 3036 5609 eorum;
3086 5552 3141 5599 et
3176 5546 3279 5600 hoc
3326 5545 3455 5600 facit
3498 5562 3607 5601 non
3655 5561 3840 5613 mane,
3871 5538 3967 5599 non

2386 5642 2663 5690 cresccnte
2709 5634 2829 5698 die,
2878 5649 2983 5688 non
3037 5635 3296 5701 meridie,
3331 5635 3423 5690 sed
3464 5650 3719 5707 vespere,
3762 5626 3968 5706 quando

2388 5727 2467 5781 sol
2496 5725 2722 5794 justitiae
2750 5726 3093 5780 occubuerat.
