4004 6362
142 303 225 376 sit
854 289 1219 361 exrosn‘lo
1255 298 1322 358 lN
1365 295 1801 356 BIATTH.EUM.
1845 328 1910 338 —
1953 296 2080 353 ue.
2126 295 2237 365 vn,
2277 296 2430 356 CAP.
2471 292 2611 353 xxv.

3270 298 3385 355 518

195 429 334 491 Iesus
359 434 531 479 autem
560 404 694 477 dicit
724 422 819 486 eis,
853 416 977 474 Non
1002 419 1191 473 habent
1218 433 1421 472 necesse
1448 418 1539 479 ire,
1566 419 1688 483 date
1714 423 1766 480 Α
1791 422 1893 477 est,
1925 416 2062 470 sicut
2093 415 2262 469 nmtri
2299 414 2539 478 tradunt,
2568 412 2696 483 quia
2732 410 2972 482 quinque
3000 407 3123 467 libri
3155 401 3375 469 Veteris

142 540 210 582 eos
243 520 341 575 illis
378 517 721 572 manducare.
772 512 880 568 Sed
926 520 1097 568 restat
1139 526 1382 581 qumrere
1417 514 1684 582 quomodo

141 610 347 682 discipuli
380 606 713 662 accesserint
739 605 804 658 ad
825 602 1028 666 Iesum,
1062 604 1354 658 secundum
1380 603 1684 660 Matthzeum

141 713 184 761 et
203 702 319 757 alios
345 701 482 754 duos
506 695 883 766 evangelistas,
914 694 998 747 vel
1028 693 1297 763 quomodo
1326 694 1559 751 dixerint
1586 697 1687 751 hoc

140 792 327 849 verbum
371 796 434 842 nt
477 787 769 841 dimitteret
793 799 887 839 eos
918 784 1017 848 ire,
1048 800 1168 838 cum
1202 783 1437 841 Joannes
1465 786 1529 839 ad
1557 786 1685 841 Phi-

140 879 303 952 lippum
330 876 535 932 dixisse
570 877 719 946 prius
752 871 937 929 Jesum
974 874 1255 940 describit,
1282 875 1465 932 dicens
1493 896 1505 931 :
1537 877 1688 933 Unde

140 986 330 1027 manu
366 984 529 1039 panes
565 977 620 1021 ut
663 961 975 1021 manducent
1020 966 1115 1021 lii?
1150 966 1332 1039 (Joan.
1374 985 1447 1036 v1,
1488 969 1566 1041 5.)
1607 971 1686 1027 Ex

138 1073 221 1132 quo
248 1068 395 1115 recte
439 1055 763 1126 intelligitur
796 1055 937 1125 quod
977 1066 1099 1127 post
1140 1058 1365 1113 verbum
1403 1060 1687 1134 discipulo—

138 1165 231 1208 rum
265 1147 526 1205 Dominus
571 1147 783 1203 locutus
830 1156 915 1203 est
949 1147 1214 1220 Philippo,
1256 1150 1396 1209 unde
1445 1167 1685 1210 ememus

136 1253 285 1311 panes.
314 1236 471 1306 Quod
525 1246 706 1292 autem
750 1236 918 1302 aiunt,
948 1238 1074 1309 quia
1122 1240 1354 1298 desertus
1393 1250 1470 1299 est
1516 1243 1681 1311 locus,

136 1329 423 1392 ostenditur,
456 1328 581 1397 quia
616 1326 773 1398 longe
799 1343 829 1381 a
852 1328 1164 1385 civitatibus
1192 1340 1346 1386 erant
1368 1330 1522 1400 juxta
1551 1333 1667 1391 litte

137 1436 245 1476 ram.
263 1420 327 1474 Et
351 1419 506 1485 liora,
528 1419 723 1489 inquit,
732 1419 848 1489 jam
869 1423 1142 1490 prmteriit,
1160 1422 1292 1477 hora
1308 1425 1514 1485 scilicet
1538 1442 1661 1483 man

136 1509 356 1565 ducaadi.
384 1506 491 1564 Seu
536 1508 670 1563 hora
705 1523 804 1578 pro
839 1514 951 1564 tota
991 1509 1078 1565 die
1110 1511 1352 1581 ponitur,
1400 1515 1525 1585 quia
1570 1515 1686 1573 dies

130 1600 225 1670 jam
250 1599 608 1669 praterierat-
630 1598 803 1654 Porro
832 1598 1116 1656 Matthteus
1146 1603 1242 1668 ait,
1277 1614 1332 1658 ut
1372 1618 1545 1661 entant
1586 1608 1683 1662 sibi

135 1707 279 1757 escas,
307 1691 453 1762 quasi
495 1691 561 1746 de
601 1690 774 1746 turbis
813 1691 1028 1748 dixerit.
1071 1693 1281 1751 Marcus
1320 1707 1450 1753 vero
1496 1709 1681 1754 narrat

1792 506 2124 562 Testamenti
2153 505 2269 575 ejus
2310 505 2584 567 dicuntur,
2613 502 2857 559 omnium
2888 510 3069 556 tamen
3100 501 3372 572 apostolo-

1791 616 1908 654 rum
1936 598 2122 653 eadem
2166 604 2287 654 erat
2316 596 2423 661 lex,
2460 595 2584 666 quia
2609 592 2863 649 omnibus
2892 593 2998 648 illis
3035 600 3121 649 est
3141 592 3288 658 data,
3313 601 3379 651 ut

1789 692 1881 763 qui
1929 690 2116 746 fecerit
2152 703 2214 744 ea
2243 703 2366 758 quae
2408 687 2462 741 in
2513 685 2606 741 illa
2635 694 2765 743 sunt
2798 682 2971 752 jnssa,
3022 683 3171 739 vivat
3192 684 3246 738 in
3266 685 3369 740 eis.

1789 785 2093 840 Praesertim
2118 783 2242 852 quia
2282 779 2535 852 apostoli,
2572 786 2700 834 ante
2727 778 3031 847 passionem
3076 776 3285 831 Domini
3316 786 3375 832 et

1789 876 2217 933 coruscationem
2246 872 2545 943 Evangelii,
2573 884 2681 925 non
2708 869 2983 924 habebant
3009 868 3109 923 nisi
3132 870 3371 939 quinque

1789 983 1977 1040 panes,
2005 975 2059 1021 ct
2086 966 2232 1036 ipsos
2259 964 2614 1026 hordeaceus,
2637 961 2762 1031 quia
2809 960 2893 1014 lex
2924 956 3088 1029 Moysi
3122 959 3175 1013 in
3213 959 3373 1028 quin-

1790 1073 1897 1129 que
1919 1057 2074 1111 libris
2101 1056 2354 1111 distincta
2380 1052 2550 1126 διο
2573 1051 2740 1107 nimia
2770 1050 3047 1121 palearum
3080 1050 3373 1105 tenacitate

1789 1146 2278 1220 constringebatur.
2328 1145 2395 1199 Et
2448 1145 2581 1202 duos
2627 1143 2813 1214 pisces,
2864 1145 2970 1198 duo
3011 1150 3143 1195 vero
3194 1140 3373 1211 pisces

1785 1243 1934 1314 juxta
1966 1242 2122 1305 alios.
2152 1241 2245 1313 qui
2275 1242 2329 1295 in
2377 1238 2506 1295 salis
2532 1235 2858 1311 gurgitibus,
2898 1243 2955 1291 et
3000 1235 3052 1290 in
3076 1235 3252 1304 aqu'B,
3285 1242 3371 1288 at-

1789 1350 1894 1405 que
1916 1334 1967 1388 in
1996 1334 2162 1390 maris
2190 1331 2441 1387 ﬂuctibus
2487 1329 2869 1394 versabantur,
2917 1330 3022 1383 duo
3062 1326 3186 1383 libri
3215 1324 3370 1381 intel-

1788 1423 2027 1496 liguntur
2054 1423 2145 1493 qui
2185 1429 2478 1494 supersunt
2505 1420 2764 1490 quinque,
2790 1419 2892 1474 hoc
2922 1426 3023 1483 est,
3070 1416 3193 1472 Jesu
3222 1413 3373 1471 Nave

1789 1524 1843 1572 et
1891 1513 2163 1579 Iudicum,
2208 1512 2463 1584 quoniam
2506 1520 2561 1567 et
2609 1512 2710 1582 ipsi
2763 1510 3059 1566 secundum
3110 1509 3372 1581 mysticus

1789 1605 2092 1663 intellectus
2127 1619 2320 1675 magna
2372 1602 2651 1658 continent
2705 1608 3052 1656 sacramenta
3094 1618 3106 1652 :
3163 1613 3371 1655 necnon

1787 1698 2173 1769 prophetarum
2233 1694 2487 1766 eloquia,
2536 1701 2593 1749 et
2651 1690 2875 1750 Joannis
2934 1692 3369 1762 prmdicationem

133 1781 371 1854 apostolos
396 1779 461 1834 de
487 1795 547 1835 se
571 1781 675 1835 hoc
705 1781 904 1836 dixisse
928 1800 941 1835 :
967 1782 1163 1838 Euntes
1184 1801 1418 1843 emamus
1448 1788 1683 1846 ducentis
1715 1789 1759 1847 Β
1786 1786 1878 1840 alii
1905 1786 2117 1840 eosdem
2153 1785 2327 1854 pisces
2362 1797 2486 1839 esse
2518 1784 2793 1840 dixerunt.
2824 1781 2933 1837 Sed
2962 1797 3060 1836 nos
3082 1782 3217 1840 duas
3246 1794 3373 1851 per-

132 1871 327 1926 denariis
369 1886 532 1939 panes
568 1869 765 1941 (Marc.
806 1886 881 1936 vr,
913 1872 1023 1944 57).
1060 1873 1134 1927 De
1163 1889 1270 1943 quo
1299 1873 1416 1931 loco
1447 1876 1681 1935 Joannes

133 1959 192 2013 ait
215 1959 608 2015 :Duetuorum
633 1959 972 2014 denariorum
1000 1978 1159 2030 panes
1189 1980 1291 2018 non
1318 1966 1578 2036 sufﬁcient
1606 1969 1678 2023 eis

134 2045 369 2117 (laetum,
387 2048 469 2117 7).
491 2048 550 2102 lu
568 2064 678 2117 quo
703 2051 1040 2105 sentiendum
1066 2052 1240 2119 nobis,
1256 2056 1381 2125 quia
1410 2073 1533 2112 vera
1556 2068 1680 2115 sunt

133 2138 276 2193 omnia
288 2152 416 2208 qua:
431 2138 629 2209 singuli
647 2139 921 2206 dixerunt,
938 2150 991 2197 et
1014 2158 1172 2199 nemo
1186 2160 1370 2203 eorum
1389 2149 1501 2204 suis
1521 2152 1680 2209 dictis

129 2224 256 2298 317
296 2228 531 2282 alterius
590 2229 958 2287 narrationem
1019 2231 1335 2304 impugnat,
1388 2238 1526 2293 sicut
1581 2256 1680 2297 nec

129 2316 349 2385 Joannes,
380 2320 437 2374 in
466 2334 534 2375 eo
557 2322 699 2391 quod
718 2323 795 2375 ait
831 2323 1141 2392 Donﬁnum,
1174 2328 1476 2402 Philippum
1506 2332 1677 2388 inter-

128 2423 329 2480 rogasse,
357 2412 507 2481 quod
551 2412 642 2467 alii
685 2413 933 2483 discipuli
962 2416 1030 2469 ad
1066 2432 1189 2472 eum
1216 2419 1363 2488 prius
1390 2421 1503 2491 jam
1534 2422 1678 2479 dixe-

129 2512 240 2568 rant,
271 2503 423 2561 sicut
474 2505 671 2575 reliqui
723 2518 947 2563 narrant
994 2513 1360 2582 evangelistae,
1404 2518 1676 2571 contraria

127 2599 272 2654 sentit.
300 2601 415 2658 Sed
442 2602 752 2658 ostenditur
779 2605 922 2675 quod
952 2616 1074 2676 post
1098 2610 1262 2664 verba
1289 2611 1675 2683 discipulorum

126 2689 475 2748 bocDominus
508 2693 718 2749 locutus
745 2704 827 2750 est
855 2695 1123 2769 Philippo,
1149 2699 1299 2755 Unde
1324 2719 1554 2759 ememus
1582 2724 1677 2775 pa-

126 2780 475 2837 mlﬁeenon
519 2792 576 2837 et
617 2784 760 2854 quod
787 2786 1032 2844 Andreas
1083 2789 1283 2845 dicitur
1320 2793 1539 2859 dixisse,
1580 2794 1675 2849 Est

124 2883 376 2935 manus
403 2872 490 2925 hic
510 2875 602 2943 qui
625 2875 774 2928 habet
796 2878 1021 2947 quinque
1056 2897 1237 2950 panes.
1265 2881 1371 2936 Alii
1400 2884 1673 2949 dixerunt,

123 2960 223 3026 quia
241 2978 341 3015 non
371 2976 497 3017 sunt
526 2963 674 3017 nobis
718 2966 817 3019 nisi
845 2971 1072 3038 quinque
1091 2987 1270 3038 panes,
1298 2973 1437 3041 quod
1462 2983 1673 3030 utrum—

123 3065 207 3119 que
237 3053 440 3112 dictum
486 3055 674 3118 fuisse,
729 3072 884 3112 nemo
905 3059 995 3129 qui
1036 3061 1288 3131 ambigat.
1338 3061 1446 3129 Sic,
1484 3064 1671 3134 lector,

1783 1894 1944 1934 sonas
1977 1892 2081 1931 una
2113 1892 2236 1931 cum
2268 1873 2591 1946 quibusdam
2627 1871 2845 1945 Moysen
2886 1881 2941 1927 et
2982 1871 3161 1928 Aaron
3200 1871 3372 1928 inter-

1781 1971 1978 2044 pretati
2031 1984 2240 2029 sumus,
2288 1984 2385 2038 per
2435 1982 2571 2036 quos
2623 1981 2847 2038 regnum
2895 1973 2950 2020 et
3002 1962 3367 2020 sacerdotium

1782 2062 2214 2125 monstrabatur;
2276 2073 2505 2129 quorum
2557 2057 2902 2112 condimento
2954 2055 3185 2126 populus
3239 2070 3365 2110 cum

1781 2152 2015 2224 Egyplo
2040 2152 2213 2207 exiret
2233 2165 2329 2220 per
2356 2151 2628 2204 desertum
2651 2156 2837 2219 pastus
2876 2156 2978 2214 est,
3011 2155 3066 2203 et
3100 2148 3153 2202 in
3181 2146 3367 2203 futuro

1782 2245 1866 2299 his
1893 2245 2099 2298 duabus
2128 2243 2459 2314 gubernatur
2487 2239 2753 2310 personis.
2789 2240 2923 2308 Quia
2961 2240 3100 2295 sicut
3126 2239 3178 2293 in
3203 2241 3358 2312 paui-

1781 2336 1880 2391 bus
1922 2335 2097 2389 adhuc
2141 2332 2411 2405 prcedictis
2459 2332 2700 2402 quinque
2729 2332 2883 2387 libris
2912 2333 3021 2385 vita
3052 2329 3363 2387 Judaeorum

1781 2426 2179 2489 continebatur,
2211 2425 2281 2479 ita
2330 2424 2558 2493 piscium
2585 2424 2810 2480 duorum
2840 2424 3003 2493 regiis
3028 2431 3083 2479 et
3109 2422 3363 2478 sacerdow

1782 2516 1980 2572 talibus
2003 2516 2409 2586 gubernabatnr
2442 2512 2648 2569 ciliciis:
2677 2513 2805 2581 Qua:
2832 2523 3008 2568 tamen
3033 2514 3151 2568 dua:
3171 2527 3361 2583 perso-

1779 2621 1863 2660 nae
1902 2606 2187 2660 Dominum
2233 2613 2479 2659 nostrum
2525 2602 2978 2673 prteiigurabant;
3008 2603 3193 2658 ambas
3218 2602 3362 2658 enim

1779 2697 1868 2751 ille
1897 2696 2174 2761 sustinuit,
2207 2703 2261 2750 et
2296 2709 2401 2749 non
2442 2694 2694 2767 ﬁgurate,
2722 2694 2815 2749 sed
2843 2693 3059 2765 proprie
3090 2694 3234 2750 solus
3258 2695 3361 2750 lm-

1779 2788 1961 2859 plevit.
2002 2786 2135 2844 Nam
2163 2797 2218 2842 et
2245 2803 2334 2842 rex
2382 2795 2569 2843 noster
2605 2796 2689 2845 εει
2729 2786 2989 2841 Dominus
3027 2784 3183 2842 Jesus
3208 2785 3365 2843 Chri-

1778 2887 1914 2944 stus,
1941 2878 2031 2947 qui
2061 2877 2217 2933 nobis
2264 2877 2535 2948 pugnandi
2583 2884 2639 2932 et
2684 2876 2933 2931 vincendi
2971 2875 3367 2934 demonstravit

1778 2971 2101 3040 exemplum.
2128 2970 2314 3039 Itaque
2337 2971 2453 3041 ipso
2476 2968 2613 3025 duce
2636 2969 2704 3023 ab
2726 2968 2983 3024 oneribus
3005 2978 3059 3023 et
3085 2967 3361 3023 laboribus

1780 3064 1938 3135 hujus
1972 3062 2424 3135 peregrinationis
2455 3071 2653 3117 nostrae
2677 3102 2691 3126 ,
2743 3056 2997 3130 tauquam
3036 3061 3104 3115 ab
3129 3057 3365 3132 Egypto

123 3140 332 3199 invenies
361 3145 419 3199 in
465 3145 613 3199 omni
646 3148 927 3202 concordia
959 3150 1429 3220 evangelistarum,
1465 3168 1557 3210 eos
1586 3159 1671 3212 ni-
1701 3139 1746 3201 C
1778 3160 2088 3224 liberamur,
2121 3166 2175 3213 et
2202 3157 2583 3229 persequentia
2627 3171 2726 3210 nos
2758 3163 2981 3225 peccata
3021 3161 3364 3209 sacramento

123 3230 186 3285 hil
209 3244 237 3287 a
258 3237 526 3291 sententia
549 3238 856 3308 discrepare
886 3257 900 3295 :
955 3240 1075 3295 Non
1119 3244 1325 3307 habent,
1358 3246 1553 3316 inquit,
1586 3266 1674 3304 ne-

125 3337 239 3376 cesse
259 3334 310 3377 ut
331 3334 480 3391 eant,
501 3326 624 3379 date
654 3326 758 3381 illis
786 3345 871 3383 vos
903 3331 1239 3386 manducare.
1268 3332 1347 3390 Ac
1372 3336 1417 3390 si
1445 3337 1669 3406 diceret,

122 3423 440 3468 nonuecesse
468 3416 670 3469 habent
707 3417 948 3473 diversos
977 3420 1128 3475 cibos
1153 3438 1395 3490 quaerere
1416 3435 1471 3481 et
1491 3444 1673 3483 emere

120 3498 208 3554 sibi
252 3503 464 3573 ignotos
513 3520 697 3574 panes,
749 3523 873 3562 cum
911 3523 1090 3563 secum
1127 3510 1359 3567 habeant
1399 3516 1673 3573 cmlestem

117 3602 329 3656 peneia,
353 3592 477 3646 date
498 3609 588 3649 vos
614 3594 720 3649 illis
769 3599 1113 3654 manducare.
1158 3600 1423 3658 Provocat
1463 3616 1675 3676 aposto-

119 3677 192 3735 los
231 3680 298 3734 ad
338 3682 644 3741 fractionem
692 3689 865 3756 panis,
919 3697 973 3743 et
1018 3691 1085 3744 ad
1118 3693 1512 3762 providentiam
1565 3712 1676 3751 suae

118 3772 492 3840 possibilitatis,
527 3786 582 3830 ut
610 3778 714 3831 illis
741 3781 1061 3835 testantibus
1085 3795 1143 3836 se
1180 3799 1286 3837 non
1316 3784 1534 3849 habere,
1571 3787 1677 3840 vir-

122 3868 196 3916 tus
218 3872 269 3916 et
287 3867 601 3935 magnitudo
623 3868 760 3937 signi
810 3869 989 3923 notior
1019 3870 1171 3925 lieret
1192 3874 1463 3933 omnibus.
1503 3874 1672 3942 Unde,

120 3967 301 4020 quarm,
349 3959 494 4026 quod
536 3974 676 4027 saepe
727 3962 908 4015 monui
946 3962 1012 4016 ad
1048 3974 1279 4019 mentem
1309 3970 1676 4038 unusquisque

121 4046 335 4115 reducat,
364 4051 606 4106 maxime
663 4052 715 4105 in
766 4054 868 4108 hoc
913 4056 1195 4122 miraculo,
1235 4059 1358 4128 quia
1389 4061 1491 4115 etsi
1540 4061 1675 4116 mira

120 4149 356 4210 suntquae
383 4144 558 4213 gessit
580 4143 836 4200 Dominus
856 4154 911 4199 et
940 4145 1208 4213 Salvator,
1235 4150 1565 4207 mirabiliora
1598 4161 1678 4207 ta-

123 4242 222 4282 men
244 4232 394 4286 valde
419 4232 672 4288 videntur
692 4250 755 4288 ea
798 4251 917 4304 quae
944 4236 996 4290 in
1035 4237 1118 4291 his
1162 4239 1504 4311 praeﬁgurata
1528 4252 1670 4309 sunt,

120 4316 182 4371 sic
213 4321 274 4375 ad
302 4322 574 4391 liquidum
608 4338 865 4394 expressa
894 4335 953 4380 ut
993 4328 1121 4382 nulli
1152 4330 1370 4385 dubium
1411 4346 1528 4387 esse
1556 4350 1676 4404 pos-

121 4408 179 4461 sit
203 4411 308 4469 haec
331 4414 522 4467 omnia
559 4414 637 4468 sic
677 4416 744 4468 ad
768 4416 869 4470 hoc
894 4417 1151 4473 divinitus
1175 4433 1499 4491 praeparata.
1529 4424 1674 4492 Qua-

119 4504 309 4568 propter
361 4504 685 4573 perpendite
744 4520 863 4574 quae
917 4516 1067 4576 gesta
1130 4518 1253 4565 sunt
1301 4513 1383 4567 vel
1445 4515 1677 4584 qualiter

119 4600 244 4656 gesta
271 4602 419 4658 sunt,
465 4603 519 4648 et
566 4595 617 4648 in
668 4596 752 4651 bis
782 4597 1036 4654 omnibus
1082 4601 1340 4658 attendite
1390 4617 1675 4674 personas,

118 4681 312 4741 εὔροια
332 4701 656 4751 causarum,
684 4694 740 4742 et
765 4688 1006 4758 singulas
1036 4707 1250 4758 causas,
1277 4710 1534 4752 numeros
1551 4714 1678 4767 quo-

119 4789 203 4842 que
224 4789 276 4831 et
305 4780 524 4845 modos,
558 4778 675 4834 loca
712 4788 766 4835 et
803 4789 1065 4852 tempora,
1102 4800 1197 4839 seu
1230 4797 1449 4855 caetera,
1494 4789 1546 4843 in
1595 4790 1680 4845 his

115 4881 214 4933 qua:
259 4871 490 4941 longum
538 4878 624 4925 est
665 4887 1008 4930 enumerare.
1051 4875 1315 4941 Quoniam
1372 4893 1491 4948 quae
1529 4887 1678 4950 gesta

115 4967 238 5023 sunt,
265 4970 326 5014 ut
355 4961 501 5026 dixi,
547 4970 745 5032 praeter
788 4965 1010 5035 gerendi
1062 4966 1299 5023 ofﬁcium
1326 4966 1484 5043 longe
1521 4971 1679 5027 altius

112 5053 439 5113 pretendunt
467 5069 663 5110 munus
690 5054 881 5112 salutis
912 5066 1131 5114 nostrte.
1162 5047 1371 5116 Idcirco
1394 5077 1498 5117 non
1525 5078 1676 5129 casu,

114 5154 266 5213 neque
321 5149 628 5205 secundum
670 5161 920 5205 eventum
971 5153 1047 5207 rei
1089 5152 1204 5208 haec
1228 5154 1408 5210 omnia
1436 5155 1676 5227 contige-

110 5247 238 5303 runt,
281 5241 381 5296 sed
430 5242 730 5296 secundum
763 5242 1219 5313 dispensationem
1241 5245 1498 5301 divinam.
1526 5244 1681 5301 Unde

111 5325 414 5402 interrogati
468 5331 715 5403 discipuli
763 5334 1015 5391 dixerunt
1063 5356 1075 5391 :
1126 5336 1250 5393 Non
1291 5338 1540 5393 habemus
1576 5340 1677 5393 nisi

103 5422 314 5493 euntque
342 5441 532 5494 panes.
588 5425 652 5480 Et
679 5426 816 5481 alius
845 5428 923 5483 ait
951 5449 962 5483 :
1000 5429 1094 5485 Est
1131 5447 1260 5501 puer
1289 5449 1423 5487 unus
1460 5434 1549 5505 qui
1577 5434 1676 5487 ha-

107 5510 173 5563 bet
208 5517 442 5586 quinque
496 5532 680 5586 panes.
747 5516 859 5573 Hoc
916 5522 1112 5591 quippe
1158 5523 1427 5577 Andream
1476 5524 1678 5579 dixisse

101 5597 326 5670 Ioannes
352 5614 608 5661 testatur.
647 5606 753 5663 Sed
784 5609 975 5664 horum
1001 5611 1131 5666 nihil
1158 5621 1312 5668 vacat
1341 5630 1368 5667 a
1396 5616 1672 5683 mysterio,

104 5701 350 5765 quoniam
388 5701 494 5755 etsi
525 5699 733 5772 Moyses
752 5718 849 5771 per
882 5704 1026 5761 hunc
1048 5721 1271 5777 puerum
1300 5707 1678 5779 intelligendus

1778 3249 2124 3319 baptismatis
2173 3248 2327 3303 nobis
2378 3247 2729 3302 evadentibus
2776 3245 3099 3300 obruuntur.
3132 3243 3254 3314 Ipse
3278 3251 3364 3298 est

1779 3342 1923 3396 enim
1946 3339 2198 3395 sacerdos
2220 3348 2404 3394 noster
2432 3339 2484 3391 in
2502 3347 2764 3392 aeternum
2789 3337 3085 3391 secundum
3115 3333 3361 3391 ordinem

1780 3432 2191 3497 Melchisedech,
2224 3432 2315 3501 qui
2347 3429 2584 3500 seipsum
2631 3426 2825 3483 obtulit
2862 3427 3235 3482 holocaustum
3259 3443 3358 3498 pro

1778 3523 2013 3593 peccatis
2036 3521 2258 3584 nostris,
2286 3530 2339 3576 et
2367 3518 2482 3586 ejus
2505 3514 2753 3573 sacriﬁcii
2783 3517 3189 3571 similitudinem
3219 3517 3361 3572 cele-

1779 3616 2037 3670 brandam
2062 3614 2115 3666 in
2139 3628 2251 3667 suae
2285 3611 2599 3665 memoriam
2632 3610 2897 3681 passionis
2934 3609 3359 3673 commendavit,

1780 3715 1839 3760 ut
1870 3705 1997 3759 illud
2029 3705 2170 3774 quod
2211 3705 2263 3757 in
2294 3703 2683 3758 Melchisedech
2728 3702 2921 3756 obtulit
2954 3703 3083 3765 Deo,
3121 3701 3232 3770 jam
3264 3716 3362 3771 per

1779 3795 1966 3850 orbem
1995 3802 2263 3848 terrarum
2286 3791 2338 3846 in
2361 3791 2561 3846 Christi
2582 3789 2824 3847 Ecclesia
2851 3789 3129 3843 videamur
3149 3786 3355 3844 oll‘erri.

1784 3886 2163 3942 Verumtamen
2195 3891 2249 3939 et
2278 3882 2588 3955 genealogia
2606 3882 2806 3937 Christi
2836 3898 2932 3954 per
2953 3883 3051 3935 has
3078 3879 3213 3935 duas
3236 3894 3361 3952 per-

1781 3998 1940 4037 sonas
1998 3981 2207 4035 videtur
2256 3995 2376 4035 esse
2441 3986 2710 4034 contexta.
2765 3977 2899 4044 Quia
2952 3974 3237 4028 Matthaeus
3290 3972 3359 4027 ab

1778 4072 2049 4127 Abraham
2091 4087 2261 4141 usque
2308 4072 2373 4125 ad
2410 4070 2682 4124 Christum
2725 4064 3102 4122 descendendo
3132 4080 3228 4134 per
3268 4078 3358 4118 re-

1780 4164 1923 4235 giam
1947 4179 2231 4233 personam
2259 4179 2377 4217 eam
2401 4162 2632 4217 deducit.
2663 4159 2836 4216 Lucas
2857 4174 2986 4212 vero
3016 4154 3358 4210 ascendendo

1781 4269 1810 4305 a
1842 4251 2054 4307 Christo
2079 4268 2250 4320 usque
2286 4252 2353 4305 ad
2377 4252 2545 4304 Adam
2577 4258 2631 4303 et
2652 4249 2721 4305 ad
2754 4249 2941 4311 Deum,
2966 4261 3065 4316 per
3106 4245 3359 4300 sacerdo-

1782 4345 1939 4399 talem
1970 4345 2278 4415 progeniem
2310 4342 2453 4397 illam
2484 4340 2729 4398 inseruit.
2762 4340 2892 4409 Quae
2936 4337 3192 4394 nimirum
3223 4350 3353 4408 pro-

1779 4437 1958 4506 phctia
1993 4436 2057 4491 de
2085 4435 2302 4490 Christo
2340 4436 2393 4490 in
2428 4436 2514 4491 his
2560 4434 2798 4506 quinque
2848 4432 2998 4487 libris
3044 4429 3266 4487 latebat.
3292 4428 3362 4485 Et

1781 4530 1903 4584 ideo
1924 4530 1974 4582 bi
2001 4536 2205 4582 tantum
2234 4528 2340 4581 duo
2374 4527 2550 4596 pisces
2590 4540 2711 4582 cum
2737 4526 2973 4596 quinque
3008 4523 3358 4578 inveniuntur

1780 4634 1834 4674 et
1859 4621 2127 4675 habentur
2163 4618 2409 4690 panibus.

1852 4710 1919 4764 Et
1950 4727 2064 4763 cum
2084 4710 2327 4781 jussisset
2369 4709 2576 4763 turbam
2614 4708 2933 4763 discumbere
2976 4724 3131 4778 super
3158 4704 3355 4776 fenum,

1780 4799 2004 4869 acceptis
2030 4800 2255 4869 quinque
2274 4799 2495 4868 panibus
2520 4807 2568 4853 et
2602 4797 2804 4851 duobus
2832 4796 3083 4868 piscibus,
3100 4796 3357 4867 aspiciens

1782 4893 1835 4946 in
1856 4890 2058 4957 cadum,
2084 4890 2368 4955 benedixit,
2395 4900 2441 4944 et
2463 4890 2638 4960 fregit,
2680 4899 2729 4945 et
2762 4890 2902 4944 dedit
2926 4889 3197 4960 discipulis
3223 4889 3349 4945 suis.

1780 4980 1975 5035 Audite
1996 4978 2240 5035 ordinem
2265 4978 2529 5044 miraculi,
2551 4979 2814 5051 quinimo,
2846 4997 2954 5036 non
2982 4978 3225 5035 miraculi
3242 4987 3356 5032 tan-

1783 5081 1920 5136 tum,
1947 5073 2038 5127 sed
2070 5072 2374 5143 parabolas:
2402 5072 2475 5152 ita
2502 5081 2562 5127 ut
2613 5082 2668 5128 et
2711 5071 2844 5127 ﬁdes
2884 5072 3266 5127 corroboretur
3298 5067 3356 5124 in

1784 5161 2062 5229 miraculo,
2086 5172 2142 5218 et
2168 5164 2347 5218 anima
2367 5172 2626 5233 pascatur
2653 5163 2707 5219 in
2735 5162 3012 5234 mysterio,
3044 5160 3167 5229 quia
3190 5168 3247 5214 et
3266 5172 3356 5213 ve-

1783 5255 1917 5309 ritas
1943 5272 2050 5309 non
2082 5255 2214 5310 latet
2246 5256 2298 5310 in
2329 5253 2494 5322 facto,
2530 5263 2587 5310 et
2614 5253 2867 5325 parabola
2897 5250 3063 5324 619
3092 5249 3218 5304 facti
3242 5263 3369 5319 am-~

1786 5345 1922 5415 plior
1946 5354 2000 5400 et
2028 5343 2348 5416 profundior
2370 5345 2696 5416 praedicatur
2717 5345 2773 5400 in
2807 5349 3164 5398 sacramento.
3196 5335 3365 5401 lubet.

1784 5452 1912 5507 ergo
1934 5436 2248 5492 recumbere
2289 5451 2450 5508 super
2490 5436 2668 5492 fenum
2706 5434 2862 5505 juxta
2911 5433 3074 5487 alium
3108 5431 3352 5499 Evange-

1782 5527 1982 5595 listam,
2011 5528 2134 5597 quia
2161 5526 2342 5583 fenum
2363 5527 2588 5583 multum
2616 5534 2734 5582 erat
2760 5525 2814 5579 in
2846 5523 2988 5588 loco,
3017 5531 3071 5578 et
3083 5519 3240 5597 jubet
3267 5533 3355 5575 se-

1784 5621 2017 5675 cundum
2066 5621 2505 5677 censuetudinem
2569 5616 2972 5676 convivantium
3002 5655 3017 5678 .
3079 5623 3140 5671 ut
3194 5625 3355 5684 super

1786 5727 1949 5782 quam
1974 5713 2314 5769 calcaverunt
2342 5724 2561 5773 carnem
2607 5709 2857 5776 sedeant,
2888 5718 2943 5765 et
2987 5723 3146 5779 super
3165 5717 3353 5761 omnes
