4004 6362
637 252 742 309 519

1423 248 1500 304 .S.
1537 244 1890 302 PASCHASll
1927 239 2277 299 RADBERTI
2311 239 2604 299 ABBATIS
2641 241 3088 302 CORBEIENSIS
3721 263 3800 323 δα)

637 364 798 420 ﬂores
842 363 1022 428 illius;
1055 363 1179 433 quia
1201 361 1368 416 omnis
1407 377 1530 414 caro
1555 360 1756 429 fenum,
1785 367 1834 411 et
1856 357 2022 411 omnis
2038 355 2204 426 gloria
2232 356 2286 416 Α
2309 368 2472 436 quam
2526 355 2802 426 signanter
2861 355 3120 414 Dominus
3174 357 3274 416 hoc
3325 363 3602 434 signiﬁcare
3633 373 3802 433 videtur

638 454 753 523 ejus
777 463 1024 522 tanquam
1044 454 1143 522 ﬂos
1170 451 1274 521 feni
1307 449 1444 522 (Isa.
1465 466 1555 513 XL,
1579 449 1658 520 6),
1688 456 1743 504 et
1762 462 1951 503 omnes
1974 446 2215 515 volupta-

642 553 723 598 tes
743 541 858 612 ejus
888 542 1041 613 quasi
1071 557 1232 597 arens
1279 540 1481 596 fenum.
1523 540 1631 594 Sed
1659 541 1814 594 turba
1860 539 1948 592 illa
1992 536 2213 590 Judaica

643 650 806 704 super
849 633 1029 689 fenum
1087 632 1376 696 discubuit,
1429 633 1555 702 quia
1595 630 2000 686 Testamentum
2045 627 2214 681 Vetus

641 730 944 790 acceperat,
975 723 1028 776 in
1055 736 1161 790 quo
1190 721 1532 794 regnum.eis
1557 719 1947 789 temporaliter,
1975 725 2031 772 et
2060 714 2215 771 Jeru-

640 811 808 865 salem
850 810 1157 882 temporalis
1199 811 1638 879 promittebatur.
1690 809 1816 864 ldeo
1868 815 2082 862 constat
2121 819 2214 860 eos

643 891 700 956 in
736 917 830 971 spe
864 902 1067 957 carnali
1111 901 1402 958 collocatos
1450 901 1637 966 fuisse,
1680 901 1834 971 cujus
1863 899 2032 970 gloria
2060 898 2213 968 quasi

642 992 822 1048 fenum
841 991 1090 1057 efﬂoruit,
1119 1002 1173 1047 et
1200 993 1420 1048 claritas
1439 990 1559 1060 ejus
1587 1000 1647 1046 ut
1687 991 1786 1046 ﬂos
1823 991 1931 1046 feni
1959 989 2080 1044 fuit.
2106 989 2212 1043 Ve-

644 1091 951 1138 rumtamen
992 1098 1099 1137 non
1139 1081 1252 1150 jam
1284 1083 1337 1136 in
1368 1091 1510 1137 terra
1543 1083 1663 1137 ideo
1706 1081 1918 1151 jacens,
1960 1081 2054 1135 sed
2098 1079 2216 1149 lege

645 1172 940 1236 suﬂ‘ultum,
972 1179 1027 1226 et
1052 1179 1306 1240 tanquam
1345 1179 1504 1225 terra:
1534 1169 1676 1234 feno,
1721 1169 1984 1223 fructibus
2008 1167 2216 1222 scilicet

643 1266 823 1334 operis
877 1263 1004 1326 sui,
1064 1261 1430 1331 unusquisque
1491 1275 1679 1316 eorum
1741 1258 2212 1314 substernebatur.

647 1357 798 1412 Unde
819 1365 869 1410 et
895 1355 947 1409 in
973 1361 1152 1408 monte
1171 1354 1383 1422 pavisse
1396 1369 1494 1408 eos
1510 1353 1814 1415 Dominum,
1838 1352 1975 1407 bene
1997 1351 2212 1415 dicitur;

644 1446 769 1514 quia
829 1444 954 1499 licet
997 1458 1094 1512 per
1142 1441 1277 1514 legis
1327 1441 1560 1496 litteram
1590 1441 1906 1510 quantisper
1934 1439 2001 1494 ad
2024 1439 2218 1494 altiora

648 1535 1096 1598 conscenderent,
1147 1534 1240 1588 sed
1287 1534 1411 1602 quia
1468 1533 1665 1599 adhuc,
1709 1541 1769 1586 ut
1792 1532 1920 1595 dixi,
1972 1531 2219 1586 carnales

643 1634 820 1691 erant,
868 1625 1071 1680 hordw
1126 1625 1507 1694 pascebantur,
1554 1632 1612 1679 et
1654 1638 1762 1678 non
1795 1623 1994 1686 tritico,
2036 1630 2094 1675 ut
2122 1637 2221 1691 per

2318 457 2439 496 cum
2467 443 2617 509 dicit,
2650 445 2764 499 Non
2792 460 2927 514 opus
2969 446 3167 501 habent
3198 449 3296 513 ire,
3320 460 3377 505 ut
3399 467 3566 510 emant
3586 458 3711 528 alibi,
3735 477 3804 522 aut

2317 533 2552 598 aliunde,
2593 535 2686 590 sed
2717 535 2842 590 date
2871 551 2966 590 vos
2998 536 3102 592 illis
3128 539 3461 598 manducare.
3486 544 3711 611 Quoniam
3730 557 3804 611 sub

2317 623 2434 694 lege
2455 624 2916 691 custodiebantur,
2940 627 2994 680 in
3027 642 3134 696 qua
3169 638 3287 683 erat
3312 631 3480 689 victus
3519 637 3731 705 perfectae
3747 645 3807 698 in.

2317 713 2646 783 telligentiaa,
2671 715 2715 770 si
2745 730 2776 769 a
2810 715 3038 770 Domino
3059 716 3333 788 discipulis
3358 725 3658 782 comminuta
3675 738 3805 787 etex-

2316 804 2489 876 posita
2511 805 2838 860 traderetur.
2864 805 2940 860 Et-
2965 805 3066 862 hoc
3100 808 3361 878 sapientia
3386 811 3474 868 Dei
3504 813 3660 872 Patris
3680 827 3807 878 totum

2317 905 2542 952 noverat
2559 897 2686 967 quid
2713 897 2933 953 dederat
2952 897 3196 970 singulis,
3215 901 3298 956 vel
3313 903 3436 971 quid
3454 903 3669 964 facturus
3684 924 3806 968 esset.

2319 988 2523 1042 Idcirco
2552 1003 2658 1042 non
2687 987 2754 1043 de
2780 988 3082 1058 ignorantia
3109 989 3422 1061 interrogat,
3448 992 3575 1060 Quot
3598 1014 3728 1065 panes
3745 1003 3813 1055 ha-

2321 1078 2488 1132 betis?
2514 1079 2608 1134 sed
2636 1077 2705 1132 ob
2736 1079 3074 1148 mysterium.
3099 1079 3274 1134 Etiam
3296 1091 3350 1136 et
3371 1092 3532 1154 rogat,
3547 1083 3678 1152 juxta
3707 1089 3808 1144 Mar-

2321 1184 2466 1235 cum,
2498 1177 2628 1239 quot
2654 1169 2917 1225 haberent
2939 1184 3123 1240 panes,
3153 1181 3211 1226 ut
3229 1187 3288 1228 se
3312 1172 3448 1229 bene
3469 1177 3722 1233 convincat
3745 1196 3812 1234 ne.

2322 1260 2462 1315 scire
2501 1261 2554 1314 in
2589 1272 2952 1327 sacramento,
2986 1262 3128 1330 quod
3169 1260 3284 1329 jam
3327 1266 3538 1334 patebat
3572 1267 3620 1320 in
3658 1280 3757 1324 dato
3776 1282 3815 1324 et

2321 1351 2629 1415 commisso,
2656 1360 2712 1406 et
2748 1350 2847 1420 ipsi
2877 1359 2931 1405 et
2957 1351 3133 1406 omnis
3163 1355 3320 1408 turba
3346 1353 3588 1423 portabat
3609 1357 3693 1412 sub
3704 1359 3814 1429 jugo.

2323 1440 2468 1508 Quos
2494 1442 2736 1511 profecto
2769 1457 2962 1512 panes,
2998 1443 3125 1512 quia
3167 1444 3444 1500 benedixit
3465 1461 3526 1501 ac
3549 1445 3707 1518 fregit,
3731 1465 3816 1504 cre-

2321 1539 2533 1587 verunt.
2584 1530 2702 1588 Non
2745 1533 2888 1587 enim
2915 1533 3152 1603 quinque
3178 1534 3595 1604 multiplicantur
3618 1539 3664 1592 in
3682 1538 3817 1608 plures

2322 1637 2565 1686 numero,
2618 1625 2712 1678 sed
2750 1621 3066 1694 fragmentis
3111 1623 3418 1694 fragmenta
3464 1628 3740 1692 succedunt,
3781 1639 3819 1683 et

644 1716 902 1771 hordeum
923 1715 1006 1769 lex
1039 1722 1432 1769 monstraretur
1455 1713 1667 1768 Veteris
1696 1709 2050 1774 Testamenti,
2077 1710 2217 1764 sicut
2245 1713 2293 1774 B
2320 1711 2511 1767 fallunt
2535 1727 2745 1784 semper
2774 1715 2826 1770 in
2860 1714 3058 1781 fractu,
3099 1717 3544 1788 multiplicatione
3580 1734 3682 1784 sua,
3710 1719 3817 1773 fran-

642 1813 698 1860 et
724 1819 820 1875 per
844 1805 1102 1868 triticum,
1131 1819 1198 1859 ex
1228 1818 1334 1872 quo
1362 1811 1568 1872 septem
1604 1802 1771 1857 fuisse
1800 1816 1969 1871 panes
1999 1800 2124 1855 alibi
2157 1800 2211 1854 in

642 1897 930 1968 Evangelio
983 1903 1337 1960 monstratur,
1387 1894 1474 1949 lex
1526 1894 1700 1949 sancti
1749 1893 2045 1962 Evangelii.
2090 1891 2214 1947 Haec

643 1991 841 2060 quippe
876 1997 1002 2044 sunt
1034 1989 1139 2042 duo
1161 1996 1504 2053 testamenta,
1537 1987 1743 2042 scilicet
1784 1995 1839 2043 et
1872 1987 1991 2042 dua:
2028 1986 2172 2058 leges
2195 2028 2210 2053 ,

642 2093 708 2132 ex
744 2078 939 2148 quibus
962 2077 1468 2146 impmsentiarum,
1499 2078 1626 2132 dum
1650 2078 1754 2133 hoc
1775 2077 2026 2133 saeculum
2049 2077 2210 2132 vertio

641 2177 750 2234 tur,
779 2184 936 2223 omne
954 2169 1192 2238 pascitur
1211 2184 1380 2240 genus
1395 2170 1713 2235 humanum,
1737 2185 1801 2225 ex
1825 2169 2213 2226 benedictione

640 2259 735 2315 Dei
767 2259 1061 2316 Salvatoris
1104 2261 1276 2315 nostri
1312 2259 1439 2316 Jesu
1471 2261 1692 2316 Christi.
1736 2261 1800 2316 Et
1826 2261 1946 2316 ideo
1976 2262 2210 2316 secundo

640 2348 743 2406 hoc
765 2364 892 2404 usus
914 2358 1004 2405 est
1039 2349 1332 2416 miraculo,
1379 2359 1434 2404 et
1471 2366 1576 2404 non
1617 2349 1869 2420 amplius,
1899 2350 1981 2405 vel
2010 2352 2209 2416 minus,

639 2449 700 2494 ut
729 2439 964 2509 seipsmn
991 2439 1303 2495 ostenderet
1330 2450 1384 2495 et
1408 2440 1460 2495 in
1488 2441 1589 2495 hoc
1615 2439 1779 2505 facto,
1813 2439 1903 2510 qui
1931 2441 2065 2496 duas
2088 2455 2211 2494 cond

637 2528 846 2584 diderat
884 2528 1028 2600 leges
1075 2536 1274 2583 nostra:
1328 2529 1635 2584 refectionis
1678 2517 1877 2600 gratia,
1912 2543 1980 2584 ex
2012 2529 2210 2599 quibus

633 2618 873 2687 pascitur
899 2627 953 2672 et
992 2626 1273 2674 recreatur
1302 2619 1544 2689 quotidie
1570 2621 1750 2676 omnis
1787 2621 1968 2675 anima
2012 2620 2204 2677 ﬁdelis.

637 2706 745 2763 Sed
768 2708 892 2779 quia
920 2708 1008 2764 ille
1029 2710 1179 2779 prior
1204 2710 1433 2780 populus
1463 2711 1637 2766 adhuc
1666 2713 1899 2768 carnalis
1923 2723 2061 2778 erat,
2085 2729 2208 2784 pro—

633 2805 817 2866 pterea
850 2798 970 2853 talis
1008 2799 1059 2852 ei
1094 2799 1180 2854 lex
1227 2800 1350 2854 data
1399 2809 1500 2864 est.
1550 2817 1670 2870 quae
1711 2802 1875 2858 vitale
1904 2804 2208 2858 animarum

635 2886 948 2941 alimentum
993 2887 1360 2956 corporalibus
1403 2889 1680 2959 obtegeret
1729 2892 2104 2946 sacramentis.
2141 2892 2208 2947 Et

635 2975 775 3040 sicut
832 2976 1065 3031 medulla
1103 2977 1289 3031 hordei
1333 2979 1675 3034 tenacissima
1711 2980 1980 3052 obtegitur
2006 2980 2201 3051 palea:

2319 1812 2524 1873 gentes.
2573 1803 2778 1860 Crescit
2818 1820 2947 1877 ergo
2991 1808 3246 1863 materies
3291 1808 3469 1877 panis,
3497 1809 3665 1865 nescio
3687 1818 3817 1864 unum
3859 1870 3864 1876 α

2315 1909 2382 1947 an
2423 1894 2478 1948 in
2524 1910 2776 1950 mensura
2814 1896 2896 1951 vel
2937 1896 2991 1950 in
3026 1896 3168 1963 loco,
3212 1913 3282 1952 an
3313 1899 3369 1953 in
3395 1899 3630 1954 manibus
3654 1914 3818 1955 sumen-

2314 1986 2470 2051 tium,
2503 2001 2572 2040 an
2598 1986 2651 2040 in
2683 2001 2776 2042 ore
2819 1986 3114 2043 edentium.
3159 1989 3340 2044 Unum
3395 1999 3568 2045 tamen
3602 1989 3819 2059 proﬁteor,

2312 2078 2437 2148 quia
2489 2079 2544 2134 in
2588 2079 2836 2135 manibus
2862 2078 3064 2136 Christi
3111 2080 3238 2138 fons
3267 2092 3390 2138 erat
3426 2083 3699 2154 augmenti,
3723 2081 3823 2137 sicut

2311 2170 2476 2227 fontis
2529 2180 2615 2228 est
2674 2171 2878 2238 ﬂuere,
2945 2189 3077 2230 uvas
3148 2175 3356 2230 vitibus
3410 2176 3577 2230 inesse
3634 2182 3682 2229 et
3733 2173 3822 2226 vina

2311 2263 2558 2329 diﬂ‘undi,
2603 2273 2766 2335 atque
2805 2281 2993 2322 omnes
3039 2267 3231 2322 mundi
3277 2281 3409 2338 opes
3445 2281 3615 2322 annuo
3645 2265 3822 2336 quodam

2311 2369 2472 2410 cursu
2510 2355 2565 2410 in
2629 2356 2897 2411 diversum
2948 2355 3137 2413 ﬂuere.
3183 2358 3395 2414 Auctor
3447 2365 3530 2413 est
3593 2358 3716 2414 enim
3755 2357 3826 2410 hu-

2303 2445 2393 2516 jus
2438 2449 2806 2505 universitatis
2860 2459 3042 2508 tantus
3096 2467 3304 2522 panum
3357 2453 3636 2524 profectus.
3676 2451 3730 2506 Et
3756 2449 3827 2504 mi-

2311 2548 2504 2595 rantur
2540 2555 2730 2596 omnes
2770 2542 2872 2598 hoc
2911 2542 3054 2612 quod
3077 2557 3268 2598 rarum
3308 2553 3410 2608 est,
3455 2552 3509 2598 et
3549 2558 3646 2599 non
3677 2540 3828 2595 miran-

2310 2636 2400 2683 tur
2440 2631 2542 2686 IIOC
2591 2632 2716 2701 quia
2762 2641 2849 2687 res
2899 2646 2968 2686 ex
3007 2647 3106 2687 usu
3145 2633 3311 2689 viluit
3351 2633 3493 2702 quod
3535 2630 3743 2702 quotidie
3770 2629 3824 2682 ﬁt.

2309 2720 2500 2789 Agitur
2537 2721 2684 2776 enim
2734 2721 2789 2776 in
2819 2737 2984 2792 opere
3016 2722 3220 2778 visibili
3271 2721 3616 2778 invisibilium
3660 2721 3829 2776 demon-

2310 2813 2543 2878 stratio,
2594 2813 2720 2869 dum
2768 2823 2988 2882 superat
3011 2829 3234 2870 omnem
3280 2822 3530 2870 naturam
3569 2811 3720 2867 virtus
3738 2821 3829 2879 ope-

2310 2904 2500 2969 rantis,
2559 2912 2613 2958 et
2658 2903 3062 2975 supergreditur
3115 2903 3256 2960 facti
3305 2903 3696 2976 intelligentiam
3731 2897 3833 2954 ratio

2307 2995 2467 3066 621
2499 2995 2734 3059 virtutis,
2765 3003 2818 3050 et
2843 2995 2957 3049 sola
2977 2995 3311 3067 relinquitur
3341 2996 3622 3052 admiratio
3647 2998 3832 3065 potesta-

634 3063 711 3121 ita
733 3065 922 3122 eadem
946 3066 1030 3121 lex
1054 3068 1164 3122 suis
1186 3067 1492 3122 carnalibus
1517 3069 1798 3136 institutis,
1818 3072 2070 3140 quoniam
2088 3089 2206 3128 car—
2232 3062 2277 3125 C
2309 3062 2414 3137 (is.—
2425 3062 2537 3138 ἔδει
2570 3083 2882 3154 priusquam
2899 3084 3013 3141 haec
3041 3062 3264 3154 ﬁerent,
3296 3089 3554 3159 aspiciens
3591 3062 3832 3145 invadam,

635 3154 744 3210 nali
772 3155 1002 3230 dabatur
1029 3157 1224 3227 populo
1247 3197 1264 3222 ,
1305 3158 1542 3216 nondum
1567 3160 1865 3229 exspoliato
1899 3164 2206 3220 carnalibus

637 3247 939 3313 desideriis,
990 3252 1134 3319 quod
1186 3266 1315 3306 sane
1363 3251 1689 3308 desiderium
1750 3263 2003 3325 tanquam
2052 3258 2204 3327 palea

635 3336 823 3393 hordei
874 3339 1024 3394 cordi
1070 3354 1256 3395 eorum
1301 3341 1617 3397 inhaerebat.
1669 3343 1822 3399 Unde
1875 3360 1905 3398 a
1943 3348 2205 3416 propheta
2276 3339 2286 3352 ’

639 3427 1004 3484 incircumcisi
1029 3432 1281 3487 cordibus
1309 3433 1614 3503 culpantur,
1639 3436 1895 3505 quoniam
1918 3437 2080 3492 nullis
2111 3440 2206 3494 tri-

635 3519 967 3575 bulationum
1013 3520 1270 3592 ﬂagellis,
1326 3540 1500 3594 neque
1547 3525 1860 3580 triturarum
1918 3531 2204 3596 pressuris,

634 3619 928 3680 potuerunt
960 3614 1198 3684 purgari,
1230 3621 1288 3668 ut
1331 3615 1614 3671 intellectu
1658 3625 1898 3671 reserato
1954 3618 2205 3687 spiritali,

637 3703 876 3759 carnalia
902 3706 1230 3776 deponerent
1261 3715 1602 3776 tegumenta:
1645 3709 1785 3762 sicut
1820 3724 1919 3764 nec
1944 3709 2208 3765 hordeum

638 3808 778 3849 area:
801 3796 1016 3861 tritura,
1063 3795 1154 3850 illo
1182 3797 1372 3865 paliari
1403 3798 1658 3868 tegmine,
1699 3797 1823 3853 licet
1854 3799 2035 3855 aristae
2058 3799 2207 3855 fran-

638 3893 853 3952 gantur,
877 3886 1112 3939 exuitur.
1158 3885 1448 3954 Propterea
1480 3888 1642 3955 igitur
1671 3887 1929 3944 Dominus
1967 3889 2066 3944 hos
2090 3897 2210 3943 tan-

641 3983 754 4028 tum
783 3977 1017 4046 quinque
1039 3991 1203 4046 panes
1227 3977 1330 4032 sibi
1353 3979 1588 4047 providit
1617 3987 1762 4042 tunc,
1799 3987 1856 4032 et
1883 3980 2210 4049 praeparavit

641 4062 695 4117 in
725 4064 869 4118 omni
898 4065 988 4120 illo
1015 4066 1180 4137 620
1203 4067 1417 4136 populo,
1443 4075 1502 4122 ut
1532 4083 1598 4122 ex
1630 4068 1713 4122 his
1739 4067 1958 4123 doceret
1981 4069 2109 4138 quid
2143 4084 2209 4124 ex

641 4155 727 4210 his
755 4155 957 4213 faceret
981 4159 1217 4228 quinque
1248 4158 1400 4214 libris
1425 4175 1522 4215 suo
1572 4161 1626 4214 in
1655 4169 1914 4231 tempore.
1947 4161 2092 4228 Quos
2119 4177 2211 4218 ac-

640 4245 782 4314 cepit
810 4255 863 4300 et
890 4246 1180 4313 benedixit,
1209 4263 1272 4303 ac
1303 4248 1484 4321 fregit,
1511 4259 1568 4305 et
1595 4251 1743 4306 dedit
1778 4251 2052 4323 discipulis
2077 4254 2206 4309 suis.

639 4333 888 4405 Alioquin
931 4336 977 4390 si
1005 4337 1119 4406 ipse
1159 4352 1252 4392 eos
1279 4353 1386 4392 non
1417 4339 1716 4408 accepisset
1755 4341 1810 4394 in
1853 4341 2124 4408 manibus,
2148 4352 2208 4398 ut

641 4437 738 4478 suo
784 4423 1134 4493 implerentur
1160 4442 1341 4497 opere,
1374 4427 1491 4483 sine
1537 4427 1714 4484 fructu
1767 4430 1955 4488 salutis
1988 4441 2042 4487 et
2091 4435 2207 4489 sine
2234 4411 2284 4470 Ῐ)

643 4512 751 4566 vita
779 4523 979 4568 essent.
1021 4513 1088 4568 Et
1137 4515 1241 4570 nisi
1271 4530 1364 4571 eos
1403 4517 1456 4570 in
1497 4533 1554 4573 se
1596 4518 1981 4584 benedixisset,
2009 4521 2064 4575 in
2103 4538 2208 4592 quo

639 4610 723 4657 est
746 4603 920 4659 omnis
942 4605 1246 4663 benedictio
1273 4608 1550 4677 spiritalis,
1578 4611 1671 4680 qui
1700 4612 1798 4666 sub
1825 4626 1887 4665 ea
1918 4613 2210 4686 erantlege

641 4693 742 4749 sub
782 4695 1066 4751 maledicto
1095 4707 1294 4752 essent.
1332 4699 1399 4754 Et
1428 4701 1472 4756 si
1492 4715 1598 4755 non
1625 4716 1718 4757 eos
1743 4700 2009 4774 fregisset,
2038 4706 2211 4761 nemi-

640 4799 763 4839 nem
791 4785 1064 4854 pavissent
1091 4787 1157 4841 ad
1181 4787 1427 4844 salutem.

711 4874 778 4928 Et
803 4874 965 4940 dedit,
992 4877 1186 4947 inquit,
1221 4894 1308 4932 eos
1354 4880 1628 4950 discipulis
1665 4884 1816 4949 suis;
1848 4884 2092 4956 discipuli
2112 4903 2211 4940 au-

639 4974 740 5018 tem
771 4972 1118 5035 dpposuerunt
1160 4967 1344 5021 turtur.
1379 4969 1514 5036 Quia
1553 4987 1651 5041 per
1695 4988 1790 5029 eos
1833 4983 1990 5030 erant
2016 4976 2210 5031 divina:

641 5057 828 5124 gratiae
854 5056 994 5111 dona
1016 5058 1287 5113 reddenda
1319 5061 1547 5132 p0pulis.
1580 5062 1828 5120 Pascitur
1850 5078 2033 5122 autem
2052 5069 2208 5124 dein-

641 5161 766 5216 ceps
809 5147 963 5201 turba
1006 5147 1206 5217 populi,
1238 5158 1294 5204 et
1334 5151 1623 5220 explentur
1655 5155 2115 5213 abundantissime
2143 5175 2209 5213 ex

640 5237 877 5308 quinque
897 5239 1127 5308 panibus
1175 5248 1232 5295 et
1267 5241 1474 5297 duobus
1503 5243 1744 5311 piscibus
1768 5248 2009 5317 quinque
2039 5250 2208 5306 millia

642 5327 942 5391 hominum,
974 5331 1216 5400 exceptis
1242 5331 1478 5400 parvulis
1499 5343 1557 5387 et
1588 5333 1918 5392 mulieribus.
1942 5337 2212 5395 Consonat

642 5431 770 5488 ergo
814 5435 1069 5475 numerus
1096 5422 1377 5492 quinarius
1424 5425 1476 5478 in
1531 5434 1759 5495 utraque
1809 5438 1962 5498 parte
2018 5434 2212 5503 populo

643 5507 869 5573 carnali,
893 5513 984 5580 qui
1022 5519 1228 5568 tantum
1270 5515 1359 5569 vix
1387 5516 1626 5586 quinque
1653 5519 1904 5575 sensibus
1925 5522 2062 5577 bene
2094 5535 2212 5580 ute-

645 5592 802 5653 batur
829 5603 1155 5672 carnalibus,
1183 5605 1378 5677 quibus
1413 5606 1567 5661 multi
1593 5607 1756 5663 dediti
1791 5619 1966 5667 erant.
1997 5613 2061 5666 Et
2090 5615 2211 5671 ideo

2307 3173 2456 3228 dedit
2475 3174 2800 3245 exemplum,
2832 3185 2891 3229 ut
2924 3191 3137 3247 semper
3175 3181 3249 3236 ad
3290 3188 3504 3252 patrem
3536 3177 3701 3236 oculos
3728 3187 3836 3230 meu-

2308 3264 2379 3320 tis
2401 3264 2631 3336 dirigere
2658 3266 2964 3330 debeamus,
3000 3275 3054 3322 et
3081 3270 3151 3325 ad
3189 3269 3314 3340 ejus
3347 3271 3661 3342 exemplum,
3707 3267 3836 3324 cibos.

2307 3363 2363 3410 et
2400 3370 2518 3425 qua:
2541 3371 2607 3411 ex
2637 3356 2748 3411 Deo
2773 3366 2919 3424 sunt,
2947 3358 3377 3428 benedicamus;
3435 3360 3675 3431 quoniam
3707 3351 3836 3410 omnis

2307 3445 2611 3501 benedictio
2641 3460 2738 3516 per
2760 3460 2906 3513 eum,
2938 3456 3030 3503 aut
3051 3449 3446 3520 multiplicatio
3466 3464 3640 3512 rerum
3660 3455 3748 3511 est.
3775 3448 3840 3496 ³1³⁸

2309 3535 2690 3601 sanctiﬁcatio,
2714 3537 2788 3590 ita
2819 3545 2878 3592 ut
2902 3552 3083 3594 rerum
3114 3539 3442 3598 benedictio
3467 3555 3630 3612 usque
3651 3540 3697 3594 in
3717 3532 3840 3591 admi-

2309 3624 2592 3689 rationem,
2624 3626 2667 3679 si
2691 3626 2998 3698 diligentius
3018 3632 3368 3700 attendatur,
3395 3634 3598 3700 veniet,
3620 3625 3844 3687 admiratio

2309 3728 2440 3768 vero
2463 3730 2633 3784 usque
2663 3716 2728 3769 ad
2757 3732 3068 3774 mensuram
3117 3737 3310 3781 causae
3363 3723 3694 3796 subjacentis.
3729 3711 3843 3773 'Natn

2309 3805 2572 3861 confracti
2601 3823 2769 3877 panes
2804 3825 2924 3865 cum
2953 3812 3200 3882 piscibus
3239 3825 3498 3874 saturata
3533 3813 3849 3888 populointcr-

2309 3895 2436 3950 dum
2469 3897 2722 3969 deinceps
2743 3901 3092 3958 cumulantur
3119 3917 3453 3978 augmento,
3509 3915 3568 3962 ut
3611 3912 3726 3977 quot
3757 3907 3846 3955 sunt

2309 3988 2478 4044 millia
2513 3990 2818 4058 hominum,
2851 4002 2931 4048 tot
2957 3995 3192 4066 panibus
3247 4009 3591 4067 saturentur,
3644 3990 3847 4063 excepi-is.

2309 4081 2450 4149 quod
2474 4081 2645 4153 magis
2664 4085 2918 4151 creditur,
2949 4086 3196 4156 parvulis
3228 4099 3287 4145 et
3311 4090 3849 4156 mulieribusmuomm

2310 4170 2448 4224 sicut
2481 4169 2658 4226 nullus
2680 4181 2762 4228 est
2792 4187 3072 4241 numerus,
3106 4177 3185 4234 ita
3229 4196 3340 4237 nec
3368 4180 3608 4252 expletio
3642 4173 3853 4250 quantita-

2313 4260 2399 4314 tis.
2431 4259 2655 4331 lnsuper
2677 4272 2904 4331 augetur
2955 4266 3214 4336 splendor
3279 4273 3482 4342 gratia:
3525 4281 3584 4327 ut
3617 4265 3852 4326 secundum

2311 4349 2674 4418 apostolorum
2716 4368 3021 4420 numerum,
3059 4356 3362 4416 duodecim
3409 4360 3630 4432 cophini
3670 4355 3857 4426 replean-

2310 4448 2418 4505 tur,
2447 4441 2521 4494 ita
2554 4450 2614 4496 ut
2641 4443 2832 4499 modus
2873 4459 3095 4501 numero
3139 4462 3492 4521 coaequetur,
3543 4459 3597 4507 et
3653 4455 3859 4504 numerus

2311 4535 2470 4590 modo
2495 4536 2832 4606 obtemperet
2869 4542 3231 4609 sacramenti;
3265 4555 3551 4615 quatenus
3589 4543 3722 4600 intra
3760 4535 3861 4592 ﬁnes

2311 4640 2436 4682 suos
2457 4627 2595 4682 ratio
2624 4628 2898 4694 conclusa,
2930 4631 2997 4687 ad
3024 4639 3438 4705 consequentis
3476 4637 3693 4694 eﬂ‘ectus
3716 4628 3860 4688 condi-

2311 4715 2512 4771 tionem
2537 4715 2733 4772 divinae
2758 4717 2974 4774 virtutis
3002 4721 3396 4781 moderamina
3425 4727 3750 4785 cohortetur,
3771 4714 3868 4788 qui1

2311 4806 2479 4860 vincit
2506 4807 2797 4862 humanam
2829 4808 3246 4882 intelligentiam
3289 4804 3460 4888 Opus.
3483 4816 3632 4873 facti.
3680 4813 3741 4868 Et
3776 4819 3868 4862 cum

2312 4893 2623 4964 frequenter
2649 4899 2894 4968 quaedam
2926 4901 3058 4956 fiant
3078 4917 3202 4974 qua:
3224 4917 3508 4980 concepta
3535 4921 3691 4964 sensu
3732 4908 3870 4958 sermo

2312 5003 2421 5043 non
2454 4989 2705 5059 explicet,
2734 4990 2789 5044 in
2816 4991 2900 5047 his
2926 5000 3105 5049 tamen
3137 4995 3260 5064 ipsa
3295 5014 3504 5056 sensus
3524 4997 3776 5055 subtilitas
3804 4997 3872 5042 su-

2313 5084 2551 5144 peratur,
2579 5076 2654 5131 ita
2689 5087 2748 5132 ut
2770 5078 2836 5134 ad
2869 5081 2944 5136 rei
2980 5085 3525 5156 contemplationem
3563 5102 3662 5161 pro
3699 5075 3874 5141 diﬂictil-

2315 5167 2442 5220 tatis
2462 5166 2858 5237 magniﬁcentia
2882 5179 2937 5225 et
2976 5173 3173 5242 negotii
3210 5175 3525 5234 invisibilis
3554 5173 3796 5232 miraculo
3813 5165 3878 5222 olr

2312 5265 2586 5326 stupescat
2620 5259 2853 5325 animus,
2885 5260 2939 5315 in
2962 5269 3190 5332 tantum,
3243 5277 3312 5322 ut
3339 5284 3450 5325 nec
3499 5269 3734 5341 cogitare
3767 5256 3880 5316 ευῧῖ·

2311 5351 2418 5405 ciat
2445 5367 2564 5420 quae
2590 5353 2774 5417 sentit,
2812 5370 2912 5409 nec
2931 5357 3208 5426 explicare
3247 5363 3472 5427 verbis,
3496 5379 3622 5434 quae
3652 5352 3881 5423 intelliﬁii'

2313 5441 2388 5495 De
2414 5442 2497 5496 bis
2526 5450 2706 5498 tamen
2738 5443 2914 5500 nullus
2935 5447 3144 5501 esurire
3171 5451 3504 5516 permissus
3521 5462 3631 5516 est,
3658 5463 3782 5522 quos
3801 5455 3884 5498 οω-

2312 5530 2463 5586 lestis
2492 5534 2664 5604 gratia
2700 5535 2866 5604 pavit.
2908 5534 2974 5588 Et
2998 5537 3190 5590 sublati
3222 5552 3360 5596 sunt
3391 5546 3677 5598 duodecim
3720 5535 3886 5607 cophini

2312 5620 2672 5692 reliquiarum.
2700 5623 2860 5681 Forte
2890 5636 3116 5701 excepto
3139 5631 3384 5699 praefato
3415 5644 3474 5689 et
3515 5631 3764 5694 ineﬁ'abili
3801 5639 3887 5697 mY‘
