4004 6362
147 261 219 321 521
880 262 1240 321 EXPOSITIO
1275 261 1344 317 ΙΝ
1380 259 1689 317 ΜΑΤΤΗᾸΞ

1802 299 1816 314 .
1854 291 1922 301 -
1957 261 2084 316 LIB.
2127 259 2236 327 Vll,
2276 260 2428 316 CAP.
2467 260 2606 316 XIV.

3268 270 3378 327 523

316 383 504 450 utnon
535 375 800 429 fantasma
827 373 954 428 facti
1001 385 1307 444 putaretur,
1350 373 1591 452 reliquie;
1624 389 1693 428 ex
1719 384 1771 438 Α
1795 372 2024 429 Domino
2051 385 2110 429 ut
2135 374 2425 446 eligeretur
2453 391 2560 431 non
2591 376 2659 432 ab
2686 377 2924 445 homine,
2957 380 3054 436 sed
3080 397 3109 436 a
3141 381 3252 441 Deo
3293 385 3385 442 cui

143 467 458 529 hiscollectaa
483 475 693 520 suntut
719 480 886 536 panes
929 481 1088 520 veros
1117 481 1238 522 esse
1273 467 1338 520 ad
1385 465 1544 521 ﬁdem
1577 482 1696 521 cre-

142 561 347 617 dentium
372 558 532 628 longo
555 558 610 612 in
637 567 882 627 tempore
904 558 1340 613 ostenderentur.
1374 557 1694 628 Quanquam

142 650 574 708 abdiﬁicultatem
594 651 743 714 facti,
769 651 910 705 unde
936 666 1061 706 mox
1083 651 1369 706 duodecim
1413 652 1692 721 cophinos,

145 747 298 818 quibus
336 743 579 814 reliquiae
609 743 951 814 colligantur,
998 743 1152 798 multi
1189 755 1454 814 quierant,
1505 745 1557 799 in
1598 745 1693 800 de-

143 849 253 898 serto
274 839 551 910 quomodo
580 837 824 893 invenire
848 838 1174 907 potuerunt?
1192 839 1346 908 quasi
1373 854 1480 894 non
1501 839 1693 893 eadem

145 932 304 984 virtute
349 943 454 998 qua
496 943 665 999 panes
710 928 862 999 prius
904 921 1191 998 praeparati
1227 945 1347 985 esse
1381 938 1691 999 potuerunt,

145 1024 342 1078 maxime
363 1023 493 1092 quia
520 1021 664 1076 facto
710 1022 994 1088 miraculo,
1044 1037 1112 1076 ex
1161 1023 1419 1093 proximis
1460 1023 1696 1079 castellis

144 1111 413 1168 eosaﬁ'erre
437 1120 709 1182 poterant,
738 1127 806 1167 eo
825 1113 968 1182 quod
997 1122 1182 1168 essent
1206 1113 1260 1167 in
1315 1113 1433 1169 loco
1479 1115 1696 1170 deserto

138 1205 252 1274 juxta
279 1203 508 1267 Lucam,
567 1203 659 1273 qui
709 1212 793 1259 est
831 1203 1138 1260 Bethsaide.
1197 1205 1453 1275 Ipsosque
1506 1206 1696 1263 allatus

143 1294 328 1365 implent
351 1294 601 1364 reliquiae
629 1304 685 1348 et
709 1295 884 1350 virtus
919 1293 1224 1360 ineﬂ‘abilis,
1253 1311 1389 1366 quos
1417 1312 1693 1367 nunquam

141 1383 328 1454 implere
346 1393 559 1455 poterat
581 1385 694 1455 ipsa
726 1399 836 1450 res,
859 1385 942 1440 vel
967 1386 1076 1456 ipsa
1108 1387 1382 1441 materies.
1416 1385 1696 1443 Satiantur

139 1476 344 1545 quinque
379 1476 546 1531 millia
575 1491 645 1531 ex
673 1477 914 1548 quinque
956 1478 1206 1548 panibus,
1259 1494 1380 1534 cum
1436 1480 1694 1549 mysterio

138 1575 328 1622 aeternae
351 1567 550 1631 salutis,
579 1581 646 1621 ac
668 1576 940 1637 perpetua:
968 1561 1271 1624 suavitatis.
1301 1568 1548 1640 Exceptis
1570 1586 1690 1625 mu-

141 1657 350 1722 lieribus,
374 1657 555 1726 inquit,
585 1667 635 1711 et
660 1660 858 1728 pueris,
891 1659 984 1729 qui
1010 1659 1139 1714 mihi
1190 1660 1444 1714 videntur
1486 1661 1553 1715 ad
1588 1663 1693 1716 hoc

1797 465 1912 520 haec
1937 467 2174 537 reposita
2202 477 2376 530 erant,
2416 477 2472 524 et
2527 471 2618 539 qui
2654 485 2848 541 capere
2905 486 3090 543 posset
3149 494 3212 533 ea
3260 496 3384 552 qua:

1796 557 1926 612 solis
1958 559 2215 628 apostolis
2245 560 2427 615 divino
2457 561 2738 632 privilegio
2764 574 2952 633 parata
2982 579 3162 635 erant,
3192 581 3248 626 et
3275 587 3384 628 ser-

1794 651 2081 705 vabantur.
2113 652 2319 707 Idcirco
2348 667 2507 708 nemo
2554 664 2864 710 sanctorum
2919 659 3084 730 623
3121 660 3240 727 fuit,
3286 665 3384 734 qui

1795 741 1898 796 sibi
1932 751 2141 798 tantum
2170 743 2427 799 honorem
2455 745 2742 800 vendicare
2772 746 2842 802 sit
2879 762 3076 816 ausus;
3124 753 3384 822 quoniam

1795 841 1852 887 et
1881 849 2138 889 numerus
2174 843 2257 890 est
2301 835 2355 890 in
2386 837 2469 890 his
2500 837 2782 907 mysticus,
2833 847 2889 894 et
2931 842 3065 896 ordo
3113 854 3382 912 sacratus,

1795 939 2005 979 necnon
2031 936 2086 980 et
2109 927 2283 982 honor
2318 927 2569 998 proprius
2593 929 2673 984 eis
2703 933 3078 1014 tantummon
3100 949 3131 988 a
3155 935 3384 994 Domino

1798 1019 2044 1090 largitus,
2076 1036 2306 1092 quorum
2334 1022 2498 1076 corda
2539 1023 2613 1077 ita
2657 1032 2782 1079 sunt
2831 1025 3125 1082 virtutibus
3176 1029 3384 1097 repleta

1796 1122 1852 1166 et
1871 1113 2134 1182 sapientia
2177 1113 2380 1179 divina,
2409 1122 2470 1168 ut
2510 1115 2692 1169 omnia
2744 1130 2864 1186 qua:
2897 1132 2926 1170 a
2971 1119 3386 1177 convivantibus

1797 1218 1864 1256 ex
1903 1202 2096 1257 divinis
2125 1203 2296 1273 epulis
2322 1204 2442 1275 capi
2473 1219 2580 1260 non
2620 1215 2864 1276 possent,
2919 1221 3106 1263 secum
3156 1209 3213 1265 in
3268 1211 3386 1267 suis

1798 1297 2136 1365 reposuerint
2163 1299 2496 1366 praecordiis,
2539 1300 2759 1369 suisque
2808 1299 3126 1370 reliquerint
3181 1317 3380 1373 sequa-

1795 1387 1972 1452 cibus,
2019 1397 2074 1442 et
2119 1389 2474 1444 servaverint.
2530 1389 2684 1446 Unde
2728 1407 2852 1447 mox
2896 1402 3019 1462 post
3073 1395 3381 1464 passionem

1795 1481 2029 1547 Domini,
2062 1481 2301 1551 quinque
2336 1482 2501 1537 millia
2538 1491 2664 1537 sunt
2702 1483 2890 1553 repleti
2937 1484 3063 1550 ﬁde,
3098 1495 3155 1542 et
3199 1487 3386 1543 Domi-

1796 1573 1933 1628 nicis
1961 1573 2151 1628 imbuti
2187 1576 2563 1641 sacramentis,
2592 1585 2724 1645 quot
2774 1585 2900 1631 sunt
2941 1578 2996 1632 in
3042 1579 3146 1635 isto
3195 1581 3382 1636 convi-

1795 1666 1883 1721 vio
1915 1665 2264 1740 praeﬁgurati,
2293 1668 2397 1724 etsi
2427 1669 2542 1739 ipsa
2567 1668 2735 1740 ﬁgura
2780 1670 2982 1726 veritas
3027 1687 3148 1727 esse
3197 1673 3385 1728 creda-

136 1749 394 1818 pertinere,
424 1761 480 1803 ut
511 1749 873 1821 intelligamus
919 1751 972 1806 in
1021 1752 1218 1822 populo
1272 1735 1436 1823 622
1481 1753 1693 1811 Veteris
1723 1743 1770 1804 Β
1802 1735 2160 1811 turdﬂzecvde
2191 1757 2293 1812 hac
2313 1735 2488 1828 prima
2516 1735 2810 1815 refectione
2837 1763 3164 1817 sacramenti
3193 1763 3386 1834 paucis

134 1839 430 1896 Testamenti
454 1841 624 1897 fuisse
645 1841 909 1913 quosdam
942 1851 1052 1898 tam
1082 1843 1326 1898 inﬁrmos
1358 1846 1425 1899 ad
1459 1845 1687 1915 implen-

137 1933 510 2003 damjustitiam
531 1951 654 2006 quae
680 1937 976 1992 secundum
1006 1937 1176 2009 legem
1212 1948 1316 2003 est,
1354 1939 1407 1993 in
1453 1955 1559 2009 qua
1605 1939 1693 2010 ju-

137 2025 244 2078 stitia
265 2025 561 2096 Apostolus
589 2027 706 2082 sine
733 2027 957 2097 querela
1005 2037 1384 2084 conversatum
1424 2046 1483 2086 se
1526 2031 1692 2088 fuisse

136 2114 251 2182 dicit,
277 2119 530 2190 itemque
558 2119 697 2175 alios
721 2121 812 2190 qui
840 2120 998 2177 facile
1031 2123 1422 2179 seducerentur
1467 2125 1521 2179 in
1579 2124 1690 2180 cul-

132 2217 218 2262 tum
242 2210 528 2266 idolorum.
556 2210 689 2279 Quae
712 2213 819 2269 duo
832 2229 1057 2284 genera,
1089 2215 1140 2269 id
1169 2223 1253 2270 est
1278 2216 1613 2271 inﬁrmitatis
1637 2225 1694 2272 et

131 2301 316 2364 erroris,
350 2302 653 2357 mulierum
688 2311 746 2358 et
775 2318 1070 2374 puerorum
1121 2305 1430 2360 nominibus
1460 2306 1692 2377 ﬁgurata

129 2398 240 2442 sunt.
270 2389 528 2448 Inﬁrmus
551 2401 637 2448 est
657 2393 803 2449 enim
833 2409 995 2450 sexus
1020 2395 1306 2450 mulierum
1335 2395 1401 2449 ad
1427 2397 1689 2463 actiones,

131 2490 173 2535 et
191 2480 343 2539 facilis
379 2485 451 2540 ad
491 2484 672 2540 lusum
694 2487 944 2556 pueritia.
973 2485 1111 2553 Quid
1133 2496 1312 2542 autem
1338 2487 1477 2543 lusui
1501 2490 1694 2560 puerili

132 2580 216 2628 tam
239 2575 414 2632 simile
434 2585 527 2632 est
549 2591 713 2648 quam
763 2577 905 2634 idola
947 2577 1163 2634 colere?
1199 2579 1416 2649 quando
1456 2588 1511 2635 et
1549 2580 1694 2651 Apo-

131 2666 263 2724 stolus
287 2671 356 2725 ad
391 2671 499 2726 hoc
528 2669 718 2726 retulit
743 2671 847 2726 hoc
880 2686 1050 2742 genus
1094 2671 1516 2741 superstitionis,
1566 2687 1692 2728 cum

130 2758 203 2820 ait.
226 2777 392 2833 neque
419 2762 587 2819 idolis
632 2764 934 2820 serviamus
981 2766 1438 2835 quemadmodum
1471 2767 1691 2836 quidam

130 2860 299 2916 eorum,
326 2853 478 2908 sicut
496 2853 761 2924 scriptum
783 2862 868 2910 est
894 2871 908 2908 :
936 2852 1081 2908 Sedit
1117 2855 1342 2925 populus
1371 2856 1693 2912 manducare

127 2951 165 2992 et
193 2942 365 3009 bibere,
390 2955 441 3000 et
466 2954 813 3000 surrexerunt
839 2946 1021 3000 ludere
1039 2944 1090 3018 (ι
1114 2942 1239 3000 Cor.
1265 2964 1324 3014 ι,
1351 2947 1428 3017 7).
1459 2946 1694 3004 Mulieri-

1793 1847 1934 1902 dicta
1958 1845 2246 1912 sufﬁciant,
2276 1857 2333 1901 ut
2365 1864 2487 1903 cum
2518 1848 2583 1902 ad
2610 1851 2900 1904 secundam
2951 1851 3276 1917 venerimus,
3328 1853 3384 1908 in

1795 1953 1900 2007 qua
1930 1952 2102 1992 novus
2127 1937 2391 1993 formatur
2419 1938 2574 2003 ordo,
2605 1938 2766 1993 latius
2817 1940 3045 1994 Domino
3084 1941 3386 2010 inspirante

1794 2030 1860 2084 de
1886 2029 1972 2084 his
2004 2029 2272 2085 disserere
2301 2029 2596 2086 valeamus.
2627 2031 2848 2085 Interim
2904 2030 3226 2086 discentium
3276 2031 3388 2088 for-

1793 2137 2006 2178 mamus
2039 2123 2343 2188 infantiam,
2398 2133 2458 2179 ut
2489 2124 2762 2180 distinctis
2794 2124 3016 2194 syllabis
3045 2124 3383 2194 splendidam

1793 2215 2150 2272 confessionis
2171 2217 2388 2271 demum
2431 2215 2500 2271 de
2529 2216 2614 2272 his
2641 2217 2928 2272 reddamus
2979 2231 3188 2283 vocem,
3240 2232 3385 2274 nunc

1793 2322 1924 2362 vero
1945 2307 2088 2362 inter
2115 2306 2380 2363 salutares
2403 2307 2577 2362 undas
2607 2307 2910 2378 navigaturi
2937 2309 3148 2379 navigia
3197 2311 3387 2366 nostra

1793 2412 2182 2468 praeparemus.
2217 2398 2472 2465 Quinimo
2499 2414 2749 2470 rogemus
2776 2415 2898 2455 cum
2931 2401 3174 2470 apostolo
3199 2401 3383 2468 Petro,

1793 2498 1856 2544 ut
1884 2489 2000 2560 ipse
2027 2504 2126 2544 nos
2147 2489 2213 2544 ad
2237 2505 2296 2545 se
2319 2490 2508 2545 venire
2527 2489 2716 2557 jubeat
2743 2506 2907 2560 super
2926 2507 3118 2561 aquas,
3148 2507 3216 2548 ne
3238 2508 3383 2548 mer-

1795 2594 1988 2651 gamur
2013 2578 2119 2634 ﬁde
2146 2579 2241 2649 qui
2269 2595 2394 2635 cum
2440 2579 2607 2635 verbo
2651 2579 2991 2651 navigamus,
3046 2590 3107 2635 ut
3147 2580 3388 2652 splendi-

1795 2670 1916 2727 dam
1948 2671 2002 2725 in
2028 2670 2294 2741 profundo
2325 2669 2581 2727 latentem
2621 2671 2970 2742 margaritam
2997 2672 3241 2728 invenire
3261 2688 3386 2743 pos-

1795 2763 1987 2828 simus,
2019 2778 2087 2818 ne
2116 2763 2170 2818 in
2198 2778 2431 2818 vacuum
2459 2762 2604 2818 inter
2645 2762 2887 2834 placidos
2939 2763 3150 2820 fructus
3201 2764 3390 2823 ludere

1787 2855 1902 2926 jam
1928 2855 2105 2912 edocti
2125 2855 2426 2911 videamur.

1865 2947 1934 3003 Et
1968 2951 2168 3014 statim,
2220 2949 2414 3018 inquit,
2468 2948 2631 3020 jussit
2667 2947 2955 3019 discipulos
3006 2950 3289 3007 ascendere
3327 2952 3387 3008 in

128 3031 209 3087 bus
226 3049 340 3106 ergo
365 3036 582 3094 similes
601 3045 780 3102 erant,
811 3038 902 3109 qui
929 3039 984 3094 in
1029 3038 1306 3096 laboribus
1329 3041 1691 3110 exspectatio-
1728 3101 1764 3110 _
1796 3039 2117 3106 nauiculam,
2147 3048 2194 3094 et
2220 3040 2513 3109 prtecedere
2531 3056 2650 3094 eum
2689 3049 2835 3095 trans
2871 3039 3088 3109 fretum,
3113 3041 3278 3096 donec
3307 3042 3393 3097 di-

126 3128 212 3194 nis,
237 3141 515 3202 quousque
537 3134 607 3188 ad
637 3132 906 3203 promissa
934 3131 1029 3188 Dei
1055 3132 1326 3197 venirent,
1367 3101 1473 3187 non
1511 3133 1685 3189 virili-
1719 3101 1766 3166 Ο
1796 3134 2021 3187 mitteret
2051 3131 2252 3186 turbas.
2285 3130 2355 3184 Et
2376 3130 2595 3186 dimissa
2619 3135 2773 3185 turba
2808 3131 3042 3186 ascendit
3081 3131 3136 3185 in
3163 3141 3392 3186 montem

128 3221 198 3270 ter
224 3231 652 3288 perseverantes,
679 3231 1025 3278 tentaverunt
1058 3221 1262 3289 Deum;
1297 3223 1484 3293 pueris
1505 3231 1688 3280 autem

123 3311 202 3377 qui
225 3313 474 3370 sederunt
514 3314 849 3370 manducare
884 3322 942 3370 et
965 3313 1175 3379 bibere,
1228 3321 1284 3369 et
1332 3323 1691 3371 surrexerunt

125 3400 307 3461 ludere.
341 3407 503 3464 Tales
524 3408 725 3480 quippe
745 3416 891 3475 sunt,
930 3415 986 3463 et
1036 3407 1091 3462 in
1139 3405 1288 3463 Novo
1339 3407 1691 3465 Testamento

119 3497 205 3564 qui
233 3513 344 3553 non
383 3509 607 3570 possunt
647 3515 937 3557 occurrere
957 3499 1012 3555 in
1035 3501 1211 3556 virum
1239 3500 1563 3572 perfectum,
1603 3501 1690 3558 vel

119 3584 436 3645 inﬁrmitate
454 3591 660 3658 virium,
689 3591 777 3648 vel
803 3591 1023 3648 levitate
1059 3591 1288 3658 mentis;
1319 3592 1410 3662 qui
1447 3591 1692 3663 profecto

111 3671 229 3741 jure
247 3675 517 3735 interdum
542 3681 852 3738 mulieribus
871 3689 927 3737 et
949 3681 1134 3751 pueris
1158 3682 1508 3751 comparandi
1539 3692 1686 3739 sunt.

118 3765 175 3820 Et
201 3767 320 3824 ideo
339 3785 517 3842 neque
539 3772 592 3826 in
623 3771 807 3829 Veteri
835 3772 1212 3840 Testamento,
1238 3789 1414 3844 neque
1440 3775 1495 3829 in
1518 3773 1687 3843 Novo,

117 3856 241 3913 tales
273 3861 638 3918 admittuntur
658 3863 727 3918 ad
751 3878 1062 3929 numerum,
1092 3877 1268 3934 neque
1290 3864 1346 3918 in
1364 3864 1573 3920 bellicis
1599 3881 1690 3920 re-

115 3946 228 4012 bus,
256 3966 425 4023 neque
472 3954 530 4009 in
574 3954 700 4010 ullis
752 3969 937 4009 rerum
991 3955 1263 4024 negotiis:
1296 3955 1438 4010 sicut
1484 3971 1586 4012 nec
1632 3956 1687 4011 in

114 4037 460 4102 Numerorum
486 4046 650 4112 libro,
679 4047 892 4117 quoties
917 4047 1176 4103 sacerdos
1201 4056 1366 4118 atque
1384 4047 1606 4114 Levitae,
1635 4056 1693 4104 et

114 4137 362 4195 exercitus
387 4139 480 4195 vel
503 4141 679 4196 turba:
713 4141 1068 4212 pugnantium
1094 4140 1492 4206 describuntur,
1547 4141 1692 4196 servi

113 4229 448 4296 etmalieres,
475 4241 534 4287 et
558 4231 794 4302 parvuli,
815 4239 871 4287 et
897 4230 1090 4302 vulgus
1114 4230 1349 4302 ignobile
1377 4234 1430 4286 in
1464 4246 1691 4288 numero

112 4327 608 4386 praemittuntur.
635 4325 706 4381 Et
734 4333 916 4381 tamen
952 4326 1006 4380 in
1035 4325 1232 4396 populo
1257 4334 1435 4391 erant,
1463 4334 1520 4381 et
1549 4325 1689 4390 ideo,

111 4411 228 4470 sicut
254 4419 411 4473 canit
434 4416 684 4473 Domino
701 4417 870 4472 David
897 4419 949 4473 in
980 4418 1190 4488 psalmo
1221 4437 1234 4473 :
1267 4418 1454 4489 Aperis
1494 4428 1552 4472 tu
1574 4433 1690 4472 ma-

1795 3223 1940 3280 solus
1965 3240 2138 3278 orare.
2171 3221 2308 3278 Nam
2335 3223 2392 3278 in
2432 3224 2551 3279 aliis
2583 3223 3005 3294 exemplaribus,
3050 3238 3158 3279 non
3204 3224 3390 3296 jussit,

1797 3316 1891 3373 sed
1919 3314 2200 3386 compulit,
2228 3315 2478 3380 habetur,
2530 3313 2825 3384 discipulos
2851 3328 2980 3370 suos
3005 3315 3302 3371 ascendere
3329 3315 3388 3372 in

1797 3407 2127 3472 naviculam,
2163 3414 2218 3462 et
2263 3407 2571 3476 praecedere
2618 3421 2741 3461 eum
2798 3414 2946 3461 trans
2995 3405 3211 3461 fretum.
3270 3407 3391 3474 Quo

1793 3501 1960 3556 verbo
1989 3500 2293 3556 insinuatur
2345 3499 2544 3553 invitos
2594 3511 2688 3553 eos
2711 3514 2740 3552 a
2767 3497 2996 3553 Domino
3035 3499 3329 3556 recessisse
3369 3515 3388 3566 ;

1793 3592 1922 3663 quia
1949 3606 2060 3660 prae
2101 3602 2287 3644 amore
2339 3587 2568 3659 piissimi
2617 3586 2988 3658 praeceptoris,
3040 3601 3142 3642 nec
3186 3597 3390 3659 puncto

1793 3683 2011 3754 quidem
2046 3680 2304 3751 temporis
2334 3679 2682 3750 patiebantur
2703 3680 2894 3734 abesse
2926 3679 3237 3748 prmsentia,
3283 3694 3386 3736 nec

1793 3771 2046 3828 Volabant
2069 3771 2312 3842 separari
2345 3771 2414 3824 ab
2440 3785 2524 3825 eo.
2551 3767 2660 3824 Sed
2703 3768 2861 3824 valde
2909 3769 3242 3824 contrarium
3298 3770 3384 3824 vi-

1799 3865 1956 3920 detur
1986 3863 2130 3932 quod
2162 3877 2302 3916 nunc
2338 3860 2490 3926 dicit,
2521 3860 2648 3930 quia
2671 3859 2902 3914 dimissis
2943 3859 3109 3914 turbis
3152 3858 3390 3914 ascendit

1797 3959 1852 4012 in
1881 3967 2104 4010 montem
2151 3954 2295 4010 solus
2335 3971 2508 4020 orare,
2561 3967 2686 4008 cum
2731 3951 2991 4019 Joannes,
3041 3951 3180 4007 sicut
3220 3967 3387 4024 supra

1794 4049 2053 4120 praemisi,
2087 4048 2141 4102 in
2189 4056 2372 4103 monte
2424 4047 2712 4102 Dominum
2765 4047 2950 4100 turbas
2998 4045 3212 4120 pavisse
3254 4045 3390 4101 insi-

1794 4115 1945 4196 nuat.
1992 4139 2144 4208 Quod
2175 4140 2219 4194 si
2251 4139 2306 4194 in
2329 4147 2514 4194 monte
2542 4154 2638 4194 eas
2677 4138 2846 4210 pavit,
2893 4146 2948 4192 et
2975 4153 3119 4193 nunc
3150 4115 3393 4194 dimissis

1796 4229 1968 4286 turbis
1990 4229 2238 4285 ascendit
2261 4229 2315 4283 in
2349 4237 2606 4293 montem,
2631 4227 2904 4299 quomodo
2927 4227 2981 4283 in
3001 4236 3236 4284 montem
3261 4242 3385 4283 eum

1795 4320 2105 4376 ascendisse
2135 4319 2268 4375 dicit
2293 4335 2400 4390 quo
2429 4318 2550 4386 fuit,
2593 4335 2717 4376 cum
2769 4334 2866 4374 eos
2910 4328 3182 4375 saturaret
3229 4320 3390 4391 pani-

1796 4411 1937 4466 bus?
1979 4411 2059 4466 Ex
2107 4426 2215 4480 quo
2254 4422 2482 4482 apparet
2533 4409 2840 4477 manifeste,
2885 4411 3031 4481 quod
3072 4412 3138 4467 de
3182 4419 3392 4479 monte,

112 4518 216 4560 nam
238 4517 413 4578 tuam,
448 4519 502 4564 et
521 4509 706 4580 imples
728 4527 880 4565 omne
904 4476 1106 4566 animal
1130 4476 1484 4566 benedictione
1519 4509 1690 4582 (Psal.
1719 4476 1772 4536 D
1798 4517 1906 4573 quo
1927 4499 2105 4556 fuerat
2124 4476 2305 4572 prius,
2327 4476 2609 4556 descendit
2634 4501 2701 4555 ad
2732 4476 2840 4556 ima
2875 4476 2933 4554 ut
2969 4502 3181 4556 turbam
3208 4517 3394 4572 pasce-

109 4609 260 4667 ϐων,
293 4604 409 4676 16).
446 4601 702 4672 Replevit
740 4617 836 4657 eos
884 4603 1041 4658 donis
1083 4602 1416 4669 coelestibus,
1467 4610 1522 4658 et
1551 4610 1701 4657 satu-

109 4701 276 4748 rantur
299 4696 490 4752 etiam
515 4694 780 4766 quotidie,
811 4705 868 4750 et
893 4695 993 4766 ipsi
1017 4695 1173 4766 juxta
1200 4695 1555 4765 capacitatem
1579 4710 1698 4751 sen-

108 4795 184 4835 sus
203 4786 281 4839 sui
313 4797 376 4842 et
405 4764 739 4841 mensuram
766 4786 892 4841 ﬁdei
915 4764 1050 4841 sum.
1092 4785 1265 4842 Porro
1299 4787 1700 4857 apostoli,-qui-

104 4870 190 4925 bes
217 4875 372 4931 dedit
414 4875 548 4931 hac
589 4878 773 4932 omnia
824 4877 878 4931 in
930 4877 1202 4943 manibus,
1257 4878 1536 4946 quoniam“
1565 4878 1698 4948 ipsis

102 4965 317 5031 priurum
341 4968 604 5026 revelata
634 4979 764 5025 sunt
784 4971 1066 5040 mysteria,
1096 4969 1300 5025 idcirco
1321 4969 1422 5040 ipsi
1449 4970 1702 5026 omnibus

98 5060 536 5122 [indicaverunt
569 5060 921 5133 Evangelium
941 5071 1160 5117 aeternae
1188 5061 1346 5127 vitas;
1373 5070 1429 5117 et
1464 5061 1704 5118 tulerunt

98 5147 156 5205 de
178 5154 437 5226 reliquiis
473 5153 758 5210 duodecim
786 5153 1069 5224 cophinos,
1097 5170 1218 5225 qua:
1263 5169 1455 5209 omnes
1507 5166 1704 5224 capere

93 5257 187 5299 non
245 5253 592 5319 potuerunt.
658 5244 1042 5316 Unusquisque
1099 5244 1466 5316 apostolorum
1517 5244 1704 5315 cophi-

91 5353 206 5396 ntnn
232 5359 452 5411 suum;
487 5341 744 5413 quoniam
778 5342 911 5413 ipsis
939 5342 1120 5397 omnia
1163 5349 1290 5398 sunt
1319 5351 1561 5411 reserata
1589 5356 1701 5398 cae-

88 5430 226 5490 lestis
245 5437 388 5491 vita:
420 5441 796 5490 sacramenta.
832 5432 941 5488 Sed
965 5433 1130 5488 miser
1168 5432 1356 5498 Judas,
1407 5432 1499 5503 qui
1544 5432 1700 5502 quod

86 5527 194 5582 tulit
212 5529 506 5602 perdidit,
559 5528 689 5598 quia
712 5542 818 5582 non
874 5527 976 5582 sibi
1034 5527 1129 5582 sed
1153 5525 1311 5580 alteri
1363 5534 1702 5581 reservatum

81 5616 188 5673 fait.
248 5621 431 5677 Unde
476 5630 534 5674 et
559 5619 754 5674 beatus
804 5617 994 5673 Petrus
1041 5625 1187 5672 sorte
1226 5616 1475 5686 quaesivit
1522 5633 1552 5670 a
1601 5617 1706 5671 Do-

80 5712 241 5781 mino,
283 5714 439 5769 licet
491 5711 652 5765 ambo
689 5710 818 5764 boni
850 5718 1052 5774 essent,
1085 5724 1221 5778 quos
1277 5709 1467 5763 statuit
1519 5724 1701 5764 coram

507 5805 785 5866 ΡΑτιιοι..
820 5801 1017 5865 CXX.

1800 4602 1907 4659 ret,
1935 4594 2060 4662 quia
2088 4593 2154 4647 ad
2184 4601 2440 4648 montana
2489 4607 2597 4646 non
2640 4592 2893 4647 valebant
2939 4594 3253 4650 ascendere.
3315 4595 3395 4651 De

1800 4700 1909 4756 quo
1937 4700 2126 4741 rursus
2159 4686 2297 4750 loco,
2327 4685 2566 4740 dimissis
2599 4685 2795 4751 turbis,
2827 4686 3073 4742 ascendit
3129 4687 3183 4742 in
3229 4701 3388 4743 mon-

1801 4789 1934 4845 tem,
1984 4793 2052 4833 ne
2077 4794 2108 4832 a
2140 4778 2314 4832 turbis
2355 4785 2652 4843 teneretur,
2693 4778 2786 4848 qui
2835 4793 2960 4833 eum
3007 4778 3256 4835 volebant
3301 4793 3392 4837 re-

1802 4885 1922 4941 gem
1951 4869 2148 4924 l‘acere.
2181 4867 2335 4924 Unde
2356 4876 2411 4923 et
2436 4866 2675 4924 Joannes
2703 4884 2810 4924 non
2841 4869 3086 4926 ascendit
3107 4869 3262 4936 dixit,
3295 4869 3395 4928 sed

1804 4960 1970 5033 624
1989 4961 2122 5031 fugit
2151 4961 2207 5014 in
2228 4969 2454 5014 utentem
2477 4959 2621 5015 solus
2645 4977 2800 5016 orare
2829 4960 3011 5032 (Joan.
3047 4977 3121 5028 vt,
3149 4961 3231 5034 5).
3289 4959 3395 5020 Ubi

1805 5053 2041 5109 ostendit
2069 5054 2212 5122 quod
2237 5067 2402 5107 causa
2451 5053 2715 5109 orationis
2761 5068 2870 5108 non
2920 5054 3094 5109 solum
3137 5053 3396 5112 secedere

1807 5146 2097 5202 debeamus
2123 5145 2246 5212 soli,
2269 5161 2455 5200 verum
2481 5147 2645 5201 etiam
2671 5147 2858 5219 fugere
2882 5146 3119 5202 caducus
3139 5154 3194 5201 et
3219 5155 3394 5203 terre-

1807 5255 1906 5296 nos
1927 5240 2183 5302 honores,
2207 5246 2268 5294 ut
2297 5239 2396 5294 soli
2425 5239 2538 5295 Deo
2569 5240 2623 5295 in
2649 5239 2880 5305 theoria,
2912 5239 2968 5294 id
2993 5249 3078 5294 est
3101 5239 3155 5293 in
3185 5248 3393 5304 monte,

1807 5349 2094 5401 vacemus;
2131 5333 2387 5404 quoniam
2414 5333 2828 5403 contemplativa
2874 5331 2986 5386 vita
3029 5346 3244 5401 semper
3300 5346 3394 5389 re-

1806 5430 2006 5487 motior
2032 5437 2087 5484 et
2108 5431 2329 5485 uberior
2357 5436 2443 5486 est
2489 5428 2602 5483 suis
2645 5425 2934 5490 fructibus,
2983 5425 3049 5480 de
3080 5440 3183 5495 qua
3213 5425 3399 5482 Domi-

1805 5540 1909 5579 nus
1929 5522 2091 5578 dicit:
2117 5521 2291 5576 Maria
2316 5520 2564 5591 Optimam
2585 5529 2784 5588 partem
2805 5516 3108 5587 clegit,qua:
3122 5533 3227 5572 non
3247 5515 3399 5582 aufe-

1808 5627 1952 5672 retur
1973 5619 2037 5671 ab
2083 5633 2142 5670 ea
2183 5613 2334 5684 (Luc.
2361 5628 2417 5676 x,
2449 5611 2560 5683 42).
2615 5610 2682 5664 Et
2735 5609 3032 5664 notandum
3081 5608 3206 5678 quia
3261 5607 3396 5663 Mat-

1811 5708 1983 5763 thzeus
2013 5707 2164 5776 prius
2191 5703 2464 5760 dimisisse
2497 5700 2785 5756 Dominum
2809 5699 3104 5770 discipulos
3139 5698 3289 5767 dicit,
3339 5704 3396 5755 et
3497 5739 3504 5742 .
3559 5687 3572 5695 ’

2803 5791 2878 5855 17
