4004 6362
572 167 679 223 523

1359 163 1416 220 S.
1456 161 1819 218 PASCHASII
1860 157 2202 216 BADBERTI
2241 154 2533 212 ABBATIS
2572 154 3024 213 CORBEIENSIS

3725 163 3816 222 524

565 277 644 334 sic
673 276 984 332 ascendisse
1012 277 1065 331 in
1089 285 1324 331 montem
1351 290 1529 332 orare.
1581 273 1815 329 Joannes
1843 289 1972 328 vero
2000 273 2150 343 prius
2177 275 2228 334 Α
2252 269 2520 324 volvitur:
2546 268 2660 341 Ego
2701 271 2964 325 vobiscum
3001 289 3140 339 sum,
3171 275 3366 346 inquit,
3399 280 3637 336 omnibus
3660 252 3816 340 diebus

563 367 770 440 fugisse
799 368 948 422 illum
979 367 1033 420 in
1066 376 1329 433 montem,
1355 375 1410 421 et
1438 375 1566 421 tunc
1593 365 1866 419 dimisisse
1916 364 2152 433 discipu-

563 458 664 515 los.
702 459 777 514 Ex
811 473 918 528 quo
946 465 1194 528 apparet,
1225 459 1352 526 quia
1394 455 1633 511 Joannes
1680 448 1822 525 quod
1864 456 2017 524 prius
2069 453 2151 507 fa—

565 562 712 608 ctum
741 559 879 615 erat,
913 558 1099 620 postea
1126 550 1280 619 quasi
1312 549 1626 603 recordatus
1672 548 1814 617 quod
1858 546 2153 617 praetermi-

564 654 732 708 serat,
764 645 1235 706 commemoravit,
1273 643 1413 696 sicut
1435 656 1576 710 stupe
1600 655 1789 696 omnes
1811 639 2154 711 evangelista

563 738 717 810 quasi
745 738 813 791 ad
828 735 993 792 oblita
1018 735 1190 789 solent
1216 735 1418 799 redire,
1439 743 1494 788 et
1516 749 1622 788 non
1651 750 1749 789 suo
1780 734 1833 786 in
1858 733 1975 788 loco
1999 731 2152 800 juxta

561 831 840 894 litteram,
905 827 1145 898 qualibet
1195 828 1301 882 alia
1357 843 1422 882 ex
1473 843 1654 892 causa,
1719 827 2152 881 commemorari.

559 918 715 986 Quod
746 928 926 974 autem
963 919 1116 982 dicit,
1147 919 1272 987 quia
1304 918 1450 972 solus
1490 918 1754 983 ascendit,
1808 917 2154 972 manifestum

560 1022 648 1068 est
676 1012 802 1082 quia
838 1010 1054 1074 Petrus,
1082 1007 1316 1063 Jacobus
1343 1017 1398 1062 et
1437 1006 1674 1062 Joannes
1701 1024 1806 1062 non
1831 1016 1989 1062 erant
2033 1023 2153 1063 cum

559 1119 644 1168 eo,
672 1103 797 1173 quia
820 1103 867 1157 si
900 1109 1102 1163 essent,
1132 1100 1222 1169 qui
1259 1099 1400 1154 forte
1437 1100 1686 1154 viderant
1729 1099 1957 1168 gloriam
1986 1108 2159 1160 trans-

562 1196 800 1260 formati,
833 1195 1203 1250 ascendissent
1232 1208 1356 1246 cum
1379 1206 1463 1256 eo,
1495 1201 1550 1246 et
1576 1192 1696 1245 ideo
1737 1192 1806 1246 ob
1838 1190 2154 1260 mysterium

563 1300 684 1347 sunt
710 1289 994 1361 praemissi,
1030 1295 1087 1341 ut
1113 1287 1258 1342 solus
1277 1294 1469 1340 oraret
1496 1300 1594 1355 pro
1637 1283 1911 1347 omnibus,
1943 1282 2036 1352 qui
2069 1297 2156 1336 so-

563 1384 662 1449 lus,
695 1393 755 1438 ut
789 1396 980 1438 omnes
1011 1379 1327 1443 redimeret,
1364 1387 1611 1432 mortuus
1635 1384 1718 1432 est
1746 1390 1845 1444 pro
1876 1373 2148 1428 omnibus.

560 1475 712 1533 Unde
740 1475 938 1530 dicitur
972 1491 986 1527 :

636 1567 854 1638 Vespere
881 1574 1056 1619 autem
1101 1563 1240 1632 facto
1295 1561 1438 1614 solus
1485 1566 1598 1613 erat
1627 1557 1718 1611 ibi.
1781 1554 1852 1612 Ut
1898 1565 2154 1626 appareat

2255 382 2418 434 usque
2446 365 2514 418 ad
2542 365 3043 420 cmtsummationem
3068 367 3251 422 strculi
3272 367 3485 440 (Matth.
3517 376 3817 449 nvtll,20).

2255 455 2503 525 Alioquin
2546 456 2664 510 sine
2706 455 2796 510 illo
2839 456 3173 540 periclitatur
3217 459 3454 515 Ecclesia
3482 471 3540 518 et
3566 468 3818 538 mergitur.

2261 551 2409 607 Unde
2457 550 2888 620 quotiescunque
2940 551 3108 615 variis
3166 555 3410 608 tunditur
3461 554 3736 625 ﬂuctibus,
3777 567 3823 616 et

2254 643 2552 714 impellitur
2583 642 2760 696 ventis
2789 657 3045 697 aurarum
3064 685 3078 708 ,
3113 643 3189 697 ita
3222 653 3282 698 ut
3309 659 3555 716 mergere
3581 649 3824 718 videatur,

2256 737 2586 792 invocandus
2631 746 2712 790 est
2757 735 3040 802 Salvator,
3071 738 3139 792 de
3183 752 3288 807 quo
3315 738 3588 796 conlidere
3614 751 3825 812 oportet,

2255 827 2400 897 quod
2435 842 2698 896 nusquam
2724 834 2780 881 et
2807 841 3081 898 nunquam
3114 829 3270 884 abest
3303 831 3609 902 majestate,
3640 835 3761 890 licet
3784 838 3828 892 in

2255 921 2366 976 alto
2410 921 2644 976 resideat
2669 923 2722 976 in
2755 922 2928 977 cmlis.
2976 921 3111 977 Hinc
3163 932 3248 979 est
3291 926 3435 994 quod
3476 926 3832 995 laborantibus

2256 1013 2368 1069 illis
2395 1014 2449 1068 in
2476 1014 2811 1085 remigando.

2329 1105 2536 1170 Quarta
2579 1105 2757 1176 vigilia
2803 1108 2966 1162 noctis
2997 1110 3131 1162 venit
3163 1108 3440 1163 ambulans
3481 1127 3646 1182 supra
3686 1129 3830 1168 mare.

2257 1197 2414 1264 Quod
2442 1207 2622 1253 autem
2653 1198 2784 1253 dicit
2812 1208 3005 1268 quarta
3045 1200 3224 1271 vigilia
3255 1203 3465 1266 noctis,
3496 1204 3730 1258 ostendit
3753 1215 3833 1259 eos

2259 1299 2370 1344 tota
2422 1299 2580 1346 nocte
2628 1291 2964 1359 periclitatus
3017 1302 3074 1346 et
3111 1294 3344 1363 jactatos
3388 1295 3673 1360 ﬂuctibus;
3723 1298 3828 1366 quia

2257 1390 2490 1451 quatuor
2517 1381 2713 1453 vigiliae
2751 1381 2906 1450 juxta
2951 1384 3215 1439 stationes
3259 1385 3524 1440 militares
3570 1385 3826 1442 duodecim

2257 1473 2408 1529 hora:
2453 1481 2579 1528 sunt
2605 1491 2616 1526 :
2641 1474 2846 1529 habent
2887 1475 3030 1530 enim
3073 1476 3293 1548 singulae
3327 1486 3512 1532 ternas
3557 1479 3734 1534 horas.
3775 1480 3828 1534 Et

2259 1565 2381 1622 ideo
2409 1580 2534 1620 cum
2578 1551 2710 1620 dicit
2751 1568 2893 1636 quod
2925 1567 2978 1621 in
3010 1576 3200 1638 quarta
3251 1568 3429 1640 vigilia
3481 1572 3628 1625 venit
3671 1571 3826 1638 Jesus,

553 1665 786 1728 cunctis,
815 1663 956 1732 quod
990 1661 1106 1731 ejus
1133 1658 1308 1714 oratio
1336 1656 1482 1711 salus
1528 1655 1599 1709 sit
1631 1653 2030 1708 universorum.
2085 1648 2153 1703 Et
2181 1655 2230 1715 Β
2257 1657 2419 1714 ﬁnem
2477 1658 2715 1713 insinuat
2760 1660 2934 1714 noctis
2961 1699 2976 1726 ,
3011 1669 3059 1714 et
3112 1660 3438 1730 principium
3489 1676 3716 1726 aurorae,
3757 1679 3826 1718 ra-

552 1759 852 1814 notandum
877 1756 1000 1826 quia
1029 1768 1255 1823 vespere
1282 1750 1428 1805 facto
1472 1749 1622 1804 solus
1661 1762 1783 1802 esse
1826 1744 2064 1809 dicitur;
2094 1742 2149 1796 in

551 1865 782 1920 vespere
809 1863 1044 1918 namque
1076 1846 1199 1900 ﬁnis
1226 1843 1405 1898 saeculi
1437 1840 1794 1912 signiﬁcatur,
1817 1836 2036 1907 quando
2063 1848 2152 1888 ve-

549 1945 632 1998 nit
657 1942 800 1997 solus
830 1955 930 2011 pro
962 1940 1136 1993 salute
1161 1936 1422 1991 omnium.
1482 1933 1633 1988 Unde
1681 1940 1734 1984 et
1787 1944 1973 1999 supra,
2016 1928 2150 1981 hora

545 2033 656 2105 jam
687 2032 994 2104 praeterisse
1013 2028 1235 2092 dicitur,
1256 2027 1383 2097 quia
1410 2025 1551 2079 sicut
1574 2024 1649 2076 ait
1673 2019 1961 2092 Apostolus
1995 2036 2009 2073 :
2036 2018 2151 2072 No-

565 2129 776 2182 uissima
807 2127 938 2180 hora
962 2132 1036 2176 est
1065 2121 1116 2194 (Ι
1147 2121 1306 2176 Joan.
1343 2136 1405 2186 ιι,
1429 2119 1538 2190 18),
1565 2127 1620 2173 et
1642 2118 1757 2188 ipsa
1783 2115 1897 2185 jam
1927 2121 2150 2184 prteter‘

552 2221 634 2282 iit,
669 2219 796 2288 quia
843 2215 997 2286 quasi
1039 2214 1231 2267 umbra
1267 2211 1423 2282 fugit.
1455 2209 1533 2265 Ne
1555 2209 1790 2273 mireris,
1815 2206 1941 2276 quia
1962 2218 2150 2259 ascen-

551 2312 631 2366 dit
671 2309 817 2362 solus
853 2320 1032 2363 orare.
1083 2303 1244 2359 Solus
1290 2313 1346 2358 et
1398 2301 1705 2373 singularis.
1761 2296 2149 2352 Verumtamen

552 2399 802 2472 quamvis
830 2397 993 2458 solus,
1028 2410 1135 2450 non
1166 2394 1328 2450 debes
1355 2392 1560 2447 referre
1595 2390 1664 2445 ad
1689 2404 1814 2445 eum
1835 2387 1978 2458 quod
2003 2392 2146 2450 orat,

551 2495 644 2565 qui
677 2496 742 2549 de
767 2492 1004 2562 quinque
1030 2489 1262 2560 panibus
1284 2487 1526 2557 quinque
1553 2483 1720 2538 millia
1752 2483 2033 2536 hominum
2054 2493 2146 2533 sa-

501 2597 503 2605 ‘
548 2588 770 2651 turavit,
814 2583 1055 2653 exceptis
1108 2580 1348 2651 parvulis
1385 2589 1439 2633 et
1479 2576 1814 2641 mulieribus,
1871 2589 2044 2644 neque
2079 2571 2148 2626 ad

553 2695 677 2738 eum
725 2679 815 2750 qui
863 2693 1026 2748 super
1078 2677 1250 2731 undas
1303 2673 1603 2728 ambulavit
1649 2687 1928 2740 aequoreas
1977 2670 2147 2724 firmis

551 2769 853 2844 gressibus,
882 2769 976 2822 sed
1001 2767 1067 2822 ad
1091 2782 1214 2822 eum
1243 2766 1335 2836 qui
1365 2765 1548 2818 audita
1576 2773 1750 2817 morte
1780 2762 2025 2825 Joannis,
2055 2775 2144 2815 se-

552 2865 719 2920 cessit
758 2863 810 2917 in
843 2863 1116 2916 desertum
1143 2859 1339 2913 locum.
1392 2857 1517 2911 Haec
1562 2868 1670 2909 non
1717 2855 1838 2908 ideo
1894 2853 2144 2919 dixerim,

549 2957 767 3018 fratres,
795 2963 903 3024 quo
924 2963 1216 3023 personam
1246 2946 1457 3003 Domini
1489 2948 1726 3002 dividam
1767 2947 1819 3000 in
1846 2946 2003 3009 duas,
2051 2945 2145 3000 sed

2259 1751 2600 1807 resccntibus
2637 1751 2893 1806 tenebris.
2944 1751 3044 1806 Ubi
3091 1759 3262 1805 totum
3306 1761 3519 1822 tempus
3549 1756 3728 1824 paucis
3753 1755 3829 1812 de

2256 1843 2433 1914 pingit
2477 1842 2680 1906 verbis,
2725 1857 2791 1896 ex
2841 1857 2947 1910 quo
2995 1841 3244 1896 Salvator
3287 1845 3356 1896 ad
3401 1843 3620 1899 Patrem
3665 1847 3827 1913 rediit,

2257 1933 2404 1989 solus
2438 1931 2678 2004 pontifex
2717 1933 3068 2002 interpellans
3096 1947 3197 2002 pro
3222 1934 3384 1989 nobis
3405 1949 3580 2004 usque
3608 1937 3659 1990 in
3686 1936 3828 1991 linem

2256 2027 2458 2092 sa:culi,
2485 2028 2700 2096 quando
2724 2041 2913 2080 rursus
2933 2034 3194 2082 venturus
3215 2034 3319 2092 est,
3335 2026 3559 2081 calcatis
3579 2027 3828 2093 omnibus,

2256 2135 2464 2192 suaque
2492 2120 2613 2174 luce
2642 2119 2975 2190 fugabuntur
3019 2121 3276 2185 tenebrae,
3310 2121 3603 2176 cessabunt
3629 2121 3832 2176 ﬂumina

2253 2222 2312 2270 et
2354 2221 2637 2269 ventorum
2681 2213 2946 2283 impetus,
2975 2213 3230 2283 quoniam
3276 2212 3420 2268 Deus
3456 2213 3568 2280 jam
3608 2215 3838 2284 graditur

2255 2306 2346 2362 ubi
2376 2305 2664 2376 vestigium
2693 2305 3000 2359 nullatenus
3030 2305 3278 2358 humana:
3303 2292 3840 2372 virtutis°invenitur,

2253 2399 2346 2454 ubi
2390 2399 2723 2455 consuetudo
2762 2398 3039 2470 gradiendi
3071 2399 3270 2453 deficit.
3324 2397 3583 2453 Miracula
3632 2415 3702 2455 ex
3747 2401 3842 2454 hoc

2254 2505 2362 2546 uno
2410 2492 2536 2546 hinc
2581 2491 2705 2545 inde
2759 2498 3156 2561 congeruntur,
3189 2505 3312 2544 nam
3357 2491 3696 2545 consuetudo
3744 2501 3842 2545 non

2253 2583 2476 2654 respicit
2507 2584 2737 2654 signum,
2773 2583 2912 2637 sicut
2946 2597 3048 2636 nec
3087 2581 3436 2652 singularitas
3468 2582 3588 2651 ejus
3616 2580 3847 2636 admittit

2253 2675 2583 2746 exemplum,
2615 2675 2708 2729 sed
2740 2673 2921 2728 divina
2965 2675 3139 2727 virtus
3160 2681 3417 2742 operatur
3441 2671 3605 2726 simul
3643 2681 3846 2743 myste-

2252 2768 2394 2821 rium
2437 2775 2490 2822 et
2526 2765 2866 2821 miraculum.
2899 2765 3212 2820 Miraculuni
3242 2765 3302 2818 in
3338 2763 3504 2830 facto,
3529 2765 3846 2835 mysterium

2251 2858 2418 2930 626
2446 2858 2498 2911 in
2548 2857 2998 2928 prtuligurationis
3028 2864 3392 2911 sacramento.
3448 2855 3605 2923 Quod
3655 2864 3846 2910 natura

2252 2968 2359 3006 non
2393 2951 2575 3015 habet,
2608 2952 2750 3021 quod
2787 2950 3060 3020 ingenium
3102 2951 3396 3005 humanum
3426 2960 3481 3005 et
3509 2949 3846 3021 philosorihi:

545 3065 654 3121 quo
695 3049 909 3120 gemina
950 3045 1194 3116 Operatio
1245 3043 1546 3098 Saivalol‘is
1598 3041 1994 3103 COﬂSiderelUl‘.
2050 3051 2146 3109 ρετ
2173 3033 2218 3102 C
2252 3042 2430 3098 saeculi
2465 3057 2570 3097 non
2595 3041 2760 3112 capit.
2804 3040 3011 3096 Idcirco
3040 3041 3210 3096 virtus
3240 3041 3478 3096 auctoris
3507 3051 3590 3095 est
3619 3056 3730 3096 non
3756 3053 3848 3094 na-

545 3145 761 3200 omnetn
794 3149 999 3196 textum
1032 3136 1309 3207 Evangelii
1339 3136 1392 3188 in
1425 3149 1533 3189 una
1582 3133 1879 3202 eademque
1909 3145 2141 3201 persona

544 3233 866 3292 mediatoris
907 3233 1002 3288 Dei
1043 3231 1426 3293 etho’minum,
1484 3228 1740 3297 quoniam
1789 3225 1930 3280 sicut
1978 3226 2031 3280 in
2079 3239 2146 3279 eo

549 3326 694 3383 Deus
723 3336 777 3382 et
803 3327 964 3380 homo
987 3331 1124 3385 erat,
1153 3333 1220 3377 eo
1270 3319 1413 3390 quod
1471 3317 1698 3372 Verbum
1758 3332 1882 3369 caro
1945 3315 2145 3384 factum

546 3423 624 3474 est
674 3417 854 3487 (Joan.
886 3415 1082 3484 1,14):
1119 3413 1194 3467 ita
1227 3419 1281 3466 et
1330 3409 1576 3480 operatio
1619 3405 1931 3462 Divinitatis
1983 3414 2144 3473 atque

548 3508 924 3565 humanitatis.
949 3506 1179 3563 Gemina
1233 3503 1500 3572 siquidem
1549 3499 1818 3570 operatio,
1871 3497 1964 3552 sed
2005 3509 2146 3551 unus

546 3591 803 3670 idemque
826 3598 1097 3662 Christus,
1129 3596 1220 3665 qui
1253 3595 1369 3649 hmc
1390 3592 1571 3648 omnia
1616 3591 1962 3660 operabatur.
2029 3587 2148 3656 ipse

546 3708 783 3764 namque
809 3690 1012 3761 estqui
1066 3687 1258 3744 esuriit
1302 3694 1358 3740 et
1405 3683 1602 3748 sitivit,
1662 3680 1781 3751 ipse
1831 3678 1922 3748 qui
1975 3687 2031 3733 et
2077 3677 2148 3732 de

546 3786 788 3857 quinque
817 3785 1045 3854 panibus
1070 3790 1147 3834 tot
1178 3779 1425 3834 homines
1450 3774 1690 3840 satiavit,
1719 3775 1836 3844 ipse
1883 3773 1973 3842 qui
2021 3770 2144 3825 fati:

545 3883 704 3946 gaius
732 3889 799 3928 ex
832 3874 1049 3935 itinere,
1092 3869 1310 3930 resedit,
1357 3864 1521 3938 625
1579 3865 1692 3935 ipse
1742 3863 1832 3932 qui
1888 3871 1942 3916 et
1983 3873 2146 3931 super

550 3979 704 4018 mare
730 3963 960 4034 pedibus
991 3959 1321 4022 ambulavit;
1369 3958 1462 4010 sed
1497 3969 1600 4008 una
1652 3970 1838 4008 earum
1898 3953 2144 4022 operatio

547 4055 907 4111 humanitatis
937 4061 1041 4117 est,
1075 4052 1244 4105 altera
1275 4063 1404 4103 vero
1431 4047 1758 4101 Divinitatis.
1803 4045 1949 4111 Quas
1986 4044 2145 4114 plane

551 4149 919 4219 operationes,
952 4146 1053 4200 nisi
1095 4142 1362 4199 catholice
1424 4140 1721 4209 distinguat
1768 4146 1825 4192 et
1877 4137 2147 4206 intelligat

540 4243 790 4316 prudens
832 4240 1024 4304 lector,
1071 4245 1222 4291 tanto
1275 4235 1531 4290 aberrare
1591 4231 1845 4302 poterita
1874 4229 2140 4285 catholica

532 4333 676 4401 ﬁde,
729 4342 932 4404 quanto
990 4331 1152 4385 fuerit
1209 4330 1514 4384 obcaecatus
1564 4340 1594 4379 a
1641 4323 1974 4380 confusionis
2013 4323 2144 4379 cali-

546 4443 692 4499 gme.

557 4531 560 4533 Α
621 4527 882 4584 Navicula
919 4535 1094 4581 autem
1133 4524 1186 4577 in
1216 4523 1384 4576 medio
1421 4522 1580 4575 maris
1616 4520 1927 4591 iactabatur
1959 4520 2136 4590 ﬂucti-

547 4622 662 4675 bus.
701 4617 991 4689 Propterea
1037 4616 1200 4687 igitur
1242 4613 1391 4668 inviti
1419 4621 1474 4668 et
1505 4621 1864 4667 retractantes
1909 4610 2137 4681 apostoli

546 4713 711 4782 supra
754 4717 1089 4765 recesserant
1120 4722 1151 4761 a
1174 4705 1423 4768 Domino,
1453 4719 1519 4757 ne
1548 4703 1637 4756 illo
1667 4703 1888 4757 absente
1919 4701 2136 4756 naufra-

545 4803 633 4874 gia
658 4802 1005 4858 sustinerent.
1053 4797 1326 4853 Noverunt
1351 4794 1495 4848 enim
1519 4794 1636 4847 sine
1663 4793 1750 4846 illo
1783 4792 1926 4861 quod
1953 4793 2135 4846 turba-

546 4903 758 4958 rentur,
793 4891 934 4946 sicut
981 4898 1035 4944 et
1084 4886 1321 4942 Ecclesia
1368 4883 1796 4954 quotiescunque
1830 4883 2140 4952 impraesen-

545 4987 744 5043 tiarum
790 5000 820 5039 a
868 4983 1086 5039 Christo
1130 4980 1421 5046 deseritur,
1460 4977 1699 5047 jactatur
1745 4975 2034 5041 ﬂuctibus,
2082 4985 2138 5030 et

545 5069 724 5140 ventis
755 5081 1065 5152 impellitur.
1117 5075 1248 5131 Nam
1296 5076 1456 5147 hujus
1499 5074 1758 5145 temporis
1802 5073 1972 5144 figura
2018 5081 2136 5126 erat

545 5175 725 5232 omnis
754 5167 844 5229 ilia
878 5171 1200 5244 periclitatio
1247 5170 1422 5224 navis.
1464 5168 1694 5231 Interea,
1727 5165 1956 5220 Domino
1982 5179 2132 5218 com-

546 5275 793 5322 morante
823 5265 876 5318 in
904 5263 1102 5318 montis
1129 5260 1351 5322 vertice,
1381 5258 1564 5312 statim
1595 5267 1785 5310 ventus
1827 5254 2132 5309 contrarius

546 5360 740 5423 oritur,
771 5367 827 5414 et
864 5358 1045 5414 turbat
1091 5350 1731 5422 mare,‘periclitaturque
1775 5347 2032 5403 Ecclesia.
2065 5346 2132 5400 Et

547 5451 736 5509 {andiu
787 5451 1074 5507 imminens
1125 5445 1466 5514 naufragium
1513 5448 1842 5511 perseverat,
1894 5437 2132 5506 quandiu’

545 5539 701 5598 Jesus
747 5550 1009 5604 moratur,
1041 5549 1140 5593 nec
1167 5536 1350 5592 veniat
1388 5542 1441 5587 et
1477 5537 1776 5586 succurrat.
1824 5528 1890 5582 Et
1920 5529 2037 5582 ideo
2073 5542 2133 5582 se

547 5633 856 5706 repromisit
893 5645 1012 5688 esse
1060 5644 1182 5686 cum
1228 5627 1358 5688 suis,
1394 5626 1562 5680 donec
1606 5637 1844 5693 praesens
1878 5620 2130 5676 sreculum'

2252 3145 2386 3189 turte
2411 3133 2658 3187 humana!
2689 3140 2948 3202 potestas,
2977 3139 3037 3185 ut
3063 3132 3117 3186 in
3150 3146 3261 3185 uno
3296 3131 3601 3201 eodemque
3629 3130 3850 3185 homine

2248 3224 2430 3278 Deitas
2459 3230 2512 3277 et
2550 3221 2858 3276 humanitas
2897 3221 3222 3277 declaretur.
3263 3221 3446 3275 Deitas
3494 3221 3548 3274 in
3596 3235 3665 3275 eo
3708 3215 3849 3289 quod

2249 3315 2387 3370 ultra
2421 3315 2693 3369 hominem
2724 3316 2986 3379 cernitur,
3013 3314 3342 3379 humanitas,
3375 3313 3499 3383 quia
3527 3314 3644 3384 ipse
3689 3314 3854 3366 homo

2248 3419 2412 3477 super
2441 3407 2611 3460 undas
2636 3405 2883 3471 videtur;
2928 3405 3070 3475 quod
3097 3418 3227 3460 sane
3255 3416 3394 3474 opus
3418 3405 3636 3474 superni
3670 3401 3850 3457 numi‘

2248 3499 2334 3552 nis
2363 3507 2466 3563 est,
2500 3498 2626 3567 quia
2672 3499 2774 3553 hoc
2800 3511 2928 3552 caro
2954 3497 3158 3552 sentire
3185 3513 3294 3552 non
3321 3505 3519 3568 potest,
3552 3509 3656 3552 nec
3695 3505 3849 3550 mens

2249 3587 2486 3642 humana
2537 3586 2858 3656 intelligere,
2882 3588 3150 3656 quom'odo
3196 3587 3314 3641 fieri
3359 3587 3532 3656 possit
3561 3585 3710 3656 quod
3757 3597 3846 3638 na-

2249 3687 2371 3733 tura
2394 3688 2623 3748 utraque
2653 3693 2758 3733 non
2783 3673 3040 3744 admittit,
3058 3687 3118 3734 ut
3135 3686 3190 3734 et
3214 3679 3395 3750 gravis
3419 3676 3828 3748 superambulel.

2247 3783 2302 3829 et
2347 3773 2546 3844 liquida
2596 3773 2808 3843 pondus
2854 3771 3071 3842 aliquod
3123 3772 3422 3834 sustineat,
3459 3771 3606 3842 quod
3653 3778 3827 3825 natura
3903 3753 3906 3756 ’

2248 3876 2437 3920 neutra
2468 3865 2764 3935 permittit;
2802 3864 2942 3919 sicut
2977 3873 3032 3918 et
3073 3879 3242 3935 panes
3273 3865 3514 3919 crevisse
3561 3865 3635 3917 ita
3667 3872 3820 3919 tenus,

2251 3965 2313 4008 ut
2339 3957 2540 4010 dictum
2587 3963 2687 4018 est,
2721 3955 2861 4008 nulla
2894 3955 3087 4025 probat
3120 3957 3259 4010 ratio
3288 3956 3548 4021 humana,
3575 3953 3723 4008 nulla
3759 3951 3822 4004 im

2249 4048 2538 4117 telligentia
2567 4048 2942 4116 deprehendit,
2975 4047 3076 4102 nisi
3125 4048 3265 4103 forte
3295 4047 3504 4118 ﬁngere
3534 4047 3674 4102 velis
3699 4037 3815 4115 quod

2249 4148 2342 4194 aut
2385 4140 2720 4194 alleviaverit
2768 4153 2965 4210 corpus
3012 4150 3070 4194 ut
3114 4141 3455 4210 phantasma,
3491 4147 3586 4192 aut
3633 4139 3817 4206 aliqua!

2248 4233 2544 4287 crassiores
2571 4240 2626 4287 et
2649 4242 2934 4287 concretas
2956 4233 3246 4288 reddiderit
3272 4245 3461 4301 aquas,
3490 4231 3565 4285 ita
3596 4233 3656 4284 ut
3681 4233 3816 4296 super

2249 4336 2342 4380 eas
2386 4326 2620 4396 potuerit
2649 4337 2780 4380 caro
2806 4326 3039 4380 humana
3081 4326 3226 4380 sicco
3265 4325 3493 4396 vestigio
3537 4323 3812 4378 ambulare.

2165 4395 2217 4456 D
2244 4395 2399 4489 Quod
2425 4422 2610 4475 ethoc
2653 4420 2904 4475 mirabile
2944 4405 3179 4500 esset°si
3226 4418 3364 4473 ratio
3393 4417 3444 4472 id
3494 4416 3811 4471 admitteret;

2241 4527 2386 4567 nunc
2430 4520 2608 4566 autem
2657 4509 2782 4565 facti
2830 4525 3048 4566 causam
3099 4511 3279 4565 nullus
3319 4510 3590 4580 explicat,
3643 4513 3815 4562 sensus

2241 4603 2420 4658 nullus
2470 4604 2667 4672 recipit
2713 4605 3004 4667 humanus,
3039 4618 3192 4658 mens
3231 4613 3335 4657 non
3378 4601 3524 4672 capit
3574 4602 3816 4656 humana.

2240 4710 2400 4751 nemo
2425 4696 2663 4765 loquitur
2693 4697 2970 4752 hominum
2996 4696 3268 4766 quomodo
3301 4695 3415 4751 ﬁeri
3459 4694 3707 4765 potuerit
3732 4695 3819 4748 tam

2239 4787 2426 4855 libere,
2457 4788 2558 4842 nisi
2604 4790 2698 4859 qui
2743 4789 2927 4844 subest
2951 4790 2999 4843 ei
3045 4805 3204 4844 omne
3235 4801 3397 4859 posse
3425 4801 3550 4843 cum
3580 4782 3823 4843 voluerit,

2237 4887 2296 4933 ut
2323 4880 2584 4948 probetur
2607 4895 2675 4935 ex
2708 4882 2813 4936 hoc
2842 4881 2979 4951 ejus,
3009 4890 3069 4935 ut
3099 4882 3355 4947 diximus,
3399 4871 3613 4952 gemina
3645 4886 3828 4949 opera'

2236 4972 2333 5028 tio.
2368 4972 2500 5040 Quia
2541 4974 2762 5028 omnino
2799 4971 3021 5028 Deitatis
3060 4983 3160 5036 est,
3195 4974 3342 5043 quod
3377 4971 3619 5026 ambulat
3649 4971 3832 5027 contrl

2239 5075 2487 5119 naturam
2513 5067 2804 5120 humanam
2829 5081 2991 5136 super
3015 5081 3207 5136 aquas,
3227 5074 3282 5120 et
3310 5065 3674 5121 humanitatis
3699 5046 3836 5137 quod

2237 5157 2466 5212 visibilis
2493 5167 2716 5228 apparet
2747 5160 2800 5214 in
2831 5159 3001 5213 forma
3033 5160 3196 5225 servi,
3229 5168 3284 5213 et
3320 5171 3448 5213 vera
3475 5173 3628 5213 caro.

2312 5251 2461 5306 Unde
2498 5251 2722 5306 videntes
2755 5271 2871 5307 eum
2925 5269 3086 5322 supra
3128 5269 3276 5307 mare
3311 5249 3700 5316 ambulantem,
3733 5251 3844 5306 παῖ’

2238 5345 2346 5398 bati
2381 5352 2502 5397 sunt
2544 5345 2795 5410 dicentes,
2827 5346 2948 5415 quia
2979 5346 3294 5415 phantasma
3338 5350 3433 5396 eu.
3466 5342 3611 5413 Ergo
3639 5342 3851 5412 prob"

2236 5445 2427 5489 verant
2465 5451 2586 5489 eum
2611 5435 2725 5505 jam
2763 5453 2951 5491 verum
2993 5439 3266 5491 hominem
3297 5449 3418 5490 esse
3446 5433 3768 5503 Christum,
3801 5419 3862 5473 α

2235 5529 2357 5584 ideo
2386 5545 2528 5584 nunc
2548 5533 2838 5586 turbantur
2858 5539 3107 5601 putantes
3134 5547 3192 5586 se
3219 5539 3406 5586 contra
3435 5536 3706 5584 naturam
3731 5511 3876 5598 ei“

2235 5622 2440 5678 videre.
2489 5623 2740 5694 Alioquin
2774 5623 2818 5678 si
2844 5623 2995 5692 juxta
3037 5624 3360 5679 Marcionem
3387 5627 3443 5676 et
3470 5609 3889 5678 Mamertinum
