4004 6362
186 232 284 294 595

926 189 1290 274 unouno
1324 210 1395 270 IN
1427 183 1864 266 aurulenta.
1903 231 1974 242 —
2012 194 2294 267 1.113.,vn,
2332 193 2491 250 car.
2534 190 2651 246 xw

3317 192 3426 250 526

187 343 444 408 Dominus
470 347 657 398 noster
679 352 785 395 non
812 345 900 395 est
942 343 1101 392 natus
1123 348 1190 389 ex
1215 331 1381 386 Maria
1408 327 1635 396 virgine,
1669 322 1767 379 sed
1794 324 1844 384 Α
1868 318 2058 374 metuit
2100 314 2244 385 quod
2284 325 2574 367 onerosum
2608 305 2762 362 valde
2787 312 2932 361 esset
2958 301 3179 359 humani
3205 299 3447 368 corporis

185 432 327 493 visus
349 449 416 489 ex
441 433 841 504 phantasmate,
865 425 1135 499 quomodo
1155 437 1297 477 nunc
1324 418 1548 490 apostoli
1579 417 1772 471 timent

187 524 234 586 e't
264 525 560 583 turbantur
607 540 677 580 ne
717 522 855 578 forte
883 522 1199 592 phantasma
1246 513 1498 570 videant?
1525 510 1627 579 Qui
1661 525 1769 580 pra:

187 623 368 675 timore
409 615 789 670 clamauerunt.
840 611 975 666 Nam
1020 606 1243 665 confusa
1283 620 1386 659 vox
1430 612 1486 657 et
1534 603 1772 657 incertus

188 711 409 769 clamor,
425 704 608 776 magni
636 696 843 758 timoris
867 700 1124 757 indicium
1145 706 1247 753 est.
1274 695 1380 751 Sed
1403 710 1588 749 eorum
1611 693 1773 746 timor

189 810 383 856 nostrae
417 803 503 850 est
532 788 787 849 fortitudo
816 786 1032 856 mentis,
1058 789 1311 860 quoniam
1340 785 1404 840 de
1432 783 1651 839 Christo
1692 780 1773 835 ni-

188 889 249 947 hil
281 885 631 958 inexplorate
660 884 927 945 sentiunt,
952 878 1088 935 nihil
1130 877 1274 950 quod
1315 892 1419 931 non
1446 874 1771 945 °requirant,

188 979 314 1037 nihil
346 975 703 1033 humanitatis
729 973 784 1028 in
819 988 884 1028 eo
911 982 1003 1026 aut
1031 968 1337 1023 Divinitatis
1365 966 1506 1037 quod
1549 980 1653 1019 non
1687 964 1770 1018 in-

192 1071 449 1141 telligant.
495 1067 647 1121 Adeo
691 1065 919 1136 probant
965 1062 1165 1127 omnia,
1190 1069 1250 1115 ut
1297 1057 1474 1113 nullus
1524 1056 1775 1125 deinceps

191 1160 414 1222 dubitet,
442 1156 625 1212 nullus
650 1153 878 1219 difﬁdat,
905 1151 1081 1208 nullus
1101 1154 1367 1221 desperet,
1396 1146 1574 1203 nullus
1605 1148 1776 1201 incre-

192 1251 415 1309 dulitate
437 1249 507 1303 de
531 1246 749 1302 Christo
771 1242 1102 1299 succumbat.
1138 1240 1243 1297 Sed
1270 1239 1447 1295 divina
1473 1239 1644 1310 pietas
1668 1237 1778 1292 cito

193 1339 441 1398 subvenit
463 1339 553 1410 pie
572 1333 957 1407 quaerentibus,
982 1341 1037 1386 et
1061 1348 1168 1386 non
1195 1330 1356 1401 impie
1387 1328 1775 1385 dubitantibus.

194 1430 399 1500 Quibus
429 1424 696 1484 mox‘illis
741 1422 1098 1481 clamantibus
1139 1436 1250 1493 prae
1294 1422 1507 1486 timore,
1537 1430 1589 1475 et
1619 1418 1777 1473 dubi-

195 1523 434 1578 tantibus
478 1535 590 1591 prte
635 1514 920 1580 miraculo,
948 1523 1006 1569 ttt
1051 1530 1173 1570 eum
1225 1514 1529 1584 reciperent
1577 1510 1630 1565 in
1676 1510 1780 1564 ﬁde

198 1614 372 1671 Deum
398 1616 455 1670 et
478 1613 749 1669 hominem
775 1608 938 1683 627
978 1609 1032 1664 in
1062 1624 1218 1679 quem
1243 1608 1605 1673 crediderant,
1636 1605 1777 1661 Con-

1871 410 2099 482 pondus,
2127 415 2182 462 et
2205 403 2408 474 liquida
2438 400 2603 456 maris
2645 397 2786 453 unda
2814 392 3043 452 solidum
3074 406 3182 448 non
3209 388 3463 463 portaret

1872 514 2136 572 gressum.
2188 490 2288 562 Qui
2323 501 2525 548 tantam
2556 491 2608 546 in
2639 488 2734 543 Dei
2765 486 2928 543 verbo
2968 484 3218 539 ﬁduciam
3260 496 3451 538 conce-

1870 599 2046 665 perat,
2072 589 2241 661 628
2284 602 2405 642 cum
2458 584 2566 649 ait,
2616 580 2774 646 Veni,
2826 588 2887 634 ut
2929 578 3179 633 crederet
3230 574 3451 631 inﬁdam

1872 681 2116 752 Vestigiis
2147 679 2259 735 suis
2298 676 2610 732 tenuitatem
2650 671 2941 748 subditam,
2969 677 3023 724 et
3062 678 3313 737 tanquam
3346 674 3456 721 ter-
3537 678 3549 688 '

1874 745 2061 828 renam
2106 764 2432 825 soliditatem
2480 779 2600 819 esse
2642 745 2963 832 subjectum.
3017 755 3151 812 Nam
3200 756 3344 829 quod
3389 749 3469 811 ex'

1874 861 2114 920 omnium
2142 856 2550 916 consistentium
2580 868 2806 910 numero
2857 852 2910 906 in
2958 850 3079 905 navi
3130 846 3463 919 respondere

1875 957 2022 1015 solus
2050 956 2210 1011 audet
2247 946 2461 1018 Petrds,
2492 960 2546 1007 et
2569 949 2744 1022 juberi
2791 946 2891 1003 sibi
2926 959 3088 1015 super
3111 958 3281 1014 aquas
3310 947 3370 995 ut
3394 940 3467 995 ad

1878 1051 2164 1109 Dominum
2193 1048 2371 1104 veniat
2398 1055 2670 1116 precatur,
2697 1041 2879 1097 fervor
2904 1048 2987 1095 est
3007 1037 3209 1092 amoris
3230 1042 3288 1091 et
3308 1033 3463 1089 forti-

1879 1143 2008 1197 tudo
2038 1139 2158 1195 ﬁdei
2190 1148 2244 1195 et
2284 1136 2607 1210 praesagium
2646 1134 2945 1188 futurorum
2971 1146 2985 1195 ;
3021 1126 3275 1198 quoniam
3301 1123 3380 1180 sic
3408 1129 3465 1177 et

1879 1233 1935 1288 in
1966 1233 2215 1304 passione
2263 1246 2373 1300 prae
2415 1228 2667 1283 omnibus
2695 1223 2944 1279 aﬁ‘ectum
2977 1220 3221 1275 exhibuit
3261 1214 3467 1271 amoris

1877 1324 2123 1395 vestigiis
2154 1336 2366 1391 semper
2396 1321 2665 1374 inluerens
2705 1312 2933 1385 piissimi
2966 1309 3365 1381 Redemptoris,
3394 1305 3461 1360 li-

1879 1427 1968 1475 cet
1995 1416 2367 1473 inﬁrmitatem
2394 1413 2587 1468 futurre
2619 1398 2921 1480 negationis
2950 1404 3209 1460 timiditas
3235 1407 3467 1472 praeten-

1882 1510 2022 1567 derit
2074 1507 2405 1563 tentationis.
2457 1502 2597 1559 Hinc
2640 1485 2874 1570 namque
2919 1496 3169 1568 quamvis
3212 1490 3466 1548 incedere

1884 1590 2048 1657 ausus
2075 1609 2242 1665 esset,
2274 1607 2454 1653 tamen
2493 1596 2837 1665 mergebatur
2874 1597 3094 1661 prepter
3123 1583 3466 1642 imbecillita-

207 1705 369 1775 ﬁdile‘,
398 1700 578 1774 inquit,
612 1712 658 1757 et
680 1702 863 1755 habete
886 1676 1136 1769 fiduciam
1159 1714 1177 1753 :
1199 1715 1292 1769 ego
1317 1714 1452 1751 sum.
1475 1696 1615 1767 Ergo
1636 1694 1779 1766 quod
1812 1705 1858 1769 Β
1883 1704 1991 1751 tem
2024 1693 2222 1757 carnis,
2257 1691 2396 1747 sicut
2432 1698 2487 1744 et
2517 1703 2688 1758 usque
2724 1683 2793 1741 ad
2827 1680 3030 1738 metum
3076 1676 3267 1735 mortis
3302 1676 3469 1732 abne-

198 1799 432 1869 primnm
457 1796 773 1851 versabatur
806 1792 860 1849 in
890 1808 1053 1848 causa
1082 1792 1322 1846 medicus
1349 1791 1605 1846 occurrit.
1638 1788 1782 1857 Quo-

196 1890 337 1945 niam
368 1888 462 1959 qui
488 1887 868 1943 conﬁdentiam
895 1885 1095 1940 amittit
1119 1891 1173 1939 et
1196 1883 1433 1949 haesitat,
1459 1883 1610 1953 juxta
1648 1896 1782 1952 apo-

199 1983 436 2047 ’stolum,
494 1980 680 2037 similis
726 1988 800 2035 est
846 1979 1028 2048 ﬂuctui
1085 1972 1246 2031 ma'ris
1313 1972 1454 2046 (Jac.
1490 1992 1529 2041 ι,
1561 1972 1636 2046 6).
1671 1974 1785 2044 Ego

197 2086 329 2136 sum,
374 2072 581 2141 inquit,
606 2085 708 2125 nec
752 2065 1026 2138 subjungit
1065 2066 1194 2139 quid
1246 2067 1350 2133 sit,
1383 2066 1466 2121 vel
1515 2066 1637 2137 quis
1682 2065 1781 2133 sit;

196 2165 313 2235 quia
355 2152 610 2233 profecto
635 2168 703 2216 ex
739 2170 868 2215 vace
916 2157 1019 2215 sibi
1051 2157 1352 2222 notissima,
1383 2148 1635 2228 poterant
1658 2173 1787 2212 eum

196 2256 449 2327 quisnam
491 2259 641 2308 esset
686 2248 1122 2322 intelligere,’qui
1166 2264 1262 2320 per
1306 2248 1566 2305 obscuras
1614 2250 1790 2305 noctis

195 2345 454 2402 tenebras
480 2336 571 2398 vel
608 2343 923 2412 crepuScula
969 2339 1309 2411 loquebatur.
1344 2339 1617 2397 Noverant
1643 2341 1789 2397 enim

196 2434 263 2493 illi
286 2438 443 2492 hanc
468 2450 593 2493 esse
624 2432 1102 2490 familiarissimam
1132 2435 1179 2489 ei
1216 2434 1561 2499 sententiam,
1590 2445 1644 2489 et
1671 2418 1791 2490 ideo

197 2529 282 2593 ait,
314 2526 442 2600 Ego
468 2542 610 2582 sum.
660 2528 739 2582 Ac
764 2527 808 2582 si
837 2535 1088 2598 patenter
1132 2526 1355 2592 diceret,
1388 2525 1498 2599 Ego
1529 2542 1647 2582 sum
1678 2527 1792 2597 ipse

197 2621 278 2692 qui
310 2635 466 2682 sum,
491 2625 549 2674 et
572 2635 680 2674 non
711 2627 909 2684 mutor,
933 2622 991 2674 ut
1015 2634 1109 2674 vos
1131 2614 1334 2690 putatis
1361 2632 1446 2672 me
1474 2619 1792 2689 phantasma

200 2726 338 2769 esse.
376 2708 495 2767 Nec
521 2710 740 2766 dubium
766 2711 894 2782 quin
917 2711 1093 2783 ipsum
1113 2724 1232 2766 esse
1258 2710 1563 2765 retinebant
1589 2709 1790 2782 animo,

201 2817 357 2876 quem
382 2804 640 2881 locutum
684 2802 810 2858 olim
851 2803 919 2858 ad
966 2801 1187 2877 Moysen
1225 2810 1505 2870 noverant,
1538 2799 1650 2874 Ego
1680 2819 1797 2857 sum

201 2895 281 2963 qui
307 2910 460 2951 sum.
496 2889 630 2947 Haec
660 2892 798 2947 dices
826 2890 953 2962 ﬁliis
976 2891 1187 2959 Israel;
1242 2900 1334 2949 et:
1385 2891 1488 2959 Qui
1536 2902 1610 2947 est
1656 2893 1797 2948 misit

204 2992 281 3042 itte
302 2986 378 3041 ad
404 3001 500 3040 ros
532 2984 731 3056 (Exod.
761 2985 981 3058 111,15).
1013 2985 1093 3041 Ad
1133 3000 1294 3056 quam
1328 3000 1458 3041 sane
1484 3000 1667 3041 vocem
1699 2983 1799 3040 Pe-

1884 1783 2043 1865 gandi
2097 1783 2477 1839 necessitatem
2523 1781 2738 1835 demum
2782 1783 2867 1832 est
2909 1764 3165 1838 coactus;
3211 1766 3467 1840 quoniam

1884 1856 2043 1934 nemo
2070 1874 2376 1931 mortalium
2402 1872 2493 1943 qni
2523 1869 2730 1926 Domini
2759 1865 3080 1939 aequiparari
3105 1860 3276 1933 possit
3301 1856 3470 1914 vesti-

1888 1966 2011 2038 giis.
2041 1964 2176 2021 Nam
2220 1980 2344 2020 cum
2372 1962 2632 2019 Dominus
2656 1975 2817 2029 supra
2850 1952 2998 2012 mare
3027 1954 3131 2010 iter
3160 1957 3365 2024 ageret,
3393 1948 3470 2003 ita

1888 2061 2159 2119 subditum
2204 2054 2432 2130 pedibus
2459 2051 2866 2124 obtemperabat
2894 2045 3211 2102 mirabiliter
3239 2044 3473 2098 elemen-

1889 2140 2024 2221 tum,
2072 2159 2134 2207 ut
2182 2166 2283 2206 nec
2330 2164 2389 2204 se
2435 2161 2586 2202 mare
2629 2136 2996 2204 subtraheret,
3038 2147 3093 2195 et
3138 2133 3474 2190 venerandas

1889 2244 2105 2304 Domini
2146 2244 2361 2315 plantas
2392 2238 2741 2314 superferret.
2774 2234 2884 2290 Nec
2912 2233 3077 2303 igitur
3106 2227 3326 2292 mirum,
3354 2224 3399 2281 si
3424 2224 3477 2280 ei

1891 2350 2083 2396 natura
2109 2314 2343 2408 aequoris
2368 2332 2662 2398 serviebat,
2686 2328 2838 2400 cujus
2861 2320 3229 2396 dispositionis
3253 2314 3477 2374 arbitrio

1891 2430 2130 2502 perfecta
2182 2436 2307 2483 sunt
2359 2426 2634 2481 universa.
2684 2420 2892 2476 Idcirco
2942 2415 3037 2471 illi
3068 2408 3478 2502 calcabilemLse

1892 2490 2118 2596 praebuit
2140 2522 2293 2592 juxta
2322 2516 2562 2572 debitum
2596 2520 2803 2569 naturae
2835 2509 2995 2581 quasi
3024 2505 3273 2568 Domino,
3298 2510 3353 2555 et
3379 2490 3480 2555 Pe-

1896 2593 1981 2671 tro
2004 2612 2296 2670 secundum
2311 2607 2554 2679 jubentis
2576 2603 2860 2675 imperium
2884 2601 2951 2656 ad
2976 2599 3189 2679 modum
3213 2593 3477 2651 serviens.

1897 2706 2101 2764 Tamen
2153 2676 2375 2761 necesse
2417 2700 2676 2775 poscebat
2720 2695 2881 2764 ratio,
2924 2676 3082 2765 juxta
3128 2687 3480 2775 fragilitatem

1897 2799 2211 2863 humanam,
2240 2804 2300 2851 ut
2345 2762 2469 2850 eum
2519 2796 2748 2847 terreret
2787 2762 3007 2852 ventus,
3038 2790 3094 2840 et
3140 2762 3486 2854 perturbaret

1898 2882 2040 2948 unda
2069 2890 2183 2946 suis
2223 2885 2612 2951 collisionibus,
2646 2898 2714 2938 ne
2744 2883 2886 2937 inter
2916 2879 3084 2933 Deum
3114 2884 3169 2931 et
3210 2871 3485 2929 hominem

1900 2983 2036 3041 nihil
2080 2982 2353 3038 videretur
2400 2978 2772 3049 discrepasse,
2799 2982 2855 3031 et
2900 2977 3045 3028 esset
3081 2969 3151 3025 ob
3193 2966 3300 3022 hoc
3344 2963 3490 3019 inter

207 3081 322 3134 tros
352 3092 484 3133 cum
519 3075 782 3143 audisset,
815 3076 927 3149 Ego
965 3090 1106 3143 sum,
1138 3083 1500 3131 consonanter
1524 3074 1802 3146 respondit
1828 3082 1874 3146 ο
1903 3075 2152 3133 homines
2182 3089 2291 3128 non
2322 3070 2546 3127 minima
2573 3066 2859 3131 dubitatio,
2886 3064 2931 3120 si
2962 3061 3181 3118 Petrum
3209 3058 3297 3114 hic
3326 3050 3493 3114 vidis:

208 3167 395 3226 dicens
419 3183 439 3223 :
465 3168 709 3233 Domine,
744 3164 789 3223 si
829 3177 886 3224 tu
914 3184 990 3235 es,
1012 3167 1144 3238 jube
1168 3184 1249 3222 me
1274 3167 1445 3221 venire
1478 3165 1547 3220 ad
1573 3140 1803 3237 temper
1836 3140 1872 3146 ‘
1903 3176 2027 3222 sent
2054 3165 2234 3220 facere
2283 3160 2429 3233 quod
2470 3158 2718 3215 Christus
2762 3170 2859 3212 sua
2908 3151 3039 3209 fecit
3071 3148 3333 3224 potentia.
3381 3140 3494 3203 Neci

213 3270 395 3329 «quas.
425 3256 693 3314 Senserat
717 3258 862 3312 enim
885 3256 938 3312 in
960 3271 1026 3312 eo
1048 3255 1188 3328 quod
1210 3256 1304 3321 ait,
1322 3254 1437 3327 Ego
1459 3271 1602 3322 sum,
1625 3255 1802 3327 ipsum

211 3364 364 3417 esse,
397 3350 488 3405 cui
539 3352 644 3414 est,
691 3360 906 3421 semper
952 3345 1311 3404 essentialiter
1361 3345 1502 3400 idem
1551 3360 1689 3401 esse.
1737 3344 1806 3401 Et

212 3442 339 3499 ideo
376 3443 487 3507 ait,
516 3438 576 3497 Si
613 3446 670 3495 tu
712 3454 804 3507 es,
831 3453 896 3497 ac
935 3439 982 3497 si
1013 3440 1247 3503 diceret,
1279 3436 1404 3509 quia
1434 3437 1479 3494 si
1527 3447 1579 3492 tu
1622 3453 1682 3493 es
1712 3437 1805 3508 qui

208 3536 437 3603 semper
458 3538 579 3588 cum
604 3531 765 3587 Patre
786 3544 925 3587 unus
948 3531 1198 3602 idemque
1225 3545 1306 3595 es,
1330 3526 1504 3598 jussio
1534 3537 1621 3583 tua
1654 3524 1807 3583 exhi-

223 3623 369 3679 bitio
396 3632 481 3678 est
501 3625 726 3690 virtutis,
764 3622 1020 3695 quoniam
1060 3623 1401 3694 omnipotens
1425 3636 1503 3677 es.
1528 3604 1612 3676 'Ne
1646 3622 1807 3676 mire-

214 3715 325 3782 ris,
354 3714 549 3781 lector,
592 3717 730 3787 quod
771 3730 897 3771 cum
923 3714 1026 3770 ﬁde
1057 3714 1211 3785 rogat
1244 3722 1300 3769 et
1327 3712 1573 3769 dubitat:
1598 3712 1810 3768 dubitat

216 3814 405 3863 autem
452 3822 561 3863 nou
621 3808 776 3879 quasi
822 3807 1091 3875 inﬁdelis,
1134 3806 1245 3862 'sed
1302 3803 1459 3877 quasi
1512 3812 1707 3858 cautus
1756 3810 1813 3859 et

216 3912 514 3960 veteranus
571 3900 904 3974 explorator,
946 3916 1014 3957 ne
1071 3899 1242 3956 facilis
1294 3906 1418 3953 ruat
1462 3896 1518 3952 in
1572 3884 1808 3951 ruinam.

218 3990 397 4064 Ipsum
448 3995 691 4060 invocat,
714 3994 868 4065 cujus
913 3992 1148 4048 essentia
1193 3988 1394 4045 veritas
1439 3998 1541 4055 est,
1572 3987 1813 4059 nihilque

216 4084 433 4143 dubitat
489 4087 559 4142 de
608 4086 864 4157 potentia,
895 4083 1027 4140 nihil
1069 4084 1134 4141 de
1173 4081 1392 4138 virtute.
1439 4079 1587 4137 Alias
1632 4074 1815 4136 autem

202 4181 306 4250 qui
359 4179 535 4236 Petro
588 4178 871 4250 apostolo,
920 4193 986 4233 ac
1047 4176 1093 4232 si
1150 4173 1403 4231 Ecclesize
1462 4164 1816 4250 fundamento

212 4246 431 4343 aliquid
477 4246 819 4326 inﬁdelitatis
854 4268 1108 4333 ascribit;
1156 4267 1320 4322 nimis
1350 4266 1700 4321 temerarium
1734 4246 1819 4321 est

212 4376 335 4418 eum
383 4370 651 4437 arguere,
680 4361 767 4417 cui
816 4376 915 4432 pro
959 4357 1170 4415 meritis
1196 4357 1317 4414 ﬁdei
1348 4372 1459 4413 sua).
1483 4354 1722 4412 solvendi
1752 4346 1817 4412 ac

1906 3259 2072 3331 igitur
2101 3259 2273 3313 bonos
2302 3254 2516 3311 debitus
2542 3236 2657 3307 Deo
2684 3248 3024 3311 redderetur,
3053 3246 3182 3317 quia
3217 3258 3325 3300 non
3351 3238 3501 3298 esset

1906 3352 2105 3407 mirum
2131 3365 2161 3404 a
2187 3347 2299 3403 Deo
2345 3345 2570 3411 factum,
2602 3342 2745 3415 quod
2770 3350 2825 3397 et
2861 3340 2929 3395 ab
2958 3338 3176 3393 homine
3216 3336 3497 3391 videretur

1907 3441 2177 3498 eﬁ‘ectum.
2215 3436 2528 3493 Praesertim
2573 3433 2701 3505 quia
2747 3432 2802 3487 in
2852 3426 2958 3486 hac
3005 3429 3200 3483 virtute
3244 3426 3499 3505 Christus

1909 3530 2150 3590 insinuat
2196 3532 2341 3603 quod
2389 3530 2504 3600 ipse
2548 3504 2621 3582 sit
2658 3524 2838 3590 solus,
2869 3518 2963 3595 qui
3003 3534 3193 3577 omnes
3237 3504 3502 3575 elationes

1909 3624 2195 3699 praesentis
2236 3620 2440 3685 saeculi,
2471 3626 2529 3674 et
2569 3631 2760 3674 omnes
2805 3610 3000 3670 ﬂuctus
3031 3625 3128 3667 sua
3154 3608 3356 3665 virtute
3378 3606 3497 3691 cal:

1912 3686 2000 3775 cat
2028 3725 2084 3771 et
2107 3712 2434 3784 comprimit.
2461 3710 2589 3766 Ideo
2617 3707 2805 3764 debuit
2831 3703 2884 3761 iu
2913 3704 3071 3760 Petro
3099 3686 3412 3767 monstrari,
3441 3688 3497 3755 in

1912 3823 2021 3862 uno
2066 3820 2131 3861 ac
2169 3802 2452 3876 singulari,
2485 3800 2615 3872 quid
2654 3800 2709 3855 in
2749 3796 3003 3855 omnibus
3046 3792 3176 3866 agit,
3207 3790 3299 3862 qui
3338 3792 3497 3851 Suum

1914 3896 2196 3968 requirunt
2225 3891 2505 3958 auxilium,
2536 3891 2662 3945 dum
2682 3901 2929 3967 praesens
2954 3884 3184 3941 vertitur
3221 3879 3498 3937 saeculum.

1914 3985 2051 4054 Quia
2095 3984 2149 4039 in
2183 3985 2287 4039 hoc
2328 3980 2525 4037 smculo
2572 3990 2829 4049 tanquam
2859 3976 2913 4031 in
2942 3973 3125 4044 aliquo
3161 3970 3298 4026 mari
3342 3967 3509 4054 positi

1915 4088 2122 4144 Sumus,
2148 4078 2201 4133 in
2229 4091 2336 4147 quo
2377 4074 2567 4145 utique
2594 4068 2955 4145 spiritualium
2996 4066 3357 4139 nequitiarum
3386 4048 3499 4120 tutIi

1914 4173 2073 4228 bines
2116 4169 2379 4241 quotidie,
2408 4177 2463 4223 et
2489 4164 2841 4236 impulsiones
2882 4160 3234 4234 gravisshnas
3276 4156 3509 4213 sustine-

1919 4279 2061 4330 mus,
2092 4278 2213 4319 cum
2243 4261 2388 4316 omni
2417 4256 2775 4314 sollicitudine
2813 4252 3016 4325 jugiter
3056 4247 3394 4319 naufragium
3422 4245 3507 4302 fu-

1920 4357 2147 4430 gientes.
2194 4353 2349 4422 Quod
2388 4350 2545 4406 valde
2576 4344 2707 4404 tunc
2742 4344 2979 4401 maxime
3020 4337 3508 4414 pertimescendum

210 4439 437 4529 ttgaiuit‘
470 4450 721 4526 'poteStas
765 4431 1097 4508 attribuitur.
1147 4448 1280 4522 Quis
1324 4466 1455 4522 ergo
1502 4448 1662 4514 alius,
1689 4464 1818 4520 erga
1843 4448 1896 4510 Ι)
1922 4455 2026 4512 est,
2056 4460 2182 4502 cum
2207 4442 2501 4497 virtutibus
2518 4448 2575 4495 et
2596 4436 2877 4494 miraculis
2899 4449 3062 4505 supra
3086 4447 3186 4488 nos
3206 4431 3508 4513 elevamur.

210 4550 481 4605 timorem
523 4540 619 4601 Dei
649 4554 705 4601 et
748 4560 989 4601 amorem
1020 4551 1129 4599 tam
1176 4543 1406 4598 idoneus
1452 4541 1744 4606 invenitur,
1773 4539 1820 4596 si

208 4636 340 4698 huic
372 4638 547 4711 culpa
584 4639 851 4702 innuitur,
877 4636 1148 4709 praecipue
1181 4634 1268 4690 cui
1300 4632 1414 4706 ipse
1446 4632 1707 4690 Dominus
1738 4642 1823 4689 te-

211 4731 551 4788 stimonium
601 4728 869 4784 reddidit?
913 4726 1025 4783 Nec
1068 4718 1231 4798 igitur
1273 4726 1469 4781 mirum
1510 4726 1635 4797 quia
1672 4725 1826 4781 multi

210 4818 523 4883 indociles,
556 4816 682 4872 dum
713 4817 793 4873 rei
822 4825 986 4889 gesta
1012 4817 1274 4871 rationem
1306 4815 1575 4889 ignorant,
1604 4813 1828 4886 laqueos

210 4910 554 4972 oﬂeusionis
590 4912 895 4976 incurrunt,
929 4920 988 4966 ut
1018 4909 1245 4967 credant
1272 4909 1431 4965 ﬁdem
1473 4925 1658 4965 veram
1685 4910 1737 4963 in
1761 4924 1827 4964 eo

212 5025 327 5066 non
376 5006 565 5064 fuisse
602 5005 747 5077 quod
789 5002 992 5059 dictum
1020 5012 1104 5060 est
1131 5003 1205 5069 ei,
1249 5000 1474 5058 Modica:
1499 5000 1643 5071 ﬁdei,
1669 5017 1830 5072 quare

212 5101 536 5158 dubitasti?
555 5098 850 5169 Propterea
880 5113 986 5153 non
1009 5096 1355 5154 considerant
1383 5096 1437 5151 hi
1462 5096 1595 5151 tales
1624 5086 1831 5167 magni-

213 5194 486 5249 tudinem
522 5189 694 5260 ipsius
724 5187 847 5244 ﬁdei
892 5204 999 5260 qua
1044 5188 1246 5244 dictum
1277 5194 1390 5253 est,
1424 5177 1673 5252 Domine:
1690 5178 1735 5241 si
1774 5196 1830 5241 tu

211 5278 293 5351 et,
307 5283 464 5356 iube
484 5290 568 5336 me
595 5280 666 5335 ad
705 5282 765 5336 te"
792 5282 962 5337 venire
991 5296 1148 5351 super
1175 5297 1360 5352 aquas.
1392 5272 1592 5353 Utique
1626 5277 1720 5350 qui
1746 5270 1831 5334 di-

213 5381 317 5465 cit,-
363 5377 521 5435 Jube
545 5390 664 5465 me,
693 5374 921 5432 credidit
944 5366 1290 5465 potestatem.
1337 5368 1529 5447 ingens
1555 5389 1686 5446 ergo
1715 5371 1832 5435 hac

213 5460 544 5533 credulitas
575 5456 698 5537 fuit,
722 5478 783 5526 ut
820 5469 1011 5527 audaci
1049 5460 1209 5536 saltu,
1238 5479 1293 5527 et
1319 5470 1383 5526 de
1414 5469 1536 5525 navi
1566 5467 1833 5538 intrepido

215 5568 548 5631 descensu,
588 5562 1008 5636 profundis'simo
1049 5579 1110 5620 se
1164 5552 1415 5619 crederet
1453 5559 1741 5625 elemento,
1781 5552 1837 5618 et

215 5660 572 5717 inusitatam
627 5654 901 5732 gressibus
939 5655 1084 5713 viam
1134 5670 1359 5713 securus
1410 5653 1658 5709 intraret.
1721 5649 1840 5708 Non

1920 4538 2218 4613 Propterea
2242 4534 2401 4593 datur
2416 4533 2733 4591 beatissimo
2754 4529 2923 4587 Paulo
2942 4526 3184 4584 stimulus
3202 4523 3398 4590 carnis,
3423 4527 3518 4578 art-

1927 4608 2073 4708 gelu-s
2104 4631 2317 4690 Satana:
2338 4627 2422 4700 (II
2448 4614 2570 4683 Cor.
2596 4642 2695 4690 xtl,
2719 4624 2797 4695 7),
2825 4622 2966 4679 sicut
2989 4629 3043 4677 et
3064 4619 3152 4677 hic
3184 4633 3329 4674 nunc
3349 4608 3515 4705 Petro

1929 4738 2123 4785 ventus
2145 4721 2481 4789 tentationis,
2495 4730 2554 4774 ut
2572 4719 2742 4774 virtus
2762 4717 2817 4773 in
2835 4714 3150 4771 inﬁrmitate
3164 4711 3509 4783 perﬁciatur;

1929 4818 2096 4893 629
2129 4816 2384 4888 quoniam
2428 4811 2619 4867 melius
2660 4819 2742 4865 est
2785 4808 2941 4863 nobis
2973 4803 3365 4877 interpellando

1935 4889 2138 4965 mitium
2170 4903 2388 4960 liberari
2416 4916 2575 4972 quam
2621 4896 3009 4954 dissimulando
3047 4904 3100 4949 et
3132 4908 3236 4948 non
3284 4889 3513 4956 orando,

1932 5004 2063 5075 quin
2093 5002 2200 5056 imo
2230 4993 2608 5069 superbiendo,
2638 4990 2937 5064 periculum
2972 4990 3163 5046 mortis
3211 4988 3515 5042 incurrere.

1924 5064 2071 5164 'duia
2112 5064 2402 5164 plurimum
2432 5086 2534 5143 sibi
2582 5086 2813 5142 humana
2842 5080 3122 5152 usurpatio
3154 5076 3390 5134 licentia:
3417 5064 3518 5132 ds-

1932 5196 2041 5254 ret,
2072 5185 2117 5242 si
2147 5184 2403 5239 virtutem
2432 5195 2556 5236 cum
2586 5176 2699 5233 Deo
2741 5174 2997 5245 cmpisset
3038 5168 3242 5227 habere
3270 5181 3517 5225 commu—

1934 5297 2080 5336 nem.
2130 5277 2195 5332 Et
2223 5276 2343 5331 ideo
2365 5271 2489 5343 jure
2518 5272 2693 5328 visum
2723 5280 2808 5325 eSt
2842 5266 2998 5322 nobis
3044 5261 3283 5329 Petrum,
3327 5259 3383 5316 in
3412 5247 3521 5343 quo

1930 5364 2302 5447 apostolorum
2325 5366 2566 5423 omnium
2590 5364 2770 5419 unitas
2795 5357 3225 5422 commendatur,
3247 5352 3382 5409 satis
3404 5328 3513 5439 dii)?

1940 5465 2217 5539 pensative
2241 5476 2352 5534 prae
2379 5461 2570 5515 timore
2597 5470 2832 5512 mersum
2860 5450 3026 5519 fuisse
3052 5446 3240 5514 nimio,
3263 5456 3323 5503 ut
3348 5429 3515 5515 scireis

1943 5572 2067 5613 mus
2112 5553 2247 5610 nihil
2276 5550 2475 5609 nostris
2506 5547 2716 5604 actibus
2756 5559 2855 5600 nos
2884 5542 3122 5597 tribuere
3164 5538 3378 5604 debere,
3429 5524 3526 5591 se?!

1948 5656 2120 5705 totum
2151 5647 2281 5714 Deo,
2310 5643 2454 5715 quod
2480 5650 2629 5698 recte
2656 5637 2895 5713 gerimus
2917 5636 3214 5704 ascribere,
3239 5642 3294 5690 et
3324 5618 3387 5688 in
3409 5622 3525 5688 oni-
