4004 6362
514 227 621 286 5”

1323 227 1379 284 S.
1421 227 1775 285 PASCHASII
1814 225 2160 283 RADBERTI
2197 226 2488 284 ABBATIS
2523 227 2972 285 CORBEIENSIS
3042 235 3044 238 ’

3669 215 3788 293 52s

513 343 676 398 nibus
705 340 802 396 Dei
827 339 1081 396 invocare
1103 339 1384 394 auxilium.
1409 339 1794 396 Verumtamen
1825 341 1968 412 quod
1999 339 2091 395 illo
2119 343 2171 403 Α
2195 349 2528 410 gumentum.
2555 339 2622 394 Et
2656 340 2779 396 ideo
2822 356 2930 397 non
2959 341 3255 416 incongrue
3297 344 3610 418 inerepatur
3643 348 3775 410 ﬁdes

513 433 840 505 trepidante,
870 433 1127 488 virtutem
1151 431 1217 486 ad
1240 446 1297 487 se
1323 431 1492 488 libere
1532 432 1873 502 perveniendi
1905 432 2089 486 Domi-

514 543 620 582 nus
665 541 771 581 non
810 524 1112 586 indulserit,
1154 528 1274 579 eum
1304 525 1352 579 ei
1388 525 1538 595 prius
1574 525 1760 580 venire
1788 523 1970 593 jussit,
1999 523 2094 579 sed

435 652 447 661 -
512 631 735 673 manum
761 615 811 671 ei
841 614 1100 685 porrexit,
1128 615 1635 684 apprehensumque
1663 630 1785 669 eum
1815 615 2089 680 sustinuit,

511 715 575 762 ut
599 721 758 778 supra
784 705 970 776 paucis
1005 705 1260 774 prmmisi,
1305 706 1516 775 typicus
1544 705 1678 761 ordo
1721 699 1845 771 fuit,
1873 716 1932 758 ut
1966 706 2095 759 dex-

512 807 628 856 tera
675 797 769 854 Dei
796 796 1129 852 exaltaretur
1157 811 1187 850 a
1214 795 1485 862 ﬁuetibus,
1514 813 1634 868 qua:
1682 796 1813 852 facit
1841 797 2094 851 virtutem

509 888 566 943 in
600 887 870 950 omnibus,
916 887 1171 956 quoniam
1206 887 1372 943 solius
1402 888 1609 942 Domini
1658 897 1740 944 est
1780 889 1949 942 virtus
1990 903 2094 942 sae-

509 977 618 1033 culi
677 985 855 1032 motus
918 985 1372 1046 tempestatesque
1423 978 1668 1044 calcare,
1717 986 1772 1032 et
1829 993 2016 1033 omnes
2064 993 2095 1031 a

506 1081 764 1136 pressura
799 1067 1154 1121 tentationum
1195 1067 1424 1137 eripere.
1477 1067 1634 1124 Solus
1663 1068 1806 1122 enim
1838 1084 2096 1138 passurus

506 1177 608 1232 pro
646 1162 919 1226 omnibus,
949 1162 1189 1216 omnium
1227 1173 1444 1232 peccata
1489 1165 1602 1234 ipse
1649 1164 1826 1227 solvit,
1867 1180 1966 1218 nec
2008 1180 2096 1219 so-

509 1254 652 1310 cium
689 1253 793 1308 sibi
823 1261 1244 1323 cousortemque
1270 1255 1428 1323 hujus
1454 1256 1638 1324 operis
1659 1255 1909 1320 admisit;
1953 1271 2092 1326 quo-

507 1343 654 1398 niam
689 1342 947 1413 quidquid
977 1343 1314 1398 universitati
1345 1345 1620 1414 praestitit,
1654 1345 1991 1400 solummodo
2023 1345 2093 1400 ab

506 1436 626 1506 ipso
654 1436 776 1502 fuit,
820 1437 892 1490 ita
923 1446 982 1490 ut
1017 1452 1140 1492 eum
1186 1446 1330 1492 esset
1360 1453 1498 1493 unus
1543 1453 1608 1492 ae
1648 1437 1939 1508 singularis
1982 1438 2097 1506 ipse

509 1525 810 1594 redemptio
858 1525 1267 1594 universorum,
1320 1527 1556 1596 primum
1591 1526 1813 1583 Petrum
1860 1527 2094 1583 redime-

507 1624 608 1679 ret,
653 1624 709 1670 et
751 1617 987 1672 calcaret
1027 1619 1234 1683 omnia,
1272 1619 1457 1689 sicque
1497 1621 1714 1675 demum
1757 1620 1950 1676 Petrus
1981 1621 2095 1692 ipse

2193 430 2340 486 Petri
2371 431 2605 496 modica,
2635 432 2690 487 in
2713 436 3120 505 comparatione
3144 445 3310 493 tanta:
3336 439 3634 508 majestatis
3659 445 3771 513 Dei,

2194 520 2262 575 de
2290 535 2398 590 quo
2424 529 2508 576 est
2545 522 2709 586 ﬁdes,
2762 526 3062 594 praesertim
3109 541 3230 600 cum
3269 528 3352 584 his
3393 530 3609 587 casibus
3655 549 3775 590 cre-

2193 614 2391 669 scentia
2432 623 2486 669 et
2516 615 2799 670 nutrienda
2835 625 2952 672 erat
2992 617 3126 674 ﬁdes
3168 617 3314 675 Petri
3347 636 3515 692 usque
3537 623 3610 679 ad
3649 640 3777 681 con-

2193 707 2630 762 summationem.
2657 708 2723 762 Et
2752 709 2871 765 ideo
2899 710 3027 766 licet
3058 713 3107 766 in
3135 712 3460 783 quibusdam
3491 731 3556 772 ex
3584 718 3779 777 ardore

2193 814 2404 869 magnae
2435 800 2553 854 ﬁdei
2582 809 2727 855 erret
2756 788 2968 868 Petrus,
2999 811 3177 859 tamen
3206 805 3259 859 in
3286 806 3538 864 omnibus
3566 807 3781 870 ferven-

2195 891 2302 945 tior
2328 891 2618 956 invenitur,
2650 893 2773 961 quia
2801 893 2852 947 in
2880 893 2997 964 ipso
3017 904 3102 950 est
3127 896 3301 951 forma
3323 899 3564 953 omnium
3587 899 3645 955 in
3675 919 3782 973 quo

2195 983 2377 1038 unitas
2405 983 2660 1038 Ecclesia:
2685 985 3117 1041 commendatur.

2266 1071 2334 1126 Et
2385 1089 2504 1126 cum
2532 1073 2847 1130 ascendisset
2887 1078 2942 1130 in
2973 1076 3289 1144 naviculam,
3324 1083 3543 1135 cessavit
3577 1095 3779 1140 ventus.

2199 1162 2304 1228 Qui
2347 1174 2519 1217 autem
2551 1165 2605 1217 in
2659 1165 2901 1221 navicula
2945 1178 3129 1234 erant,
3169 1182 3417 1226 venerunt
3448 1183 3498 1226 et
3529 1174 3785 1231 adorave-

2197 1265 2319 1310 runt
2349 1273 2467 1310 eum
2496 1257 2722 1313 dicentes
2749 1275 2767 1313 .'
2805 1257 2937 1314 Vere
2967 1258 3136 1315 Filius
3167 1261 3262 1316 Dei
3291 1280 3363 1317 es.
3395 1263 3454 1318 In
3494 1281 3601 1335 quo
3625 1266 3786 1336 plane

2197 1347 2480 1413 miraculo,
2508 1348 2649 1403 sicut
2672 1365 2835 1420 supra
2865 1351 3053 1420 paucis
3085 1354 3319 1419 ostendi,
3348 1355 3527 1412 omnis
3558 1357 3694 1414 ﬁdes
3735 1368 3789 1414 et

2197 1440 2331 1496 ordo
2358 1441 2668 1513 designatur
2694 1442 2967 1507 Ecclesiae,
3000 1445 3054 1500 in
3087 1461 3194 1516 quo
3227 1456 3471 1518 tempore
3499 1464 3786 1523 quousque

2199 1533 2386 1589 redeat
2426 1535 2480 1589 in
2524 1534 2686 1590 ﬁnem
2729 1536 2911 1592 saiculi
2939 1537 3183 1594 Ecclesia
3222 1539 3406 1596 multis
3442 1542 3790 1612 periclitatur

2198 1627 2582 1701 ﬁuctibus.lEt
2619 1626 2776 1685 Jesus
2817 1630 3068 1700 gradiens
3102 1647 3266 1703 super
3299 1634 3473 1690 undas
3513 1636 3707 1702 maris,
3759 1654 3790 1694 ι

505 1706 598 1760 Dei
629 1706 829 1762 auxilio
866 1707 1073 1763 levatus
1108 1718 1316 1780 martyr
1341 1720 1676 1778 occurreret,
1716 1728 1822 1768 non
1871 1728 2092 1769 accessu
2121 1697 2169 1758 Β
2198 1697 2614 1790 quamplurimis
2641 1697 2964 1792 phantasma
2987 1737 3107 1780 esse
3133 1734 3377 1796 putatur.
3403 1727 3541 1784 Hinc
3568 1744 3790 1801 quoque

502 1796 757 1867 indignus
797 1798 890 1868 qui
934 1799 1147 1860 caeteris
1193 1800 1298 1856 ﬁde
1343 1803 1606 1869 anteibat,
1634 1805 1729 1859 sed
1771 1805 2096 1874 probatione

503 1905 569 1945 ac
613 1891 1065 1961 multiplicatione
1089 1893 1308 1948 virtutis
1342 1895 1643 1951 instructus
1669 1912 1733 1952 ac
1763 1897 2096 1966 gloriﬁcatus

501 1981 788 2050 operibus,
839 1993 901 2038 ut
943 1983 1079 2038 alios
1121 1985 1373 2040 anteiret.
1426 1985 1597 2057 Igitur
1644 1987 2093 2060 qualitercunque

501 2070 720 2137 Petrus,
761 2081 853 2126 aut
880 2088 946 2128 ex
990 2075 1274 2145 mysterio,
1306 2085 1398 2130 aut
1443 2093 1509 2131 ex
1560 2077 1873 2134 inﬁrmitate
1917 2081 2095 2151 prola-

500 2176 632 2231 psus
645 2163 737 2229 sit,
754 2172 1159 2240 constattamen
1187 2167 1240 2221 in
1267 2182 1352 2233 eo,
1381 2169 1506 2238 quia
1531 2185 1721 2225 verum
1745 2187 1942 2242 corpus
1967 2172 2088 2228 fuit.

499 2254 568 2310 Et
614 2257 668 2310 si
718 2256 834 2326 ipse
887 2258 1260 2314 tantummodo
1304 2275 1465 2316 verus
1508 2262 1670 2317 homo
1721 2278 1883 2334 super
1923 2281 2092 2336 aquas

497 2355 651 2402 recto
681 2347 894 2405 incessu
921 2351 1002 2407 ire
1034 2353 1226 2423 potuit,
1253 2353 1423 2408 multo
1448 2357 1621 2425 magis
1650 2356 1794 2412 Deus
1822 2367 1878 2413 et
1907 2360 2087 2426 homo,

495 2453 607 2494 non
655 2442 1003 2511 phantasma,
1049 2445 1143 2499 sed
1192 2446 1394 2500 veritas
1437 2446 1559 2512 fuit,
1604 2449 1695 2519 qui
1728 2465 1834 2504 non
1861 2450 2007 2506 aliud
2033 2452 2089 2506 in

495 2541 727 2604 utraque
754 2545 947 2591 natura
990 2553 1154 2608 quam
1181 2552 1344 2594 verus
1368 2537 1527 2596 Jesus
1563 2540 1812 2598 Christus
1857 2541 1977 2598 fuit.
2023 2543 2092 2599 Et

495 2623 621 2678 ideo
671 2639 832 2682 nemo
873 2626 943 2684 de
991 2628 1194 2684 virtute
1246 2623 1554 2687 inﬁrm‘etur
1607 2648 1732 2688 eum
1795 2635 2086 2703 haereticis,

497 2731 659 2772 nemo
698 2720 768 2773 de
801 2719 1028 2775 veritate
1073 2721 1255 2777 carnis
1303 2720 1598 2778 falsitatem
1645 2725 1748 2780 sibi
1783 2725 2083 2796 conﬁngat,

496 2809 640 2877 quod
676 2810 889 2880 pondus
935 2827 1042 2866 non
1092 2813 1361 2879 habuerit,
1406 2830 1565 2869 nemo
1593 2814 1661 2869 de
1701 2816 1984 2871 divinitate
2031 2817 2086 2871 in

492 2896 712 2955 Christo
753 2900 982 2956 dubitet.
1015 2901 1262 2965 Mediae,
1307 2904 1512 2973 inquit,
1556 2905 1682 2974 ﬁdei
1723 2922 1886 2976 quare
1928 2905 2086 2960 dubi-

493 2991 661 3044 tasti?
684 2990 838 3058 Quod
861 2993 908 3047 si
948 2991 1111 3049 Petro
1140 2996 1241 3050 hoc
1265 3005 1410 3051 recte
1441 2997 1660 3064 dicitur,
1691 3000 1778 3054 cui
1826 3001 1980 3067 ﬁdes,
2027 3011 2087 3058 ut

491 3081 567 3136 ita
617 3081 814 3148 dicam,
847 3083 1290 3155 incomparabilis
1337 3088 1478 3143 inter
1514 3089 1646 3145 alios
1671 3091 1914 3160 emicuit,
1952 3095 2084 3164 quid

489 3185 650 3247 putas
675 3177 741 3233 de
768 3178 926 3235 nobis
955 3180 1182 3246 dicetur,
1214 3183 1305 3253 qui
1337 3200 1439 3240 nec
1467 3186 1732 3243 modicam
1771 3188 1928 3258 hujus
1959 3191 2083 3248 ﬁdei

489 3269 813 3338 particulam
844 3271 1047 3329 habere
1081 3274 1406 3345 probamur?
1427 3277 1528 3346 Qui
1559 3280 1629 3336 ad
1663 3282 1932 3337 modicum
1961 3283 2082 3340 ideo

489 3361 692 3415 tentari
731 3363 1088 3434 permittitur,
1118 3375 1178 3420 ut
1209 3365 1326 3435 ejus
1355 3368 1491 3424 ﬁdes
1529 3371 1596 3426 de
1631 3371 1950 3429 inﬁrmitate
1987 3390 2083 3428 au-

489 3462 714 3524 geatur,
765 3465 822 3512 et
871 3458 1044 3514 virtus
1091 3457 1294 3517 Christi
1358 3463 1642 3519 sublimior
1691 3465 1759 3520 de
1816 3467 2083 3522 subventu

486 3543 832 3614 praedicetur.
878 3548 1046 3605 Nemo
1071 3551 1236 3623 630
1270 3553 1436 3624 igitur
1471 3555 1740 3610 modicam
1767 3565 1945 3628 potest
1985 3573 2082 3613 vo-

489 3651 618 3694 care
659 3639 817 3696 ﬁdem
865 3639 1035 3708 Petri,
1081 3645 1172 3714 qui
1212 3660 1402 3702 omnes
1449 3648 1503 3702 in
1539 3647 1644 3702 ﬁde
1686 3650 1884 3721 ubique
1924 3659 2081 3707 ante-

490 3728 659 3786 cellit.
709 3730 880 3789 Nemo
920 3743 1100 3791 tamen
1132 3747 1314 3808 potest
1351 3753 1551 3810 negare
1594 3739 1879 3809 exiguam,
1920 3755 2082 3810 quem

489 3821 753 3879 Dominus
779 3826 1005 3883 modicae
1033 3827 1157 3883 ﬁdei
1181 3827 1350 3886 fuisse
1382 3830 1652 3900 culpando
1683 3832 1948 3903 increpat.
1979 3833 2083 3888 Ta-

488 3928 617 3994 men
670 3913 805 3972 ﬁdes
842 3932 964 3987 qua:
1007 3934 1169 3989 supra
1222 3935 1390 3990 grano
1445 3923 1654 3992 sinapis
1713 3934 2080 3994 comparatur,

492 3993 630 4062 ﬁdes
654 4007 897 4064 omnium
945 4009 1311 4080 apostolorum
1354 4020 1458 4078 est,
1500 4021 1556 4068 et
1597 4014 1808 4070 modica
1838 3993 2078 4082 videtur,

491 4114 613 4168 qua:
651 4097 803 4168 juxta
855 4100 1212 4169 quantitatem
1257 4115 1428 4172 grano
1473 4102 1670 4174 exiguo
1708 4113 2078 4173 comparatur.

492 4185 632 4254 Quid
661 4189 828 4259 igitur
855 4188 1106 4252 dicimus,
1137 4189 1380 4259 nunquid
1405 4190 1706 4246 Chananaaa
1752 4193 1842 4248 illa
1887 4193 2084 4250 mulier

487 4277 750 4346 majorem
782 4279 942 4334 ﬁdem
989 4279 1242 4336 habuisse
1281 4283 1523 4337 creditur
1549 4298 1708 4353 quam
1750 4284 1966 4354 Petrus,
1993 4287 2081 4342 cui

2196 1810 2250 1866 in
2281 1819 2474 1882 quarta
2517 1811 2698 1882 vigilia
2730 1814 2905 1869 noctis
2949 1811 3088 1871 bene
3117 1817 3332 1874 venisse
3364 1819 3586 1886 dicitur,
3618 1836 3788 1892 quam

2194 1902 2537 1972 particulam,
2565 1918 2746 1973 supra,
2782 1903 2944 1960 ﬁnem
2990 1908 3164 1963 noctis
3194 1925 3316 1966 esse
3339 1910 3709 1969 ostendimus.
3735 1914 3791 1969 In

2195 2007 2302 2062 qua
2335 2009 2466 2049 sane
2494 1993 2676 2065 vigilia
2721 2011 2843 2050 cum
2879 1996 3162 2067 advenerit
3193 1999 3446 2059 Christus
3491 2005 3562 2060 ob
3601 2013 3789 2061 tenta-

2197 2083 2372 2140 tiones
2413 2085 2756 2153 Antichristi,
2785 2090 3158 2146 nutabundam
3181 2092 3338 2149 valde
3365 2103 3423 2150 et
3463 2095 3791 2170 naufragam

2192 2175 2432 2232 inveniet
2469 2179 2798 2248 Ecclesiam,
2833 2180 3088 2240 ﬂantibus
3132 2186 3370 2256 undique
3419 2189 3619 2245 ventis.
3654 2191 3794 2260 Qua:

2192 2268 2314 2324 ideo
2343 2279 2536 2339 quarta
2567 2271 2787 2339 dicitur,
2815 2275 2942 2344 quia
2976 2276 3152 2346 prima
3190 2275 3294 2334 fuit
3321 2278 3455 2349 legis
3486 2282 3698 2352 vigilia,
3739 2285 3792 2340 iu

2193 2374 2298 2429 qua
2328 2360 2412 2416 lex
2445 2362 2567 2417 data
2595 2373 2697 2430 est,
2725 2366 2960 2421 secunda
2989 2369 3400 2438 prophetarum,
3431 2371 3594 2444 631
3626 2378 3793 2432 tertia

2193 2449 2365 2519 ipsius
2390 2451 2602 2508 Domini
2631 2453 2919 2523 adventus,
2941 2467 3135 2527 quarta
3160 2474 3289 2516 vero
3312 2461 3535 2524 reditus,
3564 2466 3793 2534 quando

2192 2551 2454 2597 venturus
2478 2551 2562 2598 est
2600 2544 2654 2598 in
2687 2544 2956 2612 claritate,
2987 2549 3211 2606 calcatis
3238 2552 3492 2610 omnibus
3522 2569 3792 2615 aurarum

2190 2631 2448 2699 motibus,
2476 2637 2690 2704 quando
2722 2637 2958 2692 inveniet
2996 2637 3229 2707 fessam,
3274 2651 3330 2697 et
3359 2643 3588 2700 nimium
3637 2646 3794 2704 labo-

2192 2730 2403 2776 rantem
2438 2734 2660 2795 propter
2704 2725 3027 2784 Antichristi
3060 2731 3431 2802 impulsiones.
3461 2735 3518 2790 ln
3549 2752 3659 2808 qua
3690 2739 3794 2795 ita-

2191 2830 2297 2885 que
2327 2819 2622 2874 tentatione
2653 2821 2829 2878 anxiis
2865 2832 3056 2879 vexata
3097 2826 3301 2882 Christi
3338 2828 3577 2886 Ecclesia
3605 2830 3792 2889 ﬁucti~

2190 2909 2315 2976 bus,
2343 2911 2410 2965 ad
2439 2905 2652 2969 omnem
2685 2917 3045 2973 tentationum
3089 2922 3386 2980 novitatem
3417 2925 3581 2982 nimis
3630 2928 3792 2983 solli-

2190 3000 2297 3055 cita
2340 3003 2476 3068 erit,
2509 3005 2580 3058 ita
2613 3014 2673 3060 ut
2720 3007 2772 3062 in
2807 3008 3019 3065 Domini
3066 3012 3233 3067 etiam
3278 3013 3567 3070 adventum
3613 3031 3790 3088 expa-

2188 3107 2412 3147 vescere
2441 3093 2676 3163 dieatur,
2721 3109 2940 3168 propter
2980 3099 3148 3157 falsas
3177 3117 3358 3158 rerum
3405 3105 3701 3176 imagines,
3739 3118 3793 3163 et

2189 3183 2508 3252 subreptitia
2548 3185 2602 3240 in
2648 3187 2821 3242 oculis
2863 3188 3166 3261 fragmenta
3202 3195 3632 3252 mendaciorum.
3674 3199 3789 3255 Sed

2187 3271 2362 3328 bonus
2390 3273 2649 3332 Dominus
2679 3280 2862 3334 statim
2890 3283 3066 3338 aderit
3092 3285 3225 3351 suis,
3259 3295 3314 3342 et
3352 3287 3650 3345 illustrabit
3686 3307 3788 3348 eos

2187 3378 2320 3419 voce
2342 3367 2749 3435 consolationis,
2774 3379 2831 3425 ut
2857 3371 3110 3429 ﬁduciam
3136 3377 3393 3444 habeant,
3421 3380 3786 3452 timoremque

2189 3454 2477 3526 depellant.
2512 3457 2718 3524 Quibus
2757 3463 2948 3531 procul
2995 3465 3159 3522 dubio
3203 3469 3493 3540 inspirabit
3523 3472 3689 3528 ﬁdem
3733 3476 3788 3532 in

2187 3546 2395 3612 animo,
2441 3548 2795 3622 dicturusque
2836 3561 2948 3620 est,
2991 3553 3108 3627 Ego
3147 3575 3298 3625 sum,
3343 3575 3415 3616 ne
3457 3561 3788 3620 Antichristi

2187 3638 2521 3694 seducantur
2562 3643 2859 3699 erroribus.
2908 3645 2975 3699 Et
3020 3647 3125 3702 hoc
3154 3658 3239 3704 est
3268 3651 3352 3716 ei,
3397 3654 3702 3710 ascendere
3732 3656 3785 3711 in

2188 3745 2404 3796 navem,
2450 3733 2707 3802 quoniam
2738 3751 2865 3792 mox
2908 3738 3147 3796 adventu
3175 3758 3276 3799 suo
3307 3753 3531 3801 ventum
3561 3763 3787 3806 cessare

2185 3817 2372 3887 faciet,
2408 3831 2464 3878 et
2510 3825 2753 3894 quiescet
2789 3843 2939 3884 mare
2967 3845 2999 3884 a
3029 3829 3245 3890 fervore
3276 3838 3618 3908 tentationis,
3651 3842 3786 3898 erit-

2186 3928 2292 3983 que
2316 3929 2421 3976 pax
2467 3924 2523 3971 et
2561 3919 2922 3989 tranquillitas
2959 3938 3172 3996 magna.
3219 3927 3488 4003 Deinceps
3514 3948 3647 3989 cum
3677 3935 3788 3992 cla~

2188 4004 2324 4059 ritas
2371 4014 2574 4061 aeterna
2643 4009 2945 4078 refulserit,
2989 4024 3046 4070 et
3090 4017 3204 4088 ipse
3251 4023 3576 4081 manifestus
3612 4030 3784 4082 adve-

2188 4094 2351 4160 nerit,
2383 4104 2510 4151 tunc
2534 4113 2747 4169 quoque
2775 4102 3108 4162 admirantes
3131 4108 3327 4165 dicturi
3353 4123 3480 4168 sunt
3509 4116 3783 4184 universi,

2187 4184 2315 4254 quia
2346 4200 2472 4241 vere
2500 4185 2670 4243 Filius
2714 4191 2807 4246 Dei
2847 4202 2950 4250 est.
2993 4195 3276 4254 Confessio
3318 4200 3463 4256 enim
3491 4204 3781 4264 universo-

2189 4293 2310 4332 rum
2356 4288 2463 4334 tam
2493 4283 2736 4338 absoluta
2763 4297 2818 4340 et
2849 4288 3063 4358 publica
3109 4291 3234 4357 erit,
3281 4297 3498 4363 quando
3520 4297 3640 4368 jam
3674 4315 3783 4356 non

381 4391 390 4393 Α
489 4370 728 4424 dicitur:
762 4368 807 4424 Ο
843 4368 1055 4437 mulier,
1082 4387 1271 4443 magna
1314 4384 1388 4428 est
1417 4373 1548 4443 ﬁdes
1578 4376 1710 4430 tua?
1735 4375 1952 4448 (Matth.
1982 4394 2075 4446 xv,
2104 4417 2160 4479 Β
2187 4383 2254 4424 εἰ
2280 4379 2452 4479 Parte.
2482 4374 2576 4428 sed
2604 4390 2671 4479 ex.
2701 4375 2981 4479 wwﬁfaCie
3006 4380 3075 4434 ad
3103 4380 3302 4438 faciem
3327 4385 3602 4443 videbitur
3621 4387 3784 4458 juxta

485 4459 603 4529 28.)
635 4460 809 4515 Credo
834 4461 977 4530 quod
1013 4477 1171 4519 nemo
1208 4465 1310 4521 hoe
1335 4466 1532 4522 audeat
1567 4482 1832 4525 asserere.
1868 4469 2078 4529 Idcirco

488 4552 811 4622 quaarendus
835 4561 919 4609 est
946 4555 1137 4611 modus
1165 4555 1564 4630 intelligentiae,
1593 4565 1887 4620 secundum
1934 4566 2078 4635 quod

488 4639 606 4710 ejus
634 4642 845 4699 modica
873 4644 1085 4700 dicatur
1114 4636 1268 4714 ﬁdes,
1313 4651 1403 4720 qui
1432 4651 1486 4704 in
1522 4652 1774 4709 omnibus
1811 4655 2079 4712 ardentis-

481 4732 662 4810 simus
711 4733 816 4790 ﬁde
851 4751 917 4790 ac
945 4734 1233 4793 dilectione
1274 4739 1618 4809 przedicatur.
1669 4744 1805 4800 Ecce
1841 4746 2075 4802 interro-

487 4825 629 4897 gatis
657 4825 932 4896 discipulis
975 4843 1134 4899 quem
1162 4844 1283 4885 esse
1309 4830 1552 4886 dicerent
1579 4830 1786 4900 Jesum,
1823 4835 1937 4905 ipse
1965 4852 2079 4906 prae

489 4917 742 4972 omnibus
786 4917 1094 4983 conﬁtetur,
1147 4918 1224 4973 Tu
1264 4936 1337 4987 es,
1383 4921 1586 4990 inquit,
1620 4919 1796 4978 Filius
1843 4924 1939 4979 Dei
1979 4926 2077 4981 vivi

489 5007 705 5082 (Matth.
730 5025 844 5076 xw,
873 5009 982 5082 16).
1011 5010 1104 5066 Sic
1145 5012 1327 5082 itaque
1355 5020 1410 5068 et
1453 5014 1506 5069 in
1545 5017 1754 5072 caeteris
1781 5017 1914 5075 locis
1949 5035 2075 5075 eum

489 5115 706 5170 semper
746 5103 1181 5172 praestantiorem
1229 5103 1468 5161 invenies
1495 5105 1620 5161 ﬁde.
1670 5107 1911 5180 Denique
1954 5112 2076 5168 talis

489 5200 748 5263 tantaque
779 5193 934 5259 ﬁdes,
962 5209 1273 5266 quanquam
1297 5205 1446 5254 recte
1482 5213 1676 5269 magna
1721 5201 1976 5255 credatur
2018 5203 2072 5258 in

489 5283 896 5354 comparatione
931 5293 1204 5340 tantarum
1237 5301 1418 5343 rerum
1455 5303 1686 5358 quarum
1721 5297 1808 5344 est
1836 5287 1988 5354 ﬁdes,
2020 5299 2077 5345 et

481 5374 638 5445 juxta
663 5375 1087 5448 magnitudinem
1111 5391 1321 5445 earum,
1347 5389 1409 5434 ut
1439 5381 1569 5435 mihi
1600 5380 1836 5457 videtur,
1864 5382 2074 5439 modica

488 5475 575 5523 est
621 5468 785 5534 ﬁdes;
817 5469 943 5539 quia
989 5468 1123 5526 ﬁdes
1152 5479 1236 5526 est
1276 5471 1664 5541 sperandarum
1699 5480 2073 5542 argumentum

493 5574 673 5613 rerum
717 5575 822 5615 non
868 5561 1240 5631 apparentium
1271 5559 1457 5630 (Hebr.
1482 5576 1561 5626 XI,
1593 5561 1679 5631 1);
1712 5570 1766 5617 et
1800 5577 1960 5618 omne
1990 5581 2074 5619 ar-

491 5659 803 5718 gumentum
836 5653 1015 5708 minus
1038 5660 1122 5708 est
1154 5667 1340 5707 earum
1379 5665 1559 5718 rerum
1578 5692 1593 5720 ι
1623 5669 1851 5725 quarum
1878 5668 1960 5714 εει
1987 5675 2072 5716 ει·-

2185 4461 2502 4530 Apostolum
2530 4463 2673 4533 quod
2713 4465 3008 4535 perfectum
3045 4483 3156 4538 est;
3190 4475 3407 4544 quando
3443 4475 3541 4535 Dei
3577 4478 3784 4538 Filium

2181 4553 2295 4624 jam
2340 4570 2444 4610 non
2474 4555 2529 4611 in
2564 4557 2868 4616 humilitate
2903 4577 3188 4633 corporea,
3231 4569 3325 4623 sed
3356 4570 3410 4626 in
3441 4570 3696 4630 claritate
3727 4583 3783 4631 et

2185 4644 2356 4716 gloria
2387 4661 2550 4715 quam
2598 4648 2916 4707 habetcum
2949 4653 3133 4722 Patre,
3169 4658 3348 4714 omnis
3395 4660 3644 4718 Ecclesia
3694 4665 3780 4720 vi-

2185 4737 2332 4792 debit
2358 4748 2692 4808 sanctorum,
2721 4751 2774 4797 et
2818 4744 3065 4801 adorabit
3105 4761 3228 4804 eum
3266 4751 3319 4806 in
3368 4753 3564 4808 stecula
3607 4770 3781 4811 saecu-

2184 4827 2382 4884 lorum.
2430 4827 2585 4886 Nunc
2629 4842 2809 4887 autem
2841 4834 3013 4891 donec
3063 4838 3190 4912 hinc
3234 4841 3358 4896 inde
3391 4855 3625 4914 surgunt
3673 4847 3780 4902 ﬁu-

2185 4929 2331 4988 ctus,
2358 4929 2414 4976 et
2445 4930 2792 4992 tempestates
2831 4927 3080 4994 saeviunt,
3106 4929 3234 4986 licet
3262 4933 3465 4990 veritas
3494 4934 3619 4992 luce
3662 4937 3782 4993 cla-

2184 5013 2299 5069 rius
2338 5014 2451 5086 jam
2490 5024 2708 5086 pateat,
2751 5017 2929 5075 adhuc
2974 5035 3006 5074 a
3050 5022 3236 5078 multis
3283 5024 3445 5095 (quod
3480 5028 3638 5099 pejus
3668 5032 3776 5100 est)

2167 5101 2348 5163 etiam
2377 5109 2766 5168 ecclesiasticis
2791 5111 2951 5171 Jesus
2979 5117 3301 5186 phantasma
3327 5119 3496 5179 fuisse
3527 5134 3774 5195 putatur,

2181 5199 2310 5255 dum
2339 5201 2588 5268 credunt,
2615 5210 2710 5257 aut
2737 5218 2843 5260 non
2891 5221 3080 5264 verum
3123 5224 3322 5280 corpus
3366 5212 3646 5281 habuisse,
3676 5226 3779 5273 aut

2183 5288 2229 5344 si
2267 5289 2473 5356 habuit,
2503 5307 2612 5347 non
2642 5309 2766 5350 eum
2789 5310 2978 5352 verum
3008 5298 3103 5354 Dei
3133 5299 3330 5357 Filium
3355 5317 3496 5369 esse,
3526 5305 3614 5361 vel
3643 5322 3775 5378 pro-

2181 5380 2378 5452 prium.
2415 5380 2521 5438 Sed
2548 5384 2817 5442 catholica
2845 5386 2980 5444 ﬁdes
3021 5397 3310 5463 utrumque
3354 5393 3669 5462 conﬁtetur,
3716 5408 3779 5454 et

2181 5473 2457 5544 proprium
2487 5473 2583 5531 Dei
2612 5475 2806 5533 Filium
2836 5493 2903 5534 ac
2939 5495 3146 5549 verum,
3174 5482 3333 5540 sicuti
3363 5485 3466 5540 hoc
3493 5487 3615 5543 loco
3639 5504 3776 5544 con-

2182 5563 2308 5619 fessi
2339 5575 2466 5620 sunt
2494 5568 2745 5636 apostoli,
2778 5577 2833 5624 et
2865 5572 2956 5641 qui
3001 5587 3122 5628 cum
3162 5573 3293 5643 ipsis
3337 5583 3492 5630 erant
3523 5577 3578 5631 in
3617 5580 3771 5641 navi.

2181 5656 2307 5727 quia
2337 5666 2484 5712 verus
2525 5657 2618 5713 Dei
2652 5658 2699 5712 F
2702 5659 2824 5715 ilius
2853 5679 2930 5730 es,
2958 5673 3010 5720 et
3053 5679 3239 5721 verum
3275 5683 3470 5737 corpus
3510 5669 3774 5726 habuisse
