4004 6362
221 379 323 438 529

963 383 1322 444 EXPOSITIO
1357 386 1424 442 IN
1463 388 1904 449 MATTHIEUM.
1941 423 2016 437 --
2049 396 2176 454 LIB.
2219 397 2330 465 VII,
2366 397 2518 454 CAP.
2560 397 2676 454 XV.

3386 401 3492 458 550

219 497 477 556 catholice
505 498 865 568 praedicatur;
915 502 1058 572 quod
1091 511 1144 557 et
1193 503 1402 574 pondus
1431 506 1701 572 habuerit,
1734 517 1794 563 ut
1820 509 1874 570 Α
1899 511 2040 566 sicut
2067 521 2121 567 et
2149 522 2334 569 nostra
2363 515 2457 584 qui
2489 528 2614 569 eum
2646 525 2921 582 nunquam
2954 511 3188 569 vidimus
3219 515 3272 571 in
3303 531 3491 576 carne.

217 593 341 658 dixi,
373 591 661 662 gravitatis
703 592 904 662 absque
928 605 1172 664 peccato,
1199 605 1254 651 et
1280 613 1418 653 onus
1454 615 1792 670 corporeum,

214 691 266 740 et
305 699 427 737 cum
479 683 721 753 pondere
770 692 932 754 atque
980 699 1144 741 onere
1195 690 1463 758 corporali
1513 692 1798 748 incesserit

215 788 369 843 super
399 789 574 843 aquas
622 790 728 829 non
773 774 968 830 infusis
1010 777 1256 847 pedibus,
1304 780 1443 835 sicut
1483 784 1698 853 proprie
1729 785 1795 841 de

214 867 306 922 hac
332 880 391 921 re
439 866 728 938 Dionysius
751 868 998 938 egregius
1041 869 1181 925 inter
1212 871 1450 942 reliquos
1491 875 1680 931 doctor
1705 893 1796 933 ec-

212 961 547 1017 clesiasticus
593 963 648 1017 in
678 965 951 1033 cpusculis
979 965 1045 1020 de
1091 967 1288 1023 divinis
1319 969 1637 1028 Nominibus
1665 990 1795 1031 con-

212 1051 462 1117 tradidit,
501 1060 557 1106 et
593 1053 898 1123 conscripta
945 1055 1102 1113 nobis
1142 1058 1391 1129 reliquit,
1431 1063 1572 1132 quod
1601 1071 1657 1119 et
1702 1065 1795 1121 alii

216 1143 497 1199 ﬁrmavere
545 1146 815 1202 doctores.
844 1147 1049 1205 Scribit
1088 1152 1232 1207 enim
1262 1154 1334 1208 ita
1379 1156 1522 1211 inter
1553 1167 1749 1213 caetera
1778 1177 1790 1213 :

212 1234 521 1306 Ignoramus
553 1237 782 1306 qualiter
808 1238 874 1294 de
902 1240 1146 1311 virgineo
1187 1245 1466 1317 sanguine,
1495 1247 1658 1319 632
1688 1248 1793 1305 alia

212 1325 338 1398 lege,
369 1337 576 1398 prretcr
603 1329 931 1397 naturalem,
965 1331 1321 1402 formabatur,
1349 1346 1404 1394 ct
1431 1339 1664 1409 qualiter
1686 1357 1792 1398 non

214 1417 402 1474 infusis
452 1421 710 1487 pedibus,
759 1425 1041 1492 corporale
1093 1427 1300 1496 pondus
1370 1431 1692 1488 habentibus
1740 1443 1796 1491 et

211 1509 490 1565 materiale
515 1525 674 1576 onus,
705 1513 1086 1570 deambulabat
1120 1520 1374 1574 mundam
1405 1530 1460 1576 et
1488 1523 1793 1580 instabilem

215 1599 584 1656 substantiam.
618 1601 717 1656 Ubi
752 1604 988 1659 ostendit
1031 1607 1290 1676 praefatus
1329 1611 1521 1667 doctor
1549 1613 1622 1668 ita
1669 1630 1792 1670 cum

221 1690 532 1756 ambulasse,
565 1700 618 1747 et
657 1693 1007 1766 Evangelium
1039 1697 1140 1753 hoc
1192 1701 1408 1770 probat,
1458 1718 1557 1759 nec
1601 1721 1796 1776 corpus

214 1779 352 1835 aliud
398 1780 568 1837 fuisse
606 1799 768 1852 quam
816 1801 1002 1840 verum
1047 1804 1264 1860 corpus,
1303 1808 1403 1848 nec
1446 1810 1614 1865 aquas
1647 1796 1792 1854 aliud

1902 599 2054 657 Unde
2073 605 2371 674 perpendat
2387 605 2670 675 prudentia
2692 611 2893 667 vestra,
2917 618 3076 672 quam
3098 605 3377 674 signanter
3391 609 3492 677 ait,

1897 686 2029 744 Cum
2052 694 2408 762 cognovissent
2440 710 2558 748 eum
2578 693 2678 747 viri
2702 691 2807 746 loci
2828 691 2994 758 illius,
3019 694 3270 749 miserunt
3291 696 3348 751 in
3373 699 3493 753 uni-

1897 802 2094 841 versam
2137 789 2401 857 regionem
2445 787 2620 852 illam,
2658 797 2707 841 et
2736 785 3036 841 obtulerunt
3064 788 3111 841 ei
3151 804 3329 863 omnes
3353 790 3494 847 male

1895 879 2160 935 habentes.
2197 881 2352 936 Sicut
2381 891 2436 936 et
2458 881 2618 937 modo
2647 881 2778 936 facit
2803 881 3068 946 Ecclesia,
3095 891 3144 936 et
3165 892 3352 953 rogant
3369 901 3489 939 eum

1895 980 1951 1024 ut
2000 972 2262 1040 ﬁmbriam
2301 975 2593 1029 vestimenti
2627 974 2742 1044 ejus
2769 983 3011 1043 tangant,
3055 973 3145 1028 ubi
3189 977 3327 1030 mira
3357 976 3492 1034 lldes

1895 1065 2222 1134 praedicatur
2256 1065 2727 1122 Genesarenorum
2778 1076 2833 1123 et
2875 1067 3167 1133 Ecclesiae,
3215 1084 3336 1139 quae
3383 1086 3492 1128 non

1897 1156 2068 1212 solum
2095 1169 2349 1215 contenta
2376 1160 2429 1214 in
2459 1175 2678 1214 suorum
2709 1160 3034 1216 sanitatibus
3057 1201 3072 1226 ,
3108 1176 3298 1216 verum
3323 1161 3488 1218 etiam

1897 1246 1965 1300 ad
1993 1247 2276 1304 universos
2323 1250 2527 1314 mittit,
2573 1259 2632 1304 ut
2675 1252 2894 1306 veniant
2931 1260 2987 1306 et
3025 1261 3302 1306 curentur.
3335 1252 3489 1308 Unde

1897 1351 2059 1406 quam
2102 1338 2241 1394 bene
2279 1339 2522 1396 Genesar
2558 1353 2704 1396 ortus
2747 1344 3061 1413 principium
3087 1343 3288 1398 dicitur
3317 1345 3488 1400 inter-

1895 1430 2134 1498 pretari,
2165 1431 2418 1501 quoniam
2459 1448 2556 1502 per
2599 1432 2744 1488 illam
2788 1434 3116 1504 primitivam
3155 1435 3487 1503 Ecclesium,

1897 1534 2018 1589 quas
2053 1521 2106 1574 in
2137 1522 2406 1592 principio
2438 1537 2561 1577 eum
2593 1523 2728 1578 vidit
2755 1525 2859 1579 ﬁde
2883 1535 2939 1580 et
2973 1526 3270 1592 intellectu,
3304 1527 3485 1597 inqua

1896 1621 2051 1665 ortus
2080 1621 2163 1666 est
2191 1612 2473 1681 Christus,
2501 1624 2556 1670 et
2579 1613 2647 1668 de
2675 1631 2778 1685 qua
2811 1617 2923 1671 nati
2959 1627 3086 1672 sunt
3107 1617 3332 1688 apostoli
3353 1659 3368 1683 ,
3397 1633 3488 1672 co-

1897 1701 2081 1771 gnitus
2124 1711 2209 1757 est
2260 1703 2312 1758 in
2347 1707 2551 1760 mundo
2594 1717 2650 1760 et
2678 1707 2949 1772 creditus;
2984 1709 3207 1779 ipsaque
3239 1710 3389 1765 misit
3432 1711 3490 1766 in

1897 1789 2212 1846 universum
2243 1791 2428 1848 orbem
2450 1835 2465 1858 ,
2505 1804 2562 1848 ut
2602 1794 2655 1848 in
2695 1803 2807 1850 toto
2835 1797 3036 1852 mundo
3069 1796 3318 1854 Christus
3344 1814 3487 1853 nun-

206 1886 361 1942 quam
393 1888 556 1928 veras
587 1875 841 1946 ipsasque
869 1876 1101 1947 liquidas
1128 1897 1191 1937 ac
1221 1883 1669 1953 praeterﬂuentes,
1699 1889 1789 1945 ubi
1821 1874 1868 1934 Β
1897 1881 2152 1947 tiaretur,
2179 1891 2236 1937 et
2258 1899 2450 1940 omnes
2479 1886 2597 1940 sani
2628 1885 2824 1942 ﬁerent
2857 1904 2886 1941 a
2914 1889 3152 1958 peccatis
3185 1899 3240 1944 et
3265 1888 3490 1960 languo-

207 1973 366 2020 totum
400 1965 634 2022 Deitatis
663 1977 747 2023 est
774 1984 912 2040 Opus
946 1973 1086 2042 quod
1117 1975 1305 2045 gessit,
1335 1985 1392 2032 et
1436 1979 1790 2038 humanitatis

205 2058 396 2113 veritas
422 2073 548 2129 qua:
576 2061 840 2130 apparuit.
870 2063 945 2117 De
972 2064 1168 2134 quibus
1199 2067 1320 2123 ideo
1347 2068 1506 2137 hujus
1532 2072 1633 2135 rei,
1662 2073 1790 2130 licet

203 2148 402 2219 paucis,
438 2149 774 2206 mentionem
804 2150 930 2219 feci,
957 2155 1082 2224 quia
1105 2171 1170 2212 ex
1203 2157 1305 2214 hoc
1335 2161 1489 2215 multi
1516 2162 1790 2234 desipiunt

199 2244 387 2309 adhuc,
425 2253 484 2299 et
514 2256 783 2301 conantur
823 2249 1117 2318 explicare,
1165 2269 1286 2323 qua:
1333 2270 1434 2310 nec
1468 2257 1674 2313 veritas
1703 2259 1791 2314 ad-

199 2334 390 2400 mittit,
427 2351 534 2392 nec
569 2338 667 2407 ipsi
718 2339 1044 2410 intelligunt.
1094 2342 1269 2410 Unde,
1308 2361 1512 2416 quaeso,
1551 2365 1619 2404 ne
1666 2367 1792 2420 pro-

197 2425 300 2483 lixa
340 2428 606 2484 videatur
653 2430 810 2486 alicui
860 2433 1123 2504 digressio
1166 2446 1221 2491 et
1265 2442 1534 2510 regressio
1579 2443 1644 2498 de
1681 2451 1789 2498 tam

197 2519 410 2575 eximiis
436 2519 623 2586 rebus,
655 2521 708 2575 in
757 2523 952 2593 quibus
999 2526 1113 2596 ipsa
1143 2530 1438 2600 eademque
1467 2532 1669 2588 veritas
1699 2534 1792 2588 ads

199 2613 470 2669 mirabilis
512 2623 676 2684 atque
721 2615 1006 2673 ineﬂ‘abilis
1041 2620 1392 2689 praedicatur.
1441 2621 1646 2679 Deinde
1695 2639 1791 2680 ea-

198 2704 446 2758 rumdem
495 2717 677 2758 rerum
716 2705 1058 2776 signiﬁcatio,
1099 2723 1222 2763 cum
1273 2711 1642 2781 multiplicitas
1670 2725 1792 2783 per-

197 2794 368 2866 plexa,
401 2802 477 2850 'et
526 2795 690 2851 latior
733 2799 1006 2869 mysteriis
1051 2800 1246 2873 ﬁgura,
1295 2819 1459 2873 quam
1509 2806 1588 2860 rei
1628 2815 1794 2877 gesta:

198 2888 526 2944 miraculum
557 2889 852 2945 invenitur.
889 2891 1155 2959 Quoniam
1187 2896 1449 2966 quidquid
1476 2913 1620 2953 nunc
1655 2899 1794 2969 gerit

199 2980 248 3036 in
293 2991 569 3053 tempore,
602 2982 1007 3056 praeﬁguratum
1047 2997 1130 3041 est
1163 2987 1216 3042 in
1259 2988 1540 3044 miraculo.
1588 2989 1794 3047 Idcirco

198 3075 286 3144 qui
312 3075 370 3130 in
404 3075 532 3130 navi
576 3084 735 3130 erant
764 3086 819 3131 et
848 3085 1212 3148 pervenerunt
1242 3078 1309 3134 ad
1340 3078 1509 3144 littus,
1541 3096 1664 3137 vere
1700 3081 1794 3136 Dei

201 3163 395 3221 Filium
429 3165 762 3222 conﬁtentur
792 3178 846 3222 et
882 3169 1145 3236 adorant,
1176 3185 1411 3241 eumque
1445 3173 1674 3228 credunt
1709 3187 1796 3228 re-

203 3250 462 3327 gnantem
487 3274 612 3312 cum
642 3257 804 3313 Patre
829 3259 882 3314 in
910 3260 1120 3316 unitate
1147 3260 1394 3319 Deitatis.
1707 3320 1721 3330 ,

272 3349 339 3403 Et
377 3365 501 3403 cum
541 3349 931 3419 transfretasset
968 3361 1236 3418 venerunt,
1264 3352 1462 3422 inquit,
1505 3355 1560 3408 in
1603 3363 1798 3410 terram

203 3436 458 3495 Genesar.
477 3439 645 3495 Porro
656 3439 898 3496 Genesar
917 3442 1066 3512 regio
1078 3451 1183 3508 est,
1207 3444 1346 3499 unde
1360 3452 1415 3498 et
1435 3443 1629 3500 alicubi
1649 3429 1799 3502 lacus

200 3527 549 3584 Genesareth
570 3539 810 3586 vocatur.
836 3531 904 3586 Et
924 3531 1122 3587 dicitur
1141 3530 1495 3601 Genesareth,
1518 3536 1660 3606 quod
1685 3537 1798 3607 ipse

203 3620 318 3676 sibi
363 3630 591 3690 generat
618 3636 793 3688 auras,
823 3623 888 3677 de
931 3639 1040 3693 quo
1071 3624 1225 3692 quasi
1266 3639 1332 3679 ex
1364 3624 1648 3698 naufragio
1677 3641 1800 3696 per-

201 3711 511 3768 secutionis
536 3711 951 3784 benignissimus
987 3712 1144 3771 Iesus
1170 3732 1362 3772 navem
1391 3717 1646 3773 Ecclesia:
1674 3734 1798 3790 per-

203 3805 352 3860 ducit
395 3804 465 3859 ad
495 3804 665 3870 littus,
709 3815 769 3861 ut
809 3807 1253 3876 tranquillissimo
1297 3818 1456 3879 portu
1484 3807 1650 3866 faciat
1677 3825 1795 3867 eam

202 3898 572 3966 i'equiescere.
602 3898 668 3952 Et
691 3900 992 3954 notandum
1019 3899 1160 3971 quod
1200 3910 1323 3972 post
1361 3901 1605 3973 quinque
1630 3901 1797 3958 millia

204 3989 473 4055 virorum,
499 3989 597 4060 qui
624 3992 1087 4047 manducaverunt
1109 4001 1163 4048 ct
1187 3995 1417 4049 saturati
1447 4002 1594 4061 sunt,
1627 3993 1798 4050 multa

201 4087 256 4133 et
291 4080 472 4135 media
498 4096 619 4150 quae
662 4081 804 4136 dicta
841 4091 968 4137 sunt
1011 4097 1182 4152 usque
1218 4083 1286 4138 ad
1327 4084 1470 4138 hunc
1510 4083 1712 4150 locum,
1742 4084 1796 4139 in

201 4152 459 4226 omnibus
489 4171 631 4227 idem
663 4188 856 4228 sensus
881 4181 995 4240 est;
1030 4175 1285 4244 quoniam
1311 4175 1480 4231 ﬁnitis
1506 4175 1638 4248 legis
1667 4185 1798 4232 tem-

200 4262 448 4330 poribus,
493 4272 548 4317 et
577 4277 642 4317 ex
688 4262 853 4318 Israel
884 4265 1124 4337 quinque
1167 4265 1406 4322 millibus
1449 4266 1692 4322 virorum
1741 4268 1796 4322 in

199 4348 447 4409 Ecclesia
485 4353 785 4421 collocatis,
826 4355 954 4412 dum
998 4367 1118 4412 orat
1145 4357 1304 4414 Jesus
1351 4358 1498 4413 solus
1528 4358 1583 4413 in
1613 4367 1796 4414 monte

198 4445 287 4500 ubi
325 4455 414 4502 est
459 4461 584 4501 cum
614 4445 797 4513 Patre,
826 4457 881 4504 et
911 4449 1083 4506 calcat
1111 4451 1325 4516 ﬂuctus,
1370 4451 1619 4522 discipuli
1648 4451 1796 4508 labo-

200 4550 321 4593 rant
350 4541 406 4595 in
441 4539 782 4610 remigando.
808 4539 1030 4598 Interim
1057 4557 1186 4598 vero
1211 4543 1358 4599 solus
1388 4542 1637 4600 Salvator
1661 4559 1797 4615 quo-

123 4627 128 4630 ’
198 4628 301 4687 ties
343 4647 478 4686 cum
510 4632 732 4702 respicit
765 4640 819 4686 et
863 4633 1109 4689 ascendit
1145 4650 1371 4702 navem,
1407 4635 1620 4706 mitigat
1663 4651 1796 4691 ven-

198 4728 300 4782 tos.
334 4721 628 4791 redditque
657 4721 1004 4793 tranquillum
1047 4742 1060 4778 :
1102 4725 1289 4796 sicque
1315 4741 1383 4781 ex
1428 4727 1516 4782 his
1560 4727 1797 4797 quinque

196 4811 443 4868 millibus
471 4826 608 4882 quos
634 4817 904 4871 recreavit
930 4817 1163 4888 primum
1199 4819 1451 4888 panibus,
1469 4819 1581 4890 jam
1612 4819 1798 4876 multis

195 4903 545 4958 credentium
577 4906 817 4961 occurrit
850 4907 1059 4979 populis
1090 4907 1204 4978 ipse
1242 4924 1341 4979 per
1371 4908 1529 4964 ﬁdem
1563 4925 1631 4965 cx
1679 4910 1796 4981 lege

192 4992 380 5048 salvus
429 5001 490 5048 et
535 4995 787 5063 satiatus,
837 4997 930 5067 qui
979 4997 1235 5069 deinceps
1278 5014 1346 5054 ex
1396 5000 1510 5055 suis
1553 5000 1796 5058 inﬁrmos

193 5091 363 5154 atque
395 5091 637 5155 aegrotos
666 5083 824 5141 oﬂ’ert
854 5085 964 5142 Deo
993 5089 1282 5154 sanandos,
1315 5088 1569 5159 quoniam
1600 5104 1796 5162 cogno—

190 5187 360 5234 scunt
404 5194 533 5234 eum
586 5177 942 5238 Salvatorem.
987 5181 1282 5254 Propterea
1328 5184 1505 5256 inquit
1549 5184 1795 5256 Evange-

261 5361 437 5434 633
469 5361 541 5417 Et
572 5380 693 5418 cum
720 5367 1077 5437 cognovissent
1103 5384 1221 5423 eum
1252 5368 1351 5424 viri
1377 5367 1476 5422 loci
1503 5366 1668 5432 illius,
1697 5367 1798 5420 mi-

188 5460 383 5505 serunt
405 5455 462 5506 in
481 5451 779 5510 universam
799 5458 1059 5528 regionem
1079 5457 1249 5513 illam.
1271 5458 1653 5527 Cognoverunt
1671 5472 1797 5513 eum

188 5556 426 5598 rumore
474 5545 652 5617 magis
697 5561 857 5616 quam
897 5547 1067 5616 facie,
1100 5551 1347 5620 quamvis
1372 5566 1482 5621 prte
1521 5551 1798 5621 signorum

189 5639 585 5708 magnitudine
613 5656 734 5712 quae
761 5643 1145 5712 perpetrabat,
1173 5642 1287 5712 jam
1314 5643 1463 5698 vultu
1492 5652 1653 5697 notus
1681 5648 1800 5697 erat

189 5729 475 5800 plurimis.
505 5728 615 5786 Sed
644 5740 754 5786 tota
782 5733 896 5788 haec
919 5733 1052 5789 ﬁdes
1073 5742 1128 5789 et
1153 5735 1346 5790 notitia
1370 5734 1434 5790 de
1461 5734 1662 5788 virtute
1683 5741 1801 5788 erat

189 5819 623 5887 miraculorum,
657 5831 713 5876 et
738 5825 1002 5894 potentia,
1040 5825 1122 5880 vel
1154 5842 1219 5881 ex
1251 5826 1424 5898 gratia
1457 5825 1637 5880 vultus
1663 5824 1799 5893 ejus,

1894 1974 2044 2030 ribus
2073 1976 2205 2030 suis.
2233 1975 2299 2029 Et
2334 1978 2586 2047 rogabant
2616 1995 2758 2044 eum,
2799 1980 2992 2050 inquit,
3025 1989 3080 2033 ut
3117 1981 3196 2034 vel
3224 1980 3488 2049 ﬁmbriam

1893 2065 2182 2120 vestimenti
2209 2066 2324 2136 ejus
2353 2076 2644 2138 tangerent.
2685 2067 2817 2123 Nam
2851 2070 3097 2136 ﬁmbria,
3125 2071 3269 2126 sicut
3297 2085 3490 2126 omnes

1893 2159 2166 2223 novimus,
2198 2173 2265 2212 ex
2292 2168 2442 2214 veste
2471 2169 2585 2225 est,
2617 2172 2672 2215 et
2699 2177 2767 2216 ex
2791 2176 2854 2217 ea
2886 2162 3155 2233 dependet
3185 2180 3199 2216 :
3231 2163 3306 2216 ita
3335 2171 3392 2216 et
3418 2178 3490 2218 ex

1895 2247 2125 2302 Domino
2155 2257 2342 2303 nostro
2384 2247 2514 2304 Jesu
2543 2248 2762 2306 Christo
2803 2251 2978 2306 virtus
3025 2251 3199 2308 sancti
3249 2251 3488 2323 Spiritus

1895 2340 2171 2410 procedit;
2205 2356 2326 2410 qua:
2352 2340 2614 2410 apostolis
2640 2343 2789 2408 data,
2825 2343 2957 2413 ipsis
2986 2358 3201 2413 quoque
3229 2352 3492 2414 tauquam

1895 2446 1960 2487 ex
1998 2434 2186 2487 eodem
2219 2433 2422 2487 Christi
2464 2449 2693 2504 corpore
2730 2437 3094 2502 exeuntibus,
3129 2436 3361 2492 salutem
3404 2437 3492 2491 his

1895 2522 1988 2592 qui
2019 2523 2338 2592 contingere
2377 2532 2636 2591 possunt,
2669 2525 3072 2581 subministrat.
3104 2524 3223 2581 Non
3255 2526 3400 2582 enim
3424 2525 3493 2582 de

1897 2611 2162 2682 apostolo,
2193 2621 2286 2667 aut
2313 2614 2378 2668 de
2397 2613 2636 2684 quolibet
2658 2624 2848 2671 sancto
2868 2617 2984 2672 haec
3007 2618 3213 2672 sanitas
3233 2617 3366 2683 exit,
3390 2618 3489 2673 sed

1895 2701 1964 2758 de
1994 2702 2240 2768 ﬁmbria,
2285 2706 2389 2760 hoc
2424 2717 2541 2772 est,
2570 2705 2638 2761 de
2660 2708 2833 2778 gratia
2861 2722 2981 2778 quae
3005 2717 3092 2764 est
3121 2709 3174 2764 in
3207 2709 3488 2778 apostolo,

1894 2795 1980 2851 vel
2029 2797 2083 2852 in
2129 2805 2335 2852 sancto.
2373 2797 2522 2853 Hanc
2561 2799 2759 2870 quippe
2801 2798 3072 2855 ﬁmbriam
3115 2799 3370 2872 tetigerat
3395 2800 3488 2856 illa

1895 2887 2092 2943 mulier
2137 2905 2257 2958 quae
2295 2889 2576 2961 sanguinis
2620 2889 2822 2945 ﬂuxum
2869 2892 3201 2962 patiebatur,
3246 2891 3376 2962 quia
3415 2892 3488 2947 ad

1896 2979 2102 3038 Christi
2130 2983 2364 3052 gratiam
2400 2992 2754 3054 pervenerat,
2787 2993 2845 3039 et
2865 2985 2987 3041 ideo
3015 3000 3156 3041 sana
3184 2985 3328 3040 facta
3351 2997 3435 3042 est
3459 3001 3492 3041 a

1896 3072 2180 3144 proﬂuvio.
2199 3073 2351 3131 Unde
2372 3090 2532 3131 nemo
2563 3077 2904 3132 sacerdotum
2926 3077 3044 3132 sine
3076 3076 3308 3132 ﬁmbriis
3327 3076 3491 3147 digne

1900 3163 2201 3235 ingreditur
2229 3165 2283 3220 in
2311 3167 2710 3232 sanctuarium;
2742 3167 2870 3236 quia
2899 3167 3148 3238 quisquis
3174 3167 3294 3224 sine
3316 3167 3491 3240 gratia

1826 3235 1873 3300 Ο
1903 3258 2079 3313 sancti
2110 3258 2346 3329 Spiritus
2373 3257 2440 3313 ad
2471 3259 2573 3314 hoc
2597 3235 2810 3313 accedit
2836 3268 2895 3314 ut
2917 3235 3228 3325 ministret,
3255 3235 3491 3314 vacuum

1901 3363 1959 3403 se
1985 3349 2222 3404 ostendit
2242 3357 2298 3404 et
2327 3349 2694 3418 importunum
2723 3348 2896 3419 magis
2923 3364 3087 3418 quam
3109 3346 3407 3403 ofﬁciosum
3429 3363 3491 3404 se

1901 3439 2096 3512 ingerit
2125 3448 2179 3494 et
2207 3440 2448 3511 dignum.

1971 3528 2038 3583 Et
2055 3532 2351 3600 quicunque
2367 3533 2665 3604 tetigerunt,
2682 3533 2879 3603 inquit,
2897 3532 3029 3586 salvi
3044 3531 3171 3601 facti
3190 3542 3331 3586 sunt.
3348 3532 3490 3600 Quia

1900 3637 2060 3676 nemo
2091 3622 2361 3692 excipitur
2407 3639 2438 3677 a
2485 3623 2659 3679 salute
2702 3633 3002 3695 perpetua,
3037 3623 3345 3692 quicunque
3392 3623 3492 3679 Dei

1899 3712 2130 3784 gratiam
2163 3713 2432 3784 attigerit;
2477 3714 2733 3784 quoniam
2764 3715 2855 3786 qui
2889 3729 3055 3768 unum
3106 3713 3269 3768 habet
3299 3728 3489 3768 earum

1899 3805 2099 3861 donum
2119 3847 2134 3872 ,
2165 3822 2355 3862 omnes
2382 3805 2620 3862 habebit.
2659 3807 2759 3873 Et,
2793 3806 2896 3873 Qui
2926 3808 2980 3860 in
3025 3822 3129 3860 uno
3178 3804 3488 3874 offenderit,

1899 3895 2070 3966 factus
2097 3905 2172 3950 est
2205 3897 2438 3951 omnium
2466 3914 2584 3952 reus
2616 3895 2823 3968 (Iacob.
2853 3913 2913 3962 ιι,
2947 3895 3056 3967 10).
3091 3894 3244 3952 Unde
3273 3902 3489 3951 constat

1897 4003 1992 4046 eos
2014 3988 2108 4060 qui
2131 3988 2310 4044 adhuc
2337 3989 2476 4043 male
2505 3989 2707 4046 habent
2733 3997 2788 4044 et
2816 3997 3079 4059 aegrotant
3097 3984 3264 4058 63E.
3289 3987 3342 4040 in
3365 3986 3484 4042 ani-

1898 4095 2009 4145 mo,
2032 4080 2157 4150 quia
2181 4094 2286 4134 non
2320 4088 2546 4151 tangunt
2568 4079 2839 4134 ﬁmbriam
2861 4077 3168 4134 vestimenti
3191 4075 3324 4146 ejus,
3351 4091 3486 4148 quo-

1898 4171 2042 4225 niam
2061 4171 2370 4241 quicunque
2395 4169 2629 4240 tetigerit
2649 4170 2732 4225 vel
2754 4186 2936 4236 unam,
2965 4178 3024 4224 ut
3041 4183 3234 4225 omnes
3259 4168 3485 4235 habeat,

1897 4261 2078 4318 salvus
2106 4261 2164 4315 ﬁt
2191 4262 2469 4327 continuo,
2499 4269 2553 4315 et
2581 4276 2689 4316 non
2717 4271 2964 4334 aegrotat.

1968 4354 2121 4428 (CAP.
2150 4354 2292 4428 XV.)
2323 4355 2467 4410 Tunc
2498 4366 2825 4410 accesserunt
2846 4356 2916 4410 ad
2936 4373 3055 4410 eum
3080 4356 3144 4410 ab
3174 4352 3484 4424 Hierosoly-

1896 4448 1995 4502 mis
2023 4445 2220 4501 Scriba:
2246 4457 2293 4500 et
2323 4444 2610 4513 Pharisaei,
2639 4447 2866 4502 dicentes
2891 4463 2908 4500 :
2934 4445 3112 4512 Quare
3138 4445 3382 4518 discipuli
3403 4444 3482 4498 tui

1899 4536 2359 4607 transgrediuntur
2384 4536 2718 4590 traditionem
2742 4537 3036 4602 seniorum,
3080 4547 3129 4591 et
3174 4552 3278 4591 non
3303 4535 3484 4589 lavant

1901 4644 2090 4682 manus
2125 4644 2248 4681 suos
2283 4643 2402 4680 cum
2427 4642 2614 4696 panem
2640 4626 2999 4681 manducant?
3024 4627 3160 4681 Mira
3179 4625 3483 4692 Pharisaeo-

1901 4733 2024 4773 rum
2046 4717 2470 4786 Scribarumque
2495 4716 2744 4782 stultitia,
2773 4716 2867 4772 Dei
2893 4716 3086 4772 Filium
3111 4726 3364 4789 arguunt,
3387 4716 3480 4786 qui

1900 4811 2076 4884 legem
2103 4810 2248 4865 dedit
2274 4810 2535 4876 divinam,
2567 4823 2736 4882 quare
2764 4809 3047 4865 hominum
3078 4810 3399 4864 traditiones
3425 4816 3482 4862 et

1900 4910 2169 4976 praecepta
2198 4917 2305 4957 non
2325 4910 2525 4957 servet.
2551 4901 2816 4969 Quoniam
2840 4901 3101 4972 quidquid
3125 4901 3179 4956 in
3206 4898 3484 4969 discipulis

1905 4993 2348 5064 reprehenditur,
2385 4994 2454 5048 ad
2482 4993 2809 5048 calumniam
2845 4992 3088 5066 Magistri
3126 4991 3383 5048 insidiose
3412 4990 3481 5045 ab

1901 5086 2053 5159 ipsis,
2078 5087 2168 5157 qui
2193 5086 2260 5141 ab
2282 5084 2668 5158 Hierosolymis
2687 5086 3020 5141 advenerant
3041 5084 3247 5140 Scriba:
3269 5090 3324 5137 et
3342 5081 3483 5136 Pha-

1902 5178 2066 5244 risaei,
2095 5175 2351 5233 refertur.
2378 5175 2486 5232 Sed
2508 5177 2836 5248 evangelista
2862 5176 3147 5248 dupliciter
3173 5188 3270 5230 eos
3296 5165 3480 5228 reda‘r-

1902 5273 2037 5343 guit,
2063 5270 2191 5343 quia
2223 5269 2430 5327 Scriba:
2449 5281 2605 5326 erant
2625 5271 2944 5327 etdoctores
2966 5271 3119 5343 legis,
3143 5269 3236 5341 qui
3258 5265 3482 5323 insidia-

1901 5361 2118 5429 bantur,
2150 5370 2205 5417 et
2227 5361 2352 5432 quia
2378 5377 2407 5416 a
2435 5361 2554 5417 loco
2588 5371 2778 5417 sancto
2804 5372 3068 5417 venerant
3094 5357 3481 5432 metropolitze,

1903 5453 1994 5509 ubi
2025 5469 2209 5511 arcem
2232 5455 2490 5510 tenebant
2511 5454 2705 5510 divinae
2733 5455 3106 5520 auctoritatis,
3135 5463 3191 5508 et
3219 5451 3481 5523 magiste-

1901 5545 2042 5600 rium
2073 5545 2353 5600 doctrinae.
2386 5543 2492 5599 Sed
2518 5545 2732 5600 divinus
2761 5543 3014 5617 Magister
3035 5553 3090 5600 et
3116 5544 3250 5616 legis
3277 5557 3480 5615 propa-

1902 5637 2064 5704 lator,
2088 5639 2227 5692 sicut
2250 5635 2448 5707 fulgur,
2477 5649 2571 5689 eos
2595 5636 2817 5691 terribili
2847 5637 3124 5693 collisione
3148 5652 3310 5707 quam
3334 5650 3479 5706 saepe

1902 5731 2219 5800 repercutit,
2247 5741 2300 5784 et
2349 5744 2577 5784 corusco
2600 5731 2887 5785 verborum
2911 5730 3181 5796 retundit;
3211 5731 3285 5784 ita
3311 5739 3367 5782 ut
3387 5743 3484 5782 eos

1903 5821 2199 5879 intonando
2226 5820 2516 5876 deterreat.
2547 5830 2602 5877 et
2627 5837 2753 5877 suos
2782 5821 3026 5878 doctrina
3053 5820 3276 5878 salutari
3311 5817 3485 5874 corri-
