4004 6362
167 448 265 513 θεῷ

172 654 494 727 Augustinus
515 652 914 708 sententiarum
933 653 1176 708 omnium
1200 654 1478 710 absolutor
1495 655 1746 722 eximius,

171 760 220 806 et
252 747 615 818 qua-stionum
647 745 1005 817 investigator
1031 746 1363 812 acerrimus,
1397 746 1556 818 longe
1594 747 1755 802 aliter

173 842 412 907 absolvit,
438 842 630 896 dicens
652 858 664 894 :
690 839 886 895 Munus
902 842 1263 913 quodcunque
1280 841 1443 898 olfers
1465 844 1591 909 mei,
1619 858 1681 899 ac
1702 844 1753 899 si

178 934 305 990 Illius
325 934 543 989 diceret
562 931 629 987 ad
658 943 868 1001 patrem
896 950 910 987 :
934 933 1112 989 Causa
1139 935 1244 990 mei
1271 936 1338 990 ad
1362 943 1415 990 te
1434 937 1747 1006 pertinebit.

176 1029 369 1095 Quibus
404 1027 594 1082 verbis
633 1024 1015 1097 signiﬁcabant
1056 1026 1149 1082 ﬁlii
1184 1028 1297 1097 jam
1332 1043 1439 1084 non
1480 1028 1584 1083 sibi
1617 1038 1761 1100 opus

177 1136 285 1176 esse
319 1127 616 1189 parentum
650 1133 749 1188 pro
782 1134 841 1175 se
881 1118 1216 1186 oblationes,
1266 1135 1333 1175 eo
1362 1122 1507 1191 quod
1540 1120 1655 1190 jam
1684 1122 1753 1177 ad

178 1228 285 1270 eam
307 1221 532 1269 aetatem
567 1212 975 1282 pervenissent,
1021 1226 1125 1281 qua
1156 1222 1375 1281 possent
1422 1213 1523 1283 ipsi
1558 1212 1761 1270 oll'erre

177 1321 265 1377 pro
298 1320 376 1360 se.
418 1303 481 1360 In
514 1304 620 1360 hac
656 1318 788 1376 ergo
831 1312 993 1360 aitate
1019 1306 1299 1360 constituti
1337 1304 1464 1371 lilii,
1496 1314 1557 1361 ut
1584 1306 1759 1362 libere

179 1404 389 1468 possent
413 1395 741 1466 parentibus
765 1396 968 1461 dicere,
994 1406 1049 1450 et
1077 1411 1198 1452 cum
1225 1397 1330 1453 hoc
1350 1397 1636 1463 dixissent,
1662 1412 1759 1453 ne-

181 1487 372 1558 gabant
412 1487 675 1542 Pharisaei
706 1502 831 1543 reos
857 1502 978 1543 esse
1008 1487 1147 1543 ﬁlios
1166 1527 1181 1553 ,
1218 1489 1262 1544 si
1293 1490 1610 1559 parentibus
1643 1490 1759 1547 suis

183 1594 285 1634 non
306 1588 629 1649 praestarent
667 1580 950 1634 honorem.
982 1579 1089 1635 Sed
1118 1596 1225 1637 non
1250 1581 1409 1636 video
1431 1591 1611 1637 utrum
1644 1596 1761 1639 res.

187 1672 418 1740 pendeat
432 1672 852 1727 circumstantiae
866 1671 1137 1736 lectionis,
1155 1672 1257 1727 nisi
1277 1673 1613 1731 solummodo
1631 1674 1761 1745 quia

192 1761 243 1817 in
271 1761 373 1816 ﬁne
395 1771 653 1831 parentes
680 1778 784 1817 non
809 1750 1157 1829 honorantes,
1187 1766 1441 1833 superbia
1469 1765 1763 1835 culpabano

186 1859 265 1909 tur
294 1851 484 1916 illecti,
514 1854 804 1924 przeccptis
831 1869 937 1908 non
966 1856 1405 1924 obtemperantes
1434 1855 1650 1910 divinis.

926 442 1288 502 EXPOSITIO
1324 442 1392 501 ΙΝ
1428 440 1860 505 ΜᾹΤΊἮΛΕΠΜ.
1901 479 1969 490 -
2005 443 2129 504 LIB.
2174 444 2283 514 VII,
2315 446 2467 505 CAP.
2502 442 2622 505 XV.

170 569 291 624 dere
326 563 393 618 de
419 560 779 618 consecratis.
808 559 974 633 637
1005 559 1177 629 Quam
1216 562 1546 621 sententiam
1584 563 1745 619 Pater
1772 569 1821 628 Α
1848 571 2071 618 utuntur
2123 562 2368 618 homines
2422 581 2436 617 :

3321 447 3433 508 εδδ

2496 563 2643 617 verbi
2687 556 2884 633 gratia,
2928 558 3139 619 suillam
3183 578 3427 631 carnem,

1849 664 2081 719 ostreas,
2112 664 2169 710 et
2204 655 2432 725 lepores,
2478 669 2572 709 seu
2608 654 2913 710 istiusmodi
2965 656 3259 710 animantia
3311 671 3435 727 qua

1852 761 1956 802 non
1996 748 2478 819 ﬁnduntungulam
2510 762 2611 803 nec
2634 749 2935 813 ruminant,
2968 761 3070 802 nec
3107 748 3161 802 in
3191 748 3437 818 piscibus

1852 854 2166 909 squammas
2206 841 2430 897 habent.
2457 841 2757 895 Commune
2784 853 2916 910 ergo
2934 840 3136 893 dicitur
3158 841 3303 910 quod
3326 854 3439 894 ea»

1854 933 1986 988 teris
2026 941 2175 1003 patet
2222 932 2658 997 hominibus,»et
2696 932 2751 984 in
2779 944 3069 985 commune
3117 937 3435 995 vescuntur,

1854 1026 2006 1096 quasi
2031 1027 2124 1096 qui
2168 1040 2273 1080 non
2294 1029 2429 1080 sunt
2452 1027 2518 1081 de
2569 1034 2724 1095 parte
2770 1025 2890 1090 Dei,
2919 1033 2974 1079 et
3006 1025 3128 1081 ideo
3176 1038 3208 1080 a
3237 1024 3439 1081 Iudaeis

1855 1116 2162 1188 huiusmodi
2211 1118 2316 1174 cibi
2362 1132 2685 1173 communes
2730 1126 2995 1172 vocantur
3045 1125 3102 1171 et
3146 1115 3440 1172 immundi.

1862 1207 2011 1263 Unde
2042 1209 2133 1263 ubi
2176 1223 2316 1264 unus
2347 1209 2611 1277 interpres
2645 1208 2819 1263 dixit:
2850 1206 2965 1262 Hoc
2992 1207 3310 1278 coinquinat
3346 1206 3445 1263 '10..

1857 1301 2080 1366 minem,
2126 1302 2264 1357 alter
2297 1320 2313 1356 :
2338 1301 2451 1356 Hoc
2487 1302 2852 1357 communicat
2882 1301 3178 1357 heminem.
3207 1300 3275 1354 Et
3304 1314 3444 1355 unus

1860 1392 2109 1463 idemque
2134 1409 2327 1448 sensus
2370 1402 2472 1448 est.
2499 1392 2754 1462 Discipuli
2785 1402 2966 1447 autem
3007 1407 3130 1447 cum
3176 1390 3443 1445 accessis‘

1860 1495 1998 1551 sent,
2029 1495 2086 1541 et
2125 1476 2477 1542 nuntiassent!
2521 1487 2571 1542 ei
2624 1487 2692 1541 de
2737 1488 2840 1543 hoc
2881 1487 3072 1549 verbo,
3112 1484 3447 1556 respondens
3484 1485 3497 1501 '

1861 1577 1940 1632 ait
1968 1578 2048 1632 cis
2082 1594 2094 1631 :
3426 1568 3435 1597 ⁷

1935 1667 2122 1723 Omnis
2148 1667 2427 1739 plantatio,
2469 1682 2627 1739 quam
2657 1685 2762 1723 non
2807 1667 3065 1739 plantavit
3103 1663 3266 1721 Pater
3300 1679 3448 1721 meus

1863 1762 2103 1827 scelestis,
2130 1763 2506 1817 eradicabitar.
2535 1763 2668 1817 Mira
2703 1762 2860 1817 valde
2895 1770 2952 1817 et
2980 1763 3113 1817 satis
3139 1761 3365 1832 provida
3390 1761 3444 1814 in

1864 1854 2115 1908 omnibus
2143 1853 2344 1907 Christi
2383 1854 2681 1924 responsio,
2739 1863 2797 1907 ut
2825 1862 2882 1909 et
2930 1853 3226 1924 discipulos
3254 1852 3451 1908 doceat

244 1940 572 2013 Hypocn’tce,
615 1944 740 1998 bene
787 1946 1105 2015 prophetarit
1138 1944 1314 2000 Isaias
1351 1946 1417 2000 de
1461 1946 1624 2000 vobis.
1674 1944 1758 2000 ld—
1786 1936 1832 1997 Β
1860 1959 1915 2003 et
1937 1951 2190 2009 instruat,
2222 1956 2278 2001 et
2310 1948 2628 2002 insidiantes
2658 1947 2760 2002 sibi
2800 1948 3060 2001 divinitus
3093 1946 3442 2016 repercutiet.

190 2033 315 2097 circo
342 2036 677 2106 hypocritze,
706 2036 831 2107 quia
861 2036 1130 2092 docebant
1169 2037 1350 2092 dicere
1376 2037 1518 2093 ﬁlios
1544 2046 1766 2108 propter

196 2127 457 2182 mritiam
487 2143 502 2180 :
536 2126 731 2183 Munus
758 2127 1117 2198 quodcunque
1144 2137 1321 2185 estex
1363 2142 1468 2184 me.
1498 2129 1597 2186 Ubi
1639 2128 1767 2184 insi-

188 2227 298 2276 suat
340 2219 499 2290 quod
543 2234 748 2276 vacuus
775 2229 864 2277 est
907 2222 1082 2279 honor
1132 2237 1162 2277 a
1195 2224 1466 2287 mercede,
1518 2223 1563 2278 si
1608 2223 1767 2279 labiis

185 2320 378 2369 tantum
425 2313 549 2381 ﬂat,
605 2323 661 2369 et
712 2330 820 2373 non
874 2316 928 2371 in
975 2318 1160 2373 corde.
1205 2315 1339 2372 Nam
1388 2318 1562 2372 tribus
1589 2317 1768 2373 modis

184 2404 334 2461 Deum
394 2408 755 2475 honoriﬁcat,
802 2410 984 2475 corde,
1029 2425 1213 2482 opere,
1243 2419 1302 2466 et
1347 2426 1616 2467 sermone.
1660 2409 1769 2466 Sed

182 2497 292 2566 quia
342 2496 531 2556 Judaei
588 2500 643 2555 in
686 2501 771 2555 his
804 2508 1136 2557 evanuerant
1182 2510 1402 2573 propter
1452 2501 1770 2558 traditiones

182 2603 313 2657 suas,
344 2592 484 2647 ideo
512 2606 543 2647 a
572 2591 686 2648 Deo
717 2602 773 2648 et
797 2608 827 2647 a
851 2594 1237 2650 traditionibus
1282 2594 1374 2649 Dei
1405 2594 1564 2666 longe
1589 2602 1765 2649 erant.

179 2682 239 2738 Et
280 2683 421 2755 quis
477 2683 691 2740 molesti
740 2693 896 2741 erant
936 2685 1047 2741 Deo
1086 2685 1280 2757 magis,
1317 2699 1478 2756 quam
1512 2685 1768 2753 religiosi,

182 2774 288 2831 sine
318 2790 499 2831 causa
553 2774 721 2830 Deum
773 2775 1053 2841 colebant;
1108 2775 1162 2831 in
1192 2790 1301 2845 quo
1345 2775 1493 2831 cultu
1543 2758 1686 2830 Deus
1716 2773 1771 2829 in

184 2880 331 2923 causa
383 2882 500 2923 non
532 2875 674 2932 erat,
702 2867 828 2922 dum
878 2850 1009 2924 vitia
1043 2868 1308 2925 docebant
1342 2869 1396 2925 in
1437 2869 1545 2924 vita
1571 2883 1690 2933 sua,
1718 2872 1775 2923 et

187 2959 438 3013 mandata
488 2957 823 3015 Testamenti
856 2958 951 3013 Dei
980 2958 1380 3029 relinquebant.
1412 2958 1637 3026 Quibus,
1662 2959 1775 3029 ipse

188 3047 335 3113 dixit,
364 3047 576 3102 Audite
615 3057 665 3103 et
703 3047 996 3119 intelligite.
1028 3047 1205 3104 Aures
1230 3048 1513 3118 utriusque
1541 3047 1776 3104 hominis

185 3139 451 3208 requirit;
484 3138 614 3208 quia
656 3153 758 3192 uec
784 3148 931 3194 recte
973 3139 1126 3193 audit
1148 3139 1318 3203 intus,
1346 3137 1437 3208 qui
1478 3124 1778 3215 contemnit

190 3243 302 3297 qua
334 3230 431 3285 Dei
467 3236 597 3284 sunt
640 3230 832 3284 audire
879 3229 1011 3285 l'oris
1059 3247 1073 3284 :
1117 3246 1215 3286 nec
1264 3230 1420 3297 foris,
1448 3238 1509 3284 ut
1557 3214 1777 3297 dignum

192 3329 291 3387 est,
319 3321 497 3388 audit,
521 3322 617 3393 qui
658 3324 803 3377 intus
822 3337 923 3378 nec
951 3321 1202 3395 intelligit
1224 3338 1345 3393 quae
1376 3323 1526 3377 audit
1550 3321 1703 3376 foris.

263 3412 388 3467 Non
417 3411 561 3484 quod
604 3414 771 3467 intrat
815 3414 870 3467 in
917 3429 976 3467 os
1001 3414 1301 3482 coinquinat
1337 3413 1616 3467 hominem.
1650 3410 1776 3467 Haec

193 3501 337 3567 ideo,
378 3503 505 3573 quia
538 3503 642 3573 ipsi
674 3502 971 3571 discipulos
1002 3500 1467 3572 reprehendebant
1503 3500 1645 3571 quod
1670 3513 1775 3554 non

194 3594 453 3650 levarent
492 3610 694 3652 manus.
739 3594 860 3662 Quo
901 3594 1067 3650 verbo
1096 3594 1300 3659 audito,
1353 3593 1497 3663 quod
1546 3592 1777 3657 dixerat,

194 3683 365 3751 Quod
405 3686 571 3739 intrat
603 3688 655 3741 in
678 3703 732 3741 os
765 3703 871 3741 non
896 3686 1202 3756 coinquinat
1243 3684 1529 3747 hominem,
1553 3682 1781 3737 scande.

194 3774 344 3830 lissti
383 3782 514 3830 sunt
536 3783 590 3831 et
625 3776 691 3832 de
718 3778 823 3831 hoc
851 3777 1019 3832 verbo
1065 3775 1313 3845 discipuli
1363 3772 1482 3842 ejus
1517 3772 1779 3838 dicentes,

196 3865 313 3922 Scis
328 3868 461 3938 quia
482 3864 743 3922 Pltariuei
763 3868 943 3922 audito
964 3866 1114 3921 verba
1135 3867 1231 3920 hoc
1252 3863 1600 3931 scandalizati
1622 3861 1782 3918 sunt!

198 3956 330 4013 Nam
374 3959 432 4013 in
483 3959 588 4014 hoc
628 3959 925 4030 plurimum
975 3956 1501 4020 scandalizabantur,
1533 3968 1599 4010 eo
1636 3954 1785 4026 quod

196 4054 429 4112 solveret
488 4054 662 4127 legem
711 4054 900 4126 Moysi.
934 4055 1065 4110 Nam
1114 4068 1183 4111 ex
1233 4054 1335 4110 hoc
1371 4069 1481 4109 uno
1509 4066 1784 4122 sermone,

195 4149 368 4205 omnis
412 4148 736 4218 superstitio
763 4146 1115 4204 Judaicarum
1137 4147 1579 4203 Observationum
1607 4144 1786 4201 [inerat

196 4242 355 4309 elisa;
410 4241 677 4312 quoniam
731 4256 948 4298 omnem
999 4240 1315 4312 religionem
1356 4254 1510 4295 suam
1547 4236 1599 4292 in
1650 4235 1786 4292 cibis

196 4334 476 4390 sumendis
522 4332 1013 4402 abominandisque
1068 4330 1480 4386 arbitrabantur
1527 4342 1647 4383 esse
1691 4342 1787 4398 po-

196 4424 374 4482 sitam.
412 4424 503 4481 Ob
535 4426 699 4494 quam
751 4439 974 4480 causam
1019 4423 1146 4495 quia
1193 4422 1443 4478 dixerat:
1482 4417 1605 4474 Non
1647 4416 1785 4487 quod

195 4518 351 4574 intrat
378 4521 439 4573 in
473 4532 531 4572 os
572 4517 875 4589 coinquinat
925 4518 1217 4582 hominem,
1253 4512 1785 4578 scandalizabantur,

198 4613 316 4683 quia
352 4613 409 4667 in
440 4613 550 4666 hoc
598 4625 731 4676 uno,
765 4608 998 4679 plurima
1023 4624 1090 4665 ex
1117 4619 1289 4680 parte,
1340 4605 1647 4663 solvebatur
1677 4604 1783 4660 lex.

1868 2038 2052 2095 Omnis
2097 2039 2254 2103 enim,
2298 2039 2489 2108 inquit,
2530 2038 2809 2108 plantatio.
2854 2055 3010 2109 quam
3051 2054 3152 2091 non
3199 2034 3451 2107 plantavit

1868 2133 2030 2187 Pater
2068 2149 2213 2187 meus
2248 2132 2485 2197 cmlestis,
2539 2131 2921 2187 eradicabitur.
2970 2130 3107 2198 Quia
3152 2128 3330 2183 omnis
3362 2126 3454 2183 illa

1869 2228 2089 2282 traditio
2110 2225 2441 2293 ludazorum,
2474 2226 2618 2281 unde
2667 2240 2847 2281 sermo
2881 2239 3111 2279 exorsus
3137 2232 3236 2285 est,
3284 2238 3389 2275 non
3423 2236 3455 2275 a

1869 2318 1978 2373 Deo
2001 2318 2161 2373 Patre
2190 2328 2327 2383 erat,
2359 2318 2452 2373 sed
2476 2316 2790 2387 superstitio
2821 2316 3125 2379 hominum,
3156 2328 3254 2384 pro
3299 2310 3453 2379 culjus

1869 2410 2055 2466 favore
2084 2412 2247 2465 etiam
2286 2410 2421 2481 legis
2469 2422 2741 2479 praecepta
2789 2406 3353 2479 transgrediebantur,
3401 2411 3458 2458 et

1872 2502 1993 2557 ideo
2048 2503 2188 2556 hanc
2234 2501 2540 2555 doctrinam
2586 2498 2971 2554 eradicandam
3018 2512 3181 2567 quam
3234 2495 3459 2565 provide

1872 2592 2005 2647 satis
2036 2591 2420 2656 comminatur,
2448 2606 2512 2647 ac
2542 2591 2587 2645 si
2617 2591 2824 2645 diceret
2856 2608 2868 2643 :
2898 2588 3191 2659 Propterea
3224 2587 3456 2655 isti‘jnre

1871 2682 2181 2738 eradicandi
2205 2691 2351 2746 sunt,
2380 2682 2505 2752 quia
2536 2696 2644 2735 non
2677 2686 2999 2751 permanent
3024 2681 3077 2733 in
3107 2678 3355 2732 doctrina
3401 2677 3457 2732 ia

1873 2788 1978 2844 qua
2015 2790 2044 2829 a
2092 2772 2208 2829 Deo
2254 2773 2481 2844 plantati
2534 2781 2679 2836 sunt,
2734 2772 2801 2826 de
2849 2786 2953 2840 qua
3006 2769 3137 2825 dicit
3195 2768 3309 2838 ipse
3360 2780 3461 2838 per

1875 2868 2067 2923 Isaiam
2114 2866 2433 2938 prophetam
2459 2881 2473 2920 :
2498 2864 2611 2936 Ego
2653 2874 2703 2918 te
2746 2862 2979 2934 plantavi
3009 2859 3455 2917 vineamelectam

1877 2958 2094 3033 (Isa.v,
2140 2958 2221 3030 2),
2279 2957 2374 3014 sed
2406 2957 2505 3029 ipsi
2536 2957 2806 3027 pravitate
2860 2970 2956 3009 sua
3009 2952 3218 3024 d:,-cepti
3272 2965 3463 3007 semen

1875 3070 2108 3125 nequam
2143 3054 2211 3109 ab
2234 3054 2350 3123 ipso
2372 3051 2485 3123 jam
2512 3052 2648 3107 ultra
2675 3060 2958 3105 vocantur.
2996 3048 3103 3105 Sed
3149 3048 3286 3103 forte
3315 3062 3467 3118 quaa-

1878 3155 1964 3201 ret
2020 3144 2266 3215 aliquis:
2305 3143 2363 3199 Si
2414 3144 2741 3199 eradicanda
2792 3143 2863 3197 sit
2923 3158 2952 3196 a
2997 3141 3156 3196 Patre
3204 3139 3466 3211 plantatio

1878 3237 2029 3292 Pauli
2075 3235 2325 3307 apostoli,
2353 3236 2419 3291 de
2464 3252 2567 3306 qua
2618 3235 2751 3291 dicit
2789 3234 2837 3306 (ι
2894 3230 3016 3288 Cor.
3046 3249 3127 3296 ιιι,
3158 3233 3211 3299 6,
3244 3233 3319 3304 9),
3351 3232 3464 3302 Ego

1805 3319 1849 3381 C
1880 3331 2131 3401 plantavi,
2162 3330 2346 3402 Apollo
2371 3331 2578 3403 rigavit.
2609 3331 2959 3401 Nequaquam
2987 3330 3155 3401 igitur
3177 3330 3281 3383 hoc
3312 3328 3463 3383 dixe-

1881 3422 1983 3476 rint
2012 3416 2137 3493 quia
2185 3422 2450 3492 sequitur,
2506 3421 2642 3475 Deus
2682 3433 2856 3475 autem
2884 3422 3262 3476 incrementum
3302 3419 3464 3474 dedit.

1883 3506 2022 3568 Dicit
2064 3521 2118 3567 et
2163 3528 2276 3582 Ipse
2320 3512 2484 3566 alibi:
2517 3511 2616 3566 Dei
2639 3510 2967 3582 agricultura
3000 3509 3145 3573 estis,
3176 3502 3272 3563 Dei
3300 3508 3469 3576 wdiﬁ-

1881 3604 2017 3657 cutio
2039 3605 2181 3657 estis.
2218 3602 2283 3657 Et
2312 3602 2363 3656 in
2395 3601 2502 3656 alio
2526 3601 2646 3658 loco
2686 3621 2698 3654 :
2743 3599 2838 3655 Dei
2859 3610 3219 3671 cooperatores
3250 3613 3466 3662 sumus;

1883 3694 1927 3751 si
1975 3704 2154 3749 autem
2211 3701 2612 3761 cooperatores,
2672 3707 2806 3769 ergo
2858 3691 3141 3761 plantante
3192 3688 3361 3743 Paulo
3414 3696 3464 3744 et

1883 3788 2259 3861 superrigante
2299 3784 2484 3855 Apollo
2528 3786 2670 3840 Deus
2692 3799 2814 3840 cum
2843 3784 3285 3855 cooperator-ibus
3303 3776 3468 3852 633’

1884 3880 1997 3937 suis
2022 3878 2229 3948 plantat
2255 3884 2310 3933 et
2339 3878 2511 3947 rigat;
2554 3877 2679 3948 quia
2709 3887 2762 3931 et
2813 3876 2911 3948 ipsi
2967 3890 3074 3930 non
3126 3875 3271 3929 aliud
3304 3886 3470 3943 quam

1886 3970 2005 4045 quae
2035 3972 2126 4028 Dei
2160 3980 2287 4027 sunt
2315 3972 2564 4042 plantam
2594 3980 2650 4026 et
2699 3979 2886 4041 agunt.
2921 3965 3029 4024 Sed
3060 3966 3318 4041 Pharisaei
3358 3980 3471 4021 non

1886 4080 1948 4121 ea
1982 4080 2101 4137 quae
2138 4062 2231 4119 Dei
2269 4072 2425 4120 erant
2473 4064 2759 4123 docebant.
2794 4060 2889 4127 sed
2916 4078 3036 4133 quae
3079 4060 3383 4127 hominum,
3416 4066 3473 4113 et

1884 4157 2007 4214 ideo
2045 4174 2207 4230 quam
2260 4157 2399 4212 bene
2447 4154 2700 4227 Magister
2743 4170 2907 4210 verus
2950 4163 3005 4209 et
3040 4151 3242 4221 justus,
3284 4150 3472 4206 Omnis

1885 4251 2165 4321 plantatio,
2220 4248 2413 4318 inquit,
2460 4263 2617 4319 quam
2663 4264 2764 4301 non
2804 4245 3058 4317 plantavit
3108 4240 3271 4297 Pater
3301 4257 3468 4307 meus,

1886 4328 2258 4397 eiadicabitnr.
2289 4341 2599 4395 Abutuntur
2631 4339 2733 4395 hoc
2760 4338 2878 4393 loco
2908 4337 2998 4408 qui
3032 4337 3276 4391 diversos
3298 4334 3469 4387 intro-

1888 4433 2093 4489 ducunt
2119 4440 2361 4497 naturas,
2392 4431 2465 4485 ita
2490 4431 2732 4485 dicentes
2761 4444 2774 4483 :
2806 4427 2861 4483 Si
2892 4426 3154 4499 plantatio
3176 4440 3338 4496 quam
3364 4434 3474 4507 non

1888 4527 2150 4597 plantavit
2168 4524 2351 4590 Pater,
2389 4525 2775 4588 eradicabitur,
2807 4539 2936 4595 ergo
2976 4539 3139 4593 quam
3190 4520 3279 4576 ille
3309 4520 3469 4591 plan-

1893 4621 2024 4674 tavit
2052 4634 2156 4674 non
2183 4626 2362 4690 potest
2401 4618 2691 4684 eradicari,
2736 4627 2792 4673 et
2816 4618 2934 4673 ideo
2965 4633 3126 4673 nemo
3155 4617 3209 4672 in
3252 4614 3468 4681 melius,

198 4702 289 4760 Vel
317 4705 451 4760 ideo
479 4702 834 4758 scandalizati
882 4701 1158 4767 dicuntur,
1207 4699 1350 4769 quod
1377 4713 1484 4754 non
1534 4697 1662 4761 illis,
1692 4694 1773 4751 sed

1892 4729 2052 4769 nemo
2080 4713 2133 4766 in
2158 4712 2395 4767 deterius
2420 4719 2599 4780 potest
2624 4702 3031 4781 transplantari',
3064 4711 3157 4765 sed
3182 4708 3469 4779 unusquisc

196 4797 366 4852 turbis
393 4795 572 4868 638
596 4801 668 4850 sit
691 4793 920 4849 locutus.
951 4790 1124 4848 Porro
1153 4789 1488 4856 scandalum,
1516 4789 1641 4859 quia
1676 4787 1785 4843 fre-

194 4900 429 4960 quenter
449 4882 653 4960 jam'in
682 4889 886 4943 nostris
927 4885 1123 4943 litteris
1162 4885 1379 4959 legitur,
1412 4884 1623 4940 noverit
1663 4882 1785 4938 dili-

194 4988 323 5047 gens
380 4979 585 5044 lector,
623 4978 746 5047 quia
788 4976 962 5048 magis
1005 4970 1252 5032 Graecum
1298 4984 1383 5031 est
1434 4988 1597 5044 quam
1638 4970 1786 5026 Lati-

195 5086 342 5125 num.
372 5069 518 5126 Nam
544 5069 637 5125 ubi
678 5067 924 5125 Psalmus
948 5068 1099 5134 dicit,
1141 5065 1455 5122 scandalum
1486 5068 1784 5136 posuerunt

196 5162 355 5229 mihi,
380 5161 615 5219 Graecus
641 5158 827 5227 habet,
879 5157 1127 5219 Σκάυόαλα
1163 5159 1328 5215 {Bina
1372 5172 1487 5225 pot:
1515 5155 1657 5224 quod
1686 5148 1787 5211 nos

194 5254 433 5310 verbum
471 5251 877 5319 olfendiculum,
919 5251 1003 5307 vel
1043 5253 1279 5316 ruinam,
1315 5260 1367 5303 et
1401 5246 1787 5317 impactionem

196 5350 350 5417 pedis
391 5358 686 5419 possumus
715 5344 915 5401 dicere.
944 5343 1150 5399 Idcirco
1194 5341 1324 5396 nulli
1365 5340 1508 5395 facto
1534 5337 1618 5394 vel
1642 5338 1788 5393 dicto

196 5444 371 5496 ruinae
390 5440 741 5496 occasionem
767 5437 897 5492 dare
914 5437 1191 5492 debemtiS.
1224 5433 1290 5487 Et
1319 5431 1638 5495 notandum,
1660 5429 1787 5500 quia

196 5539 285 5593 ubi
320 5554 426 5595 nos
463 5537 730 5592 habemus
769 5533 921 5603 Quod
963 5532 1207 5609 procedit
1247 5545 1315 5586 ex
1342 5544 1458 5593 ore,
1506 5528 1607 5582 hoc
1633 5525 1785 5581 coin-

195 5634 397 5699 quinat
426 5628 729 5695 hominem,
761 5627 852 5682 alii
883 5626 1099 5683 codices
1139 5625 1362 5686 habent,
1408 5616 1523 5675 Hoc
1549 5628 1790 5675 commu-

194 5721 351 5776 nicat
393 5720 693 5781 hominem.
748 5718 877 5788 Quae
938 5717 1058 5772 ideo
1115 5714 1366 5779 dixerim,
1429 5711 1557 5783 quia
1600 5708 1792 5795 beatus

193 5806 594 5887 Hieronymus,
620 5813 782 5870 etiam
823 5811 931 5868 hoc
963 5810 1103 5875 loco,
1151 5807 1327 5880 ipsum
1355 5807 1582 5862 verbum
1627 5810 1793 5874 expo‘

195 5886 335 5975 iuit,
389 5886 591 5963 dicens
625 5918 943 5961 communes
986 5904 1137 5959 cibos
1180 5915 1321 5967 esse,
1369 5897 1568 5969 quibus
1600 5902 1790 5953 omnes

1843 5288 1860 5304 -
1897 5264 2152 5325 tationem
2183 5262 2319 5341 ejus,
2350 5279 2511 5335 quam
2532 5260 2795 5339 plantavit
2827 5261 2962 5332 ipse,
2986 5256 3089 5314 nisi
3119 5254 3233 5324 ipse
3271 5248 3473 5341 tribue:

1890 4807 2162 4879 quejuxta
2194 4813 2446 4861 naturam
2474 4818 2627 4858 suam
2655 4801 3023 4858 fructiﬁcabit.
3056 4799 3284 4856 Videant
3307 4798 3473 4870 igitur

1892 4888 2121 4955 talesne
2166 4896 2305 4952 forte
2347 4895 2572 4951 audiant
2623 4894 2754 4950 illud
2803 4895 3079 4965 prophetae
3128 4906 3195 4945 ex
3239 4903 3473 4973 persona

1892 4989 2104 5045 Domini
2131 5005 2143 5040 :
2171 4986 2284 5059 Ego
2308 4997 2357 5057 te
2380 4981 2613 5059 plantavi
2642 4987 2698 5063 in
2734 4985 2935 5043 vineam
2952 4984 3190 5063 electam,
3213 4976 3474 5063 quomodo

1894 5080 2138 5135 Conversa
2181 5096 2237 5133 es
2263 5078 2316 5132 in
2346 5074 2752 5132 amaritudinem
2797 5074 2913 5131 ritis
2952 5058 3176 5128 alieme.’
3201 5058 3476 5155 Plantavii

1888 5188 2015 5243 eam
2045 5172 2088 5227 si
2113 5170 2329 5245 quidem
2357 5166 2515 5235 Deus,
2537 5176 2592 5223 et
2613 5182 2772 5224 nemo
2801 5173 2980 5240 potest
3009 5162 3291 5219 eradicare
3314 5160 3472 5230 plan-

1892 5344 1965 5411 rit
1988 5371 2266 5412 assensum
2306 5336 2359 5410 in
2402 5370 2507 5425 quo
2532 5324 2844 5425 plumatum
2869 5349 2951 5404 vel
2990 5345 3316 5403 seminatum
3364 5324 3471 5441 est}

1894 5463 2076 5505 semen
2107 5463 2295 5503 verum
2326 5462 2509 5503 semen
2544 5443 2772 5515 iustitia:
2804 5450 2857 5497 et
2887 5436 3173 5517 bonitatis;
3213 5431 3473 5509 quoniam

1897 5542 1998 5598 ista
2026 5540 2289 5611 plantatio
2311 5540 2365 5594 in
2406 5538 2681 5593 voluntate
2712 5531 2914 5607 prOprii
2954 5529 3167 5609 arbitrii
3210 5522 3472 5611 estmille

1896 5606 2086 5703 iusque
2114 5628 2252 5688 alius
2274 5629 2511 5687 eradicat
2535 5642 2679 5691 eam,
2719 5606 2827 5679 nisi
2854 5608 3225 5695 unusquisque
3254 5606 3475 5692 proprio

1894 5716 2028 5781 vitio
2074 5726 2350 5797 deceptus.
2378 5721 2512 5777 Nam
2559 5722 2731 5793 ipsam
2763 5719 3132 5786 inﬁdelitatem
3162 5715 3473 5797 Iudaeorum

1895 5817 2283 5911 plantationem
2310 5813 2563 5887 appellat,
2607 5829 2769 5885 quam
2819 5829 2922 5867 non
2955 5812 3117 5866 Pater
3136 5807 3384 5911 caelestis
3416 5804 3471 5881 in

1895 5898 1976 5965 eis
2003 5905 2362 5978 plantaverat,
2392 5905 2488 5961 sed
2518 5903 2777 5959 diabolus.
2818 5905 2880 5958 Et
2929 5904 3048 5958 ideo
3079 5898 3208 5955 alibi
3238 5898 3307 5954 ad
3334 5908 3469 5951 eos:
