4004 6362
540 413 643 468 535

1364 407 1422 463 S.
1462 405 1810 462 PASCHASII
1850 403 2194 461 RADBERTI
2234 373 2522 461 ABBATIS
2557 404 3007 462 CORBEIENSIS

3684 411 3794 470 556

550 526 652 581 Vos
673 543 738 580 ea;
757 533 904 596 patre
929 521 1138 578 diabolo
1163 522 1284 576 eatis
1312 521 1492 592 (Joan.
1524 535 1643 584 vin,
1665 519 1777 590 44).
1808 521 1886 574 Ex
1913 519 2108 590 quibus
2136 522 2183 581 Α
2213 519 2333 574 ideo
2358 519 2514 589 quasi
2548 520 2897 589 paucioribus
2915 519 3118 576 sanctis
3138 521 3239 576 sibi
3271 521 3621 590 interdicunt,
3647 527 3798 594 quod

537 621 785 692 proiecto
808 619 987 674 verbis
1027 618 1191 671 etiam
1229 616 1422 670 Petrus
1461 623 1517 670 et
1551 614 1640 668 alii
1670 613 1920 682 discipuli
1963 629 2113 668 com-

538 713 692 776 moti,
738 711 863 782 quia
913 710 1125 764 dicebat
1180 723 1284 762 non
1337 706 1672 776 coinquinari
1707 705 1977 760 hominem
2029 703 2114 758 his

539 804 679 859 cibis
704 817 841 872 quos
882 800 1188 855 immundos
1230 799 1313 853 lex
1357 807 1534 859 vocat,
1567 798 1658 867 qui
1695 812 1791 868 per
1829 812 1891 852 os
1939 797 2116 866 ingre-

538 895 762 949 diuntur
809 891 864 946 in
919 905 1081 952 eum;
1133 889 1405 958 quoniam.
1433 897 1488 942 et
1543 888 1644 958 ipsi
1689 887 1908 942 omnino
1943 885 2114 941 Judaai

537 992 718 1049 erant,
744 982 838 1052 qui
877 981 1161 1051 fugiendos
1189 980 1545 1050 quarumdam
1590 978 1835 1033 carnium
1879 978 2049 1043 cibos,
2080 993 2114 1032 a

535 1077 794 1148 pueritia,
823 1091 888 1130 ex
925 1075 1042 1146 lege
1064 1073 1250 1146 Moysi,
1281 1074 1525 1128 instituta
1545 1083 1935 1142 praeceptorum
1961 1085 2115 1127 acce-

534 1178 748 1240 perant.
775 1167 832 1222 ln
865 1167 1060 1237 quibus
1097 1166 1350 1220 nimirum
1381 1164 1869 1229 observationibus,
1918 1178 1976 1218 se
1999 1179 2114 1217 om-

537 1261 669 1315 nino
690 1257 975 1330 justiﬁcari
999 1257 1310 1312 credebant.
1344 1255 1412 1310 Et
1452 1255 1574 1310 ideo
1608 1256 1824 1310 curiose
1852 1255 1986 1310 satis
2029 1253 2111 1309 di-

538 1360 671 1406 cunt
697 1351 1018 1406 accedentes
1038 1349 1105 1403 ad
1135 1364 1257 1404 eum
1279 1363 1294 1402 :
2112 1399 2116 1404 ,

610 1440 731 1498 Scis
758 1441 882 1513 quia
912 1439 1169 1494 Pharisaei
1192 1438 1374 1493 audito
1403 1438 1555 1492 verba
1576 1438 1924 1493 acandalizati
1951 1448 2070 1492 sunt
2089 1437 2116 1490 ?

537 1535 702 1593 Forte
720 1544 776 1592 et
820 1535 922 1608 ipsi
957 1534 1306 1590 nihilominus
1337 1533 1689 1587 movebantur
1715 1548 1782 1588 ex
1817 1533 1920 1587 hoc
1946 1533 2114 1587 verbo

537 1631 794 1702 quoniam
823 1629 986 1684 insita
1011 1636 1131 1684 erat
1166 1628 1220 1682 in
1258 1627 1336 1682 eis
1377 1627 1532 1697 longa
1569 1627 1900 1681 consuetudo
1932 1627 1987 1680 in
2016 1627 2114 1681 ob-

535 1723 846 1779 servatione
881 1721 1147 1786 ciborum,
1187 1735 1252 1774 ac
1272 1719 1316 1774 si
1363 1719 1448 1774 lex
1480 1728 1710 1783 naturae,
1737 1734 1856 1788 qua;
1895 1720 1986 1773 vix
2020 1727 2114 1774 aut

535 1827 812 1882 nunquam
846 1810 1072 1875 tollitur,
1103 1821 1158 1864 et
1185 1810 1230 1864 si
1253 1809 1395 1863 mala
1431 1809 1545 1879 ipsa
1579 1809 1910 1864 consuetudo
1931 1810 2111 1864 videa-

535 1911 645 1966 tur,
667 1874 872 1972 quanto
899 1901 1070 1971 magis
1098 1899 1213 1964 illa,
1242 1914 1361 1968 qua:
1400 1874 1660 1969 legalibus
1685 1899 1968 1968 praeceptis
1993 1908 2107 1952 tra-
2137 1874 2186 1933 Β

535 1995 647 2052 dita
691 2002 830 2058 erat,
883 2001 938 2048 et
986 1991 1309 2047 auctoritate
1356 2000 1706 2061 paternarum
1762 1991 2111 2045 traditionum

532 2085 826 2156 plurimum
856 2084 1164 2140 veneranda
1209 2083 1723 2138 commendabatur?
1768 2081 1835 2136 Et
1878 2082 1999 2138 ideo
2024 2083 2109 2137 in-

534 2174 867 2239 dubitanter,
893 2174 1017 2244 quia
1045 2173 1259 2229 Judaeos
1302 2188 1477 2228 caecos
1500 2183 1808 2237 vocaverat,
1839 2173 2112 2244 ducesque

533 2279 824 2329 caecorum,
874 2271 1094 2334 propter
1136 2278 1293 2318 escas
1342 2263 1607 2332 putabant
1632 2263 1853 2318 omnino
1891 2280 2015 2318 eum
2057 2265 2110 2320 in

533 2357 805 2428 parabolis
855 2358 959 2413 hoc
996 2357 1217 2412 dixisse.
1264 2355 1379 2411 Non
1432 2356 1576 2410 enim
1634 2364 1886 2425 poterant
1934 2357 2112 2413 adhuc

535 2448 682 2505 aliud
710 2449 873 2505 rudes
899 2449 965 2504 de
1001 2448 1144 2504 escis
1169 2447 1488 2516 intelligere,
1519 2461 1696 2516 neque
1721 2447 1788 2500 ad
1833 2446 2110 2516 signiﬁca-

533 2543 737 2597 tionem
772 2543 900 2598 vitae
926 2542 993 2597 de
1023 2541 1380 2612 quorumdam
1413 2540 1671 2594 carnibus
1717 2539 2032 2594 animalium
2059 2541 2112 2595 id

532 2643 861 2706 praeceptum
909 2633 1202 2696 aestimare,
1237 2640 1297 2686 ut
1339 2645 1437 2700 per
1490 2645 1677 2684 eorum
1717 2630 2112 2684 immunditiam

534 2739 718 2780 mores
742 2725 1007 2778 humanos
1040 2722 1207 2795 640
1233 2721 1316 2776 lex
1348 2722 1679 2792 designaret,
1707 2735 1842 2790 quos
1869 2720 2111 2776 Ecclesia

533 2827 655 2882 quae
690 2828 887 2883 corpus
929 2820 1012 2866 est
1065 2811 1266 2865 Christi
1313 2811 1365 2864 in
1421 2826 1533 2865 suae
1587 2810 1812 2865 unitatis
1838 2809 2110 2866 vinculum

533 2900 730 2958 stabile
773 2909 830 2956 et
872 2901 1257 2971 sempiternum
1309 2901 1552 2970 recipere
1599 2916 1705 2956 non
1750 2909 1959 2971 potest,
1990 2911 2111 2956 tan-

536 3007 702 3063 quam
749 2991 1057 3046 immundas
1082 3006 1235 3047 escas
1278 3007 1552 3062 respuens,
1586 3001 1642 3047 et
1683 2993 1736 3046 in
1766 3007 1862 3047 sua
1906 2993 2114 3048 viscera

536 3097 646 3139 non
677 3090 1017 3139 convertens.
1050 3083 1276 3153 Quippe,
1303 3083 1429 3153 quia
1458 3084 1534 3138 illi
1569 3086 1794 3140 necdum
1819 3094 1974 3140 erant
2024 3102 2113 3142 ca-

534 3191 723 3248 paces,
765 3184 823 3230 ut
852 3175 940 3230 illa
961 3176 1142 3231 omnia
1170 3177 1537 3248 signiﬁcanda;
1573 3177 1697 3232 vitae
1722 3187 1991 3248 praecepta
2015 3197 2112 3251 po-

538 3268 668 3341 pulo
688 3266 891 3324 carnali
927 3267 1201 3339 imposita,
1233 3266 1472 3323 futuram
1499 3267 1759 3337 spiritalis
1784 3269 1964 3338 populi
1997 3271 2109 3326 dis-

538 3360 794 3431 ciplinam
819 3359 1205 3432 prophetarent
1235 3377 1248 3412 :
1284 3367 1338 3414 et
1376 3358 1496 3413 ideo
1519 3359 1684 3413 etiam
1717 3359 1819 3429 ipsi
1849 3377 1956 3415 non
1984 3377 2112 3431 pos-

525 3439 666 3520 sunt
703 3453 1048 3525 acquiescere
1086 3452 1368 3508 sententiae
1399 3451 1646 3517 Domini;
1690 3460 1750 3506 ut
1779 3454 1844 3508 dc
1873 3455 1957 3510 his
1987 3455 2116 3511 velit

535 3548 721 3605 dicere
739 3548 902 3612 escis,
929 3561 1067 3617 quas
1093 3544 1179 3599 lex
1205 3551 1261 3600 et
1308 3542 1528 3598 traditio
1552 3551 1778 3614 paterna
1805 3544 2114 3602 immundas

535 3641 782 3697 vocabat.
834 3639 986 3697 Unde
1011 3638 1206 3694 Petrus
1247 3637 1406 3708 longe
1459 3645 1580 3707 post
1621 3637 1820 3702 adhuc,
1864 3640 2115 3697 nesciens

534 3730 698 3801 hujus
721 3730 975 3801 praecepti
1014 3728 1296 3800 mysteria,
1341 3727 1690 3798 gloriabatur,
1734 3743 1855 3782 cum
1896 3729 2114 3800 juberet

533 3821 761 3892 angelus
807 3836 873 3876 ea
903 3835 1024 3890 qua:
1067 3820 1132 3874 de
1162 3818 1300 3874 caelo
1326 3817 1376 3873 ei
1408 3818 1462 3872 in
1505 3832 1636 3873 vase
1682 3817 1844 3874 allata
1872 3817 2111 3886 fuerant,

533 3910 715 3966 Macta
749 3918 798 3964 et
839 3909 1102 3965 manduca
1125 3925 1143 3962 :
1171 3907 1419 3972 Domine,
1451 3908 1647 3976 inquit,
1697 3922 1857 3963 omne
1885 3908 2114 3964 immun-

533 4004 662 4060 dum
689 4016 789 4058 seu
829 4014 1114 4057 commune
1154 4015 1428 4070 nunquam
1473 3998 1718 4055 introivit
1760 3999 1814 4052 in
1841 4012 1904 4053 os
1932 4014 2110 4054 meum

533 4095 674 4168 (Act.
701 4109 757 4158 x,
782 4093 892 4162 15).
925 4090 983 4146 Si
1006 4091 1152 4146 enim
1179 4091 1282 4145 hoc
1309 4089 1428 4144 loco
1465 4090 1534 4144 ad
1579 4089 1794 4158 plenum
1823 4088 2112 4159 Apostolus

531 4183 602 4240 de
641 4183 784 4239 escis
811 4183 1014 4238 dictum
1057 4180 1434 4245 intellexisset,
1465 4195 1626 4236 omne
1655 4181 1802 4250 quod
1846 4181 2014 4237 intrat
2056 4183 2110 4238 in

528 4293 593 4333 os
615 4291 721 4333 non
766 4275 1083 4346 coinquinat
1125 4273 1422 4338 hominem,
1454 4280 1584 4342 puto
1609 4273 1752 4342 quod
1789 4284 1980 4344 postea
2005 4274 2108 4331 hoc

529 4367 717 4422 audito
744 4364 932 4432 verbo,
957 4362 1137 4418 Macta
1162 4371 1209 4417 et
1239 4363 1520 4428 manduca,
1557 4378 1832 4433 nunquam
1871 4373 1980 4420 tam
2018 4379 2109 4420 ve-

527 4455 816 4510 hementer
861 4459 1265 4523 expavesceret.
1299 4448 1560 4506 Neutrum
1589 4467 1720 4523 ergo
1750 4453 2108 4524 intelligebat,

528 4562 706 4620 neque
725 4547 868 4620 quod
904 4547 1021 4601 haec
1047 4553 1337 4617 praecepta,
1365 4546 1730 4644 signiﬁcanda:
1750 4549 1950 4644 vitain
1980 4563 2108 4618 pro-
2131 4583 2186 4644 Ι)

527 4639 711 4712 phetia
754 4640 879 4694 data
929 4643 1130 4702 essent,
1180 4649 1356 4706 neque
1389 4637 1492 4691 hoc
1536 4636 1654 4692 loco
1681 4638 1823 4707 quod
1854 4638 1922 4693 de
1963 4639 2107 4695 escis

529 4730 755 4785 diceret.
787 4728 856 4783 Et
891 4728 1012 4783 ideo
1032 4727 1144 4782 ait:

534 4887 539 4892 ι
604 4819 846 4884 Domine,
879 4819 1105 4874 edissere
1140 4819 1287 4874 nobis
1326 4819 1462 4874 hanc
1504 4819 1830 4890 parabolam.
1880 4820 2108 4876 Inviola-

529 4911 711 4967 hiliter
745 4916 1073 4981 praeceptum
1107 4925 1230 4966 esse
1257 4910 1534 4975 credebat,
1583 4909 1726 4979 quod
1757 4911 1868 4979 ipse
1898 4919 1954 4964 et
1979 4911 2105 4966 reli-

530 5004 623 5076 qui
649 5001 840 5070 Judaei,
886 5010 946 5057 ut
974 5002 1048 5056 ita
1080 5001 1280 5067 dicam,
1313 5001 1693 5056 inviolabiliter
1721 5001 2104 5056 observabant.

530 5095 662 5164 Quae
689 5095 944 5150 nimirum
969 5094 1237 5149 sententia
1267 5093 1456 5164 procul
1482 5093 1645 5148 dubio
1682 5091 2006 5148 Manichacus
2029 5107 2112 5148 re-

529 5185 700 5240 vincit
726 5193 781 5241 et
815 5184 1162 5249 condemnat,
1185 5183 1276 5253 qui
1299 5197 1488 5238 omnes
1512 5195 1706 5237 carnes
1729 5182 2112 5237 abominantur

529 5285 585 5332 et
610 5275 917 5346 repudiarit,
949 5275 1116 5330 etiam
1143 5288 1363 5329 carnem
1393 5273 1628 5327 hominis
1662 5287 1693 5326 a
1720 5271 1833 5326 Deo
1858 5273 2111 5328 tenebra-

530 5381 653 5423 rum
705 5365 904 5420 factam
931 5379 1051 5420 esse
1082 5364 1343 5420 dicentes.
1387 5362 1488 5428 Qui
1519 5377 1647 5417 suos
1674 5361 1951 5416 auditores
1976 5377 2113 5416 non-

529 5453 804 5528 nunquam
831 5466 1084 5527 tanquain
1105 5457 1284 5512 adhuc
1305 5453 1610 5509 immundos
1630 5454 1946 5524 permittunt
1964 5457 2110 5512 vesci

530 5553 808 5619 carnibus,
841 5568 963 5608 cum
992 5550 1126 5608 nihil
1165 5550 1310 5605 aliud
1343 5563 1505 5618 quam
1547 5563 1674 5604 caro
1697 5548 1826 5613 sint,
1860 5549 2109 5619 coinqui-

533 5645 651 5700 nari
678 5644 942 5701 nel‘arium
969 5644 1323 5707 arbitrantur,
1368 5648 1422 5696 et
1452 5640 1659 5707 dicunt,
1696 5641 1838 5711 quod
1869 5656 1974 5696 non
1998 5641 2110 5698 Do-

531 5740 714 5796 minus
759 5740 878 5794 baec
921 5737 1357 5808 perfectioribus,
1404 5735 1500 5791 sed
1535 5737 1708 5791 turbis
1752 5737 1822 5791 sit
1869 5735 2108 5803 locutus,

533 5826 702 5888 Omne
728 5829 866 5900 quod
888 5828 1050 5883 intrat
1077 5826 1133 5880 in
1164 5842 1220 5880 os
1247 5843 1351 5880 non
1389 5828 1689 5900 coinquinat
1718 5832 1992 5885 hominem.
2042 5827 2108 5881 Et

2213 609 2326 663 suis
2395 623 2648 678 perverse
2699 609 2946 665 relaxant
2995 611 3349 667 auditoribus.
3406 611 3797 672 Verumtamen

2213 701 2494 765 Dominus,
2534 716 2640 756 non
2668 711 2728 757 ut
2751 702 2825 756 illi
2855 703 3212 768 mentiuntur,
3255 703 3351 759 sed
3381 703 3632 760 absolute
3670 705 3797 760 uni-

2213 795 2496 850 versaliter
2518 795 2769 850 omnibus
2793 795 2927 851 dicit
2970 803 3026 850 et
3075 803 3323 859 testatur,
3359 811 3521 851 omne
3543 797 3690 866 quod
3713 797 3799 852 in-

2216 895 2323 942 trat
2383 889 2437 942 in
2494 904 2558 944 os
2616 905 2724 944 non
2779 890 3130 960 eoinquinare
3183 891 3479 947 hominem.
3535 890 3694 948 Unde
3738 904 3802 950 et

2215 987 2270 1034 et
2299 978 2444 1047 ipsos
2474 979 2764 1049 apostolos,
2796 981 3044 1050 quamvis
3077 979 3246 1036 Judaei
3289 990 3495 1049 essent,
3523 983 3661 1038 dure
3713 984 3800 1040 in-

2214 1079 2404 1141 crepat
2454 1071 2608 1126 satis.
2659 1071 2866 1137 Adhuc,
2911 1071 3109 1142 inquit,
3146 1081 3194 1126 et
3229 1089 3318 1128 vos
3366 1074 3478 1128 sine
3527 1074 3803 1136 intellectu

2214 1166 2356 1221 estis.
2417 1166 2558 1237 Ergo
2617 1166 2737 1222 sine
2784 1166 3058 1221 intellectu
3108 1166 3392 1221 sententia:
3437 1175 3640 1233 erant,
3705 1169 3805 1237 qui

2215 1261 2443 1315 necdum
2470 1259 2843 1331 intelligebant
2865 1273 2983 1328 qua:
3006 1258 3263 1313 Dominus
3282 1258 3602 1328 simpliciter
3615 1259 3808 1330 loque—

2214 1353 2392 1410 batur.
2419 1354 2485 1410 Et
2510 1355 2632 1410 ideo
2661 1363 2894 1425 oportet,
2927 1355 3155 1408 Domino
3189 1352 3432 1422 jubente,
3487 1353 3807 1425 Scripturas

2213 1447 2446 1516 primum
2487 1447 2776 1518 diligenter
2801 1447 3012 1511 audire,
3050 1445 3244 1500 deinde
3269 1447 3572 1516 prudenter
3594 1432 3806 1503 intelli-

2213 1555 2362 1611 gere,
2383 1548 2442 1593 ut
2464 1540 2538 1594 ita
2566 1539 2933 1610 intelligamus
2955 1537 3188 1608 singula,
3212 1545 3272 1592 ut
3297 1537 3442 1594 dicta
3471 1546 3617 1593 sunt.
3653 1538 3807 1606 Qua-

2213 1639 2432 1700 propter
2467 1628 2627 1702 641
2671 1629 2886 1691 Paulus,
2927 1629 3053 1699 quia
3089 1628 3380 1698 prudenter
3427 1628 3806 1694 intellexerat,

2213 1720 2431 1776 aiebat:
2457 1719 2626 1774 Nemo
2671 1737 2755 1774 vos
2794 1719 2994 1790 judicet
3024 1720 3078 1774 in
3117 1720 3228 1773 cibo
3269 1719 3345 1774 vel
3384 1720 3439 1775 in
3464 1730 3612 1791 potu,
3643 1721 3728 1776 vel
3751 1724 3809 1777 in

2211 1825 2357 1883 parte
2415 1813 2520 1866 diei
2581 1813 2736 1883 festi,
2786 1821 2878 1866 aut
2918 1811 2976 1866 in
3027 1810 3349 1878 Neomenia,
3399 1813 3476 1868 vel
3527 1815 3757 1869 sabbato
3789 1856 3805 1880 ,

2211 1920 2328 1974 qua:
2363 1913 2482 1958 sunt
2521 1903 2705 1957 umbra
2732 1902 3052 1971 futurorum.
3080 1900 3215 1968 Quia
3263 1901 3378 1957 haec
3431 1903 3615 1958 omnia
3675 1919 3810 1960 vero

2212 1994 2402 2050 umbra
2465 2003 2657 2060 erant,
2711 1991 2912 2049 idcirco
2963 1992 3382 2047 removebantur
3435 1991 3552 2061 jam
3606 2008 3638 2048 a
3701 1995 3811 2050 Do-

2213 2085 2380 2150 mino,
2427 2093 2485 2139 ut
2527 2082 2891 2139 resolveretur
2937 2082 3150 2138 servilis
3183 2082 3460 2151 obligatio,
3501 2091 3558 2139 et
3605 2085 3813 2140 redde-

2212 2186 2363 2232 retur
2390 2175 2610 2232 libertas
2637 2175 2890 2230 ﬁliorum.
2921 2173 3107 2245 Neque
3134 2175 3279 2230 enim
3300 2175 3386 2230 lex
3416 2175 3625 2232 Veteris
3667 2175 3811 2234 Tes-

2215 2267 2438 2322 tamenti
2466 2266 2518 2320 in
2550 2266 2746 2320 talibus
2770 2265 2902 2320 locis
2931 2265 3201 2320 contraria
3237 2274 3317 2320 est
3356 2265 3674 2337 Evangelia,
3709 2283 3810 2324 ne-

2213 2373 2318 2427 que
2348 2366 2614 2428 repugnat
2644 2355 2992 2426 Evangelinm
3022 2355 3149 2426 legi,
3193 2356 3334 2410 sicut
3374 2355 3474 2426 ipsi
3515 2355 3814 2412 Manichaei

2214 2449 2477 2520 garriunt,
2512 2449 2603 2503 sed
2657 2447 2914 2517 adimplet
2944 2455 3000 2501 et
3040 2447 3292 2516 explanat
3326 2463 3444 2518 qua:
3476 2449 3814 2520 tegebantur

2215 2539 2268 2592 in
2299 2538 2434 2608 lege.
2473 2538 2540 2592 Et
2571 2537 2692 2592 ideo
2736 2537 2826 2590 illa
2878 2551 2997 2606 qua:
3053 2535 3279 2606 ﬁgurate
3335 2537 3614 2591 immunda
3657 2539 3814 2594 dice-

2214 2628 2433 2691 bantur,
2466 2637 2830 2683 monstrantur
2867 2644 2896 2682 a
2945 2627 3192 2693 Domino,
3223 2643 3321 2699 per
3364 2643 3424 2684 se
3477 2629 3816 2684 naturaliter

2215 2736 2334 2776 esse
2366 2720 2580 2782 munda,
2613 2735 2732 2789 qua:
2759 2735 2859 2774 nec
2896 2735 3018 2774 cum
3049 2719 3254 2774 intrant
3277 2719 3330 2774 in
3353 2734 3415 2775 os
3443 2720 3818 2789 coinquinant

2215 2812 2508 2867 hominem.
2540 2809 2922 2865 Verumtamen
2948 2811 3103 2882 jubet
3142 2811 3432 2882 apostolos,
3464 2828 3536 2867 ne
3583 2810 3817 2870 mittant

2214 2905 2538 2976 margaritas
2566 2918 2692 2958 suas
2736 2911 2861 2958 ante
2897 2917 3112 2973 porcos,
3143 2903 3330 2958 volens
3376 2903 3661 2961 insinuare
3713 2905 3816 2960 im-

2214 2993 2442 3048 mundos
2469 2993 2714 3047 homines
2735 3000 2790 3047 et
2814 2991 3127 3058 sceleratos,
3141 3007 3278 3063 quos
3298 2991 3608 3063 signiﬁcant
3629 2995 3814 3063 porci.

2214 3085 2283 3142 Et
2320 3086 2440 3140 ideo
2491 3083 2643 3148 tales,
2693 3085 2739 3140 si
2789 3084 2986 3140 detecti
3040 3085 3259 3149 fuerint,
3306 3085 3426 3156 jure
3456 3087 3818 3161 abominatur

2217 3175 2480 3240 Ecclesia,
2511 3191 2611 3230 nec
2639 3175 2874 3230 admittit
2913 3175 3041 3246 quia
3073 3176 3335 3232 immundi
3367 3178 3575 3232 suntin
3605 3193 3816 3250 corpus

2219 3283 2395 3323 suum.
2424 3267 2501 3322 Ac
2524 3282 2620 3337 per
2647 3267 2751 3323 hoc
2772 3266 3044 3332 Salvator,
3081 3268 3174 3337 qui
3214 3269 3386 3340 legem
3410 3269 3582 3332 dedit.
3611 3270 3694 3324 ait
3746 3271 3817 3326 de

2217 3360 2357 3415 escis
2386 3367 2442 3414 et
2474 3358 2730 3414 carnibus
2763 3377 2776 3412 :
2812 3356 2935 3412 Non
2955 3358 3094 3430 quod
3122 3360 3282 3414 intrat
3320 3360 3377 3414 in
3409 3376 3466 3414 οε
3494 3360 3815 3431 coinquinat

2217 3452 2496 3506 hominem.
2539 3449 2674 3517 Quia
2703 3449 2779 3504 illi
2805 3449 2912 3504 cibi
2937 3463 3036 3519 per
3072 3464 3131 3504 se
3168 3464 3274 3504 non
3313 3449 3577 3504 immundi
3620 3459 3808 3515 erant,

2216 3557 2339 3597 cum
2367 3541 2546 3596 omnia
2570 3555 2690 3611 quae
2714 3539 2853 3595 Deus
2877 3541 3084 3594 creavit
3103 3541 3243 3595 bona
3270 3539 3379 3594 sint
3403 3539 3580 3605 valde,
3605 3549 3813 3596 etcum

2216 3633 2512 3705 gratiarum
2541 3631 2752 3686 actione
2779 3631 2998 3687 utenda.
3031 3629 3138 3686 Sed
3175 3629 3495 3702 signiﬁcatio
3515 3646 3715 3687 earum
3756 3633 3816 3688 in

2217 3723 2525 3780 hominibus
2563 3737 2684 3794 quae
2742 3736 3126 3790 nonnunquam
3171 3721 3444 3790 invenitur
3491 3720 3649 3776 valde
3709 3723 3816 3778 im-

2216 3816 2414 3871 munda
2451 3823 2589 3879 erat,
2636 3822 2693 3870 et
2733 3811 3026 3884 rejicienda
3060 3828 3128 3868 ne
3173 3822 3507 3883 tangeretur,
3537 3828 3727 3883 neque
3753 3824 3816 3869 ut

2217 3906 2272 3961 in
2301 3905 2503 3961 Christi
2545 3905 2939 3960 admisceretur
2971 3918 3219 3974 corpore.
3251 3904 3404 3972 Quod
3424 3905 3655 3960 audiens
3678 3905 3817 3961 bea-

2219 4007 2304 4052 tus
2332 3996 2526 4051 Petrus
2562 4011 2624 4051 ac
2649 3995 2694 4051 si
2725 4009 2864 4050 novo
2895 4003 3117 4066 stupore
3152 3995 3450 4065 perculsus,
3487 4010 3595 4050 non
3621 4005 3816 4066 potest

2213 4071 2418 4145 sentire
2447 4088 2512 4143 de
2551 4088 2687 4142 cibis
2730 4088 2932 4142 dictum
2986 4088 3052 4142 ad
3109 4086 3368 4152 litteram,
3409 4101 3584 4157 neque
3621 4098 3816 4158 potest

2215 4182 2486 4237 mstimare
2520 4181 2621 4235 hoc
2644 4179 2827 4235 Jesum
2858 4181 3060 4250 absque
3087 4181 3296 4236 ratione
3339 4181 3559 4236 dixisse.
3593 4180 3816 4239 Idcirco

2213 4271 2469 4342 primum,
2513 4285 2577 4325 ac
2598 4271 2642 4325 si
2693 4285 2791 4340 pro
2828 4269 3132 4326 Iudaeorum
3173 4271 3429 4327 seandalo
3460 4272 3698 4340 requirit
3745 4275 3817 4330 de

2214 4360 2402 4426 verbo,
2429 4361 2558 4430 quid
2588 4361 2896 4432 signiﬁcare
2924 4361 3157 4416 voluerit
3181 4379 3196 4427 ;
3225 4362 3322 4418 sed
3344 4378 3465 4417 cum
3496 4361 3586 4418 ille
3609 4375 3815 4419 contra

2214 4469 2308 4510 eos
2327 4455 2460 4509 dure
2497 4454 2628 4508 satis
2679 4454 2977 4524 respondit,
3006 4454 3182 4511 adhuc
3209 4456 3258 4512 ei
3296 4471 3488 4512 sensus
3515 4456 3816 4516 obscurior

2213 4545 2447 4610 videtur,
2485 4553 2539 4599 et
2559 4545 2610 4599 in
2636 4546 2907 4614 parabolis
2934 4561 3058 4601 eum
3083 4547 3320 4602 locutum
3349 4547 3517 4604 fuisse
3542 4550 3811 4607 credidit.

2212 4637 2435 4691 Dixerat
2467 4636 2610 4690 enim
2639 4652 2705 4692 ac
2725 4638 2769 4692 si
2809 4649 2955 4693 recte
2977 4638 3418 4708 intelligentibus,
3449 4638 3622 4696 Sinite
3653 4641 3812 4709 illos,

2213 4728 2410 4798 inquit,
2454 4727 2578 4782 circi
2622 4737 2762 4793 sunt,
2813 4737 2860 4783 et
2902 4729 3058 4783 duces
3098 4746 3374 4785 cwcorum.
3422 4730 3561 4786 Caeci
3617 4741 3814 4789 autem

2213 4828 2389 4884 erant,
2415 4819 2540 4888 quia
2565 4817 2742 4873 lumen
2776 4819 3127 4874 scientiarum
3159 4821 3254 4876 Dei
3285 4821 3468 4877 videre
3511 4837 3618 4876 non
3649 4831 3818 4892 pote-

2217 4919 2378 4978 rant;
2409 4911 2572 4966 duces
2598 4926 2886 4976 caecorum,
2914 4927 3021 4966 non
3055 4922 3113 4967 ut
3150 4913 3292 4968 viam
3322 4914 3418 4969 Dei
3465 4914 3572 4970 illis
3613 4924 3815 4973 osten-

2214 5001 2428 5068 derent,
2459 5002 2554 5057 sed
2595 5010 2652 5057 ut
2684 5011 2908 5073 propter
2936 5003 3255 5059 traditiones
3282 5004 3584 5070 hominum,
3613 5022 3716 5065 eos
3750 5010 3812 5066 in

2214 5092 2424 5148 foveam
2470 5093 2660 5149 mortis
2705 5093 3099 5164 demergerent.
3137 5093 3275 5150 Hinc
3310 5110 3442 5167 ergo
3489 5105 3609 5150 erat
3651 5098 3812 5168 quod

2215 5185 2480 5240 docebant
2503 5183 2682 5239 dicere
2727 5182 2864 5239 ﬁlios
2885 5185 3201 5254 parentibus
3228 5185 3342 5240 suis
3366 5203 3378 5239 :
3408 5185 3602 5241 Munus
3632 5187 3816 5256 quod-

2215 5289 2429 5344 cunque
2455 5289 2523 5329 ex
2560 5288 2647 5328 me
2685 5273 2782 5328 tibi
2833 5274 3069 5344 prodest.
3101 5273 3271 5330 Porro
3318 5275 3461 5345 quod
3489 5275 3588 5341 ait,
3620 5274 3814 5331 Sinite

2215 5366 2358 5431 illos,
2382 5365 2485 5420 hoc
2533 5372 2636 5428 est,
2679 5363 2821 5432 quod
2865 5365 3136 5434 apostolos
3179 5365 3335 5434 jubet
3383 5375 3442 5420 ut
3475 5367 3814 5423 haereticum

2216 5457 2490 5513 hominem
2515 5464 2634 5526 post
2664 5471 2827 5510 unam
2870 5466 2925 5511 et
2954 5457 3244 5512 secundam
3271 5459 3669 5513 correctionem
3708 5459 3812 5515 de-

2217 5549 2374 5612 vites,
2395 5547 2574 5602 sciens
2619 5547 2759 5616 quod
2793 5536 3083 5616 perversus
3125 5548 3198 5602 sit
3237 5547 3628 5618 hujuscemodi,
3681 5561 3741 5605 et
3773 5567 3810 5606 a

2214 5639 2503 5708 semetipso
2543 5639 2844 5694 damnatus.
2878 5639 2944 5694 Et
2975 5640 3224 5696 Salvator
3271 5641 3326 5696 in
3379 5641 3525 5699 hunc
3573 5659 3811 5701 sensum

2213 5733 2470 5803 pmcepit
2516 5731 2767 5786 doctores
2801 5734 3067 5801 pessimos
3094 5747 3190 5788 suo
3223 5733 3450 5790 arbitrio
3477 5734 3703 5801 dimitti,
3733 5751 3814 5793 eo

2213 5825 2356 5896 quod
2407 5823 2540 5880 tales
2599 5823 2880 5881 diﬁiculter
2920 5823 3082 5896 642
3135 5834 3358 5896 possunt
3401 5827 3628 5899 corrigi,
3679 5836 3739 5884 et
3773 5844 3816 5894 ε
