3994 6364
142 342 248 401 557

903 333 1292 394 EXPOSlTlO
1324 334 1392 392 IN
1429 329 1868 392 MATTHEUM.
1896 364 1966 376 —
2003 331 2132 390 LIB.
2173 332 2284 401 Vll,
2324 332 2480 390 CAP.
2520 331 2640 389 XV.

3315 334 3426 398 538

142 467 307 511 sensu
345 447 630 522 pravitatis
671 447 966 504 immutari.
1009 448 1116 504 Sed
1141 448 1334 505 Petrus
1383 447 1630 514 audiens,
1671 456 1730 502 ut
1756 455 1810 516 Α
1831 448 2145 516 manducat,
2173 464 2298 504 cum
2323 463 2421 520 per
2447 464 2508 504 os
2547 447 2666 517 ejus
2708 447 2863 504 cibus
2888 449 3124 508 sumitur
3152 459 3245 506 aut
3265 463 3426 523 potus

141 547 274 609 dixi,
328 558 452 615 qua:
494 541 638 598 dicta
685 549 841 606 sunt,
882 540 1185 612 suspicatus
1228 549 1312 597 est
1360 541 1417 596 in
1463 540 1733 612 parabolis

139 655 263 696 eum
295 637 463 692 fuisse
489 635 751 700 locutum,
781 642 838 688 et
876 634 998 689 ideo
1025 635 1106 690 sic
1143 634 1456 704 respondit:
1489 633 1735 688 Edissere

139 730 288 784 nobis
321 726 632 797 parabolam
655 727 855 791 istaut;
886 724 974 779 cui
1004 724 1095 780 ille
1120 724 1256 780 dixit
1283 740 1298 778 :
1326 725 1513 779 Adhuc
1554 735 1602 778 et
1646 741 1733 780 vos

136 822 251 875 sine
277 819 544 874 intellectu
575 818 746 873 estis?
774 818 853 872 Ex
882 833 990 888 quo
1016 818 1450 874 animadvertere
1477 818 1735 874 debemus

137 913 395 967 vitiosum
419 925 540 966 esse
567 911 895 976 auditorem,
916 911 1042 982 quia
1074 919 1134 966 ut
1163 911 1394 967 obscura
1424 910 1730 980 manifeste,

137 1012 231 1060 aut
271 1003 563 1060 manifesta
614 1003 848 1060 obscure
892 1003 1006 1059 vult
1034 1004 1407 1076 interpretari,
1437 1015 1532 1060 aut
1575 1007 1733 1064 intel-

133 1097 326 1168 ligere,
348 1097 490 1153 sicut
513 1097 568 1152 in
592 1096 700 1152 hoc
723 1096 842 1153 loco
864 1095 1082 1153 Petrum
1105 1097 1298 1154 fecisse
1323 1098 1616 1165 cernimus,
1637 1101 1732 1171 qui

134 1187 190 1241 in
213 1201 274 1243 re
295 1196 408 1243 tam
431 1187 720 1273 manifesta
746 1189 1028 1260 mysticam
1052 1189 1279 1260 requirit
1301 1189 1727 1262 intelligentiam.

134 1277 344 1334 Tamen
387 1278 808 1349 benignissimus
849 1278 1106 1350 Magister
1134 1281 1480 1347 sententiam,
1511 1279 1576 1334 de
1623 1289 1729 1346 qua

130 1377 255 1424 orta
300 1369 483 1426 fuerat
524 1371 647 1426 talis
693 1371 948 1440 suspicio,
978 1373 1158 1428 adhuc
1185 1371 1420 1443 explicat
1462 1380 1517 1426 et
1554 1369 1724 1424 dicit:

143 1484 146 1487 ·
209 1459 339 1516 Non
390 1461 681 1532 intelligitis
734 1463 858 1534 quia
901 1480 1054 1518 omne
1093 1465 1236 1535 quod
1270 1465 1325 1518 in
1371 1481 1426 1518 os
1462 1464 1624 1517 intrat
1671 1461 1728 1516 in

126 1560 370 1605 uentrem
393 1552 555 1616 vadit,
580 1561 628 1606 et
659 1552 715 1606 in
735 1569 994 1608 secessum
1023 1554 1297 1608 mittitur?
1323 1553 1515 1608 Omnia
1542 1553 1723 1607 Evan-

127 1637 408 1709 geliorum
429 1639 560 1704 loca,
601 1628 829 1706 fratres,
862 1643 1005 1712 apud
1043 1642 1327 1698 haereticos
1354 1651 1411 1697 et
1440 1655 1724 1712 perversos

123 1731 380 1801 perfidia
406 1745 516 1787 sum
563 1731 846 1798 doctores,
891 1733 1048 1804 plena
1089 1743 1213 1790 sunt
1262 1735 1556 1800 scandalis,
1595 1735 1722 1805 quia

1836 540 2147 596 immundus
2170 541 2296 607 erit,
2338 541 2439 597 etsi
2471 540 2766 612 contigerit
2809 542 2993 598 ebrius
3040 552 3100 599 ut
3137 554 3323 601 vomat
3368 557 3426 604 et

1835 631 2152 701 crapulatus
2202 630 2383 696 fuerit,
2412 631 2653 702 nunquid
2681 631 2810 702 quia
2851 647 2948 688 ore
2975 634 3108 688 exiit
3134 649 3242 690 non
3269 636 3426 692 coin-

1835 726 2026 796 quinat
2053 725 2364 782 hominem?
2399 727 2710 783 Absurdum
2750 728 2896 784 enim
2930 738 2987 784 et
3011 729 3236 786 stultum
3264 731 3428 788 nimis

1833 825 1942 884 est,
1967 824 2028 872 ut
2049 826 2176 873 tunc
2203 824 2458 887 putemus
2485 833 2593 874 non
2623 817 2740 874 ﬁeri
2762 819 3097 876 immundum
3127 821 3423 891 hominem,

1833 925 1958 965 cum
1987 911 2278 966 manducat
2322 925 2494 981 usque
2546 912 2614 968 ad
2656 913 2958 984 crapulam,
2985 922 3041 969 et
3068 913 3302 970 inebriat
3342 930 3424 984 se,

1833 1011 1964 1060 tunc
1983 1012 2163 1059 autem
2193 1019 2301 1060 non
2335 1014 2606 1075 putemus,
2635 1007 2763 1076 quia
2791 1005 2860 1062 de
2893 1021 2989 1063 ore
3011 1006 3123 1062 exit
3149 1007 3196 1062 si
3219 1016 3422 1064 vomat.

1831 1081 2091 1150 Aitenim
2146 1095 2413 1151 Dominus
2452 1114 2464 1151 :
2498 1096 2617 1154 Non
2671 1099 2815 1169 quod
2866 1099 3034 1154 intrat
3093 1099 3149 1155 in
3188 1115 3276 1166 os,
3329 1100 3427 1157 sed

1831 1187 1975 1257 quod
2030 1188 2144 1243 exit
2210 1188 2528 1260 coinquinat
2599 1189 2894 1247 hominem.
2942 1191 3089 1262 {Jam
3155 1194 3299 1265 quod
3356 1194 3425 1251 de
3515 1251 3519 1256 ,

1829 1277 2144 1353 idolothytis
2215 1281 2322 1338 dici
2397 1289 2579 1352 potest
2640 1283 2688 1339 si
2757 1284 3165 1342 manducaverit
3226 1287 3423 1354 homo,

1827 1368 2028 1427 Paulus
2054 1373 2332 1444 apostolus
2362 1374 2542 1441 solvit,
2573 1375 2698 1446 quia
2725 1391 2832 1432 non
2860 1377 2964 1434 nisi
2990 1394 3058 1435 ex
3089 1379 3423 1436 conscientia

1825 1462 2208 1534 minquinatur
2252 1465 2445 1535 aliquis
2495 1482 2619 1522 cum
2669 1467 3097 1526 manducaverit.
3149 1469 3422 1537 Quoniam

1827 1554 2004 1610 omnis
2052 1565 2302 1612 creatura
2358 1573 2455 1628 per
2487 1574 2548 1614 se
2589 1559 2731 1615 bona
2771 1569 2890 1628 est,
2944 1563 3039 1618 sed
3098 1562 3224 1633 quia
3265 1561 3425 1619 idolis

1825 1645 2103 1702 immolata
2146 1657 2279 1714 est,
2331 1649 2532 1704 malum
2583 1659 2684 1705 est.
2727 1649 2979 1723 Nunquid
3025 1653 3128 1710 hoc
3173 1654 3278 1709 ita.
3314 1655 3420 1712 hoc

1824 1734 1943 1792 loco
1997 1738 2404 1810 explauabitur,
2455 1751 2517 1796 ut
2572 1743 2788 1813 quando
2834 1744 3129 1800 manducas
3174 1760 3284 1801 non
3339 1746 3418 1803 sis
3498 1779 3499 1782 η

121 1824 234 1895 ipsi
262 1824 367 1880 sibi
392 1827 732 1896 praetendunt
759 1827 998 1898 laqueos,
1043 1839 1099 1886 et
1129 1832 1412 1887 innectunt
1443 1833 1632 1898 nodos,
1663 1840 1723 1888 ut
1748 1829 1798 1891 B
1826 1827 2158 1892 immundUS.
2204 1839 2260 1886 et
2284 1832 2500 1902 quando
2524 1835 2742 1904 exspuis
2781 1836 2892 1891 eris
2927 1836 3279 1893 immundus?
3311 1837 3424 1894 Aut
3492 1837 3499 1852 '

123 1917 448 1975 subvertant
469 1921 770 1977 doctrinam
811 1923 1002 1980 salutis
1037 1933 1093 1979 et
1137 1925 1409 1997 decipiant
1450 1927 1718 1983 incautos.

123 2009 286 2068 Unde
335 2022 392 2068 et
435 2014 490 2068 iu
541 2015 644 2070 hac
684 2017 951 2072 sententia
991 2018 1392 2074 calumniantur
1428 2020 1570 2090 quod
1600 2020 1720 2092 Do-

118 2103 331 2171 minus,
355 2105 600 2160 omnium
641 2116 957 2163 naturarum
1005 2118 1242 2177 creator,
1280 2111 1519 2183 physica:
1541 2111 1722 2182 dispu-

121 2194 352 2250 tationis
395 2194 560 2251 fuerit
608 2197 852 2268 ignarus,
900 2199 1027 2254 dum
1059 2209 1214 2271 putat
1251 2216 1442 2258 omnes
1484 2203 1635 2258 cibos
1664 2203 1719 2257 in

116 2295 372 2341 ventrem
413 2288 495 2342 ire
534 2297 588 2343 et
617 2289 671 2344 in
698 2305 974 2346 secessum
1014 2293 1174 2354 mitti,
1217 2281 1548 2348 eumstatim
1581 2309 1721 2349 esca:

114 2375 319 2432 infusa:
357 2385 412 2432 et
439 2377 741 2450 absumpta:
777 2379 1044 2448 faucibus,
1069 2397 1167 2452 per
1201 2391 1352 2438 artus
1385 2392 1439 2438 et
1461 2399 1627 2439 venas
1655 2399 1721 2440 ac

114 2467 395 2524 medullas
420 2485 727 2542 nervosque
757 2471 1072 2540 fundantur,
1095 2477 1168 2531 ita
1214 2487 1273 2532 ut
1314 2477 1522 2549 singula
1551 2493 1720 2534 mem-

113 2560 220 2617 bra
256 2561 530 2632 accipiant
568 2573 754 2633 partes
793 2582 921 2622 suas
968 2568 1166 2638 quibus
1209 2570 1372 2624 alitur
1401 2580 1455 2626 et
1484 2571 1722 2626 nutritur

115 2665 286 2708 omne
311 2667 531 2724 corpus,
576 2664 633 2710 et
666 2656 906 2712 universi
936 2658 1194 2716 humores
1223 2661 1277 2715 in
1324 2661 1544 2718 homine
1589 2677 1717 2732 pro-

113 2751 401 2798 creantur.
459 2743 613 2801 Unde
667 2746 970 2804 istiusmodi
1011 2751 1427 2809 calumniatores
1465 2754 1720 2810 insidiose

113 2834 252 2890 dum
301 2835 493 2891 volunt
539 2836 839 2896 Salvatoris
894 2843 1292 2913 reprehendere
1345 2847 1712 2913 sententiam,

113 2939 277 2980 suam
323 2924 619 2981 ostendunt
649 2929 1014 2999 imperitiam,
1065 2933 1192 3002 quia
1223 2933 1481 2991 Dominus
1509 2937 1589 2992 sic
1639 2937 1717 2994 lo-

112 3015 331 3086 quitur,
359 3025 420 3070 ut
444 3025 638 3072 natura
665 3029 721 3074 et
762 3036 892 3076 usus
939 3022 1157 3078 vivendi
1201 3033 1308 3090 est,
1360 3041 1468 3080 non
1500 3035 1559 3080 ut
1583 3027 1715 3098 phy-

113 3105 294 3162 sicam
316 3109 528 3172 doceat,
551 3108 647 3163 sed
677 3119 734 3166 ut
773 3111 1019 3167 homines
1065 3112 1134 3168 ad
1177 3114 1454 3171 caelestem
1501 3117 1716 3172 erudiat

1825 1921 2042 1991 quando
2067 1922 2209 1992 quod
2237 1923 2455 1993 gravius
2483 1933 2586 1989 est,
2605 1917 2783 1995 usque
2807 1926 2873 1980 ad
2895 1941 3152 1982 nauseam
3183 1929 3418 1996 veneris,

1825 2014 1951 2082 quia
1971 2012 2156 2068 bibisti
2182 2014 2290 2068 eris
2320 2015 2722 2086 coinquinatus,
2766 2025 2820 2072 et
2845 2018 3272 2087 quia’vomuisti,
3308 2018 3421 2074 eris

1824 2103 2181 2160 immundus?
2219 2105 2422 2162 Tamen
2478 2107 2767 2177 Apostolus
2811 2109 2988 2165 dicit:
3040 2109 3180 2176 Quia
3229 2110 3419 2184 ebriosi

1823 2212 2039 2266 regnum
2068 2195 2168 2250 Dei
2194 2213 2296 2251 non
2322 2198 2657 2268 possidebunt
2704 2199 2767 2271 (Ι
2797 2198 2920 2255 (.‘or.
2943 2217 3022 2267 vr,
3050 2201 3170 2273 10).
3198 2201 3267 2256 Et
3295 2200 3416 2258 Sal—

1820 2296 1982 2342 vator
2012 2305 2026 2341 :
2070 2285 2248 2343 Videte
2278 2305 2342 2343 ne
2387 2301 2670 2362 graventur
2695 2293 2857 2347 corda
2897 2302 3070 2348 vestra
3111 2293 3169 2349 in
3196 2293 3418 2363 crapula

1823 2375 1982 2450 (Luc.
2015 2395 2128 2444 xm,
2151 2379 2274 2451 54).
2303 2379 2438 2448 Quia
2468 2396 2576 2436 non
2607 2382 2687 2437 sic
2710 2391 2794 2438 est
2831 2385 3168 2440 contrarium
3194 2384 3415 2455 (inquit)

1821 2471 1972 2525 omni
1996 2469 2327 2527 Christiano.
2359 2470 2558 2528 Verum
2588 2475 2804 2544 quando
2825 2477 3066 2546 exspuis,
3081 2477 3208 2547 quia
3230 2477 3298 2533 de
3317 2491 3417 2532 ore

1822 2573 1917 2619 tuo
1964 2565 2078 2619 exit
2101 2565 2322 2635 aliquid,
2363 2575 2418 2620 et
2456 2568 2673 2636 quando
2722 2567 2931 2633 bibisti,
2961 2569 3014 2623 in
3045 2583 3108 2624 os
3151 2578 3299 2623 tuum
3329 2569 3415 2624 in-

1821 2655 1986 2709 travit
2015 2655 2216 2726 aliquid
2240 2671 2349 2726 quo
2378 2657 2700 2727 inquinaris,
2729 2658 2804 2713 ita
2835 2667 2895 2713 ut
2925 2674 3149 2730 regnum
3172 2660 3266 2715 Dei
3291 2674 3418 2730 pos-

1820 2747 2000 2803 sidere
2027 2763 2134 2802 non
2163 2749 2362 2822 possis.
2394 2749 2534 2816 Quid
2561 2765 2692 2822 ergo
2718 2749 2889 2806 voluit
2906 2751 3166 2807 Dominus
3194 2752 3411 2808 dicere:

1819 2838 1936 2894 Non
1959 2841 2102 2910 quod
2123 2840 2291 2896 intrat
2315 2841 2368 2896 in
2395 2857 2480 2907 os,
2521 2843 2613 2898 sed
2643 2844 2786 2914 quod
2816 2844 2928 2898 exit
2971 2845 3284 2915 coinquinat
3311 2845 3413 2900 ho-

1817 2931 2043 2997 minem,
2074 2931 2178 2987 nisi
2203 2928 2364 3000 forte,
2410 2933 2536 3002 quia
2576 2941 2794 2990 secutus
2821 2934 3009 2990 eodem
3045 2933 3165 2990 loco
3199 2933 3416 2991 Marcus

1815 3023 2148 3096 evangelista
2187 3024 2356 3080 dixit:
2393 3022 2521 3080 Non
2552 3025 2864 3097 intelligitis,
2890 3027 3015 3098 quia
3047 3027 3414 3097 omneLextrin-

1815 3131 1964 3170 secus
1993 3115 2244 3172 introiens
2269 3117 2326 3172 in
2370 3117 2656 3184 hominem,
2688 3135 2792 3174 non
2830 3129 2995 3190 potest
3033 3136 3152 3174 eum
3177 3136 3414 3174 commu-

114 3199 485 3270 disciplinam.
520 3199 785 3267 Quoniam
839 3205 956 3276 ipse
1007 3220 1221 3261 omnem
1267 3217 1518 3264 naturam
1564 3219 1717 3266 tauto
1743 3194 1790 3260 C
1821 3208 2018 3274 nicare,
2045 3210 2170 3280 quia
2191 3227 2296 3264 non
2321 3211 2501 3265 introit
2523 3210 2579 3265 in
2603 3227 2696 3265 cor
2716 3212 2856 3282 ejus,
2883 3211 2974 3266 sed
3011 3211 3066 3266 in
3087 3222 3339 3278 ventrem,
3362 3221 3415 3266 et

115 3293 354 3362 amplius
379 3292 548 3360 novit,
583 3305 788 3364 quanto
809 3307 1022 3354 constat
1045 3313 1252 3364 verum,
1296 3301 1420 3370 quia
1459 3301 1571 3371 ipse
1592 3316 1714 3358 eam

115 3388 440 3444 eondiditet
460 3391 688 3446 creavit.
715 3390 821 3447 Sed
860 3399 1042 3448 tamen
1071 3394 1319 3464 quamvis
1345 3391 1715 3463 hujuscemodi

113 3479 326 3536 locutio
354 3482 585 3554 simplex
624 3499 746 3540 esse
795 3485 1064 3552 videatur,
1105 3501 1411 3556 quaeramus
1453 3495 1714 3558 quantam

117 3573 180 3628 in
205 3587 265 3627 se
290 3574 480 3630 habeat
507 3577 734 3632 rationis
762 3579 1048 3634 veritatem
1087 3589 1142 3634 et
1169 3580 1715 3652 sanae'intelligentia‘.

114 3663 460 3735 disciplinam
487 3684 502 3734 ;
525 3683 653 3723 nam
700 3678 906 3724 natura:
943 3670 1120 3726 victus
1144 3671 1224 3726 sic
1270 3687 1329 3728 se
1367 3671 1531 3727 habet
1562 3689 1711 3740 usus,

116 3759 354 3827 utquod
391 3759 444 3813 in
467 3775 531 3815 os
557 3761 744 3828 intrat,
781 3776 908 3816 mox
946 3771 1006 3817 ut
1047 3763 1232 3819 fauces
1276 3764 1573 3831 transierit,
1603 3765 1714 3834 prio

112 3863 274 3904 mum
297 3850 356 3904 in
381 3859 619 3907 ventrem
649 3855 832 3920 vadat,
860 3854 1046 3926 sicque
1065 3855 1321 3926 liquidior
1343 3871 1468 3912 esca
1519 3866 1574 3912 et
1595 3857 1713 3926 pin-

113 3940 360 4012 guedior
387 3956 523 3997 escae
571 3953 836 4016 potusque
874 3961 1070 4003 succus
1108 3961 1205 4018 per
1242 3963 1434 4002 omnes
1465 3963 1631 4003 venas
1657 3957 1713 4004 et

109 4041 280 4087 artus
318 4048 378 4089 se
415 4034 650 4104 dividat,
704 4046 766 4093 ut
820 4039 1015 4112 singuli
1063 4041 1349 4108 humores,
1392 4041 1712 4112 singulaque

111 4125 494 4182 membrorum
516 4127 713 4195 ofﬁcia,
741 4145 868 4186 suas
893 4131 1166 4202 accipiant
1202 4141 1406 4203 partes.
1433 4132 1585 4188 Tunc
1614 4133 1708 4189 de-

110 4233 268 4276 mum
297 4235 422 4276 cum
449 4220 565 4292 jam
590 4223 810 4280 decocta
837 4225 1042 4282 fuerint
1069 4235 1126 4282 et
1154 4226 1382 4298 digesta,
1419 4228 1548 4283 velit
1577 4227 1712 4284 nolit

109 4310 470 4368 adversarius
507 4314 682 4390 .(quia
731 4317 814 4372 sic
861 4318 916 4372 in
955 4327 1151 4396 patura
1203 4319 1319 4390 ipse
1357 4329 1574 4376 creator
1614 4320 1707 4375 lir-

106 4405 322 4466 mavit)
375 4421 476 4476 per
521 4407 764 4464 occultos
814 4419 1026 4465 meatus
1075 4413 1319 4483 corporis
1363 4428 1500 4484 quos
1535 4411 1709 4469 Graeci

105 4495 314 4573 πόρους
334 4508 552 4566 vocant,
586 4510 640 4556 et
675 4517 776 4557 nos
810 4511 1094 4572 aperturas
1117 4504 1387 4574 possimus
1413 4505 1708 4576 appellare,

104 4589 183 4644 ad
233 4588 495 4646 inferiora
542 4591 706 4666 65,3
743 4592 1074 4661 dilabuntur,
1103 4597 1351 4665 quamvis
1391 4598 1542 4668 prius
1573 4598 1710 4653 cinis

104 4680 369 4737 ciborum
392 4683 648 4739 decoctus
669 4686 886 4756 insuper
921 4686 1177 4758 deinceps
1199 4695 1254 4742 et
1285 4688 1398 4758 ipsa
1423 4704 1550 4744 caro
1589 4705 1710 4759 quae

101 4788 174 4829 ex
205 4773 297 4828 his
320 4775 577 4841 nutritur,
601 4784 658 4831 et
681 4792 871 4833 omnes
892 4778 1272 4835 rheumatismi
1313 4781 1381 4834 ad
1415 4781 1522 4835 ima
1552 4795 1708 4836 sece-

102 4864 278 4928 dunt,
309 4880 435 4920 cum
479 4867 822 4935 decrescunt,
849 4871 953 4926 nisi
985 4871 1141 4940 pauci
1167 4873 1449 4948 humores,
1492 4874 1583 4944 qui
1613 4889 1710 4944 per

98 4971 274 5025 suos,
299 4966 361 5012 ut
388 4958 520 5024 dixi,
573 4975 736 5031 poros
763 4972 1074 5034 egeruntur.
1110 4963 1241 5032 Qua:
1287 4963 1467 5019 omnia
1510 4965 1563 5019 in
1589 4981 1709 5021 cor-

99 5064 251 5124 pore
275 5050 516 5107 humano
536 5067 663 5109 suos
686 5068 931 5111 secessus
957 5055 1176 5118 habent,
1203 5054 1328 5111 licet
1350 5070 1538 5110 eorum
1563 5056 1713 5127 prius

96 5145 256 5201 cinis
287 5154 347 5200 et
376 5147 632 5203 materies
653 5148 719 5202 ad
744 5147 851 5203 ima
876 5149 1122 5214 decocta,
1154 5149 1268 5220 jam
1299 5149 1519 5220 putrida
1549 5158 1712 5220 atque

95 5237 335 5308 putida,
358 5238 665 5294 secesserit.
695 5238 764 5293 Et
791 5239 912 5296 ideo
935 5255 1096 5312 quam
1120 5240 1244 5295 vani
1273 5240 1402 5305 sint,
1440 5254 1712 5311 quamque

95 5329 310 5386 indiCti
351 5331 440 5400 qui
483 5331 585 5386 ista
627 5331 1049 5402 reprehendunt,
1079 5335 1193 5404 ipsa
1231 5340 1422 5387 natura
1449 5332 1626 5400 docet,
1655 5341 1712 5389 et

89 5422 324 5478 veritas
350 5423 479 5478 dicti
510 5438 606 5480 eos
633 5425 881 5481 revincit.
916 5425 1182 5482 Cancrum
1211 5426 1354 5496 quod
1382 5425 1497 5481 ait:

179 5513 320 5568 Non
358 5516 498 5586 quod
527 5517 581 5570 in
607 5532 662 5571 os
688 5518 870 5580 intrat,
896 5518 986 5572 sed
1033 5517 1172 5588 quod
1213 5519 1278 5572 de
1307 5518 1462 5573 corde
1481 5518 1715 5590 procedit

85 5609 426 5681 coinquinat
457 5610 740 5665 hominem.
796 5610 915 5666 Non
966 5613 1145 5666 minor
1169 5613 1396 5682 quaestio
1435 5621 1556 5677 est;
1587 5613 1713 5682 quia

84 5703 209 5760 etsi
242 5716 318 5756 ea
345 5717 468 5771 qua:
518 5702 582 5757 de
620 5703 783 5758 corde
809 5713 899 5758 aut
931 5706 997 5760 de
1043 5720 1136 5759 ore
1173 5705 1313 5760 mala
1343 5714 1562 5770 exeunt,
1587 5721 1714 5762 vere

84 5795 479 5866 coinquinant
507 5797 798 5866 hominem,
832 5810 892 5856 ut
920 5809 1047 5872 puta
1092 5817 1210 5858 cum
1243 5804 1403 5858 homo
1433 5803 1590 5870 bibit,
1619 5810 1713 5858 aut

1819 3297 1876 3352 in
1899 3314 2156 3354 secessum
2183 3301 2308 3354 exiit
2359 3316 2592 3372 purgans
2619 3317 2796 3356 omnes
2820 3317 2966 3356 escas
2983 3301 3009 3355 2’
3058 3301 3077 3371 (
3104 3299 3414 3369 Matth.vn,

1821 3389 1907 3456 18,
1934 3389 2054 3458 i9.)
2093 3390 2348 3461 Alioquin
2396 3392 2501 3446 nisi
2553 3407 2750 3462 corpus
2797 3393 3055 3448 vitiosum
3110 3391 3325 3458 fuisset,
3352 3401 3416 3448 ut
3483 3395 3490 3400 ’

1817 3479 2204 3548 inebriaretur,
2235 3481 2402 3555 6M
2435 3493 2534 3538 aut
2572 3482 2775 3553 aliquid
2815 3483 2923 3538 tale
2951 3483 3280 3549 admitteret,
3305 3484 3414 3538 uti-

1817 3589 1924 3645 que
1967 3589 2074 3629 non
2116 3575 2289 3629 fieret.
2320 3576 2385 3630 Et
2411 3575 2532 3630 ideo
2571 3590 2678 3630 non
2706 3576 2773 3631 de
2795 3575 3039 3647 corporis
3074 3590 3169 3630 ore
3198 3585 3410 3631 tantum

1818 3663 2116 3736 intelligere
2153 3665 2434 3730 debemus,
2489 3666 2632 3722 unde
2681 3675 2886 3722 exeunt
2935 3666 3075 3722 mala
3104 3681 3225 3736 qua:
3256 3667 3411 3722 coin-

1815 3759 2042 3828 quinant
2069 3758 2362 3824 hominem,
2395 3759 2488 3814 sed
2515 3759 2687 3831 magis
2704 3760 2770 3815 de
2795 3774 2890 3838 ore
2915 3759 3115 3815 cordis.
3148 3757 3410 3830 Propter-

1815 3867 1878 3907 ea
1911 3860 1966 3907 et
1985 3852 2076 3907 hic
2097 3851 2381 3909 Mattbteus
2409 3852 2522 3906 ait:
2547 3852 2679 3918 Qua:
2713 3863 2889 3907 autem
2915 3853 3206 3922 procedunt
3234 3852 3299 3907 de
3322 3868 3413 3907 ore

1814 3943 1878 3999 de
1916 3944 2072 3999 corde
2094 3956 2317 4010 exeunt,
2363 3953 2413 3999 et
2442 3961 2504 4000 ea
2540 3946 2884 4016 coinquinant
2919 3945 3199 3999 hominem.
3237 3942 3414 3999 Habet

1813 4039 1956 4094 enim
1987 4053 2084 4094 cor
2111 4053 2174 4094 os
2194 4053 2371 4104 suum,
2405 4038 2547 4094 sicut
2575 4050 2630 4094 et
2655 4039 2880 4094 interior
2910 4039 3072 4094 homo
3098 4052 3258 4094 aures
3283 4052 3412 4093 suas

1813 4138 1868 4184 et
1905 4128 2090 4184 oculos
2127 4142 2277 4195 suos,
2303 4130 2501 4200 quibus
2529 4129 2711 4186 videat
2735 4137 2828 4185 aut
2877 4129 3061 4185 audiat
3090 4129 3255 4185 homo
3289 4144 3410 4200 quae

1813 4220 1911 4277 Dei
1939 4231 2083 4278 sunt.
2115 4222 2268 4280 Unde
2317 4223 2363 4279 si
2402 4240 2507 4278 non
2537 4223 2733 4278 exierit
2769 4223 3207 4294 concupiscentia
3239 4230 3296 4278 et
3317 4237 3410 4278 vo-

1810 4309 2011 4379 luntas,
2063 4323 2159 4368 aut
2204 4329 2460 4370 assensus
2489 4313 2644 4368 mala:
2681 4313 2781 4378 rei,
2831 4327 2862 4368 a
2888 4312 3044 4380 foris,
3085 4328 3194 4369 non
3230 4320 3413 4385 potest

1813 4406 2020 4462 intrare
2039 4409 2183 4477 quod
2213 4407 2527 4477 coinquinet
2557 4421 2572 4461 :
2606 4405 2746 4473 Quia
2771 4407 2952 4460 omnia
2977 4406 3175 4461 munda
3196 4407 3409 4462 mundis

1813 4498 1944 4571 (Tit.
1976 4515 2018 4566 ι,
2059 4500 2171 4572 15).
2209 4499 2348 4554 Hinc
2393 4513 2607 4569 quoque
2651 4498 2944 4569 Apostolus
2983 4498 3052 4554 de
3093 4496 3409 4570 idolothytis

1739 4568 1789 4630 ί)
1813 4568 2066 4664 prohibet
2096 4568 2444 4658 manducare,
2476 4568 2536 4648 si
2553 4568 2770 4648 noveris
2795 4592 2936 4662 quod
2957 4568 3403 4661 immolatumsit,

1813 4701 1882 4740 ne
1917 4685 2054 4740 forte
2081 4701 2148 4740 ex
2169 4685 2501 4742 conscientia
2527 4683 2845 4750 sordideris,
2874 4685 3018 4755 quod
3038 4699 3102 4740 ex
3128 4693 3400 4751 creatura,

1812 4777 1936 4847 quia
1959 4778 2099 4832 bona
2130 4786 2214 4832 est
2238 4792 2302 4832 ex
2329 4759 2406 4840 se,
2430 4791 2535 4830 non
2560 4774 2784 4846 poteris.
2818 4773 2911 4831 Sic
2937 4783 2992 4832 et
3019 4776 3086 4832 de
3103 4776 3250 4832 omni
3279 4788 3406 4830 esca

1813 4878 1869 4924 et
1893 4879 2023 4940 potu
2062 4869 2466 4940 intelligendum
2495 4875 2600 4934 est,
2629 4867 2758 4940 quia
2785 4884 2894 4926 non
2922 4883 2989 4925 ex
3023 4881 3085 4924 se
3123 4867 3404 4926 sordidant

1815 4963 2110 5028 hominem,
2144 4960 2241 5016 sed
2267 4977 2333 5016 ex
2383 4960 2516 5015 vitio
2543 4959 2671 5030 quia
2703 4959 2844 5015 male
2885 4969 3194 5026 sumuntur,
3227 4956 3416 5014 surdi)

1817 5055 2015 5112 dantur
2043 5055 2310 5109 homines.
2335 5053 2402 5108 Et
2432 5053 2554 5109 ideo
2581 5053 2829 5124 sequitur
2853 5071 2866 5108 :

1807 5175 1814 5178 -
1887 5147 1962 5203 De
1990 5147 2145 5201 corde
2189 5146 2325 5201 enim
2371 5155 2561 5200 exeunt
2595 5143 2935 5218 cogitationes
2963 5140 3141 5208 male,
3170 5139 3404 5211 fornica-

1815 5244 2001 5308 tiones,
2032 5241 2338 5308 homicidia,
2369 5240 2535 5311 furta,
2579 5239 2934 5310 blasphemiae.
2968 5236 3099 5294 Hec
3133 5245 3282 5302 sunt,
3313 5236 3403 5292 in-

1814 5335 1950 5406 quit,
1975 5350 2091 5407 qua:
2126 5333 2464 5404 coinquinant
2512 5334 2796 5388 hominem.
2850 5331 2982 5399 Quae
3027 5329 3152 5387 licet
3193 5329 3401 5385 extrin-

1814 5443 1974 5485 secus
2002 5427 2153 5493 ﬁant,
2188 5437 2364 5482 tamen
2392 5427 2458 5482 de
2479 5427 2623 5482 intus
2652 5425 2914 5497 procedit,
2932 5434 2991 5480 ut
3018 5425 3172 5480 fiant.
3198 5423 3265 5478 Et
3281 5423 3401 5480 ideo

1817 5521 1931 5576 sola
1982 5520 2231 5576 voluntas
2251 5520 2402 5589 prius
2432 5519 2485 5573 in
2515 5519 2670 5587 culpa
2699 5525 2800 5580 est,
2825 5517 3018 5572 deinde
3049 5525 3232 5572 reatus
3268 5515 3401 5573 facti

1815 5619 1869 5674 in
1905 5632 2084 5688 poena,
2108 5617 2233 5686 quia
2276 5616 2364 5670 illa
2409 5623 2533 5669 sunt
2565 5629 2684 5684 qua:
2707 5613 3062 5686 coinquinant
3099 5615 3397 5682 hominem,

1815 5725 1935 5780 quae
1961 5709 2139 5765 cordis
2160 5723 2256 5763 ore
2283 5713 2499 5763 exeunt.
2547 5705 2612 5760 Et
2642 5721 2708 5760 ne
2734 5705 2879 5762 dicat
2899 5705 3121 5777 aliquis,
3168 5722 3266 5764 cor
3303 5705 3402 5761 ha-

1813 5804 1975 5860 betne
2013 5804 2110 5859 os?
2159 5801 2283 5857 audi
2331 5801 2499 5857 David
2533 5800 2800 5857 dicentem
2827 5800 3004 5859 :Tuuc
3043 5802 3294 5872 repletum
3321 5807 3408 5870 est,
