4004 6362
591 426 699 485 $59

1408 419 1467 487 5.
1506 419 1860 479 PASCHASII
1898 416 2245 477 RADBERTI
2280 419 2568 477 ABBATIS
2604 422 3051 499 CORBEIENSIS

3757 428 3859 485 διο

593 541 788 611 gaudio
823 554 915 593 cor
959 543 1213 600 nostrum,
1260 544 1310 589 et
1366 536 1547 606 lingua
1596 544 1776 589 nostra
1829 532 2179 588 exsultatione
2206 536 2257 595 Α
2283 543 2485 601 quanto
2526 534 2687 591 fuerit
2714 552 2810 593 cor
2855 537 3115 593 divinitus
3158 535 3366 595 caelesti
3418 536 3741 599 illustratum
3774 558 3865 599 sa.

595 626 1067 702 (Psal.cxxv,2).
1102 626 1352 696 Alioquin
1393 643 1454 681 os
1501 627 1747 696 corporis
1771 625 2042 696 quomodo
2086 626 2182 679 im-

594 722 770 793 pletur
797 718 1033 790 gaudio?
1061 717 1178 773 Non
1207 717 1343 772 solet
1366 732 1494 788 ergo
1519 717 1749 787 impleri,
1783 717 1886 771 nisi
1925 725 2019 771 aut
2054 716 2180 772 cibo

592 825 688 869 aut
727 823 879 884 potu,
904 821 997 867 aut
1024 813 1202 881 aliqua
1242 828 1303 866 re
1345 812 1456 877 tali,
1480 812 1644 867 etiam
1688 818 1744 865 et
1794 812 2010 882 quando
2054 826 2180 866 eum

590 906 856 958 habemus
882 903 1097 973 plenum
1129 901 1274 971 loqui
1305 917 1410 956 non
1433 916 1739 970 possumus.
1767 900 1875 956 Sed
1918 902 2180 957 habemus

598 996 855 1059 inlusus,
885 993 937 1047 id
985 1002 1073 1048 est
1122 992 1177 1046 in
1207 992 1389 1056 corde,
1426 992 1567 1047 unde
1596 1008 1699 1046 non
1741 992 2001 1062 quidquid
2050 1006 2173 1061 prov

586 1086 756 1148 cedit,
782 1085 874 1139 sed
922 1085 967 1139 si
1009 1084 1209 1139 malum
1240 1092 1343 1146 est,
1375 1083 1689 1153 coinquinat
1723 1099 1842 1146 nos,
1876 1085 1922 1138 si
1977 1085 2179 1138 bonum

591 1176 868 1239 emundat,
893 1185 950 1230 et
971 1175 1091 1230 ideo
1114 1173 1377 1244 quidquid
1403 1183 1487 1228 est
1514 1175 1657 1243 quod
1697 1175 1863 1228 intrat
1893 1175 1943 1229 in
1968 1190 2031 1228 os
2052 1190 2179 1229 cor-v

588 1266 766 1335 poris,
792 1267 934 1337 quod
983 1283 1089 1321 non
1139 1266 1290 1330 licet,
1337 1274 1431 1320 aut
1482 1280 1588 1320 non
1632 1267 1876 1335 expedit;
1910 1281 2015 1320 non
2047 1266 2177 1323 illud

592 1342 767 1425 prius,
790 1359 884 1413 sed
913 1373 1068 1413 mens
1095 1367 1151 1412 et
1177 1357 1534 1422 conscientia,
1581 1373 1701 1428 qua:
1743 1357 2018 1411 immunda
2052 1357 2175 1423 fuit,

588 1449 905 1519 coinquinat
930 1449 1224 1513 hominem,
1252 1456 1309 1503 et
1336 1447 1451 1503 haec
1470 1458 1554 1503 est
1575 1447 1821 1502 voluntas
1840 1462 2027 1515 prava,
2057 1463 2179 1518 qua

588 1540 770 1595 cordis
795 1555 891 1596 ore
918 1548 1122 1595 manat.
1172 1538 1287 1594 Non
1317 1540 1461 1595 enim
1506 1548 1632 1595 tunc
1680 1541 1913 1608 primum
1962 1540 2178 1610 quando

524 1691 543 1705 ,
588 1631 884 1702 loquimur,
913 1642 1008 1688 aut
1035 1633 1251 1703 quando
1282 1622 1348 1687 ad
1370 1631 1622 1687 eﬁ‘ectum
1646 1632 1977 1688 voluntatem
2010 1633 2176 1689 dedth

585 1723 781 1789 cimus,
795 1740 894 1779 nos
914 1724 1168 1779 maculat.
1189 1722 1263 1779 Ne
1284 1725 1405 1794 quis
1424 1724 1569 1779 dicat
1599 1743 1611 1779 :
1629 1722 1860 1790 Quando
1881 1724 2174 1793 loquimur,

585 1813 655 1869 de
674 1831 771 1871 ore
798 1827 985 1872 nostro
1006 1825 1207 1872 exeunt
1237 1816 1420 1898 verba,
1448 1816 1574 1885 quia
1606 1816 1894 1871 verborum
1916 1831 2080 1871 voces
2108 1816 2176 1872 de

2282 625 2503 693 pientis.

2351 714 2420 769 Et
2451 732 2684 787 egressus
2720 719 2843 775 inde
2872 718 3051 785 Iesus,
3097 721 3306 777 secessit
3342 721 3399 775 in
3444 730 3619 790 partes
3653 720 3777 794 Tyri
3812 732 3868 783 σε

2281 807 2519 874 Sidonis,
2565 826 2682 880 quae
2720 812 2872 866 urbes
2930 812 3183 882 proxima:
3224 813 3362 871 mari
3393 824 3563 871 erant.
3609 815 3867 884 Quinimo

2283 896 2458 967 Tyrus
2484 899 2658 957 insula
2689 901 2856 956 maris
2884 901 3132 971 proxima
3175 919 3205 956 a
3231 902 3421 958 Circeo
3446 913 3603 960 terra:
3641 903 3865 965 Iudaea.

2280 986 2351 1041 Et
2383 1005 2496 1042 ecce
2524 990 2713 1045 mulier
2748 991 3051 1053 Cltanamea
3074 1012 3107 1047 a
3135 994 3328 1063 finibus
3352 995 3461 1049 illis
3487 1012 3719 1066 egressa.
3762 997 3867 1054 Nm-

2280 1080 2363 1134 vis
2400 1081 2616 1150 quidem
2663 1092 2720 1139 et
2764 1086 2974 1156 magnis
3024 1086 3387 1143 informamur’
3428 1090 3702 1159 mysteriis
3771 1107 3866 1161 per

2281 1188 2496 1229 omnem
2521 1184 2724 1231 textum
2754 1179 2926 1233 sancti
2958 1179 3252 1249 Evangelii,
3276 1182 3532 1250 quoniam
3553 1184 3866 1257 quicunque

2279 1261 2464 1320 Jesum
2513 1269 2777 1337 sequitur,
2827 1286 2970 1326 nunc
2995 1271 3163 1345 6&6
3216 1274 3385 1329 cmlos
3413 1285 3685 1344 penetrat,
3722 1292 3865 1339 nunc

2282 1352 2391 1408 ima
2420 1356 2718 1421 descendit,
2748 1376 2892 1416 nunc
2919 1363 3143 1433 mystica
3164 1373 3219 1420 et
3247 1380 3384 1419 nova
3405 1376 3655 1436 penetrat
3680 1383 3866 1425 sacra-

2280 1454 2482 1503 menta.
2528 1447 2629 1503 Ubi
2682 1451 2844 1507 etiam
2875 1452 2931 1508 et
2974 1454 3091 1522 ipsa
3138 1453 3349 1511 diversa
3380 1458 3726 1517 curationum
3778 1476 3865 1532 ge-

2282 1552 2433 1602 nera,
2452 1538 2695 1596 diversos
2711 1558 2997 1605 causarum
3027 1545 3461 1614 complectuntur
3484 1549 3733 1605 elfectus.
3762 1551 3869 1608 Sed

2281 1641 2370 1681 res
2396 1636 2558 1696 atque
2588 1643 2789 1695 sermo,
2840 1647 2905 1685 ex
2954 1633 3322 1701 superioribus
3370 1636 3618 1697 ordinem
3676 1640 3865 1699 sumit.

2281 1717 2412 1773 Nam
2437 1720 2759 1788 exprobrata
2793 1723 3109 1780 inﬁdelitate
3132 1725 3523 1784 Pharisaeorum
3547 1739 3605 1785 et
3623 1732 3869 1791 caecitate

2281 1810 2552 1877 damnata,
2568 1815 2960 1883 quouiamcaeci
2977 1828 3201 1874 erantet
3215 1820 3380 1875 duces
3400 1836 3697 1889 caecorum,
3723 1827 3870 1885 venit

584 1920 682 1961 ore
733 1916 921 1962 nostro
963 1917 1209 1973 exeunt;
1263 1916 1319 1965 et
1361 1897 1579 1977 quando
1627 1907 1829 1961 malum
1879 1907 2172 1981 loquimur,
2204 1897 2252 1957 B
2282 1909 2404 1972 post
2456 1902 2571 1957 haec
2607 1904 2675 1958 ad
2705 1906 2953 1976 regiones
2978 1906 3104 1978 'l‘yri
3130 1919 3187 1963 et
3238 1908 3486 1977 Sidonis,
3512 1921 3577 1977 ut
3622 1929 3769 1969 nova
3809 1916 3873 1973 de

585 2008 713 2052 tunc
763 2000 1023 2054 immundi
1061 1999 1341 2055 eﬁicimur.
1386 1998 1538 2067 Quod
1584 2000 1631 2054 si
1689 1999 1883 2069 aliquis
1934 2015 2043 2055 non
2099 2000 2177 2057 ιο-
2282 1993 2545 2050 mil‘aculo
2578 2007 3029 2065 praemonstraret
3086 2002 3366 2071 mysteria,
3399 2013 3455 2058 et
3490 2014 3763 2063 essetres
3806 2007 3872 2077 ad

583 2096 799 2157 quater,
838 2097 894 2143 et
919 2098 1126 2144 tantum
1154 2091 1351 2158 cogitet
1385 2088 1608 2153 malum,
1644 2090 1877 2145 mundus
1914 2099 2017 2154 cst,
2046 2090 2175 2159 quia

585 2181 651 2236 de
671 2195 768 2236 ore
789 2181 958 2251 ipsius
983 2183 1227 2253 corporis
1255 2182 1387 2237 nihil
1414 2182 1699 2253 processit,
1729 2186 1823 2238 sed
1846 2183 1912 2237 de
1940 2198 2034 2238 ore
2059 2199 2177 2238 con

581 2271 668 2327 dis
690 2273 802 2343 jam
846 2272 990 2329 Deus
1019 2273 1148 2327 illud
1187 2275 1414 2339 audivit,
1452 2275 1506 2329 in
1547 2291 1653 2345 quo
1676 2284 1730 2329 et
1773 2275 1839 2330 de
1878 2290 1986 2345 quo
2006 2290 2173 2346 prava

580 2364 829 2419 voluntas
875 2364 1153 2435 loquendi,
1205 2374 1301 2420 aut
1348 2366 1541 2436 agendi
1587 2367 1872 2435 processit.
1932 2368 1999 2421 Et
2051 2368 2173 2424 ideo

577 2463 742 2538 645
760 2467 915 2538 juxta
946 2468 1157 2521 Domini
1192 2483 1379 2522 vocem
1409 2484 1744 2540 qumcunque
1771 2469 1837 2524 de
1867 2485 1961 2524 ore
1992 2470 2173 2525 cordis

580 2557 720 2610 mala
770 2558 1069 2627 procedunt
1125 2574 1189 2613 ea
1250 2561 1653 2615 communicant
1708 2561 2003 2624 hominem,
2046 2562 2172 2628 quia

577 2646 704 2703 inde
727 2656 927 2703 exeunt
951 2649 1311 2718 cogitationes
1342 2651 1515 2715 malai,
1543 2652 1851 2716 homicidia,
1877 2651 2168 2719 adulteria,

576 2740 990 2805 fornicationes,
1046 2740 1208 2805 furta,
1250 2743 1384 2798 falsa
1439 2744 1765 2807 testimonia,
1801 2744 2170 2814 blasphemiae.

582 2831 683 2888 Ubi
732 2832 949 2889 Marcus
1000 2832 1154 2903 plura
1214 2844 1605 2889 commemorat
1652 2834 1904 2888 vitiorqu
1973 2849 2171 2905 genera

576 2937 698 2992 quae
741 2924 807 2977 de
857 2924 1038 2978 radice
1066 2926 1247 2979 cordis
1276 2924 1428 2978 exire
1475 2934 1723 2979 testatur.
1775 2925 1880 2979 Sed
1934 2942 2034 2981 nec
2091 2928 2172 2982 sic

576 3013 760 3065 omnia
778 3015 1192 3068 connumeravit
1220 3015 1399 3069 cordis
1423 3015 1585 3069 mala.
1610 3017 1741 3083 Quia
1773 3017 1955 3071 nescio
1982 3019 2026 3072 si
2063 3027 2171 3073 ter-

580 3117 764 3157 rarum
795 3104 990 3173 spatia,
1038 3112 1131 3159 aut
1176 3105 1488 3175 magnitudo
1538 3107 1771 3171 urbium,
1833 3108 1915 3161 vel
1942 3107 2170 3163 latitudo

579 3196 861 3266 regionum
896 3204 1074 3251 tantos
1120 3197 1305 3253 hostes
1343 3196 1486 3253 ferre
1515 3200 1739 3268 possint.
1778 3209 1960 3271 totque
1989 3201 2169 3255 inimio

576 3298 670 3339 cos
691 3299 904 3355 capere,
930 3296 1216 3357 tantasque
1246 3288 1513 3343 sustinere
1539 3290 1867 3360 praevaleant
1897 3293 2162 3358 nationes,

574 3384 708 3446 quot
734 3376 885 3443 vitia,
915 3386 1046 3448 quot
1071 3378 1289 3444 delicta,
1323 3390 1455 3451 quot
1484 3382 1707 3436 crimina
1740 3384 1969 3436 saeviunt
1992 3391 2045 3435 et
2081 3396 2169 3437 ra-

576 3470 731 3542 piunt
751 3466 944 3526 sensus
966 3471 1251 3533 humanos,
1269 3473 1655 3542 hominuman
1676 3474 1840 3528 corda
1864 3475 2164 3538 devastant,

574 3570 632 3618 et
656 3562 917 3634 diripiunt
959 3563 1099 3619 bona
1126 3564 1408 3618 virtutum.
1445 3563 1543 3619 Ubi
1573 3579 1743 3619 novus
1769 3565 1903 3619 ordo
1932 3565 2167 3623 bellandi

576 3662 817 3731 quotidie
842 3661 1036 3731 surgit,
1078 3662 1143 3716 de
1167 3661 1387 3715 homine
1420 3672 1608 3717 contra
1640 3662 1931 3726 hominem,
1963 3663 2016 3717 in
2050 3663 2167 3734 ipso

577 3756 812 3818 homine,
858 3764 912 3810 et
944 3755 1067 3810 ideo
1093 3755 1230 3809 nihil
1256 3755 1399 3824 quod
1421 3756 1658 3809 exterius
1681 3796 1695 3821 ,
1727 3757 1819 3811 sed
1845 3758 1990 3826 quod
2025 3758 2167 3813 inte-

576 3848 689 3904 rius
711 3859 813 3914 est,
845 3857 900 3904 et
926 3849 994 3902 ab
1016 3849 1160 3903 intus
1182 3847 1328 3904 foras
1350 3848 1459 3917 jam
1494 3851 1740 3905 vitiatum
1771 3852 1918 3906 venit
1942 3851 1995 3905 in
2022 3849 2167 3907 facto

575 3940 659 3996 vel
689 3941 853 4006 dicto,
884 3940 1198 4011 coinquinat
1224 3942 1518 4011 hominem.
1543 3941 1696 3998 Unde
1725 3945 1985 4013 arguendi
2018 3952 2159 4007 sunt,

579 4032 668 4101 qui
699 4032 1055 4101 cogitationes
1080 4047 1110 4086 a
1133 4032 1347 4089 diabolo
1378 4035 1618 4089 submitti
1649 4044 1862 4106 putant,
1884 4047 2067 4091 etnon
2095 4052 2164 4092 ex

576 4126 793 4196 pmpria
826 4126 973 4180 nasci
996 4125 1292 4191 voluntate,
1323 4128 1577 4196 quoniam
1610 4129 1854 4183 diabolus
1877 4127 2091 4199 adjutor
2110 4137 2168 4183 et

577 4218 823 4272 incentor
866 4218 1130 4272 malarum
1174 4220 1560 4290 cogitationum
1603 4233 1722 4274 esse
1767 4228 1976 4290 potest,
2013 4227 2167 4274 actor

574 4309 763 4378 utique
806 4324 926 4365 esse
975 4326 1079 4365 non
1108 4319 1306 4382 potest,
1332 4308 1587 4382 quoniam
1615 4319 1769 4365 extra
1792 4320 1890 4365 est.
1931 4311 1996 4364 Et
2046 4310 2166 4365 ideo

574 4402 620 4457 si
668 4416 767 4472 per
817 4401 1040 4457 insidias
1084 4400 1218 4457 foris
1261 4403 1489 4473 positus,
1542 4401 1712 4458 levem
1778 4402 2164 4473 cogitationum

578 4504 884 4551 nostrarum
931 4495 1220 4551 scintillam
1260 4496 1626 4566 exploraverit
1652 4495 1824 4565 prius,
1860 4495 2052 4549 deinde
2079 4495 2163 4549 in.

570 4582 959 4651 ﬂammaverit,
990 4600 1094 4641 non
1142 4585 1402 4640 debemus
1439 4586 1646 4656 Opinari
1685 4600 1808 4638 eum
1840 4583 2019 4639 cordis
2067 4599 2165 4640 oc-

575 4678 718 4733 culta
748 4677 933 4732 rimari
958 4690 1137 4747 posse,
1169 4675 1263 4731 sed
1309 4690 1377 4730 ex
1405 4676 1648 4744 corporis
1681 4674 1887 4739 habitu,
1918 4690 2010 4729 seu
2039 4691 2158 4731 mo-

570 4770 722 4824 tibus
743 4769 1028 4840 explorare
1058 4768 1142 4824 vel
1171 4770 1465 4832 mstimare,
1502 4767 1628 4836 quid
1663 4782 1940 4822 versemus
1968 4769 2161 4827 intrino

574 4874 754 4915 secus.
781 4861 846 4914 Et
875 4861 995 4915 ideo
1020 4861 1266 4914 incentor
1286 4868 1372 4914 est
1392 4857 1631 4913 omnium
1664 4858 1951 4925 malorum,
1978 4870 2032 4915 et
2053 4876 2161 4917 non

550 4949 789 5017 'auctor,
838 4951 1126 5021 instigator
1174 4957 1227 5003 et
1254 4964 1360 5002 non
1391 4963 1688 5017 repressor.
1718 4947 1887 5003 Porro
1912 4950 2054 5019 quod
2084 4950 2163 5005 ait

575 5045 993 5115 benignissimus
1031 5042 1317 5097 Salvator:
1354 5041 1493 5106 Quia
1513 5042 1577 5095 de
1612 5042 1767 5096 corde
1797 5052 1985 5097 exeunt
2022 5044 2164 5115 cogi-

577 5141 798 5194 tationes
813 5138 991 5202 male,
1020 5145 1335 5190 naturarum
1359 5134 1602 5188 omnium
1636 5134 1899 5189 formator
1923 5143 1979 5189 et
2006 5151 2163 5190 crea-

564 5240 661 5285 tor
699 5232 936 5287 insinuat
963 5228 1158 5282 animae
1187 5238 1384 5281 nostrm
1412 5227 1709 5297 principale
1731 5242 1836 5281 non
1867 5227 2165 5283 secundum

576 5321 856 5377 Platonem
906 5320 961 5374 in
1002 5318 1230 5375 cerebro
1269 5333 1409 5381 esse,
1442 5318 1534 5371 sed
1574 5318 1729 5387 juxta
1777 5316 2061 5371 veritatem
2109 5315 2163 5373 in

573 5414 758 5477 corde,
790 5412 933 5480 quod
959 5410 1195 5465 medium
1233 5418 1318 5465 est
1342 5409 1655 5464 animantis.
1682 5408 1747 5463 Et
1792 5408 1912 5463 ideo
1934 5407 2002 5463 de
2047 5421 2164 5462 me-

573 5504 684 5569 dio,
718 5504 874 5573 quasi
897 5504 965 5558 de
993 5513 1190 5573 puncto
1223 5501 1436 5566 circuli,
1468 5499 1813 5570 resplendent
1839 5496 1975 5551 radii
2005 5497 2164 5553 lumi-

564 5597 678 5659 nis,
705 5603 760 5650 et
786 5603 954 5649 totum
982 5594 1136 5663 quasi
1176 5594 1229 5647 in
1266 5593 1540 5662 supernis,
1569 5590 1852 5644 cerebrum
1886 5604 1949 5643 ac
1972 5589 2016 5645 si
2050 5604 2162 5645 cm-

558 5687 720 5753 ium,
778 5687 1062 5743 luminaria
1109 5700 1229 5753 quae
1277 5684 1460 5739 cordis
1498 5683 1644 5738 fonte
1681 5680 2160 5745 circumfulserint,

562 5780 879 5833 illuminant
919 5788 975 5833 et
1003 5776 1294 5833 illustrant.
1327 5774 1501 5828 Tanto
1543 5771 1770 5828 lucidius
1793 5789 1823 5827 a
1853 5782 2044 5827 natura
2071 5786 2164 5828 ca-

571 5880 686 5947 put,
719 5879 922 5943 quanto
977 5867 1193 5935 sanius;
1242 5876 1298 5922 et
1337 5873 1487 5921 tanto
1529 5864 1861 5937 splendidius
1896 5888 1926 5921 δ
1966 5865 2159 5940 gratia,

2194 4626 2243 4684 Ι)

2282 2083 2442 2140 ﬁdem
2491 2091 2915 2156 praestruendum
2947 2091 3229 2159 mirabilis,
3259 2103 3314 2148 et
3340 2095 3510 2150 virtus
3539 2100 3872 2159 sacramenti

2278 2177 2345 2231 ad
2375 2179 2857 2236 demonstrandum
2883 2183 3087 2253 majora
3116 2184 3273 2239 valde
3303 2188 3571 2244 sublimis.
3602 2188 3872 2255 Quoniam

2279 2275 2397 2322 erat
2420 2268 2472 2321 in
2496 2271 2676 2340 specie
2704 2273 2974 2341 generalis
3011 2286 3283 2346 gestorum
3317 2279 3604 2345 exhibitio,
3628 2290 3687 2337 et
3729 2282 3874 2347 salus

2278 2360 2518 2430 gentium
2566 2362 2618 2416 in
2670 2364 2772 2417 hoc
2802 2362 2965 2428 facto,
3006 2368 3229 2437 ipsaque
3251 2369 3365 2439 jam
3398 2374 3781 2441 repromissio.
3812 2376 3875 2437 Et

2277 2452 2397 2509 ideo
2446 2456 2721 2525 egreditur
2751 2456 3000 2514 Salvator
3044 2478 3072 2514 a
3115 2460 3335 2527 Judaeis,
3363 2474 3420 2520 et
3458 2466 3606 2521 venit
3634 2467 3706 2522 ad
3741 2469 3872 2527 ﬁnes

2279 2544 2405 2615 Tyri
2437 2555 2492 2601 et
2522 2545 2759 2602 Sidonis.
2788 2549 2987 2605 Deinde
3014 2550 3209 2605 mulier
3230 2552 3316 2606 illa
3340 2553 3647 2611 Chananzna
3666 2564 3730 2610 et
3762 2558 3872 2627 ipsa

2276 2653 2492 2709 egressa
2531 2648 2614 2694 est
2649 2655 2678 2693 a
2708 2639 2906 2696 ﬁnibus
2931 2639 3062 2696 suis.
3090 2642 3134 2697 0
3177 2645 3530 2716 mysterium!
3578 2646 3729 2702 Ecce
3780 2663 3872 2713 cae

2276 2732 2412 2787 citas
2430 2747 2495 2787 ex
2528 2742 2683 2802 parte
2722 2734 2774 2787 in
2803 2733 2967 2789 Israel
2992 2734 3133 2789 facta
3153 2745 3258 2801 est,
3293 2746 3351 2791 ut
3372 2739 3550 2797 omnis
3579 2739 3870 2797 multitudo

2276 2825 2514 2893 gentium
2541 2825 2689 2879 salva
2735 2825 2907 2881 ﬁeret.
2941 2825 3150 2882 Idcirco
3170 2826 3285 2899 jam
3315 2844 3389 2886 ex
3419 2845 3587 2889 causa
3616 2830 3870 2895 Salvator

2250 2916 2493 2986 .reliquit
2528 2916 2760 2983 Judaeos,
2793 2925 2849 2972 ct
2873 2917 3068 2973 mulier
3095 2919 3181 2973 illa
3213 2936 3334 2989 qua:
3383 2930 3469 2977 est
3502 2922 3757 2981 Ecclesia
3807 2926 3870 2987 (is

2275 3012 2549 3082 gentibus,
2576 3010 2797 3080 reliquit
2831 3010 3187 3067 idololatriam
3237 3012 3306 3067 Et
3325 3028 3543 3084 egressa
3574 3016 3643 3075 de
3670 3018 3868 3080 ﬁnibus

2275 3104 2388 3159 suis
2437 3104 2637 3158 clamat
2685 3113 2849 3174 atque
2899 3112 3018 3161 orat
3053 3114 3175 3175 post
3234 3105 3541 3172 Dominum,
3591 3119 3650 3165 et
3702 3112 3867 3171 ﬁliutl

2277 3195 2443 3251 David
2495 3194 2785 3250 conﬁtetur
2823 3211 2984 3265 quem
3037 3211 3201 3268 supra
3253 3195 3458 3253 Scribse
3500 3207 3556 3255 et
3604 3198 3866 3263 Pharisau'

2273 3298 2557 3357 negarunt.
2611 3287 2817 3345 Idcirco
2873 3304 2979 3345 non
3041 3290 3310 3346 immerito
3354 3289 3428 3346 illi
3488 3294 3867 3363 perdiderunt,

2273 3392 2432 3447 quem
2471 3378 2571 3432 ista
2609 3379 2833 3442 invenit,
2855 3380 3110 3450 quoniam
3144 3381 3233 3437 isti
3260 3395 3535 3453 negarunt
3555 3401 3683 3441 eum
3704 3403 3867 3457 quem

2272 3469 2376 3525 ista
2407 3470 2718 3526 conﬁtetur.
2749 3469 2855 3525 Sed
2888 3471 3027 3527 mira
3078 3472 3410 3542 dispensatio
3457 3476 3575 3543 Dei,
3632 3481 3865 3539 necdum

2270 3562 2549 3633 egreditur
2576 3578 2606 3616 a
2647 3561 2845 3619 ﬁnibus
2877 3561 3098 3630 Judaue,
3130 3580 3197 3619 ne
3227 3564 3333 3621 illis
3361 3565 3526 3622 ullam
3562 3568 3728 3627 daret
3774 3584 3864 3635 oon

2271 3655 2543 3709 casionem
2586 3654 2976 3719 calumniandi,
3004 3655 3099 3710 sed
3143 3665 3321 3713 tamen
3351 3657 3511 3714 oll'ert
3563 3675 3629 3717 se
3658 3660 3770 3717 illis
3810 3669 3867 3726 ut

2272 3745 2465 3816 Tyrios
2514 3745 2871 3817 Sidoniosque
2913 3756 3147 3804 curaret.
3207 3748 3359 3807 Unde
3401 3765 3625 3820 egressa
3668 3753 3867 3821 mulier

2271 3837 2337 3892 de
2365 3838 2561 3891 ﬁnibus
2591 3837 2852 3907 pristinis,
2908 3845 2969 3892 ut
2996 3838 3239 3894 clamans
3270 3841 3527 3911 impetret
3562 3843 3689 3903 lilia:
3715 3834 3864 3911 sani.-

2271 3936 2459 3983 tatem.
2503 3926 2609 3983 Sed
2653 3929 2791 3983 mira
2819 3929 3209 4000 omnipotentis
3244 3931 3337 3987 Dei
3390 3933 3764 4005 providentia,
3808 3944 3867 4011 ῳ

2269 4017 2493 4087 singula:
2521 4032 2609 4073 res
2647 4018 2872 4089 singulis
2898 4020 3013 4079 suis
3040 4020 3300 4077 divinitus
3345 4022 3747 4093 administrata:
3776 4040 3860 4083 ne-

2270 4112 2568 4180 Spondeant
2594 4113 2972 4168 sacramentis.
3001 4114 3147 4181 Ecce,
3170 4115 3365 4170 mulier
3385 4118 3625 4173 occurrit
3648 4120 3718 4173 de
3734 4100 3859 4190 gun-

2272 4205 2438 4270 tibus,
2466 4213 2521 4259 et
2565 4204 2672 4277 ﬁlia
2700 4206 2869 4275 ipsius
2896 4206 3088 4275 quinto
3140 4194 3349 4277 decimo
3376 4219 3602 4267 curatur
3628 4208 3774 4275 loco,
3808 4217 3865 4283 ut

2269 4295 2543 4364 acciperet
2572 4296 2623 4349 in
2652 4305 2807 4366 parte
2844 4297 3181 4353 remissionis
3205 4313 3317 4355 suae
3364 4307 3593 4369 septem,
3624 4316 3732 4356 nec
3758 4316 3867 4376 non

2268 4395 2323 4442 et
2344 4396 2489 4453 octo,
2518 4387 2703 4455 sicque
2724 4388 2794 4443 ad
2827 4381 3030 4442 cultum
3058 4390 3316 4445 transiret
3337 4388 3471 4447 Novi
3496 4389 3864 4467 TeStamentj,

2269 4478 2361 4534 sed
2386 4494 2491 4533 non
2516 4479 2831 4549 priusquam
2862 4479 3037 4535 exiret
3080 4481 3147 4536 de
3177 4480 3372 4537 ﬁnibus
3397 4481 3530 4545 suis,
3563 4490 3623 4537 et
3651 4484 3868 4552 venira

2268 4570 2336 4626 ad
2372 4569 2669 4657 Christum.
2699 4568 2864 4641 Cujus
2903 4570 3156 4624 nimirum
3201 4571 3358 4631 ﬁdem
3386 4570 3604 4628 Marcus
3634 4582 3691 4629 et
3724 4556 3864 4651 Maii;

2270 4660 2445 4715 tinens
2473 4659 2759 4723 extollunt,
2783 4668 2839 4715 et
2862 4659 3183 4729 praedicant.
3211 4660 3603 4717 Commendant
3630 4664 3869 4731 pruden-

2270 4753 2400 4808 tiam
2449 4753 2782 4809 credulitatis
2826 4753 2961 4822 ejus,
3029 4753 3373 4824 magniﬁcam
3420 4755 3698 4811 ardorem.
3760 4755 3869 4831 Sed

2266 4845 2481 4901 Marcus
2506 4862 2572 4901 ex
2597 4847 2699 4902 hoc
2726 4845 2866 4902 facto
2890 4862 2994 4901 non
3030 4862 3252 4917 parvam
3284 4847 3440 4910 nobis
3467 4859 3698 4921 generat
3720 4864 3870 4922 qua.-

2268 4940 2532 5007 stionem;
2566 4942 2693 4996 dicit
2719 4941 2864 4996 enim
2895 4941 2966 4995 ita
2993 4959 3008 4995 :
3042 4940 3294 5010 Egressus
3317 4942 3438 4996 inde
3465 4940 3626 4997 Iesus
3654 4944 3791 4999 abiit
3812 4944 3868 5009 in

2266 5029 2504 5101 partibus
2551 5027 2724 5100 Syria:
2746 5040 2793 5083 et
2818 5027 3053 5086 Sidonis.
3098 5028 3164 5089 Et
3215 5031 3477 5102 ingressus
3504 5031 3748 5095 domum,
3778 5047 3871 5103 ne,-

2269 5121 2462 5175 minem
2506 5122 2639 5176 scire
2683 5120 2864 5186 voluit,
2897 5132 2943 5176 et
2977 5138 3083 5177 non
3112 5122 3277 5190 potuit
3322 5120 3483 5195 latere
3529 5119 3730 5193 (Marc.
3765 5104 3870 5199 tu,

2268 5212 2387 5281 24).
2417 5213 2570 5282 Quod
2599 5230 2756 5270 nemo
2787 5215 2902 5269 sine
2922 5215 3280 5271 admiratione
3303 5220 3480 5285 potest
3508 5212 3708 5284 legere,
3736 5204 3871 5287 quia

2272 5305 2458 5362 dicunt
2486 5305 2674 5366 voluit,
2702 5313 2757 5359 et
2783 5320 2887 5371 non
2919 5305 3116 5374 potuit.
3150 5302 3283 5359 Nam
3314 5304 3452 5359 velle
3472 5315 3531 5358 et
3563 5319 3671 5358 non
3703 5318 3875 5373 posse

2273 5411 2377 5450 non
2421 5404 2504 5451 est
2549 5395 2744 5449 divina!
2774 5394 3091 5464 majestatis,
3124 5393 3367 5463 quinimo
3412 5392 3754 5449 inﬁrmitatis
3784 5402 3877 5482 est

2272 5491 2549 5559 humanas;
2592 5489 2854 5559 scriptum
2875 5496 2959 5543 est
2988 5488 3132 5543 enim
3156 5501 3170 5540 :
3206 5486 3398 5543 Omnia
3422 5486 3589 5561 647
3610 5503 3877 5557 quattu-

2268 5598 2368 5652 que
2397 5580 2559 5635 voluit
2588 5581 2870 5645 Dominus,
2893 5579 3012 5650 fecit
3042 5580 3098 5632 in
3123 5578 3250 5632 coelo
3273 5587 3322 5633 et
3356 5580 3411 5632 in
3455 5588 3623 5643 terra,
3644 5577 3701 5632 in

2269 5684 2317 5728 et
2370 5674 2424 5726 in
2455 5672 2692 5726 omnibus
2721 5671 2921 5741 abyssis
2952 5668 3125 5742 (Psal.
3156 5684 3381 5734 cxxxrv,
3409 5668 3483 5741 6).
3517 5667 3585 5723 Et
3620 5666 3877 5739 Aposto-

2270 5768 2384 5821 lus:
2412 5764 2683 5819 Volimtati
2716 5763 2829 5834 ejus
2856 5762 2971 5833 quis
3000 5761 3237 5816 resistit?
3270 5759 3449 5831 (Rom.
3473 5775 3553 5825 lx,
3584 5759 3702 5830 i9.)
3729 5758 3881 5814 Suc-

2271 5858 2479 5916 cumbit
2505 5872 2635 5928 ergo
2665 5854 2997 5919 necessitati,
3027 5867 3148 5924 quae
3174 5866 3279 5907 non
3305 5858 3392 5907 est
3421 5850 3592 5906 libera
3620 5858 3677 5905 et
3697 5848 3879 5904 abso-
