3994 6364
848 383 1214 468 EXPOSlTlO
1248 384 1318 443 ΙΝ
1356 383 1792 445 ΜΑΤἸῊΑΕΠΜ.
1833 416 1901 427 -
1941 386 2069 443 LIB.
2111 386 2220 455 Vll,
2260 386 2412 445 CAP.
2454 387 2571 444 XV.

3247 395 3357 452 illi

74 510 189 571 hu
252 508 524 573 voluntas,
558 511 617 561 et
668 505 907 561 minorat
960 505 1287 561 dominantis
1351 504 1658 570 arbitrium,
1686 506 1735 567 Α
1764 504 1989 560 missum
2015 504 2374 578 intelligeret?
2404 505 2461 562 Si
2492 505 2791 564 dixerimus
2811 508 2954 579 quod
2976 524 3042 566 ex
3069 510 3359 569 traditione

70 605 431 671 “tantasqu
464 598 703 655 sustinet
729 597 1130 669 aliquantarum
1160 596 1535 675 diﬂleuitatum
1558 613 1659 652 an-

70 697 302 769 gustias.
340 694 617 766 Leprosus
648 691 739 749 ille
774 689 891 762 jam
927 692 1085 763 longe
1125 706 1289 762 supra
1318 689 1655 762 praemissus,

70 790 239 847 dicit:
262 788 511 856 Domine,
538 788 589 847 si
602 786 704 853 vis,
732 794 881 859 potes
906 800 990 841 nte
1017 786 1275 840 mundare
1296 782 1512 858 (lauti.
1538 800 1657 851 vui,

70 883 150 955 2).
180 882 251 939 Et
274 879 621 954 Evangelista
649 878 782 935 dicit
807 895 824 933 :
863 876 1043 933 Voluit
1066 887 1114 932 et
1139 894 1244 933 non
1292 878 1480 948 potuit.
1507 875 1661 944 Quod

72 974 280 1045 absque
328 970 592 1045 mysterio
642 968 847 1026 dictum
892 983 1016 1025 esse
1060 983 1166 1023 non
1216 968 1401 1024 credo.
1453 966 1663 1022 Idcirco

71 1065 205 1135 quid
230 1064 325 1127 sit.
379 1060 573 1127 voluit,
598 1068 656 1116 et
680 1060 810 1129 quid
855 1059 949 1123 sit,
980 1075 1087 1115 non
1125 1059 1323 1129 potuit,
1352 1057 1663 1129 diligentius

70 1158 437 1229 requiramus.
485 1152 753 1224 Quoniam
803 1152 1055 1208 Christus
1078 1150 1279 1208 Iudaeis
1309 1152 1437 1207 olim
1469 1164 1661 1222 repro-

69 1250 299 1314 minus,
336 1260 548 1303 mmor
575 1242 953 1315 promissionis
985 1259 1121 1309 stlte,
1153 1251 1377 1299 venerat
1431 1241 1485 1297 in
1515 1240 1663 1297 salu-

69 1350 209 1397 tem.
241 1338 396 1398 Unde
421 1346 480 1395 et
506 1335 764 1393 dicebat:
798 1333 923 1390 Non
950 1351 1068 1390 sum
1099 1335 1289 1390 missus
1316 1333 1420 1388 nisi
1439 1332 1511 1388 ad
1545 1347 1665 1388 oves

65 1432 261 1489 dom
296 1430 471 1491 Israel
510 1428 731 1502 (Matth.
760 1443 850 1492 xv,
879 1426 996 1497 24).
1038 1425 1145 1482 Sed
1182 1427 1283 1497 ipsi
1318 1424 1538 1495 propria
1587 1423 1667 1479 le-

64 1526 245 1585 citate
272 1524 465 1583 bestiis
489 1522 765 1587 saeviores,
794 1520 1222 1577 obﬁrmaveruut
1254 1519 1461 1574 laniare
1493 1526 1549 1572 et
1574 1531 1668 1587 pe-

61 1619 285 1677 rimere
324 1632 483 1673 suum
510 1630 721 1686 semper
748 1624 1021 1685 pastorem
1051 1613 1225 1686 magis
1251 1627 1413 1682 quam
1444 1610 1548 1667 ﬁde
1579 1626 1670 1667 su-

58 1710 314 1782 scipere.
360 1709 429 1764 Et
458 1708 573 1765 ideo
623 1706 870 1764 Christus
916 1704 1140 1777 implere
1184 1720 1291 1759 non
1338 1711 1573 1774 poterat,
1608 1709 1671 1757 ut

58 1811 327 1861 maneret
370 1799 617 1855 ocailtus
656 1797 798 1871 apud
827 1796 1045 1853 Judaios
1073 1796 1229 1866 quasi
1264 1796 1319 1850 in
1346 1796 1525 1860 domo,
1558 1808 1669 1849 non

1758 591 2090 661 Iudaeorum,
2130 596 2272 652 inter
2295 611 2432 668 quos
2462 595 2602 653 forte
2651 597 2937 655 tributaria
2985 598 3221 667 vivebat,
3271 591 3359 657 re-

1760 688 1928 745 vincit
1974 704 2074 746 nos
2098 689 2476 763 Evangelium,
2519 692 2663 763 quod
2692 702 2821 750 tunc
2848 695 3084 766 primum
3126 692 3261 750 dicit
3288 694 3361 752 ad

1762 781 1961 836 famam
1983 780 2114 837 Jesu
2140 782 2209 838 de
2248 782 2445 839 ﬁnibus
2482 783 2597 839 suis
2625 798 2746 839 eam
2774 799 3072 857 egressam.
3098 784 3230 853 Quae
3250 780 3359 840 nisi

1760 890 1982 947 egressa
2029 887 2197 942 esset,
2226 892 2334 933 non
2372 885 2504 948 puto
2531 878 2674 948 quod
2704 878 2846 933 hanc
2876 876 3239 934 confessionis
3258 891 3359 932 vo-

1763 984 1880 1026 cem
1907 971 2201 1027 emitteret.
2236 970 2392 1028 Unde
2422 971 2618 1040 lateor,
2661 974 2786 1043 quia
2815 973 2937 1028 ideo
2966 971 3054 1027 illa
3081 972 3363 1043 egreditur

1760 1070 1823 1118 ut
1862 1061 2202 1122 Salvatorem
2249 1066 2537 1132 inveniret,
2570 1067 2830 1138 quoniam
2876 1067 2991 1137 ipse
3036 1067 3189 1137 prius
3238 1081 3362 1123 eam

1765 1152 2132 1211 illustraverat
2178 1167 2235 1213 et
2281 1159 2592 1229 quiaasierat.
2649 1159 2948 1227 Quaesierat
2996 1169 3177 1214 autem
3236 1171 3362 1223 eam

1766 1247 1982 1317 quando
2011 1250 2159 1306 venit
2212 1250 2266 1306 in
2310 1260 2493 1322 partes
2531 1252 2660 1325 Tyri
2695 1261 2749 1308 et
2776 1251 3014 1321 Sidonis,
3060 1262 3120 1308 ut
3149 1253 3364 1324 inspe-

1766 1339 1849 1395 cie
1910 1356 2081 1411 genus
2128 1342 2477 1416 praesagiret,
2532 1342 2685 1413 cujus
2730 1344 2957 1417 ﬁguram
3017 1352 3072 1401 et
3127 1340 3361 1400 formam

1767 1428 1870 1576 ista
1901 1433 2140 1498 tenebat,
2167 1442 2223 1489 et
2266 1433 2388 1490 ideo
2427 1433 2560 1491 ﬁdes
2588 1435 2848 1493 Ecclesiae
2884 1434 2998 1506 jam
3047 1435 3194 1492 nulla
3220 1451 3369 1519 prae-1

1793 1522 2031 1577 ulaebat.

1793 1535 2031 1591 angebat.

1842 1612 1990 1668 Tunc
2036 1615 2338 1670 accedentes
2373 1616 2622 1688 discipuli
2659 1618 2789 1689 ejus,
2829 1620 3085 1691 rogabant
3114 1637 3229 1676 eum
3273 1620 3360 1676 di-

1769 1717 1940 1762 centes
1961 1722 1980 1760 :
2002 1706 2221 1763 Dimitte
2246 1726 2381 1774 eam,
2405 1710 2529 1778 quia
2549 1710 2744 1766 clamat
2769 1722 2881 1783 post
2898 1730 3011 1768 nos.
3030 1712 3272 1768 Diversis
3293 1722 3364 1768 ex

1770 1803 1951 1859 causis
1981 1803 2226 1874 discipuli
2250 1820 2349 1875 pro
2372 1806 2474 1860 hac
2497 1805 2782 1861 Dominum
2809 1805 3173 1878 interpellant.
3200 1804 3363 1860 Forte

60 1892 517 1966 impossibilitate
560 1870 699 1956 sua,
732 1889 830 1946 sed
868 1904 968 1960 pro
1024 1887 1263 1958 nequitia
1302 1885 1663 1958 proditorum.

1774 1894 1897 1965 quia
1928 1895 2105 1949 adlmc
2119 1870 2390 1967 mysteria
2422 1894 2722 1952 Salvatoris
2750 1897 2932 1953 minus
2954 1870 3373 1971 'intelligebant.

60 1985 201 2043 ldeo
236 1986 389 2056 quod
436 1983 558 2039 aliis
606 1980 895 2047 detulerat,
927 1980 1049 2036 aliis
1077 1981 1374 2052 cogebatur
1397 1975 1664 2042 conferre,

59 2078 291 2135 dicente
308 2077 465 2147 ipso:
494 2072 727 2145 Regnum
744 2071 840 2129 Dei
872 2072 976 2127 vim
1003 2071 1222 2141 patitur,
1250 2078 1298 2124 et
1325 2067 1532 2124 violenti
1574 2083 1665 2120 ra-

54 2170 223 2239 piunt
262 2167 396 2221 illud
421 2164 638 2239 (Matth.
667 2177 746 2229 ιι,
774 2162 884 2232 li).
916 2161 1071 2219 Fecit
1097 2176 1230 2232 ergo
1252 2160 1371 2217 hinc
1398 2158 1590 2214 mulier
1612 2158 1666 2213 in

56 2270 421 2319 sacramento
449 2257 707 2315 Ecclesiae
732 2257 841 2313 vim
862 2271 987 2312 cum
1008 2256 1185 2311 adhuc
1212 2255 1402 2310 lateret
1424 2253 1479 2308 in
1506 2252 1668 2307 domo

46 2351 225 2419 juxta
252 2349 501 2407 alarcum
547 2346 960 2420 evangelistam,
992 2347 1119 2417 quia
1158 2344 1393 2405 accessit
1430 2343 1497 2399 ad
1542 2357 1669 2398 eum

52 2442 338 2499 uotitinuo
393 2448 452 2494 ut
488 2439 717 2504 audivit,
749 2448 809 2493 ut
850 2437 954 2492 ﬁde
995 2437 1234 2509 gentium
1259 2476 1274 2500 ,
1305 2434 1672 2505 dispensative

54 2536 209 2592 satis
238 2542 462 2604 raperet
492 2532 864 2588 haereditatem
892 2531 1080 2603 patris,
1130 2538 1187 2585 et
1228 2530 1485 2585 transiret
1531 2529 1666 2600 ipsa,

55 2624 330 2697 quamvis
353 2624 509 2680 canis
540 2632 729 2679 vocata
762 2621 834 2678 sit
853 2621 906 2677 in
940 2631 1143 2677 sortem
1171 2620 1425 2676 ﬁliorum.
1459 2619 1526 2674 Et
1547 2619 1669 2677 ideo

53 2717 200 2789 quia
214 2714 390 2772 voluit
410 2712 649 2781 Iudaeos,
674 2713 871 2785 quibus
894 2712 1062 2778 venit,
1085 2711 1318 2775 salvere,
1336 2727 1444 2767 non
1471 2709 1668 2781 potuit,

54 2813 163 2869 sed
190 2809 301 2881 ipsi
326 2824 385 2865 se
409 2807 660 2877 indignos
681 2806 929 2863 fecerunt
952 2814 1171 2861 aeterna:
1193 2804 1337 2871 vitae,
1360 2818 1468 2859 non
1496 2803 1673 2873 potuit

56 2905 245 2959 latere
270 2915 343 2955 ne
383 2908 575 2971 gentes
602 2897 743 2953 hanc
765 2897 992 2953 salutem
1020 2895 1317 2967 diriperent
1353 2895 1478 2966 quia
1510 2894 1590 2949 sie
1613 2893 1670 2949 iu

1768 1985 1894 2040 Ideo
1920 1985 2113 2039 durum
2144 1985 2226 2040 eis
2246 1985 2422 2041 visum
2449 1994 2556 2052 est,
2606 1987 2749 2057 quod
2777 1987 2844 2041 ad
2880 1994 2990 2040 tam
3045 1984 3365 2057 deprecato-

1772 2074 1882 2132 rias
1928 2091 2089 2132 voces
2138 2075 2297 2146 longe
2320 2075 2529 2147 jamdiu
2578 2077 2781 2132 nullum
2810 2090 3130 2149 responsum
3173 2075 3361 2145 daret;

1771 2180 1865 2226 aut
1895 2170 2036 2227 forte
2074 2179 2297 2243 propter
2336 2170 2553 2226 taedium
2582 2171 2718 2226 tanti
2762 2170 3039 2236 clamoris,
3089 2185 3185 2228 seu
3233 2170 3362 2245 quia

1770 2266 2142 2323 misericordia
2204 2264 2332 2320 moti
2395 2280 2717 2321 succurrere
2781 2261 3073 2334 cupiebant
3148 2261 3365 2318 miserat

1772 2342 2014 2424 mulieri,
2053 2358 2134 2413 vel
2168 2374 2267 2430 pro
2313 2373 2497 2414 amore
2523 2357 2751 2430 piissimi
2804 2355 3068 2429 Magistri,
3100 2370 3167 2411 ne
3206 2353 3364 2427 quasi

1771 2456 2006 2526 cuipiam
2045 2454 2212 2509 durus
2254 2453 2552 2518 videretur,
2596 2452 2705 2507 imo
2734 2460 2795 2505 ut
2831 2449 3144 2506 misericors
3186 2446 3362 2513 ﬁeret,

1771 2547 2091 2601 exorabant.
2121 2544 2327 2610 Quibus
2347 2544 2590 2599 clemens
2613 2540 2876 2597 Dominus
2900 2558 2915 2595 :

1846 2635 1971 2691 Non
2003 2652 2121 2689 sum
2146 2636 2359 2700 missus,
2388 2633 2588 2704 inquit,
2620 2633 2720 2688 nisi
2751 2633 2820 2686 ad
2856 2647 2974 2686 oves
2994 2630 3227 2715 perditas
3263 2627 3364 2683 do-

1774 2749 1891 2787 mus
1922 2730 2116 2786 Israel.
2143 2730 2213 2785 Et
2237 2730 2368 2801 quid
2387 2737 2489 2792 est.
2516 2729 2901 2800 benignissime
2925 2727 3197 2793 Salvator,
3220 2722 3366 2797 quod

1776 2826 1901 2887 ais;
1936 2823 2051 2879 Non
2097 2839 2216 2879 sum
2249 2825 2446 2878 missus
2476 2822 2578 2878 nisi
2609 2822 2675 2877 ad
2704 2836 2833 2877 ores
2878 2820 3119 2891 perditas
3172 2818 3367 2874 domus

1776 2915 1977 2972 lsr.:el?
2023 2914 2211 2970 Nonne
2254 2923 2309 2968 tu
2351 2912 2477 2968 alibi
2520 2908 2702 2967 dicis:
2735 2910 2799 2965 Et
2839 2910 2975 2965 alias
3016 2925 3132 2964 oves
3180 2906 3345 2962 habeo

54 2992 485 3066 dispensatione
514 2988 609 3045 Dei
637 2988 913 3061 provisam
953 2996 1090 3051 erat,
1121 2996 1179 3042 ut
1207 2988 1274 3044 ad
1300 3000 1393 3042 eos
1433 2987 1672 3059 primum

54 3089 314 3148 veniret.
354 3085 554 3142 deinde
581 3083 648 3138 ad
691 3092 901 3155 gentes,
928 3099 1051 3139 cum
1077 3097 1203 3139 eum
1230 3099 1262 3138 a
1286 3098 1346 3143 se
1366 3082 1469 3154 ipsi
1500 3081 1674 3152 repel-

1773 3024 1893 3080 qua:
1910 3024 2013 3062 non
2038 3015 2160 3061 sunt
2186 3022 2250 3060 ex
2265 3002 2362 3060 hoc
2379 3004 2520 3064 ovili,
2545 3013 2592 3058 et
2614 3002 2737 3057 illas
2760 3010 2957 3073 oportet
2971 3017 3052 3055 me
3072 2997 3334 3053 adducere

1778 3097 1962 3171 (Joan.
1993 3112 2048 3163 ι,
2072 3094 2185 3166 46.)
2209 3094 2352 3163 Quid
2373 3104 2479 3162 est,
2514 3095 2753 3165 inquam,
2787 3094 2928 3163 quod
2952 3090 3153 3162 negas?
3179 3089 3371 3147 Nonne

56 3183 278 3238 lerent.
312 3177 467 3235 Unde
489 3176 769 3249 signanter
793 3174 1008 3232 Marcus
1036 3176 1114 3231 ait
1144 3173 1315 3242 :Quia
1331 3187 1439 3229 erat
1464 3173 1666 3244 gentilis

1777 3191 1881 3246 ista
1910 3190 1977 3245 de
2026 3188 2111 3243 his
2137 3187 2328 3243 ovibus
2373 3196 2477 3250 est.
2522 3202 2657 3258 quas
2702 3196 2753 3241 te
2797 3194 3014 3257 oportet
3069 3179 3374 3239 adducere?

56 3270 507 3346 Syropltanissa,
536 3279 583 3324 et
626 3268 842 3340 rogabat
872 3284 989 3323 eum
1032 3277 1091 3322 ut
1119 3266 1438 3321 da'monium
1465 3265 1666 3337 ejiceret

1778 3282 1847 3339 Et
1870 3299 1997 3338 ecce
2023 3282 2184 3337 modo
2205 3282 2397 3336 devota
2422 3289 2477 3336 et
2507 3272 2678 3336 ﬁdelis
2699 3280 2865 3344 venit,
2901 3289 3060 3350 teque
3081 3275 3376 3334 conﬁtetur

53 3366 131 3419 de
154 3360 282 3435 ﬁlia
307 3362 425 3433 ejus
452 3358 648 3429 (Herc.
678 3374 775 3423 vn,
801 3357 919 3430 26).
943 3357 1044 3427 Qui
1073 3357 1213 3413 dixit
1230 3356 1282 3413 ei
1306 3374 1320 3412 :

1781 3382 1838 3430 et
1866 3373 2153 3429 Dominum
2184 3371 2394 3433 adorat,
2428 3370 2597 3425 ﬁlium
2646 3385 2862 3441 quoque
2894 3365 3060 3424 David
3102 3376 3154 3422 te
3176 3365 3377 3421 asserit

140 3465 332 3525 Sinite
372 3465 522 3537 prius
570 3463 805 3519 salutari
843 3462 983 3532 ﬁlios
1012 3478 1032 3518 :
1061 3479 1167 3517 non
1197 3464 1335 3517 enim
1385 3461 1578 3517 bonum
1604 3468 1681 3519 est
1783 3479 1922 3529 esse,
1971 3461 2139 3535 659
2187 3460 2347 3517 sicuti
2413 3474 2777 3530 repromissus
2828 3474 2910 3523 es,
2940 3457 3070 3528 quid
3110 3460 3193 3512 est
3230 3446 3395 3526 quod

51 3572 295 3616 sumere
320 3572 504 3626 partem
549 3553 788 3624 ﬁliorum
836 3563 885 3608 et
913 3555 1117 3611 mittere
1163 3552 1402 3609 cumbas-
1452 3553 1524 3608 Αι
1550 3567 1682 3610 vero
1785 3572 1905 3614 eam
1936 3553 2188 3625 repellis?
2228 3550 2327 3607 Vel
2354 3552 2482 3622 quid
2521 3560 2605 3607 est
2638 3550 2785 3606 salus
2834 3548 3022 3605 mundi
3065 3547 3209 3618 quod
3252 3543 3379 3600 ﬁlia

52 3649 377 3708 Mattheus
403 3647 567 3713 dicit,
594 3646 723 3716 quia
754 3661 862 3701 nou
893 3645 1170 3715 respondit
1210 3644 1260 3699 ei
1308 3644 1553 3701 verbum.
1603 3643 1683 3699 Ex
1785 3648 2012 3704 salutem
2060 3643 2261 3716 negas?
2287 3641 2518 3698 Prorsus
2568 3657 2674 3698 non
2728 3643 2934 3712 absque
2978 3639 3242 3712 mysterio
3291 3641 3380 3694 est

52 3758 190 3817 quo
212 3739 698 3810 ostenditur,quia
726 3737 878 3810 prius
903 3738 1021 3792 haec
1047 3736 1238 3792 mulier
1255 3734 1411 3806 juxta
1443 3736 1684 3793 Marcum
1785 3736 1928 3809 quod
1963 3737 2100 3808 agis.
2132 3734 2285 3790 Unde
2312 3734 2472 3789 datur
2521 3731 2747 3804 intelligi
2791 3731 2937 3801 quod
2984 3742 3244 3786 arcanum
3273 3732 3378 3796 est,

50 3836 121 3890 in
162 3832 404 3888 domum
431 3830 597 3897 venit,
644 3837 703 3885 et
738 3827 1107 3885 exclamavit:
1146 3825 1396 3882 Miserere
1419 3827 1543 3892 mei,
1573 3824 1666 3881 Da

1787 3842 1843 3889 et
1890 3840 2131 3903 paterna:
2183 3826 2482 3884 voluntatis
2528 3833 2966 3890 sacramentum,
3026 3832 3087 3879 ut
3134 3818 3382 3877 absolute

48 3926 253 3993 asine,
288 3920 371 3991 ﬁli
414 3919 602 3983 Dauid.
652 3921 857 3979 Deinde
900 3921 956 3976 in
1010 3920 1123 3990 via,
1180 3920 1290 3975 imo
1329 3935 1424 3990 per
1467 3933 1684 3975 omnem
1785 3931 1969 3996 pateat
1994 3921 2138 3995 quod
2167 3930 2351 3992 typum
2380 3926 2561 3974 teneat
2586 3916 2849 3974 Ecclesia:
2875 3916 2993 3972 haec
3020 3912 3213 3971 mulier
3241 3910 3382 3968 Cha-

46 4014 260 4078 viam.
296 4026 445 4067 nunc
486 4019 626 4075 ante.
659 4026 802 4068 nunc
843 4020 992 4067 retro
1022 4010 1127 4067 hoc
1160 4008 1524 4082 ρτοοιειηηηε.
1577 4006 1685 4067 Sed
1788 4031 2000 4083 nausea,
2031 4016 2157 4071 dum
2188 4003 2433 4085 depascit
2458 4012 2602 4084 quod
2656 4012 2779 4068 aliis
2815 4007 3062 4067 oii'ertur.
3088 4007 3206 4065 Non
3237 4004 3385 4080 quod

50 4108 215 4181 quia
243 4104 301 4161 ei
354 4105 585 4177 primum
614 4120 722 4161 non
761 4104 1044 4175 respondit
1069 4103 1322 4169 verbum,
1346 4117 1453 4159 non
1483 4102 1550 4158 de
1595 4117 1666 4158 su-

1788 4121 1843 4169 et
1883 4110 2132 4184 gentibus
2167 4107 2315 4165 solus
2362 4106 2723 4179 impartieuda
2768 4121 2874 4162 non
2913 4113 3078 4172 esset,
3126 4102 3221 4160 sed
3268 4101 3385 4159 suis

50 4197 321 4274 percilio
346 4196 746 4254 Pharias:on
778 4195 901 4263 fuit,
931 4210 1034 4253 nec
1057 4194 1125 4251 de
1168 4193 1441 4264 superbia,
1480 4192 1574 4249 sed
1618 4209 1666 4248 nt

1790 4205 2073 4271 Dominus,
2111 4203 2238 4275 quia
2267 4202 2320 4258 in
2349 4217 2447 4258 sua
2478 4209 2725 4265 venerat,
2753 4201 2987 4273 primum
3018 4197 3246 4256 salutem
3275 4195 3384 4252 im-

52 4293 203 4365 ίβθ
248 4288 540 4346 “malum
583 4303 696 4344 sua?
731 4287 1009 4343 νίάθτθιυτ
1049 4300 1173 4343 esse
1214 4283 1543 4348 (εοηιτθτίυεν
1588 4297 1689 4353 Per
1790 4297 1981 4370 partiri
2023 4297 2243 4368 gaudet,
2285 4303 2553 4366 quatenus
2580 4295 2650 4350 ab
2689 4293 2778 4349 his
2810 4294 3076 4364 primum;
3106 4291 3303 4362 quibus
3328 4294 3388 4347 et

48 4401 252 4462 quam
281 4382 548 4455 jusserat,
586 4381 656 4438 In
683 4382 824 4438 aiam
851 4383 1083 4454 gentium
1117 4398 1182 4436 ne
1210 4380 1443 4436 abieritis
1467 4378 1662 4453 (Matth

1793 4388 1859 4444 de
1885 4386 2082 4457 quibus
2110 4395 2229 4441 erat
2277 4394 2451 4452 ortus,
2483 4384 2757 4455 primitias
2788 4383 2911 4439 ﬁdei
2957 4383 3246 4455 acciperet.
3292 4378 3388 4438 Sic

52 4497 124 4545 ι,
188 4473 282 4543 5),
339 4473 561 4530 "Olebat
611 4473 952 4530 οοεεείουεῐη
1011 4471 1472 4528 (εθιυιηηίδῐιίίδυε
1535 4470 1688 4545 dare.
1794 4479 2013 4536 demum
2040 4493 2138 4549 per
2186 4492 2313 4532 suos
2343 4476 2646 4548 apostolos.
2677 4483 2734 4531 et
2760 4482 2978 4530 sanctos
3005 4473 3391 4545 praedicatores

49 4567 511 4643 perfectamque
561 4564 790 4621 salutem
814 4562 1245 4638 “gentium
1269 4563 1540 4635 passionis
1580 4577 1693 4619 sua!
1722 4636 1763 4643 _
1798 4569 1866 4625 ad
1908 4578 2099 4641 gentes
2145 4569 2435 4635 transiret,
2479 4569 2734 4640 salusque
2778 4582 2885 4623 una
2929 4565 3182 4623 omnibus
3219 4572 3389 4622 esset.

44 4671 121 4718 et
162 4636 608 4715 resurrectionis
647 4636 1101 4727 temporeivolens
1130 4669 1430 4711 reservare.
1463 4653 1571 4712 Sed
1604 4654 1694 4711 illa
1722 4636 1772 4697 Ῑ)
1800 4636 2183 4731 Sedvpraelata
2250 4659 2445 4714 mulier
2508 4675 2618 4716 non
2645 4636 2866 4722 cessat,
2924 4673 3031 4713 non
3083 4654 3390 4727 frangitur;

48 4750 455 4811 nihilominus
503 4760 684 4806 cessat
729 4748 964 4805 Clamare
1002 4748 1056 4805 in
1114 4749 1201 4804 Via
1229 4766 1243 4803 ε
1275 4746 1526 4805 Miserere
1568 4750 1692 4818 mei,
1797 4762 1852 4811 et
1872 4752 1998 4823 quia
2023 4750 2466 4821 interpellaverat
2483 4753 2711 4807 chorum
2727 4744 3393 4822 apostolorum,quamvis

46 4845 349 4910 Domine,
403 4843 484 4915 ﬁli
523 4841 717 4898 David.
769 4840 1070 4913 Utramque
1119 4842 1283 4916 igitur
1326 4852 1578 4898 naturam
1638 4843 1694 4900 in
1797 4838 3389 4915 nonimpetraverint,rursusipsainclamandoperseverat.

40 4940 321 4999 Christo
366 4937 677 5004 conﬁtetur,
707 4954 833 4995 cum
859 4946 913 4995 et
938 4937 1225 4993 Dominum
1272 4952 1398 4994 eum
1424 4945 1604 5003 vocat,
1640 4945 1697 4992 et
1868 4937 1967 4995 Cui
1982 4938 2273 4993 Dominus:
2300 4936 2424 4992 Non
2438 4946 2513 4992 est
2537 4939 2727 4992 bonum
2740 4952 2929 5007 panem
2941 4949 3146 4989 sumere
3158 4931 3395 5002 filiorum

43 5033 265 5090 Ilium
299 5028 474 5084 David
501 5022 823 5101 proclamat.
876 5026 1086 5084 Interea
1132 5027 1227 5084 ubi
1256 5025 1506 5082 didicerit
1553 5026 1695 5083 hanc
1798 5038 1847 5088 et
1874 5031 2079 5085 mittere
2115 5029 2349 5085 canibus.
2364 5027 2502 5096 Quia
2531 5028 2664 5084 dare
2683 5042 2879 5100 panem
2900 5026 3134 5083 'canibus
3156 5020 3258 5078 etsi
3290 5021 3395 5077 hu-

44 5123 257 5180 ﬂdem
317 5120 518 5176 mulier
557 5120 626 5176 de
670 5130 831 5190 gente
879 5118 1335 5185 Chananteorum,
1385 5133 1546 5189 quam
1598 5118 1701 5190 ipsi
1809 5119 2089 5178 manitatis
2108 5135 2215 5177 non
2243 5130 2348 5187 est,
2382 5122 2631 5177 humanze
2682 5129 2864 5177 tamen
2904 5116 3131 5173 rationis
3177 5123 3280 5170 est.
3328 5110 3400 5169 Et

40 5211 368 5273 Pharisaei
413 5220 473 5268 et
508 5210 718 5269 Scribat
758 5211 1056 5285 negabant,
1088 5211 1437 5284 quierendum
1479 5226 1698 5270 censeo.
1805 5223 1930 5292 qu‘a
1950 5220 2149 5291 quibus
2171 5217 2535 5291 repromissus
2578 5226 2661 5274 est
2712 5217 2869 5288 panis
2893 5216 3038 5279 vitae,
3073 5210 3260 5268 tollere
3289 5222 3397 5264 non

36 5307 233 5367 Nulli
266 5305 526 5372 dubium,
553 5307 697 5378 quod
722 5308 839 5363 haec
866 5314 953 5363 est
980 5306 1113 5363 ﬁdes
1145 5306 1437 5371 catholica.
1462 5316 1521 5363 ut
1543 5306 1703 5365 lesus
1807 5322 1892 5370 est
1923 5314 2124 5369 bonum
2150 5311 2255 5368 illis
2281 5312 2532 5384 accipere
2555 5310 2894 5375 nolentibus;
2931 5318 3121 5363 rursus
3151 5302 3241 5374 qui
3271 5314 3396 5356 eum

34 5397 379 5464 Christus,
410 5413 552 5454 unus
575 5397 829 5470 idemque
854 5398 995 5454 Deus
1015 5408 1071 5456 et
1102 5400 1266 5456 homo
1295 5398 1627 5472 intelligatur
1647 5407 1703 5456 et
1803 5416 2052 5480 φιωτυηι
2066 5416 2122 5463 ει
2136 5414 2458 5477 ρθιιιηιειιηι
2474 5404 2594 5468 ηδε,
2613 5404 2718 5459 illis
2732 5416 2932 5474 negare
2944 5414 3048 5454 non
3062 5405 3396 5466 estsequum.

32 5494 387 5550 εάοΐειιπο
414 5488 555 5558 Quid
582 5497 668 5546 εει
714 5505 847 5563 θτῧο
894 5491 1040 5562 quo“
1083 5490 1198 5562 ipsa
1249 5490 1442 5546 ηῖυιίεν
1484 5491 1703 5563 εθιιιίιῖε
1805 5502 1870 5559 Et
1887 5503 2005 5557 ideo
2030 5502 2097 5557 ad
2119 5498 2403 5557 hocdiﬂ'crt
2421 5500 2542 5570 pius
2561 5496 2838 5561 Dominus,
2861 5502 2921 5549 ut
2936 5490 3401 5548 t-ustodiatsacra-

32 5594 108 5642 ει
140 5582 518 5648 alumna.
551 5595 658 5637 ηοιι
683 5583 896 5638 erudita
926 5582 980 5636 ίη
1010 5582 1149 5654 1080.
1187 5598 1362 5655 neque
1389 5584 1534 5640 inter
1572 5600 1702 5656 ριό·
1810 5602 2049 5650 mentum
2078 5593 2271 5665 patris,
2300 5602 2356 5646 et
2382 5606 2449 5646 ne
2474 5590 2624 5651 tollat
2643 5587 2840 5656 quibus
2858 5594 2943 5642 est
2961 5582 3289 5654 repromissa
3314 5592 3405 5634 sa-

32 5679 305 5753 selytos
354 5676 535 5732 adhuc
582 5673 728 5733 forte
777 5672 1199 5741 connumerata,
1253 5679 1332 5734 sic
1380 5679 1709 5736 conﬁtetur?
1813 5686 1917 5742 lus.
1948 5686 2054 5741 Sed
2084 5684 2188 5740 illis
2215 5684 2451 5737 oblatam
2488 5698 2631 5747 eam,
2679 5680 2782 5736 sibi
2838 5695 2943 5735 non
2990 5669 3401 5746 recipientibus,

36 5775 252 5835 Unde
280 5770 485 5828 habuit
529 5778 591 5827 ut
632 5771 972 5829 divinitatem
1004 5774 1056 5829 in
1088 5775 1303 5831 homine
1333 5772 1708 5846 deprehende-

32 5875 189 5936 ret,
218 5875 482 5938 eumque
508 5860 687 5941 ipsum
710 5858 990 5923 hominem
1017 5867 1212 5924 Filium
1238 5869 1327 5927 Dei
1364 5864 1493 5923 olim
1527 5886 1710 5946 repro-
1816 5877 1975 5933 ducat
2004 5884 2100 5926 eas
2125 5882 2256 5926 oves
2292 5864 2359 5924 ad
2414 5882 2630 5943 gregem
2684 5865 3070 5943 apostolorum,
3128 5874 3250 5937 qua:
3293 5868 3406 5915 DOII

1814 5778 2032 5835 demum
2052 5776 2187 5832 ordo
2212 5774 2333 5843 fuit,
2359 5784 2416 5830 ut
2441 5791 2499 5830 se
2533 5773 2851 5833 transferret
2875 5772 2941 5828 ad
2971 5778 3181 5843 gentes,
3223 5773 3280 5821 et
3303 5762 3404 5818 ad-
3508 5844 3517 5851 _
