4004 6362
1383 240 1444 301 8.
1480 238 1840 300 PASCHASII
1881 230 2226 296 RADBERTI
2263 232 2553 294 ABBATIS
2587 237 3036 297 CORBEIENSIS

3772 249 3891 308 544

596 371 723 421 sant
748 375 817 418 ex
848 359 951 416 hoc
989 358 1137 416 ovili.
1178 358 1430 416 Defertur
1479 359 1650 413 honor
1684 353 1850 412 lsrael
1881 353 2009 411 olim
2049 367 2171 424 pros
2202 349 2251 410 Α
2280 368 2386 414 nia,
2420 360 2478 407 ut
2500 351 2607 409 filia
2628 353 2939 424 possitesse
2965 354 3236 413 Ecclesire.
3283 357 3350 415 Et
3368 360 3493 418 ideo
3537 362 3744 421 dicitur
3768 368 3816 423 el
3848 345 3886 424 Ξ

596 458 817 519 missus,
844 468 914 509 ne
936 453 1224 511 frustratus
1274 454 1549 508 videretur
1601 451 1859 515 indebite,
1904 464 1968 503 ac
2021 462 2183 516 nega-

597 557 702 606 tus.
747 546 860 607 Sed
903 545 1130 604 affectus
1191 546 1559 618 benignissimi
1596 546 1689 600 Dei
1724 545 1779 600 in
1817 558 1877 599 se
1926 540 2183 597 invidiam

595 643 777 715 potius
830 640 1143 700 accumulat
1183 637 1492 694 Iudaeorum
1536 646 1701 708 atque
1755 637 1962 701 odium,
2019 648 2183 703 quam

596 735 813 806 pietatis
837 734 1112 792 eﬂ‘ectum.
1139 722 1346 788 Interea
1375 730 1676 787 Chananma
1717 729 1911 785 mulier
1932 728 2045 797 jam
2084 740 2183 796 per

598 827 755 883 fidem
795 828 1023 894 salvata,
1060 827 1333 882 interioris
1366 826 1646 882 scientiam
1686 822 1927 896 mysterii
1954 821 2180 885 habens,

595 937 703 977 non
729 922 903 977 solum
930 936 1036 976 non
1068 918 1267 989 refugit
1287 934 1346 975 se
1385 934 1575 974 canem
1612 916 1817 981 vocari,
1846 930 2034 971 verum
2056 928 2183 983 pro-

594 1012 750 1083 ponit
779 1012 1037 1068 humilius
1068 1009 1289 1067 catellos
1332 1024 1718 1079 nonnunquam
1745 1008 1812 1063 de
1855 1005 2030 1069 micis,
2063 1019 2184 1073 quze

597 1105 799 1161 cadunt
838 1103 905 1159 de
951 1118 1137 1159 mensa
1198 1102 1537 1157 dominorum
1593 1114 1835 1161 suorum,
1883 1112 2042 1168 quam
2079 1094 2184 1149 fre-

597 1204 828 1268 quenter
851 1194 1033 1252 edere.
1056 1194 1252 1262 Sicque
1273 1191 1620 1263 opprobrium
1669 1189 1770 1244 sibi
1807 1188 2015 1242 Illatum
2061 1201 2186 1240 ver-

597 1288 667 1342 tit
699 1286 989 1343 eflicaciter
1036 1286 1089 1341 in
1134 1284 1543 1357 supplicationis
1586 1297 1696 1338 suae
1733 1280 2179 1336 blandimentum.

597 1378 708 1436 Nec
763 1380 963 1451 refugit
1011 1376 1226 1434 Judteos
1289 1375 1591 1447 intelligere
1648 1374 1918 1437 dominos,
1988 1369 2185 1440 quibus

597 1471 1026 1530 Chanameorum
1050 1490 1079 1528 a
1128 1472 1357 1528 Domino
1400 1471 1580 1526 fuerat
1621 1470 1881 1524 attributa
1918 1475 2181 1538 potestas,

596 1574 652 1623 et
672 1582 733 1624 se
760 1583 994 1638 suosque
1013 1565 1141 1637 jure
1162 1581 1326 1622 canes
1353 1580 1474 1620 esse
1504 1572 1749 1622 vocatos.
1795 1561 1903 1617 Sed
1934 1560 2062 1631 quia
2104 1559 2183 1614 illi

594 1660 833 1716 oblatum
859 1674 1054 1730 panem
1093 1658 1412 1715 conculcare
1441 1657 1640 1722 scelus,
1678 1671 1786 1711 non
1810 1656 1876 1712 ad
1897 1656 2062 1711 vitam
2089 1668 2184 1708 su-

595 1767 745 1810 mere
755 1761 876 1809 sunt
893 1752 1099 1815 conati,
1124 1761 1409 1823 propterea
1430 1749 1822 1821 rogatsupplcx
1840 1756 1953 1803 toto
1972 1746 2185 1802 deside-

2291 444 2519 501 Domino
2546 461 2562 500 :
2589 445 2716 504 Fiat
2746 450 2839 504 tibi
2865 451 2997 505 sicut
3034 451 3131 519 vis,
3155 461 3215 507 ut
3235 454 3291 508 in
3344 462 3435 510 tua
3481 456 3555 512 sit
3603 458 3892 520 voluntate

2288 554 2349 596 ac
2377 546 2644 610 potestate
2694 542 2903 597 sanitas
2945 541 3087 598 filiae.
3130 542 3218 617 _Sic
3243 563 3445 618 quoque
3495 560 3749 622 quotquot
3802 571 3892 612 re-

2285 643 2531 704 ceperunt
2556 651 2696 700 eum,
2745 635 2891 690 dedit
2945 638 3020 693 eis
3073 648 3380 709 potestatem
3424 643 3567 711 ﬁlios
3612 644 3716 702 Dei
3760 648 3892 717 ﬁeri

2285 724 2467 797 (Joan.
2493 743 2536 792 ι,
2563 726 2673 798 12).
2703 725 2853 784 Unde
2886 738 2935 785 et
2965 747 3098 786 sana
3122 732 3264 802 facta
3294 743 3372 789 est
3417 734 3533 804 ﬁlia
3552 737 3669 808 ejus
3691 756 3760 795 ea:
3784 741 3890 798 illa

2284 819 2434 875 hora.
2464 819 2617 878 Unde
2641 838 2748 877 non
2770 831 2896 878 sunt
2921 825 3173 882 audiendi
3206 829 3299 899 qui
3319 829 3504 885 dicunt
3523 846 3727 901 pueros
3753 849 3889 893 nee-

2285 911 2412 967 dum
2434 912 2661 970 idoneos
2677 924 2736 970 ut
2756 917 2980 972 credere
3015 928 3243 989 possunt,
3268 921 3321 977 in
3362 921 3633 994 baptismo
3654 925 3890 985 alterius

2285 1004 2391 1063 fide
2419 1024 2527 1064 non
2554 1023 2714 1080 posse
2734 1010 2955 1067 salvari.
2982 1012 3051 1068 Et
3070 1014 3364 1073 notandum
3390 1016 3517 1087 quia
3543 1018 3612 1073 ad
3646 1034 3885 1090 puerum

2286 1102 2642 1169 centurionis,
2667 1112 2724 1159 et
2752 1104 2818 1159 ad
2853 1104 3017 1161 filiam
3072 1107 3254 1178 hujus,
3313 1108 3397 1165 in
3428 1110 3629 1181 quibus
3683 1128 3885 1183 magna

2283 1195 2613 1266 praedicatur
2643 1196 2796 1261 fides,
2836 1211 2934 1267 per
2953 1212 3012 1253 se
3034 1196 3285 1255 Christus
3306 1209 3366 1255 ut
3401 1211 3689 1269 sanentur,
3714 1203 3879 1278 651

2285 1301 2393 1342 non
2419 1287 2589 1352 venit,
2613 1288 2707 1343 sed
2726 1302 2758 1342 e
2786 1288 3081 1361 longinquo
3104 1291 3286 1346 sanari
3305 1290 3588 1361 iubentur,
3608 1303 3670 1350 ut
3689 1304 3883 1351 osten-

2287 1380 2379 1436 dat
2408 1379 2699 1452 Dominum‘
2723 1397 2830 1437 non
2861 1383 3034 1438 solum
3080 1393 3246 1452 tactu,
3286 1402 3472 1443 verum
3509 1389 3674 1445 etiam
3715 1391 3887 1447 verba

2287 1484 2342 1530 et
2364 1474 2641 1532 voluntate
2675 1492 2837 1547 posse
2858 1478 3071 1534 salvare
3106 1495 3317 1537 omnes.
3360 1482 3416 1537 In
3455 1483 3653 1553 quibus
3705 1483 3890 1554 profe-

2287 1575 2377 1623 cto
2414 1568 2649 1623 maxime
2677 1567 2902 1623 salutem
2933 1570 3174 1639 gentium
3199 1570 3466 1643 designat,
3500 1573 3568 1627 ad
3599 1588 3743 1644 quos
3771 1574 3884 1644 ipse

2285 1676 2385 1731 per
2402 1675 2460 1715 se
2488 1675 2595 1715 non
2626 1662 2797 1726 venit,
2818 1662 2912 1717 sed
2949 1661 3002 1715 in
3025 1663 3189 1717 verbo
3212 1663 3335 1718 fidei
3383 1679 3578 1721 omnes
3620 1675 3886 1722 curantur

2288 1761 2343 1808 et
2369 1752 2671 1809 liberantur
2698 1762 2758 1808 ut
2782 1753 2892 1809 filia
2951 1755 3217 1819 mulieris,
3271 1756 3339 1811 ab
3385 1757 3535 1812 omni
3598 1756 3885 1814 dominatu

594 1848 676 1903 rio
691 1846 846 1903 utvel
863 1840 1459 1903 micasliceatlambere
1504 1859 1655 1899 more
1698 1840 2022 1906 catulorum,
2054 1840 2181 1910 quia
2211 1817 2262 1880 Β
2288 1849 2690 1903 immnndornm
2717 1849 3007 1919 spirituum
3041 1850 3094 1904 in
3128 1850 3400 1906 ablatione
3448 1851 3657 1909 salutis,
3731 1851 3886 1910 Unde

595 1937 697 1994 hoc
713 1953 817 1993 non
839 1945 923 1992 est
938 1936 1128 1991 tollere
1147 1950 1341 2005 panem
1369 1934 1600 1989 filiorum
1625 1933 1909 1987 etmittere
1930 1930 2178 1994 canibus,
2286 1939 2544 1995 continuo
2571 1938 2698 1996 facti
2725 1940 2859 1997 ﬁdes
2879 1941 3145 2010 sequitur,
3177 1940 3306 1997 dum
3330 1958 3455 1997 mox
3486 1944 3539 1998 in
3562 1954 3756 2000 mante
3789 1947 3886 2002 οι)-

595 2028 900 2099 prmsertim
924 2028 1050 2099 quia
1097 2026 1373 2082 multoties
1409 2024 1490 2080 eis
1538 2024 1753 2087 allatus,
1798 2021 2047 2091 repulsus
2101 2027 2185 2075 est

2286 2034 2421 2089 sessi
2447 2033 2601 2088 vario
2631 2049 2830 2104 genere
2870 2035 3187 2089 morborum
3211 2050 3242 2090 a
3276 2036 3448 2091 turbis
3470 2035 3707 2093 Domino
3755 2037 3886 2095 olle-

591 2129 643 2175 et
695 2121 907 2176 ohlatus
975 2122 1110 2176 satis
1154 2119 1395 2176 studiose
1461 2116 1831 2179 conculcatus,
1892 2113 2184 2169 attributus
2286 2134 2497 2186 γυηιυν,
2570 2126 2623 2180 id
2646 2134 2731 2182 est
2787 2142 2817 2181 τι
2866 2127 3211 2182 credentibus
3263 2128 3527 2195 inﬁdeles,
3584 2131 3887 2201 ωεωιῑιιυο

589 2210 756 2286 650
789 2213 1039 2283 quamvis
1085 2226 1145 2268 se
1196 2210 1505 2282 ingesseril.
1553 2217 1732 2263 tamen
1786 2221 2060 2276 nunquam
2102 2213 2187 2260 εει
2288 2226 2347 2272 ut
2369 2219 2597 2273 adorent
2622 2227 2678 2274 et
2702 2219 3008 2289 procidant,
3043 2220 3418 2276 instruuntur:
3464 2222 3558 2277 sed
3595 2237 3709 2277 non
3737 2222 3886 2294 prius

589 2311 862 2373 receptus.
896 2294 1034 2358 Hinc
1058 2311 1162 2367 est,
1212 2300 1429 2365 fratres,
1476 2301 1616 2370 quod
1657 2301 1772 2354 haec
1821 2297 2033 2361 mulier,
2082 2296 2187 2352 ﬁde
2288 2326 2452 2381 quam
2483 2312 2535 2366 in
2578 2320 2816 2368 montem
2847 2313 3121 2370 ascendat,
3172 2312 3264 2368 Αίι
3319 2314 3463 2370 enim
3506 2315 3581 2370 ita
3634 2315 3883 2389 Ενειηεο.

591 2395 794 2455 Christi
819 2394 933 2463 jam
966 2395 1190 2459 imbuta,
1224 2402 1332 2449 tam
1357 2391 1648 2449 efficaciter
1690 2391 2002 2461 respondet,
2046 2398 2185 2444 tam-

590 2504 698 2560 que
725 2488 1024 2545 humiliter.
1058 2488 1127 2543 Et
1151 2487 1272 2543 ideo
1298 2502 1418 2557 qua
1458 2502 1517 2542 se
1541 2502 1731 2542 canem
1778 2484 2026 2541 confessa
2080 2490 2182 2549 est,

588 2581 807 2639 tandem
829 2588 1196 2637 commutatur
1232 2579 1287 2634 in
1320 2579 1620 2644 hominem,
1661 2586 1717 2633 et
1745 2577 1821 2632 illi
1850 2576 2184 2631 oblatrantes

587 2683 777 2731 contra
802 2673 1091 2729 Dominum
1122 2664 1415 2729 vertuntur
1449 2673 1503 2726 in
1529 2686 1712 2736 canes,
1745 2670 1812 2724 de
1861 2670 2059 2740 quibus
2104 2667 2184 2723 di-

588 2770 731 2825 citur
750 2782 849 2839 per
870 2766 1200 2838 Prophetam
1220 2784 1233 2820 :
1252 2763 1722 2821 Circumdederunt
1743 2779 1822 2819 me
1838 2780 1990 2816 canes
2010 2760 2181 2824 multi,

589 2860 867 2915 consilium
893 2858 1300 2928 malignantium
1322 2857 1520 2911 obsedit
1544 2874 1625 2910 me
1650 2853 1825 2925 (Psat.
1850 2872 1961 2913 χχι,
1989 2853 2097 2919 17),
2116 2854 2185 2909 Et

588 2949 694 3006 hoc
721 2964 883 3019 quam
895 2944 1911 3020 justesusceperuntvocabulum,quia
1949 2943 2042 2998 lilii
2088 2943 2181 2998 Dei

586 3054 711 3096 esse
725 3039 1037 3096 noluerunt.
1066 3037 1203 3094 Hinc
1229 3047 1315 3094 est
1336 3039 1478 3109 quod
1498 3038 1611 3108 jam
1636 3052 1798 3108 supra
1818 3037 1926 3092 dixi
1949 3038 2080 3091 vera
2096 3034 2181 3104 ju-

586 3131 732 3187 stitia
755 3129 877 3195 Dei,
906 3137 1127 3200 propter
1145 3144 1308 3199 quam
1345 3143 1444 3183 nec
1468 3126 1669 3182 Judmis
1699 3127 1829 3182 dare
1853 3125 2029 3197 potuit
2055 3139 2179 3196 pro-

586 3222 755 3279 missa
769 3237 886 3288 sua,
913 3235 1012 3277 nec
1048 3221 1297 3295 gentibus
1318 3221 1604 3289 denegare.
1636 3219 1704 3274 Et
1724 3220 1845 3274 ideo
1868 3218 2178 3275 exclamans

588 3313 845 3373 Salvator
871 3314 1004 3371 dicit
1030 3332 1045 3369 :
1069 3311 1114 3369 0
1138 3313 1349 3379 mulier,
1378 3330 1568 3383 magna
1597 3322 1670 3366 est
1691 3312 1822 3382 ﬁdes
1845 3312 1972 3365 tua!
1997 3310 2068 3367 Ut
2092 3311 2177 3364 in-

586 3407 954 3479 telligeremus
992 3406 1149 3478 longe
1178 3405 1267 3461 diu
1290 3405 1564 3477 silentium
1606 3404 1820 3459 Domini
1851 3414 1905 3459 et
1943 3404 2203 3473 abnegay

587 3499 664 3555 tio
691 3513 757 3554 ex
798 3499 1009 3554 ratione
1052 3497 1311 3569 temporis
1338 3495 1527 3561 fuisse,
1551 3503 1737 3550 etnon
1769 3511 1833 3550 ex
1881 3494 2176 3550 voluntatis

584 3586 899 3663 difficultate
934 3589 1166 3644 venisse.
1219 3586 1374 3645 Unde
1420 3602 1552 3658 rogo
1608 3585 1904 3656 perpendat
1941 3585 2178 3659 prudens

584 3679 757 3755 lector
784 3681 928 3751 quod
970 3695 1113 3750 saepe
1142 3694 1357 3745 moneo,
1383 3694 1450 3733 ne
1476 3678 1527 3731 in
1556 3677 1648 3732 Dei
1672 3677 1926 3747 operibus
1948 3675 2179 3730 aestimet

583 3771 779 3844 aliquis
806 3772 929 3827 talia
955 3779 1010 3827 et
1038 3771 1366 3839 huiusmodi,
1395 3768 1619 3824 fortuito
1635 3769 1951 3840 contigisse,
1975 3770 2069 3824 sed
2095 3767 2175 3823 sic

582 3864 948 3935 dispensatius
974 3864 1256 3918 aDomiuo
1285 3868 1411 3915 sunt
1452 3868 1780 3930 praeparata,
1838 3867 1898 3912 ut
1951 3867 2005 3914 et
2053 3856 2174 3912 fidei

583 3956 934 4015 incitamenta
959 3963 1144 4011 essent
1173 3954 1224 4008 in
1252 3951 1553 4016 miraculis,
1587 3960 1642 4005 et
1680 3950 1915 4020 amplior
1962 3951 2015 4004 in
2063 3959 2176 4004 toto

581 4061 650 4104 ex
680 4048 767 4104 his
802 4047 1193 4119 praedicaretur
1232 4044 1477 4115 operatio
1500 4042 1731 4097 Deitatis
1782 4042 1835 4096 in
1890 4042 2172 4097 doctrinis.

583 4138 720 4197 Nam
746 4140 861 4196 haec
886 4137 1100 4200 mulier,
1132 4145 1191 4191 ut
1216 4150 1358 4211 saepe
1392 4134 1599 4189 dictum
1629 4142 1733 4197 est,
1758 4132 1989 4187 formam
2029 4149 2175 4188 com-

584 4231 804 4289 mendat
827 4230 1103 4286 Ecclesiae.
1133 4228 1202 4284 Et
1227 4227 1348 4282 ideo
1377 4224 1613 4297 perfecta
1642 4225 1754 4295 jam
1786 4225 1889 4281 fide
1911 4226 2174 4282 instructa

584 4324 738 4379 venit
789 4324 857 4378 ad
926 4321 1239 4385 Dominum,
1320 4334 1480 4390 quem
1532 4334 1638 4373 non
1701 4329 1879 4375 cessat
1929 4320 2172 4376 confiteri

580 4413 749 4470 Deum
797 4422 852 4470 et
895 4413 1169 4469 hominem
1214 4428 1295 4470 ac.
1332 4412 1608 4482 deprecari
1669 4427 1769 4482 pro
1825 4411 1934 4467 filia
1985 4421 2047 4467 ut
2106 4412 2176 4468 ab

580 4504 738 4589 hoste
761 4504 1087 4560 liberaretur
1108 4504 1363 4576 maligno.
1394 4502 1548 4573 Quod
1575 4502 1813 4561 Ecclesia
1850 4504 2028 4561 facere
2061 4523 2169 4563 non
2197 4546 2250 4606 Β

580 4582 782 4663 cessat,
806 4611 905 4667 pro
934 4596 1018 4651 his
1039 4611 1104 4652 ex
1148 4611 1211 4651 ea
1254 4595 1345 4667 qui
1389 4604 1781 4666 regenerantur
1823 4597 1876 4651 in
1928 4596 2166 4655 Christo.

579 4682 784 4742 Tamen
808 4688 934 4758 quia
964 4687 1164 4743 dictum
1200 4697 1284 4742 est
1322 4704 1333 4740 :
1362 4685 1428 4741 In
1463 4686 1717 4757 patientia
1739 4696 1908 4742 vestra
1937 4689 2171 4754 posside-

578 4778 701 4834 bitis
726 4781 931 4836 animas
949 4790 1146 4836 vestras
1176 4778 1328 4850 (Luc.
1349 4796 1465 4846 χχι,
1522 4780 1636 4851 f9),
1661 4795 1825 4851 quam
1885 4781 2171 4851 patientis-

576 4870 716 4928 sime
743 4872 860 4928 haec
888 4871 1069 4927 omnia
1112 4871 1412 4943 pertulerit,
1468 4886 1740 4942 quamque
1790 4871 2169 4944 longanimiter

574 4968 947 5041 perseveravit
978 4967 1031 5022 in
1066 4967 1323 5039 rogando,
1353 4969 1547 5038 probat
1590 4966 1948 5038 Evangelicus
1987 4982 2167 5022 sermo

576 5060 864 5117 etvDomini
907 5060 1203 5132 responsio.
1250 5059 1357 5115 Sed
1402 5068 1458 5116 et
1496 5060 1772 5121 humilitas
1808 5060 1925 5131 ejus
1966 5068 2167 5131 quanta

578 5153 771 5228 fuerit,
791 5163 1096 5227 quantaque
1128 5155 1458 5211 admirabilis
1512 5155 1777 5226 sapientia
1826 5171 1946 5226 quae
1992 5157 2165 5212 Deum

578 5247 658 5303 sic
684 5247 1038 5318 deprehendit
1065 5247 1119 5302 in
1166 5246 1407 5311 homine,
1435 5255 1488 5301 et
1509 5245 1783 5300 hominem
1842 5261 2033 5302 rursus
2081 5261 2167 5302 as-

577 5346 848 5417 sumptum
877 5339 929 5393 in
963 5338 1152 5402 Deum,
1180 5344 1239 5391 ut
1275 5337 1416 5392 Deus
1446 5346 1497 5391 et
1527 5336 1690 5391 homo
1710 5352 1852 5389 unus
1895 5338 1966 5391 sit
2009 5337 2166 5392 Chri-

576 5437 717 5495 stus,
746 5444 959 5499 unaque
979 5444 1209 5499 persona
1235 5444 1373 5484 unus
1397 5427 1489 5484 Dei
1514 5427 1683 5483 Filius
1704 5427 1975 5494 adoretur,
2000 5445 2166 5484 unus-

577 5534 684 5592 que
712 5522 947 5577 hominis
979 5522 1120 5577 fllius
1154 5536 1169 5575 :
1206 5519 1329 5575 Non
1391 5521 1446 5574 in
1488 5519 1794 5588 confusione
1838 5518 2164 5586 substantia’,

577 5617 668 5671 sed
700 5617 898 5672 unitate
927 5631 1181 5686 personas.
1232 5613 1404 5681 Quam
1460 5627 1592 5666 sane
1649 5613 1805 5666 tidem
1859 5612 1938 5665 sic
1984 5611 2167 5667 laudat

576 5706 874 5763 Dominus:
896 5704 940 5759 0
969 5703 1175 5766 mulier,
1201 5721 1393 5773 magna
1414 5712 1487 5757 est
1513 5701 1642 5772 ﬁdes
1670 5703 1794 5757 tua!
1817 5703 1883 5757 Et
1904 5718 2007 5759 non
2032 5720 2165 5774 qua-

575 5793 880 5866 liscunque,
909 5794 1002 5850 sed
1028 5807 1239 5865 magna.
1275 5792 1333 5847 In
1358 5808 1464 5865 qua
1489 5794 1794 5851 renascitur
1823 5795 2002 5851 omnis
2044 5796 2162 5851 ani-

2288 2403 2413 2459 lista
2447 2422 2461 2457 :

2361 2526 2492 2581 Cum
2508 2528 2755 2582 transiret
2776 2528 2898 2583 inde
2910 2528 3087 2595 Iesus,
3115 2530 3256 2599 venit.
3280 2546 3429 2584 secus
3454 2546 3604 2585 mare
3616 2528 3879 2597 GaIiIretr,

2287 2629 2334 2674 et
2359 2620 2643 2674 ascendens
2673 2621 2727 2673 in
2754 2630 2981 2675 montem
3009 2620 3218 2675 sedebat
3245 2621 3336 2676 ibi.
3370 2621 3508 2685 Quia
3532 2620 3601 2677 de
3630 2622 3741 2678 hoc
3782 2639 3879 2678 sre-

2286 2712 2408 2766 culo
2433 2710 2678 2766 ascendit
2703 2710 2769 2767 ad
2797 2710 3034 2767 Patrem.
3062 2707 3130 2764 Et
3164 2721 3303 2781 tunc
3321 2721 3654 2766 accesserunt
3676 2713 3754 2766 ad
3768 2729 3879 2767 eum

2288 2803 2455 2856 turba:
2481 2801 2662 2857 multa:
2683 2803 2929 2856 habentes
2958 2819 3129 2856 secum
3164 2798 3359 2856 multos
3389 2812 3588 2868 mutos,
3626 2819 3799 2858 cteros
3834 2813 3881 2857 et

2287 2884 2525 2959 claudas,
2567 2893 2761 2947 debiles
2788 2902 2837 2947 et
2862 2892 2997 2947 alios
3025 2892 3215 2948 multos
3237 2893 3569 2964 proiecerunt
3622 2895 3694 2948 ad
3730 2894 3879 2964 pedes

2285 2985 2424 3054 ejus,
2454 2994 2502 3039 et
2530 2985 2732 3039 curavit
2753 3001 2840 3039 eos
2867 3001 3064 3039 omnes.
3088 2983 3224 3040 Nam
3257 2984 3309 3040 in
3342 3000 3409 3040 eo
3422 2984 3543 3041 loco
3562 2976 3656 3041 ubi
3681 2985 3879 3041 latinus

2285 3076 2554 3144 interpres
2589 3073 2870 3130 transtulit
2904 3073 3117 3138 debiles,
3148 3074 3200 3129 in
3233 3073 3426 3130 Graeco
3460 3075 3628 3130 habet
3670 3073 3878 3136 τιν’λὶρνς

2203 3182 2253 3248 ο
2285 3164 2426 3234 quod
2462 3180 2569 3219 non
2590 3164 2846 3235 generale
2867 3163 3181 3231 debilitatis,
3213 3165 3307 3221 sed
3352 3166 3514 3223 unius
3541 3165 3877 3223 inﬁrmitatis

2284 3265 2610 3321 estnomen,
2634 3272 2795 3327 quem
2818 3273 2918 3313 nos
2954 3257 3114 3329 vulgo
3154 3275 3397 3314 mancum
3453 3274 3745 3329 possumus
3804 3261 3878 3316 di-

2282 3365 2427 3405 cere.
2461 3348 2567 3404 Sed
2590 3349 2716 3419 quia
2742 3350 3049 3421 pr0prietas
3071 3349 3232 3420 hujus
3259 3351 3437 3417 verhi,
3469 3351 3522 3406 in
3554 3362 3746 3407 nostra
3774 3368 3875 3408 non

2282 3440 2605 3511 exprimitur
2644 3441 2847 3512 lingua,
2881 3441 3070 3496 maluit
3124 3442 3393 3514 interpres
3426 3442 3635 3499 debiles
3676 3445 3873 3509 dicere,

2283 3550 2443 3605 quam
2467 3534 2607 3590 male
2636 3550 2739 3590 non
2796 3536 3017 3607 proprio
3061 3536 3408 3607 interpretari
3477 3539 3665 3595 verbo.
3723 3539 3875 3608 Quod

2283 3638 2465 3685 autem
2488 3627 2648 3685 Jesus
2698 3630 2945 3687 ascendit
2998 3631 3052 3686 in
3098 3641 3361 3699 montem,
3418 3634 3571 3703 quasi
3630 3643 3875 3690 terrenos

2283 3731 2542 3792 provocat
2570 3722 2637 3778 ad
2666 3724 2953 3779 velandum
2988 3724 3165 3795 pullos
3211 3742 3363 3791 suos,
3387 3735 3449 3782 ut
3485 3727 3681 3784 altiora
3739 3745 3878 3785 sem-

2280 3832 2378 3888 per
2403 3824 2679 3888 appetant.
2718 3817 2972 3886 quoniam
3005 3818 3118 3889 ipsc
3179 3820 3247 3874 de
3301 3819 3580 3875 altissimis
3634 3822 3872 3887 sedibus,

2280 3924 2376 3964 eos
2409 3924 2600 3965 omnes
2642 3910 2733 3979 qui
2763 3910 3129 3977 infirmantur,
3156 3906 3212 3967 et
3268 3911 3337 3966 ad
3396 3911 3555 3968 [idem
3622 3913 3869 3978 redeunt,

2280 3988 2474 4057 curare
2494 4017 2601 4056 non
2632 4010 2827 4056 cessat.
2854 4001 2960 4057 Sed
2985 4010 3269 4072 postquam
3298 4011 3580 4069 curantur,
3614 4019 3684 4059 ne
3710 4004 3769 4060 in
3791 4006 3867 4059 via

2279 4094 2553 4157 deficiant,
2582 4092 2870 4147 miseretur
2898 4108 3085 4149 eorum
3138 4094 3398 4149 Dominus
3430 4102 3662 4158 tantum,
3697 4104 3761 4151 ut
3810 4094 3870 4149 ad

2278 4192 2533 4242 montana
2558 4185 2944 4241 conscendant.
2969 4184 3124 4242 Unde
3148 4185 3429 4257 signanter
3455 4187 3532 4241 ait
3558 4205 3572 4241 :

2315 4386 2319 4390 }
2350 4312 2659 4369 Convocatis
2679 4311 2951 4383 discipulis
2986 4313 3095 4367 suis
3122 4314 3197 4367 ait
3224 4312 3333 4369 illis
3359 4312 3655 4369 :Misereor
3681 4315 3867 4378 (urbe,

2278 4408 2402 4479 quia
2427 4406 2603 4460 triduo
2616 4404 2732 4473 jam
2784 4413 3111 4472 perseverant
3162 4421 3387 4471 mecum,
3427 4415 3475 4459 et
3530 4420 3637 4460 non
3681 4406 3870 4459 habent

2279 4498 2421 4570 quod
2453 4495 2790 4560 manducent,
2817 4505 2866 4550 et
2891 4495 3153 4551 dimittere
3179 4497 3498 4568 eosjejunos
3521 4495 3664 4565 nolo,
3700 4515 3770 4553 ne
3790 4499 3871 4552 de-

2263 4588 2458 4660 ‘ﬁciant
2484 4588 2539 4641 in
2567 4587 2671 4641 via.
2718 4585 2890 4641 Tenet
2938 4587 3183 4643 ordinem
3232 4602 3424 4643 cursus
3469 4589 3761 4659 operandi,
3818 4598 3873 4645 et

2278 4681 2438 4735 docet
2461 4679 2690 4751 mystica
2713 4677 2768 4732 in
2792 4678 2996 4733 eisdem
3028 4679 3305 4748 operibus,
3333 4678 3462 4735 dum
3496 4680 3749 4735 succedit
3764 4681 3869 4736 vir-

2277 4780 2452 4827 tutum
2464 4785 2617 4839 opus.
2636 4769 2770 4824 Nam
2787 4770 2839 4824 in
2864 4768 2968 4824 tilia
2991 4768 3311 4826 Chananteaa
3333 4770 3467 4826 ﬁdes
3480 4772 3723 4843 gentium
3738 4787 3871 4843 pm

2275 4870 2521 4937 paratur,
2545 4862 2740 4918 deinde
2775 4860 3083 4918 debilitates
3112 4877 3176 4919 ac
3205 4860 3381 4919 morbi
3402 4861 3516 4934 jam
3567 4862 3635 4919 de
3685 4870 3867 4919 monte

2276 4971 2373 5029 per
2398 4955 2645 5012 eamdem
2677 4955 2836 5010 fidem
2860 4970 2890 5010 a
2933 4953 3163 5012 Domino
3193 4963 3474 5019 curantur,
3525 4956 3713 5026 sicque
3738 4955 3866 5019 cibi,

2276 5065 2348 5106 ne
2369 5049 2623 5107 deficiant
2645 5058 2767 5120 post
2787 5032 3097 5120 languores,
3130 5064 3279 5104 more
3299 5049 3701 5120 aagrotantium,
3738 5046 3867 5104 offe-

2276 5152 2488 5208 runtur,
2519 5142 2773 5213 quoniam
2803 5141 2857 5196 in
2886 5141 3138 5198 omnibus
3161 5141 3248 5197 his
3269 5139 3443 5196 forma
3460 5148 3541 5196 est
3582 5139 3863 5196 Ecclesiae.

2275 5236 2430 5295 Unde
2458 5252 2526 5292 ex
2555 5237 3013 5307 consequentibus
3046 5251 3235 5291 earum
3272 5251 3457 5292 rerum
3507 5234 3865 5307 intelligentia

2274 5328 2471 5400 accipit
2501 5329 2902 5394 auctoritatem,
2928 5343 2995 5383 ne
3021 5327 3075 5382 in
3106 5327 3189 5382 via
3217 5327 3506 5397 praesentis
3554 5326 3681 5382 vitae
3735 5338 3864 5398 pro-

2273 5431 2394 5490 pter
2424 5420 2659 5475 incdiam
2698 5419 2971 5476 deficiant.
3006 5416 3144 5473 Hinc
3169 5433 3300 5489 ergo
3327 5428 3415 5475 est
3430 5421 3575 5489 quod
3598 5417 3723 5488 pius
3766 5417 3861 5471 he-

2188 5511 2192 5515 ⁴
2272 5511 2469 5583 nignus
2495 5510 2758 5566 Dominus
2790 5519 3052 5566 convocat
3078 5510 3373 5580 discipulos
3398 5524 3546 5575 suos,
3577 5525 3703 5564 cum
3732 5504 3856 5579 qui-

2270 5601 2391 5668 bus,
2418 5603 2818 5659 initconsilium
2856 5604 2921 5658 de
2947 5603 3241 5657 refectione
3260 5601 3454 5672 plebis,
3506 5610 3566 5656 ut
3612 5602 3668 5656 in
3714 5596 3862 5655 nullo

2269 5706 2452 5752 essent
2474 5696 2625 5753 inscii
2652 5696 2814 5768 652
2841 5711 2960 5766 qum
2990 5696 3231 5752 facturus
3257 5704 3396 5751 erat.
3426 5695 3494 5750 Et
3517 5695 3619 5753 hoc
3652 5694 3766 5764 agit
3803 5696 3865 5746 ut

2269 5790 2544 5859 magistris
2590 5784 2942 5847 ecclesiarum
3004 5789 3200 5847 futuris
3247 5787 3555 5861 exemplum
3600 5787 3863 5860 praebeat.
