4004 6362
103 225 254 288 565,

980 213 1340 272 EXPOSITIO
1381 213 1448 270 IN
1488 213 1920 271 ΜΑΤἹῊΑΞΗΜ.
1960 245 2028 255 -
2066 215 2190 270 LIB.
2230 215 2341 280 Vll,
2381 215 2531 270 CAP.
2574 215 2689 270 XV.

3228 171 3336 275 5..

104 335 490 409 quotiescunque
513 332 693 403 aliqua
719 330 987 402 praecipua
1015 331 1220 399 agenda
1259 337 1404 394 sunt,
1436 337 1497 382 ut
1517 327 1640 383 cum
1668 335 1720 391 Α
1745 343 1850 398 qua
1881 327 1993 398 ipse
2035 328 2293 384 Dominus
2322 328 2692 383 misericordia
2723 336 2922 392 motus,
2957 343 3022 382 eo
3047 330 3190 399 quod
3210 330 3324 402 jam

103 424 363 482 minoribus
393 435 447 479 et
484 423 763 494 discipulis
809 423 923 478 suis
971 423 1375 479 communicent
1419 422 1643 478 consilia

104 534 188 577 sua,
217 517 358 570 sicut
385 515 645 569 Dominus
672 530 738 569 ex
783 512 1219 568 confabulatione
1273 522 1334 568 ut
1374 528 1648 569 commen-

102 611 221 664 detur
247 607 379 661 facti
413 608 576 671 ratio,
599 615 654 659 et
681 606 985 660 concordia:
1041 606 1314 673 societas;
1355 621 1563 661 necnon
1590 614 1650 661 ut

1753 421 1929 478 triduo
1974 437 2094 476 cum
2147 435 2211 476 eo
2258 428 2664 491 perseverantes
2689 461 2704 485 ,
2735 435 2836 476 nec
2875 419 3143 474 habebant
3184 421 3331 492 quod

1751 517 2158 571 manducarent.
2210 514 2404 570 Procul
2434 513 2596 568 dubio
2625 521 2809 584 gentes
2847 513 2973 583 quia
3020 513 3192 584 legem
3222 531 3332 572 non

1752 609 2052 675 habebant,
2086 609 2137 663 id
2180 619 2286 674 est,
2324 608 2562 678 quinque
2607 605 2772 661 libros
2811 605 3018 678 Moysi,
3061 621 3163 662 nec
3208 622 3334 678 pro-

103 718 151 758 ex
178 698 480 754 difﬁcultate
527 699 828 767 intelligant
876 698 1016 769 signi
1090 699 1538 770 magnitudinem,
1591 707 1647 755 et
1749 702 1960 770 phetas,
1995 715 2096 754 nec
2119 699 2554 770 praedicationem
2597 696 2822 766 alicujus
2867 708 3205 762 sanctorum,
3238 699 3333 754 sed

104 794 184 845 sint
206 791 441 844 ministri
471 790 600 844 tanti
627 790 976 854 sacramenti,
1011 805 1074 846 ac
1099 790 1230 845 socii
1275 791 1328 844 in
1367 791 1649 860 dispensa-

106 884 211 935 tione
235 880 446 935 salutis.
491 880 761 946 Misereor,
804 881 999 951 inquit,
1052 882 1238 947 turbis,
1299 883 1425 952 quia
1472 885 1650 938 triduo

101 972 180 1041 jam
198 982 527 1041 perseverant
561 988 782 1036 mecum,
815 980 862 1026 et
887 990 991 1027 non
1015 973 1204 1027 habent
1247 975 1387 1044 quod
1434 975 1653 1029 mandu-

107 1071 204 1113 cent.
241 1058 648 1114 Consideranda
695 1069 778 1116 est
800 1061 962 1131 igitur
983 1061 1036 1115 in
1064 1061 1166 1116 hac
1209 1062 1459 1129 lectione,
1513 1065 1654 1120 sicut

106 1152 200 1205 etin
223 1151 370 1205 omni
401 1159 550 1206 textu
571 1152 743 1206 sancti
792 1151 1088 1224 Evangelii,
1126 1153 1178 1207 in
1203 1169 1310 1208 uno
1352 1155 1653 1226 eodemque

108 1242 431 1314 Redemptore
476 1253 683 1309 nostro,
711 1245 924 1315 gemina
986 1259 1052 1300 ac
1095 1246 1347 1300 distincta
1411 1249 1652 1318 operatio

104 1336 379 1391 Divinitatis
400 1343 563 1405 atque
593 1337 966 1402 humanitatis,
1006 1346 1066 1391 ut
1096 1338 1150 1390 in
1208 1346 1435 1408 utroque
1490 1355 1653 1411 opere

104 1428 268 1481 veritas
293 1426 707 1482 commendetur
727 1427 1076 1481 humanitatis
1102 1425 1218 1494 ejus
1237 1437 1400 1498 atque
1460 1429 1655 1484 divini—

105 1519 221 1574 tatis.
250 1518 453 1588 Siuque
474 1533 626 1573 error
658 1517 955 1574 Eutichetis
990 1520 1082 1589 qui
1106 1535 1266 1574 unam
1294 1529 1498 1576 tantum
1520 1537 1652 1592 ope-

101 1613 354 1669 rationem
381 1613 435 1666 in
450 1611 658 1666 Christo
673 1611 1042 1683 dogmatizare
1066 1614 1362 1683 praesumit,
1390 1613 1653 1669 condem-

1752 811 1848 867 per
1873 797 2043 852 solam
2076 796 2236 851 ﬁdem
2265 803 2532 852 venerunt
2575 796 2810 867 primum
2838 796 2905 851 ad
2953 793 3250 860 Christum,
3278 801 3335 849 et

1753 887 1874 943 ideo
1915 897 2076 957 quam
2127 887 2264 942 bene
2303 885 2415 956 jam
2466 886 2648 941 triduo
2699 901 2822 941 cum
2867 901 2932 942 eo
2977 893 3331 957 perseverant

1753 979 1879 1033 dum
1911 979 1964 1033 in
2011 979 2292 1034 nativitate
2321 977 2436 1047 ejus
2463 989 2518 1034 et
2545 979 2796 1048 passione
2826 994 2892 1034 ac
2936 978 3334 1033 resurrectione

1754 1078 1901 1124 recte
1942 1071 2190 1136 credunt,
2220 1079 2276 1125 et
2313 1078 2666 1140 perseverant
2703 1070 2867 1124 etiam
2909 1069 2965 1124 in
2998 1069 3103 1124 ﬁde
3130 1067 3334 1124 Christi

1753 1176 1874 1214 cum
1913 1161 2028 1231 ipso
2053 1161 2165 1230 jam
2196 1161 2396 1228 triduo,
2427 1177 2548 1216 cum
2580 1161 2632 1215 in
2681 1160 2843 1215 Patre
2885 1159 3133 1226 credunt,
3174 1167 3230 1213 et
3275 1158 3330 1212 in

1755 1250 1869 1321 ipso
1899 1251 2034 1306 Filio
2069 1250 2185 1321 ejus
2209 1261 2264 1306 et
2293 1253 2346 1307 in
2378 1251 2581 1321 Spiritu
2610 1259 2818 1316 sancto,
2849 1260 2904 1306 et
2931 1257 3251 1321 permanent
3279 1248 3334 1303 in

1754 1340 2090 1396 confessione
2114 1341 2420 1408 Trinitatis,
2452 1343 2594 1398 sicut
2623 1341 2872 1397 Salvator
2889 1343 2998 1397 ait:
3033 1340 3138 1408 Qui
3165 1357 3339 1411 perse-

1754 1431 2002 1484 veraverit
2027 1449 2188 1502 usque
2205 1433 2259 1484 in
2279 1433 2459 1501 ﬁnem,
2484 1434 2566 1486 hic
2586 1427 2760 1488 salvus
2781 1435 2879 1487 erit
2903 1430 3116 1502 (Matth.
3143 1446 3199 1498 x,
3221 1428 3336 1502 22).

1755 1520 1823 1575 Et
1875 1523 1977 1577 hoc
2024 1530 2108 1578 est
2155 1523 2378 1579 dicere:
2410 1523 2527 1580 Non
2558 1525 2758 1580 habent
2799 1523 2940 1594 quod
2991 1522 3338 1587 manducent,

1759 1613 1886 1683 quia
1932 1613 2100 1684 legem
2132 1629 2240 1669 non
2282 1615 2501 1680 habent,
2536 1632 2633 1671 nec
2668 1614 2892 1670 verbum
2917 1613 3340 1685 praedicationis,

100 1717 259 1761 netur.
291 1705 420 1772 Quis
450 1704 590 1758 enim
637 1719 742 1759 non
792 1705 973 1759 videat
1033 1705 1449 1776 benignissimus
1498 1705 1654 1762 Jesus
1684 1693 1731 1753 Β
1759 1707 1875 1761 sine
1901 1723 2010 1776 quo
2041 1723 2199 1764 nemo
2235 1707 2388 1763 vivit.
2428 1708 2498 1762 Et
2525 1710 2788 1764 dimittere
2819 1726 2906 1764 eos
2941 1707 3157 1780 jejuno:
3198 1706 3340 1771 nolo,

99 1797 222 1868 quod
249 1797 537 1851 miseretur
564 1796 752 1861 turbae,
786 1796 930 1866 quod
973 1795 1296 1866 colloquitur
1355 1797 1653 1866 discipulis,

102 1905 154 1943 ne
185 1888 266 1943 vel
313 1887 494 1942 inedia
536 1887 616 1942 vel
671 1887 925 1958 longioris
951 1888 1051 1942 vite
1097 1887 1300 1953 labore,
1329 1889 1484 1942 turba
1525 1889 1658 1944 deﬁ-

104 1984 202 2050 ciat,
228 1983 484 2039 aﬂ'wtum
509 1997 630 2038 esse
651 1982 734 2036 vel
759 1983 1187 2052 compassionem
1214 1983 1463 2036 humanae
1489 1982 1655 2053 fragi-

104 2073 269 2130 litatis?
292 2073 448 2142 Quod
467 2089 600 2128 vero
627 2075 691 2128 de
706 2081 913 2144 septem
935 2074 1160 2143 panibus
1186 2082 1238 2126 et
1263 2073 1448 2142 paucis
1499 2073 1657 2143 pisci-

102 2171 206 2227 culis
229 2181 466 2242 quatuor
490 2168 770 2223 hominum
806 2167 972 2221 millia
995 2167 1275 2231 saturavit,
1300 2167 1494 2221 divina:
1521 2182 1656 2237 OptlS

101 2277 190 2319 esse
209 2262 468 2317 virtutis?
495 2261 562 2315 Et
597 2260 738 2330 quod
761 2258 932 2327 majus
957 2268 1060 2323 est,
1087 2259 1186 2312 ista
1215 2259 1286 2312 ita
1314 2259 1366 2312 in
1407 2259 1658 2313 omnibus

101 2361 442 2426 tctnperentur
463 2350 759 2414 miraculis,
784 2348 1012 2404 dictiset
1026 2348 1199 2409 factis,
1221 2357 1278 2402 ut
1293 2357 1346 2403 et
1360 2349 1561 2404 veritas
1581 2348 1658 2402 fa-

99 2447 153 2501 cti
172 2443 580 2502 commendetur
601 2442 654 2496 in
687 2441 947 2496 miraculo
977 2441 1131 2511 quasi
1163 2441 1216 2494 in
1263 2442 1466 2510 specie,
1494 2451 1547 2495 et
1571 2457 1658 2496 sa-

99 2547 412 2595 cramentum
443 2535 769 2607 praedicetur
804 2548 967 2603 opere
999 2533 1297 2588 divinitatis
1330 2534 1385 2587 in
1437 2548 1653 2602 genere.

101 2628 191 2695 Qua
238 2629 310 2684 de
357 2642 522 2683 causa
575 2641 708 2697 rogo
761 2623 1025 2697 intelligat
1074 2625 1372 2681 catholicus
1418 2626 1654 2692 auditor,

97 2721 198 2789 quid
225 2729 317 2776 est
349 2719 496 2790 quod
519 2718 862 2788 omnipotens
893 2717 1058 2782 Deus,
1081 2732 1187 2771 non
1210 2717 1442 2787 amplius
1493 2733 1657 2787 quam

97 2811 314 2867 secundo
338 2811 405 2866 de
421 2810 650 2880 panibus
673 2810 774 2865 hoc
800 2807 990 2864 fecerit
1017 2808 1357 2874 miraculum,
1385 2817 1444 2863 ut
1473 2810 1658 2867 turbas

94 2913 342 2974 pasceret,
379 2913 434 2959 et
458 2903 704 2974 reliquiae
726 2911 1064 2972 superarent.
1123 2902 1241 2957 Non
1291 2904 1436 2958 enim
1489 2905 1658 2975 impo-

99 3004 194 3052 tens
216 3006 361 3061 erat,
394 3006 454 3051 ut
481 2995 715 3065 amplius
743 3011 850 3050 non
876 3005 1058 3066 posset
1088 2997 1133 3052 si
1155 2995 1344 3061 vellet;
1377 2997 1469 3051 sed
1520 2999 1658 3051 ratio

1759 1813 1820 1850 ne
1850 1796 2095 1865 deﬁciant
2122 1797 2176 1851 in
2201 1799 2300 1852 via.
2329 1797 2394 1854 Ut
2427 1800 2516 1870 qui
2539 1815 2634 1869 per
2670 1799 2829 1853 fidem
2855 1797 3131 1854 Christum
3169 1797 3343 1852 credi-

1758 1887 1968 1952 derant,
1995 1889 2162 1944 verbo
2211 1889 2334 1944 ﬁdei
2378 1890 2634 1960 deinceps
2681 1889 2956 1944 alerentur
2989 1889 3041 1943 in
3087 1888 3340 1944 salutem.

1757 1977 1902 2033 Ordo
1938 1979 2101 2049 igitur
2131 1979 2276 2035 idem
2302 1988 2384 2035 est
2421 1979 2474 2034 in
2519 1996 2768 2037 sermone
2796 1980 3032 2045 Domini,
3060 1980 3152 2050 qui
3200 1989 3256 2034 et
3289 1981 3344 2035 in

1757 2071 2134 2140 consequenda
2170 2071 2345 2142 gratia
2389 2083 2588 2129 manet.
2631 2073 2785 2129 Unde
2827 2081 2882 2128 et
2921 2072 3100 2138 hodie,
3128 2071 3345 2128 venturi

1771 2162 1837 2214 ad
1885 2161 2236 2230 baptismum,
2265 2164 2416 2232 prius
2445 2163 2773 2219 conﬁtentur
2817 2179 2875 2218 se
2913 2163 3135 2218 credere
3165 2161 3219 2216 in
3257 2159 3350 2216 Fi-

1758 2249 1888 2304 lium
1913 2251 2030 2318 Dei,
2053 2260 2108 2306 et
2131 2252 2182 2306 in
2212 2253 2460 2323 passione
2483 2269 2546 2309 ac
2570 2254 2968 2310 resurrectione
2986 2255 3195 2325 ejus,et
3219 2252 3346 2308 huic

1757 2345 2110 2414 professionis
2160 2357 2502 2403 sacramento
2552 2347 2687 2404 ﬁdes
2744 2349 3007 2404 redditur.
3062 2349 3241 2418 Atque
3288 2353 3350 2402 ut

1761 2436 1901 2491 hanc
1928 2438 2216 2492 verborum
2249 2440 2596 2508 sponsionem
2620 2443 2868 2511 quaedam
2899 2441 3141 2512 ipsarum
3163 2455 3346 2496 rerum

1760 2527 1962 2582 veritas
1995 2540 2382 2600 consequatur,
2417 2541 2528 2587 toto
2562 2533 2615 2586 in
2656 2530 2883 2602 jejuniis
2926 2531 3197 2602 passionis
3240 2530 3347 2586 Do-

1760 2622 1972 2676 minica:
2013 2632 2252 2694 tempore
2287 2624 2648 2691 demorantes,
2675 2626 2909 2695 quadam
2943 2624 3168 2681 Domino
3199 2637 3350 2678 com-

1759 2715 2031 2782 passionis
2061 2715 2670 2788 societatejunguntur;
2699 2733 2763 2773 ac
2790 2733 2888 2788 per
2918 2718 3022 2772 hoc
3041 2717 3155 2772 sive
3183 2731 3348 2788 spon-

1760 2802 1927 2858 sionis
1960 2805 2304 2870 sacramenti,
2329 2806 2444 2862 sive
2466 2807 2696 2877 jejunio,
2728 2822 2888 2862 omne
2915 2807 3044 2861 illud
3072 2806 3345 2877 passionis

1760 2894 2052 2950 Dominica:
2103 2912 2226 2951 cum
2260 2897 2487 2953 Domino
2529 2907 2695 2969 agunt
2738 2907 2966 2968 tempus.
3001 2898 3207 2966 Quibus
3237 2897 3347 2954 Do—

1761 2987 1942 3043 minus
1972 2988 2225 3044 misertus
2253 2991 2348 3055 ait,
2369 2989 2483 3057 jam
2516 2991 2692 3058 triduo
2725 3005 2910 3060 secum
2941 3004 3081 3057 esse,
3109 3005 3246 3060 quos
3280 3003 3350 3045 ne

94 3091 251 3160 ειεείι
278 3104 345 3145 ηε
372 3088 494 3159 plus
521 3061 615 3143 διξι
635 3088 813 3143 minus
845 3061 1050 3144 ficere,
1092 3090 1144 3143 ίη
1187 3090 1387 3159 specie,
1437 3098 1660 3160 propter
1686 3061 1733 3126 C
1766 3078 1820 3131 in
1851 3094 2013 3133 cursu
2043 3080 2164 3134 vitae
2215 3080 2516 3146 saecularis,
2549 3081 2603 3136 id
2633 3092 2717 3136 est
2757 3082 2812 3137 in
2859 3097 3023 3153 opere
3067 3081 3352 3152 praesentis

95 3175 234 3234 ﬁdem
267 3179 711 3234 commovendam
743 3178 811 3232 ad
837 3187 1067 3248 tempus,
1091 3193 1252 3248 quam
1281 3178 1410 3233 facit
1435 3180 1488 3233 in
1512 3180 1660 3234 omni

97 3279 337 3340 tempore,
362 3278 587 3341 propter
612 3270 911 3325 doctrinam
937 3270 1245 3325 universum
1281 3285 1450 3340 genus
1472 3271 1662 3325 huma-

93 3376 207 3416 num
240 3363 309 3417 ad
363 3363 741 3417 instruendum
798 3377 896 3433 per
938 3363 1191 3434 gratiam.
1247 3363 1510 3431 Quoniam
1553 3382 1658 3422 non

92 3451 181 3508 nisi
207 3453 349 3510 duas
376 3452 526 3523 leges
560 3453 810 3518 instituit,
859 3455 1054 3524 quibus
1081 3455 1328 3510 eruditur
1357 3464 1411 3511 et
1479 3458 1660 3528 pasci-

92 3550 168 3595 tur
191 3544 384 3599 omnis
413 3543 589 3597 anima
611 3543 781 3599 ﬁdelis
807 3546 874 3599 ad
899 3547 1088 3611 vitam,
1117 3544 1285 3602 Vetus
1341 3548 1548 3604 scilicet
1607 3558 1663 3605 et

96 3632 311 3690 Novum
346 3632 744 3690 Testamentum
773 3637 827 3690 in
857 3636 1053 3706 quibus
1082 3645 1139 3692 et
1177 3639 1243 3693 de
1276 3639 1473 3710 quibus
1529 3641 1663 3696 vivit

90 3727 255 3784 omnis
274 3726 498 3782 anima:
525 3725 656 3792 Quia
677 3745 781 3782 non
805 3729 860 3782 in
905 3729 1016 3783 solo
1036 3747 1170 3799 pane
1191 3731 1308 3785 vivit
1337 3734 1514 3798 homo,
1571 3735 1661 3788 sed

91 3819 284 3876 inomni
305 3820 464 3876 verba
485 3821 625 3892 quod
654 3821 882 3891 procedit
905 3821 969 3875 ab
999 3838 1086 3876 ore
1114 3822 1213 3877 Dei
1237 3822 1452 3895 (Matth.
1483 3841 1559 3892 tv,
1582 3826 1660 3898 4).

93 3907 210 3966 Haec
231 3913 427 3983 quippe
462 3912 676 3984 gemina
726 3913 949 3969 refectio
1008 3914 1177 3968 Deum
1241 3919 1518 3986 praedicat,
1571 3921 1664 3990 qui

97 4016 192 4056 non
242 4003 470 4074 amplius
535 4014 631 4059 aut
678 4006 858 4061 minus
901 4022 959 4062 se
988 4007 1219 4076 praebuit
1276 4009 1330 4063 in
1377 4011 1664 4078 miraculo,

94 4105 323 4160 quamse
348 4095 598 4151 exhibuit
641 4083 694 4151 in
729 4097 878 4153 Novo
936 4106 1030 4152 aut
1079 4098 1256 4154 Veteri
1298 4099 1661 4158 Testamento.

97 4183 332 4258 Duasque
355 4189 489 4244 istas
522 4191 712 4243 statuit
741 4189 909 4261 leges,
938 4207 1100 4244 unam
1127 4205 1317 4246 earum
1342 4195 1505 4262 priori
1531 4212 1666 4266 prae-

93 4276 216 4334 bens
236 4280 453 4351 populo,
493 4281 724 4336 alteram
757 4295 888 4337 vero
922 4283 1070 4338 dedit
1096 4284 1316 4354 populo,
1361 4302 1522 4358 quem
1576 4303 1664 4344 re—

95 4367 249 4425 demit
291 4372 559 4442 sanguine
618 4387 739 4438 suo,
806 4373 993 4444 sicque
1052 4375 1152 4431 bas
1217 4377 1352 4434 duas
1399 4379 1566 4435 semel
1611 4389 1667 4436 et

1766 3171 1947 3225 saeculi
1974 3170 2205 3226 defectio
2234 3171 2606 3240 labefactaret,
2634 3174 2749 3229 vult
2782 3175 2904 3230 cibo
2935 3189 3033 3232 suo
3062 3190 3156 3230 eos
3180 3173 3347 3240 alere,

1765 3269 1927 3330 atque
1978 3261 2046 3315 ad
2096 3264 2430 3332 pergendum
2482 3265 2643 3319 totius
2689 3265 2902 3320 initeris
2955 3264 3350 3330 fortitudinem,

1763 3351 1928 3426 654
1967 3355 2123 3422 panis
2153 3355 2235 3409 sui
2281 3355 2479 3410 virtute
2527 3356 2764 3412 ﬁrmare.
2824 3355 2930 3411 Sed
2975 3356 3153 3413 minor
3195 3356 3351 3412 valde

1765 3445 1892 3514 quid
1921 3446 1992 3499 sit
2021 3446 2162 3514 quod
2209 3446 2438 3515 apostoli
2478 3461 2641 3517 supra
2687 3446 2907 3502 solliciti
2938 3462 3058 3502 esse
3097 3447 3353 3502 dicuntur

1764 3543 1888 3605 post
1911 3535 2171 3606 jejunium
2199 3537 2357 3592 unius
2386 3537 2492 3592 diei
2521 3537 2588 3592 de
2614 3536 2908 3593 refectione
2944 3536 3134 3608 plebis,
3166 3545 3222 3591 et
3250 3551 3344 3591 ro-

1767 3635 1897 3696 gant
1929 3626 2054 3695 quia
2083 3626 2328 3681 desertus
2365 3635 2486 3680 erat
2521 3626 2692 3692 locus,
2725 3635 2781 3681 et
2823 3627 2956 3683 hora
3007 3626 3350 3697 praeterierat

1768 3729 1827 3773 ut
1845 3718 2080 3772 dimittat
2105 3717 2261 3774 Jesus
2285 3719 2472 3773 turbas
2499 3720 2666 3774 iread
2690 3719 2867 3774 vicina
2887 3717 3006 3774 loca
3024 3726 3081 3774 et
3105 3717 3347 3784 castella,

1768 3827 1875 3882 quo
1905 3810 2112 3880 possint
2153 3811 2254 3865 sibi
2284 3797 2473 3866 emere
2492 3825 2663 3866 escas.
2697 3809 2797 3866 Hic
2823 3818 3003 3866 autem
3027 3808 3142 3879 jam
3173 3809 3352 3865 triduo

1769 3903 2095 3974 perdurante
2123 3901 2319 3972 populo
2346 3912 2400 3956 et
2430 3901 2710 3958 laborante
2733 3917 2855 3957 cum
2885 3901 3114 3958 Domino
3142 3901 3194 3956 in
3223 3916 3350 3957 con-

1770 4008 1952 4056 cursu,
1984 3991 2115 4046 nihil
2167 3991 2274 4047 tale
2313 3992 2520 4059 dicunt,
2555 3993 2650 4048 sed
2690 3992 2868 4075 silent,
2901 4002 2957 4049 et
2997 3993 3056 4047 fit
3102 3993 3170 4048 de
3211 4007 3354 4064 pane

1770 4085 2033 4149 causatio,
2061 4085 2203 4154 quod
2232 4101 2341 4140 non
2385 4085 2491 4140 sint
2534 4086 2677 4141 unde
2719 4086 2807 4142 isti
2834 4087 3046 4156 possint
3089 4087 3349 4142 saturari.

1771 4175 2111 4246 Quapropter
2136 4185 2412 4247 gestorum
2446 4191 2632 4242 causa,
2660 4192 2762 4233 nec
2789 4177 3063 4233 immerito
3089 4177 3354 4233 rationem

1770 4270 1983 4340 quaerit,
2013 4270 2157 4326 unde
2196 4269 2408 4326 videtur
2437 4271 2569 4326 mihi
2615 4272 2760 4342 quod
2803 4271 3028 4330 refectio
3074 4271 3166 4328 illa
3208 4271 3356 4328 salu-

1771 4369 1880 4418 tem
1908 4361 2314 4417 demonstrabat
2347 4361 2656 4418 lsraeliticae
2694 4364 2887 4435 plebis,
2937 4373 2994 4420 et
3042 4379 3354 4421 mensuram

93 4465 320 4518 modo
345 4478 448 4534 ριιο
469 4463 732 4519 miraculo
763 4443 991 4535 premi;
1010 4467 1320 4536 pastiones:
1352 4485 1455 4523 una
1479 4485 1667 4528 earum
1696 4443 1750 4504 D
1774 4461 1990 4508 aeternae
2028 4454 2294 4510 satietatis
2334 4469 2522 4510 eorum
2572 4456 2665 4526 qui
2715 4455 2959 4511 salvandi
3004 4464 3179 4512 erant.
3230 4455 3358 4512 Ideo

89 4550 241 4625 653
267 4555 337 4610 de
367 4571 472 4625 qua
497 4554 614 4624 jam
657 4572 819 4626 supra
867 4561 1239 4626 tractavimus,
1271 4569 1454 4634 typum
1497 4567 1668 4620 tenuit

88 4645 285 4712 prioris
312 4648 467 4719 legis,
493 4648 595 4703 ista
625 4665 753 4719 vero
789 4651 856 4705 de
896 4667 1000 4721 qua
1029 4669 1172 4708 nunc
1205 4653 1496 4724 loquimur,
1529 4658 1669 4712 sicut

90 4737 194 4791 suis
244 4737 710 4794 demonstrabitur
762 4741 1107 4809 differentiis,
1146 4744 1371 4816 ﬁguram
1416 4750 1669 4819 exprimit

84 4823 215 4884 Novi
239 4829 605 4897 Testamenti,
624 4835 675 4887 in
694 4851 800 4905 quo
825 4835 1024 4891 Christi
1041 4839 1213 4909 gratia
1235 4843 1663 4898 commendatur.

84 4915 283 4977 Etideo
305 4921 446 4979 bene
459 4924 528 4977 de
541 4933 745 4994 septem
771 4928 997 4997 panibus
1017 4927 1159 4984 facta
1180 4941 1263 4986 est
1289 4931 1403 4986 haec
1418 4931 1637 4989 refectio
1656 4951 1670 5001 ;

80 5013 345 5080 quoniam
389 5013 446 5068 in
473 5024 680 5084 septem
722 5015 954 5086 Spiritus
997 5021 1167 5074 sancti
1201 5021 1355 5076 donis
1384 5023 1547 5078 totius
1575 5024 1675 5080 Ec-

82 5102 264 5162 clesia
312 5107 537 5162 satietas
576 5117 632 5162 et
671 5111 845 5178 gratia
899 5119 1207 5181 praestatur.
1261 5112 1556 5184 Propterea
1606 5117 1674 5172 ad

79 5191 215 5252 Novi
270 5198 610 5256 Testamenti
656 5211 802 5257 recte
850 5203 1167 5276 intelligitur
1211 5207 1504 5277 pertinere.
1556 5209 1673 5266 Non

77 5291 224 5346 ειιίω
269 5291 473 5363 aliquis
508 5295 957 5366 evangel‘starum
988 5300 1122 5354 dixit
1166 5303 1308 5371 quod
1351 5304 1438 5358 isti
1485 5320 1673 5374 panes,

75 5378 378 5439 hordeacei
408 5383 628 5447 fuerint,
659 5387 798 5442 sicut
823 5389 888 5443 de
923 5389 1028 5446 illis
1055 5393 1293 5463 quinque
1330 5395 1531 5449 dictum
1555 5405 1674 5451 est:

78 5476 173 5530 sed
194 5478 382 5548 magis
406 5479 604 5533 triticei
629 5478 793 5535 fuisse
819 5483 1136 5547 creduntur,
1161 5493 1220 5538 ut
1241 5499 1305 5540 eo
1326 5485 1501 5540 alatur
1524 5487 1679 5543 Chri-

76 5567 146 5622 sti
187 5569 443 5625 Ecclesia
491 5585 660 5640 grano
703 5570 981 5637 frumenti,
1025 5576 1169 5646 quod
1208 5577 1406 5631 cadens
1452 5579 1505 5631 in
1535 5587 1676 5634 terra

76 5678 365 5723 not-tuum
412 5665 531 5732 fuit,
563 5666 757 5724 deinde
804 5667 1031 5725 multum
1077 5667 1315 5726 fructum
1344 5671 1542 5728 attulit.
1575 5671 1680 5731 Pro

1776 4545 1932 4601 favor
1953 4546 2116 4601 fuerit
2141 4547 2529 4617 apostolorum,
2554 4557 2612 4602 ut
2634 4547 2861 4603 salutem
2885 4549 3061 4620 gentis
3080 4565 3190 4605 suae
3212 4565 3360 4620 qua:-

1777 4648 1998 4706 rerent,
2044 4639 2184 4694 sicut
2224 4648 2280 4694 et
2320 4639 2512 4696 Jonam
2556 4638 2751 4696 fecisse
2797 4641 3047 4712 legimus.
3091 4642 3360 4697 Caeterum

1776 4734 2027 4804 gentibus
2050 4733 2194 4788 nulla
2226 4749 2293 4789 ex
2319 4734 2438 4805 lege
2466 4734 2630 4801 salus,
2657 4749 2831 4806 neque
2855 4752 2921 4791 ex
2945 4737 3242 4807 prophetis,
3267 4737 3361 4793 sed

1774 4839 1873 4896 per
1915 4823 2081 4878 solam
2109 4823 2310 4877 Christi
2340 4824 2597 4893 gratiam,
2627 4834 2834 4894 septem
2863 4827 2943 4882 eis
2989 4826 3226 4896 primum
3259 4842 3358 4898 pa-

1781 4923 1973 4970 rantur
1991 4929 2177 4984 panes,
2194 4924 2248 4969 et
2267 4914 2620 4986 franguntur;
2651 4925 2708 4970 ut
2736 4915 2973 4986 Spiritus
2993 4917 3165 4972 sancti
3187 4917 3362 4987 gratia

1783 5003 1998 5058 alantur
2032 5005 2219 5076 gratis,
2253 5005 2519 5074 donisque
2563 5006 2878 5062 coelestibus
2916 5009 3248 5062 nutriantur.
3279 5007 3363 5063 Ad

1782 5113 1936 5167 quas,
1959 5099 2084 5170 quia
2102 5099 2333 5153 necdum
2363 5099 2514 5156 missi
2537 5108 2693 5154 erant
2719 5100 3035 5171 praedicare,
3067 5101 3163 5156 sed
3184 5099 3366 5170 potius

1788 5189 1855 5244 ad
1882 5203 2011 5244 oves
2039 5189 2280 5261 perditas
2309 5189 2504 5244 domus
2533 5188 2723 5254 Israel,
2747 5198 3034 5260 propterea
3059 5191 3125 5246 de
3147 5189 3232 5245 his
3253 5205 3362 5246 non

1784 5283 1953 5338 solum
2002 5293 2200 5348 tacent,
2247 5299 2435 5338 verum
2476 5284 2641 5338 etiam
2689 5292 2985 5339 causantur
3026 5293 3081 5338 et
3127 5284 3360 5338 dicunt:

1785 5370 1934 5426 Unde
1962 5373 2087 5426 istos
2107 5373 2293 5442 poterit
2321 5374 2438 5444 quis
2460 5383 2701 5427 saturare
2725 5373 2946 5442 panibus
2967 5374 3022 5427 in
3041 5371 3322 5428 solitudine
3340 5373 3367 5426 .’

1783 5471 1974 5540 (Marc.
2002 5473 2213 5544 vnt,4.)
2249 5473 2500 5543 Alioquin
2528 5475 2630 5528 nisi
2663 5475 2716 5528 in
2750 5474 3006 5545 mysterio
3035 5476 3137 5531 hoc
3159 5475 3364 5531 dictum

1790 5584 1958 5639 esset,
1984 5575 2332 5631 incredulitas
2348 5576 2710 5647 apostolorum
2735 5576 2890 5632 valde
2913 5577 3180 5648 culpanda
3211 5586 3360 5643 erat,

1784 5669 1908 5740 quia
1935 5670 2037 5726 etsi
2067 5685 2175 5726 non
2222 5670 2460 5736 aliunde,
2482 5684 2550 5725 ex
2580 5669 2750 5740 priori
2777 5669 2970 5727 saltem
2999 5669 3263 5728 miraculo
3295 5671 3365 5728 de
