3994 6364
112 240 227 302 διο
901 231 1263 293 EXPOSITIO
1294 231 1364 288 IN
1402 227 1842 287 MATTHA‘JUM.
1883 257 1954 271 —
1984 229 2116 287 LIB.
2162 231 2274 301 VII,
2310 231 2466 289 CAP.
2505 231 2651 291 XVI.
3263 227 3369 291 550

112 354 305 427 fregit,
328 366 392 406 ac
415 347 575 405 dabat
605 345 884 417 discipulis
910 345 1023 401 suis
1050 355 1105 400 ut
1132 356 1468 417 opponerent.
1498 342 1569 397 Et
1609 360 1706 414 ap-
1737 348 1791 407 Α
1816 342 2065 398 medendi
2119 344 2279 399 linem
2324 345 2609 417 pervenire
2651 360 2759 401 non
2797 346 3007 417 potuit,
3044 346 3167 405 ideo
3200 347 3398 404 relictze

111 450 401 515 posuerunt
427 440 614 495 turbae.
642 436 777 505 Quia
804 437 920 492 haec
939 438 1121 490 omnia
1143 437 1321 492 divina
1344 443 1708 501 sacramenta,
1815 444 1940 489 sunt
1963 450 2120 490 escas
2155 435 2263 492 Sed
2289 438 2655 507 apostolorum
2684 438 2885 494 chorus
2911 448 3077 509 atque
3114 439 3392 494 doctorum

109 550 211 606 per
240 546 433 588 manus
464 527 829 599 apostolorum
862 525 1227 581 distribuenda
1249 534 1405 581 erant
1427 525 1705 581 Ecclesiis.
1813 525 2165 595 reliquiarum
2213 525 2516 597 fragmenta
2546 529 2726 599 perire
2774 546 2878 585 non
2909 539 2991 585 est
3037 545 3259 600 passus,
3303 532 3399 588 sed

110 623 225 681 Sed
256 619 680 693 benignissimus
706 613 865 673 Jesus
887 616 1039 688 prius
1064 616 1269 688 gratias
1292 617 1402 687 egit
1426 618 1536 673 Deo
1560 616 1707 673 Patri
1812 615 2173 687 impleverunt
2220 617 2458 672 mirabili
2504 629 2847 673 sacramento
2892 631 3099 692 septem
3150 631 3395 692 sportas,

108 733 215 791 pro
240 715 413 775 salute
452 709 792 768 credentium
814 749 829 773 .
859 709 1051 765 deinde
1097 709 1368 764 benedixit
1417 725 1618 783 panes,
1651 717 1733 777 ut_
1810 722 1932 789 qua:
1961 715 2086 762 sunt
2113 713 2333 779 septem
2361 707 2651 776 Ecclesiae,
2686 710 2737 763 in
2775 709 2970 779 quibus
3020 713 3398 771 universalitas

110 813 168 868 in
204 804 323 880 eius
352 804 728 865 benedictione
755 811 1101 869 crescerent;
1130 799 1413 880 ac‘fregit,
1440 802 1565 872 quia
1602 802 1706 856 nisi
1809 795 2148 869 designatur,
2201 811 2518 871 septemque
2568 800 2895 857 candelabra
2932 802 3164 859 lucentia
3215 822 3396 862 coram

109 917 209 961 ωδ
232 900 386 972 ’πίας
416 895 727 967 frangeret,
766 908 928 949 nemo
965 903 1084 948 erat
1126 876 1218 963 qui
1249 893 1485 964 aperiret
1526 893 1706 949 divina
1810 886 2043 944 Domino
2073 889 2257 945 divino
2303 889 2517 946 lumine'
2550 890 2839 947 illustrata.
2886 890 3149 961 Quoniam
3191 897 3399 969 pusillis

110 989 405 1065 mysteria,
432 995 488 1042 et
517 991 790 1042 reseraret
826 998 858 1039 a
892 983 1106 1039 saeculis
1153 983 1472 1039 abscondita
1516 999 1703 1040 sacra-
1809 996 1934 1035 cum
1980 981 2281 1053 majoribus
2331 983 2571 1043 satiatis.
2626 998 2733 1038 non
2777 985 3007 1041 deerunt
3055 987 3106 1042 in
3152 988 3396 1045 Ecclesia

109 1091 317 1145 menta.
358 1078 490 1151 Quis
520 1076 669 1132 enim
712 1072 1086 1130 manifestaret
1115 1073 1314 1129 Filium
1352 1074 1571 1129 Patris?
1599 1075 1707 1130 Aut
1808 1070 2181 1153 Christi,.una
2220 1087 2342 1129 cum
2388 1073 2679 1144 apostolis,
2710 1076 2801 1146 qui
2829 1075 2945 1133 haec
2985 1078 3179 1136 altiora
3215 1080 3397 1151 perfe-

109 1173 236 1243 quis
256 1170 476 1226 Patrem
496 1175 853 1238 cognosceret
879 1166 984 1223 nisi
1007 1164 1213 1221 Filius?
1233 1164 1366 1221 Cum
1391 1165 1505 1236 ipse
1525 1166 1701 1222 dicat:
1808 1165 2007 1221 ctiouis
2033 1174 2299 1237 praecepta
2318 1207 2334 1234 ,
2360 1166 2447 1222 vel
2475 1168 2657 1238 potius
2689 1169 3105 1228 exhortamenta
3132 1181 3187 1229 et
3220 1173 3400 1230 consi-

112 1262 293 1319 Nemo
328 1263 467 1321 novit
499 1259 549 1315 F
553 1259 735 1325 ilium,
766 1259 869 1314 nisi
904 1258 1017 1330 ipse
1066 1255 1250 1324 Pater,
1288 1273 1452 1328 neque
1492 1253 1705 1313 Patrem
1808 1258 1939 1315 lium
1960 1258 2300 1331 compleant,
2334 1269 2388 1316 et
2418 1261 2715 1317 recondant
2743 1264 2795 1317 in
2820 1254 2970 1319 vasis
2992 1265 3140 1333 suis,
3163 1282 3283 1337 quae
3306 1281 3398 1341 ge-

106 1359 231 1429 quis
253 1359 389 1417 novit
419 1355 521 1413 nisi
558 1351 762 1419 Filius,
803 1361 852 1409 et
888 1353 974 1409 cui
1006 1351 1226 1407 uoluerit
1256 1349 1432 1406 Filius
1477 1351 1704 1407 revelare
1808 1351 2010 1408 neralis
2048 1351 2289 1408 ﬁdelium
2314 1353 2600 1411 multitudo
2630 1368 2736 1409 non
2760 1363 2939 1427 potest
2975 1372 3138 1414 sensu
3167 1373 3396 1430 capere,

107 1450 333 1522 (Matth.
374 1465 459 1515 ιι,
499 1446 613 1520 37).
663 1446 782 1517 Ipse
828 1454 912 1501 est
956 1445 1102 1501 enim
1132 1443 1287 1516 panis
1328 1443 1486 1510 vitae,
1513 1444 1605 1515 qui
1639 1445 1706 1501 de
1808 1458 1909 1500 nec
1946 1443 2202 1515 operibus
2247 1444 2489 1515 explere.
2534 1444 2689 1502 Unde
2737 1445 2877 1503 bene
2930 1456 3137 1519 septem
3200 1457 3399 1520 sporta!

106 1544 261 1609 cutio
300 1542 592 1599 descendit.
644 1539 711 1595 Et
737 1539 862 1610 quis
898 1539 1046 1594 hunc
1076 1542 1271 1609 panem
1321 1552 1420 1607 per
1459 1553 1517 1592 se
1549 1537 1706 1594 nobis
1808 1535 2004 1604 quibus
2024 1535 2430 1591 Dominicorum
2448 1537 2810 1593 suntcondita
2832 1537 3077 1594 ciborum
3094 1538 3395 1614 fragmenta

104 1637 542 1700 demonstraret,
586 1631 673 1687 vel
704 1630 973 1703 quomodo
1016 1645 1115 1686 nos
1161 1629 1230 1684 ad
1285 1629 1543 1685 interiora
1587 1628 1705 1699 ejus
1810 1638 2201 1693 memorantur,
2254 1635 2477 1698 propter
2504 1626 2875 1698 scptiformem
2917 1628 3246 1697 Ecclesiant,
3276 1646 3398 1702 quas

104 1727 388 1787 cernenda
422 1732 707 1797 penetrare
735 1723 1125 1794 potuissemus,
1160 1719 1267 1774 nisi
1309 1720 1547 1791 aperiret
1589 1720 1703 1790 ipse
1732 1711 1780 1772 Β
1805 1727 1861 1773 et
1910 1719 2026 1788 ipsa
2070 1718 2139 1773 oh
2185 1716 2559 1789 septiformem
2618 1718 2856 1791 Spiritus
2907 1722 3081 1777 sancti
3128 1723 3393 1794 gratiam,

101 1819 491 1889 nobisseptem
538 1814 818 1888 signacula
861 1814 985 1869 libri
1035 1811 1273 1884 signati?
1316 1810 1373 1866 in
1406 1826 1516 1882 quo
1563 1810 1702 1865 libro
1806 1810 2116 1881 septenario
2167 1824 2393 1865 numero
2446 1810 2772 1881 generaliter
2829 1821 3215 1881 consecratur;
3269 1829 3392 1885 quas

100 1908 483 1982 proculdubio
511 1915 717 1976 septem
751 1905 839 1961 isti
870 1918 1039 1975 panes
1058 1904 1257 1975 signati
1284 1913 1472 1967 erant,
1502 1910 1558 1958 et
1581 1902 1701 1957 ideo
1804 1903 1944 1960 bene
1984 1902 2228 1971 reliquiis
2276 1900 2542 1956 Dominici
2587 1902 2799 1971 prandii
2862 1903 3064 1973 repleta
3111 1905 3392 1976 cognosci-

101 2001 271 2074 longe
317 2000 407 2055 diu
451 1999 715 2070 propheta
750 1997 968 2069 plorans
994 1996 1210 2051 dicebat
1245 2012 1259 2049 :
1291 1993 1510 2049 Parvuli
1541 1996 1701 2065 petie—
1806 2004 1915 2061 tur,
1963 2004 2018 2048 et
2063 2002 2305 2049 saturata
2348 2006 2470 2047 esse
2510 2001 2789 2061 narratur,
2830 1996 2957 2066 quia
2988 2004 3159 2051 totum
3186 1996 3240 2051 in
3274 1996 3389 2052 cul-

102 2102 235 2149 rut
255 2107 438 2161 partem
458 2128 475 2157 ,
504 2099 555 2145 et
585 2105 688 2144 non
711 2097 824 2143 erat
853 2088 944 2159 qui
970 2086 1232 2157 frangeret
1270 2086 1345 2139 eis
1377 2083 1596 2158 (Thren.
1623 2101 1696 2153 tv,
1804 2087 1951 2143 mine
1980 2085 2281 2158 perﬁcitur,
2314 2087 2459 2158 quod
2508 2085 2740 2141 latitudo
2787 2085 3043 2142 deorsum
3092 2087 3394 2143 carnalium

99 2181 192 2254 ι).
222 2182 371 2251 Quod
396 2190 481 2237 est
506 2181 627 2236 aliis
653 2178 835 2237 verbis
876 2179 1093 2247 dicere,
1122 2176 1325 2232 indocti
1352 2186 1407 2235 et
1444 2176 1700 2233 ineruditi
1803 2198 1912 2241 non
1959 2182 2122 2252 capit.
2183 2181 2387 2239 Tamen
2432 2195 2623 2237 omnes
2672 2180 2961 2235 admodum
3014 2180 3241 2237 saturati
3289 2195 3400 2237 me-

98 2274 445 2346 qtmsierunt
470 2270 650 2328 cibum
676 2270 831 2328 verbi
858 2269 1027 2326 divini
1054 2284 1163 2341 quo
1188 2276 1409 2339 possent
1433 2268 1503 2325 ad
1533 2268 1701 2327 virtu-
1804 2282 2118 2340 morantur;
2166 2272 2292 2344 quia
2323 2273 2369 2329 si
2407 2281 2533 2329 sunt
2583 2271 2637 2326 in
2683 2270 2927 2327 Ecclesia
2955 2270 3047 2341 qui
3087 2286 3185 2327 sua
3211 2271 3395 2329 omnia

98 2374 229 2433 teut
256 2363 383 2419 boni
411 2362 591 2432 operis
618 2360 1034 2424 convalescere,
1082 2365 1138 2414 et
1181 2356 1331 2412 reﬁci
1363 2357 1560 2412 divinis
1585 2356 1675 2413 elo

1815 2364 2115 2434 relinquere
2179 2379 2284 2419 non
2328 2371 2588 2434 possunt,
2648 2376 2823 2433 neque
2866 2362 3085 2433 explere
3130 2362 3274 2433 quod
3321 2363 3392 2418 de

98 2456 293 2528 quiis.
328 2470 427 2513 nec
456 2463 577 2509 erat
602 2454 694 2525 qui
718 2453 800 2509 eis
825 2466 1026 2508 arcana
1071 2446 1481 2522 scripturarum
1525 2449 1703 2521 aperi-
1800 2456 2103 2527 virginibus
2174 2456 2395 2520 dicitur,
2454 2464 2636 2510 tamen
2694 2454 2851 2524 juxta
2929 2453 3148 2509 modum
3229 2468 3388 2511 suum

102 2561 227 2611 ret,
280 2564 484 2619 eosque
517 2548 585 2603 ad
626 2548 769 2602 viam
799 2543 1048 2601 veritatis
1094 2543 1407 2599 instrueret.
1449 2541 1703 2612 Acceptis
1803 2548 2174 2617 unusquisque
2217 2546 2466 2610 satiatur,
2501 2544 2630 2599 dum
2655 2545 2800 2614 quod
2827 2543 3115 2615 intelligit,
3149 2552 3205 2599 et
3259 2559 3390 2600 suus

101 2642 282 2714 igitur
305 2640 563 2711 Dominus
584 2637 847 2709 panibus,
874 2637 1080 2710 gratias
1098 2636 1243 2707 egit,
1268 2643 1328 2689 ut
1350 2649 1450 2690 nos
1471 2635 1704 2690 instrue-
1804 2638 1939 2693 ordo
1980 2637 2260 2709 poposcit,
2312 2636 2538 2708 implere
2580 2634 2836 2701 festinat,
2884 2643 2940 2690 ut
2972 2634 3041 2689 ad
3075 2635 3238 2690 vitam
3269 2648 3392 2707 per-
3432 2699 3443 2707 ,

102 2744 201 2792 ret
221 2736 293 2791 ad
319 2734 614 2806 gratiarum
640 2734 883 2789 actiones
905 2730 1015 2786 Deo
1039 2729 1227 2796 Patri,
1260 2744 1468 2800 suaque
1504 2726 1700 2784 suﬂ‘ra-
1803 2728 1986 2783 veniat
2012 2729 2422 2799 sempiternam.

102 2827 203 2901 gia
232 2824 557 2896 implorare,
586 2832 643 2881 et
669 2832 731 2879 ut
766 2823 883 2894 ipse
925 2830 1191 2894 quantum
1221 2822 1454 2893 gaudeat
1498 2820 1565 2877 de
1610 2835 1703 2875 sa-
1874 2819 2042 2893 659
2067 2818 2136 2874 Et
2163 2818 2383 2875 dimissa
2410 2819 2597 2885 turba,
2636 2817 2844 2889 inquit,
2872 2816 3106 2872 ascendit
3148 2817 3204 2872 in
3243 2817 3392 2873 natri-

105 2918 231 2973 loto
276 2916 499 2973 humani
543 2916 786 2988 generis,
837 2914 1107 2973 ostendat.
1150 2914 1360 2971 Idcirco
1388 2920 1445 2968 et
1491 2928 1592 2970 nos
1635 2913 1704 2969 ad
1806 2911 2002 2967 culum.
2051 2911 2181 2979 Qum
2218 2926 2325 2966 non
2366 2910 2678 2975 dimittitur,
2715 2908 2818 2964 nisi
2846 2908 3041 2963 satiata
3074 2917 3136 2980 et
3166 2906 3390 2979 repleta.

104 3009 510 3081 implorandam
558 3009 826 3081 gratiam,
877 3009 1042 3064 etiam
1091 3014 1149 3063 et
1194 3006 1569 3075 referendam,
1616 3007 1701 3063 in-
1806 3004 2010 3060 Tamen
2033 3003 2285 3059 omnibus
2305 3001 2497 3058 diebus
2530 3001 2657 3057 vita:
2694 3009 2928 3067 nostrae,
2962 3000 3241 3056 nobiscum
3282 3016 3396 3057 ma-

104 3102 313 3159 structi
336 3116 458 3157 esse
479 3100 773 3167 debemus,
801 3107 860 3155 ut
886 3098 1148 3170 quidquid
1172 3097 1555 3154 beneﬁciorum
1586 3098 1705 3169 ejus
1732 3082 1777 3147 C
1807 3105 1921 3153 net.
1957 3092 2110 3153 Unde
2153 3104 2209 3151 et
2254 3095 2533 3166 signanter
2578 3090 2771 3148 navem
2793 3134 2808 3159 ,
2839 3108 2959 3163 quae
2987 3102 3073 3148 est
3115 3091 3393 3155 Ecclesia,

104 3193 477 3266 percipimus,
507 3191 717 3263 gratias
745 3206 971 3262 agamus
995 3189 1046 3246 ei
1076 3187 1366 3245 indefessis
1394 3187 1661 3244 laudibus.
1807 3194 2085 3260 ascendit,
2113 3193 2179 3248 de
2200 3208 2305 3264 qua
2337 3199 2392 3247 et
2420 3191 2473 3247 in
2499 3205 2607 3261 qua
2643 3189 2982 3245 credentium
3019 3188 3231 3259 plebem
3282 3187 3397 3256 ipse

188 3284 667 3351 Honduaoemnt,
684 3283 875 3353 inquit,
892 3292 940 3337 et
954 3282 1182 3337 δαίεταιί
1206 3290 1349 3337 sunt.
1365 3280 1478 3337 Hoc
1504 3281 1703 3352 quippe

1820 3288 2071 3357 gubernat
2096 3296 2151 3341 et
2184 3286 2345 3358 regit,
2368 3298 2439 3339 ne
2464 3291 2621 3355 pasta
2651 3281 2873 3338 deﬁciat
2898 3280 3047 3336 inter
3068 3278 3264 3335 ﬂuctus
3281 3320 3295 3346 ,
3329 3294 3397 3335 ne

106 3394 147 3433 a
182 3376 384 3437 sucula
425 3391 524 3446 per
558 3375 729 3431 David
775 3375 1094 3446 prophetam
1125 3373 1441 3444 pratdictum
1471 3370 1652 3427 fuerat

1818 3381 2016 3437 erudita
2048 3379 2268 3435 oberret
2310 3381 2453 3434 inter
2480 3391 2644 3432 auras
2682 3374 3020 3446 linguarum,
3052 3387 3121 3428 ne
3149 3379 3395 3443 vegetata

103 3470 295 3527 1'34"“
318 3483 573 3540 Ρσαρανα
598 3477 647 3522 α
670 3465 1093 3533 "lumbum";
1119 3473 1170 3521 ιε
1195 3464 1485 3519 laudabunt
1516 3463 1701 3519 οοηιὶ·
1805 3470 2089 3543 frangatur
2113 3470 2272 3542 longo
2300 3468 2499 3523 itinere
2517 3508 2530 3529 ,
2561 3481 2630 3522 ne
2648 3466 2815 3520 etiam
2842 3460 3399 3535 appulsaintpellatur

106 3576 253 3618 rem
269 3561 357 3631 qui
376 3561 644 3632 requirunt
665 3574 783 3615 eum
803 3594 820 3625 ,
842 3566 891 3613 et
918 3558 1085 3612 vivent
1116 3555 1281 3611 corda
1315 3570 1493 3611 eorum
1526 3555 1581 3608 in
1602 3569 1683 3609 ste

1821 3563 2013 3628 ventis,
2068 3577 2137 3616 ne
2183 3562 2442 3617 saeviente
2475 3556 2736 3629 charybdi
2784 3554 3140 3624 naulragetur
3170 3549 3398 3606 turbini-

103 3652 301 3713 ctllut
338 3650 515 3709 seculi
542 3648 720 3723 (Ptol.
750 3663 882 3715 xu,
911 3647 1025 3721 27).
1057 3647 1199 3716 Ergo
1226 3646 1355 3716 quia
1393 3644 1480 3700 isti
1524 3645 1680 3714 requi

1817 3660 1927 3711 bus.
1956 3654 2025 3708 Et
2051 3653 2186 3709 venit
2214 3653 2269 3707 in
2298 3650 2429 3721 ﬁnes
2460 3648 2745 3720 Magedan.
2777 3646 2886 3705 Pro
2907 3659 3016 3715 quo
3040 3645 3093 3699 in
3116 3642 3299 3698 Marco
3318 3642 3394 3699 le-

102 3745 331 3803 siernnt
372 3742 725 3811 invenerunt,
752 3748 807 3795 et
837 3740 967 3813 quia
1013 3738 1337 3793 invenerunt
1364 3735 1542 3791 triduo
1582 3749 1679 3807 per

1831 3747 1982 3813 :imus
2010 3743 2395 3799 Dalmanutba.
2427 3739 2532 3796 Sed
2561 3740 2691 3811 quia
2741 3753 2882 3793 unus
2903 3736 3039 3791 ordo
3067 3734 3408 3797 narrationis.

98 3845 437 3899 manserunt
462 3844 553 3892 :et
577 3836 704 3906 quia
727 3832 896 3907 658
923 3832 1100 3888 triduo
1122 3836 1539 3903 permanserunt
1555 3868 1570 3891 ν
1602 3826 1703 3882 mi-
1804 3848 1890 3893 est
1917 3837 1972 3892 in
1999 3835 2248 3904 utrisque
2276 3831 2638 3904 Evangelistis
2654 3869 2669 3897 ,
2693 3828 2899 3884 idcirco
2919 3841 3025 3882 non
3047 3824 3399 3881 dubitandum

98 3940 305 3991 aeuus
336 3944 523 3989 eorum
551 3940 666 3996 est.
698 3937 756 3984 el
784 3927 1013 3985 διιωηῐὶ
1044 3935 1172 3981 sum
1203 3941 1217 3980 ε
1249 3934 1305 3978 ει
1329 3921 1583 3995 quoniam
1609 3936 1699 3977 8³-
1804 3928 2053 3985 eumdem
2106 3926 2287 3981 locum
2330 3937 2451 3979 esse
2481 3922 2582 3977 sub
2626 3929 2860 3990 utroque
2889 3917 3128 3974 nomine.
3177 3915 3313 3972 Nam
3345 3924 3401 3977 et

98 4022 291 4080 tanti
318 4029 446 4081 sunt
464 4060 479 4086 ,
516 4018 695 4077 Vivent
720 4017 884 4075 corda
908 4033 1091 4073 eorum
1126 4017 1183 4071 in
1219 4015 1474 4071 sa’culum
1495 4011 1696 4068 siccati.
1803 4017 2048 4085 nonnulli
2075 4016 2290 4071 codices
2312 4012 2569 4068 similiter
2594 4011 2798 4066 habent
2818 4007 3117 4065 secundum
3147 4004 3392 4061 Marcum

93 4115 229 4174 30d
252 4124 514 4187 milia!
542 4115 635 4171 ἰϐιί
681 4113 828 4170 beati
871 4114 963 4183 qui
997 4112 1090 4168 lali
1138 4120 1456 4167 recreantur
1481 4107 1661 4163 edulio
1683 4148 1700 4174 ν
1803 4111 2081 4184 Magedam
2100 4149 2114 4173 ,
2147 4105 2395 4177 quamvis
2420 4105 2474 4159 iu
2504 4101 2696 4159 Graeco
2725 4101 2798 4157 sit
2827 4097 3128 4187 Magdalan.

94 4216 171 4267 et
219 4185 539 4267 Mutat
619 4205 820 4263 divinis
870 4205 1139 4275 dapibus,
1195 4210 1403 4257 tantum
1458 4199 1702 4257 infelices
1873 4201 2025 4272 (CAP.
2060 4198 2224 4271 XVI.)
2272 4196 2339 4251 Et
2388 4202 2718 4250 accesserunt
2758 4192 2829 4247 ad
2871 4206 2991 4247 eum
3043 4185 3305 4242 Pharisci
3342 4194 3392 4241 et

92 4300 207 4373 qui
262 4299 631 4365 moueant,
676 4307 734 4353 et
782 4312 890 4353 non
946 4304 1296 4361 saturantur;
1356 4294 1450 4365 qui
1502 4308 1703 4365 panem
1805 4284 2399 4355 Saddncanteniairtes,
2429 4296 2477 4343 et
2514 4293 2824 4357 rogaverunt
2863 4297 2981 4338 eum
3008 4282 3297 4373 atus-ignem
3325 4278 3392 4334 de

88 4368 299 4457 vorbi.
340 4406 455 4462 quo
486 4391 622 4447 vivit
662 4391 851 4455 homo,
886 4388 1113 4445 audiunt
1151 4397 1209 4443 et
1241 4387 1565 4457 degustant,
1606 4384 1703 4440 sed
1732 4448 1776 4462 ὴ
1806 4380 1933 4437 caelo
1955 4379 2243 4435 ostenderet
2271 4378 2368 4433 eis.
2410 4375 2456 4432 Ο
2493 4390 2659 4446 quam
2682 4370 3030 4429 iluricordesl
3061 4368 3225 4440 Signa
3249 4380 3401 4439 qua-

88 4448 221 4541 ntist
458 4491 623 4553 atque
686 4448 852 4551 opere
927 4479 1215 4552 perficiunt
1268 4448 1388 4549 qua:
1442 4448 1699 4543 audiunt,
1729 4448 1781 4509 υ
1806 4486 1965 4542 runt,
1995 4476 2150 4547 quasi
2182 4489 2305 4545 quin
2350 4473 2597 4530 viderant
2622 4485 2785 4541 opera
2817 4468 3047 4525 Deitatis
3091 4467 3246 4537 signa
3289 4479 3403 4525 non

88 4573 361 4644 nihilque
388 4584 475 4635 is
549 4573 636 4634 his
716 4573 942 4631 internas
1002 4570 1303 4629 dulcedinis
1359 4570 1699 4640 percipiunt,
1806 4569 2027 4624 fuerint.
2068 4565 2175 4623 Sed
2202 4564 2332 4636 quid
2362 4571 2612 4635 quierant
2636 4560 2874 4618 ostendit
2894 4556 3240 4628 Evangelista
3270 4570 3397 4613 cum

85 4680 222 4739 quo
275 4658 376 4720 cor
434 4679 627 4720 eorum
689 4665 935 4725 ﬁrmetur
999 4672 1058 4719 ut
1132 4671 1503 4734 permaneant.
1569 4660 1702 4716 Pro-
1804 4660 1916 4721 ait:
1951 4659 2019 4715 Et
2042 4666 2370 4729 rogaverunt
2399 4655 2691 4723 utsignuni
2715 4651 2781 4706 de
2803 4650 2943 4706 caelo
2963 4649 3277 4709 ostenderet
3296 4647 3404 4711 eis.

80 4763 289 4826 Iccio,
331 4772 440 4815 non
486 4759 667 4817 dicam
720 4759 777 4815 hi
823 4757 991 4823 tales,
1030 4759 1157 4829 quis
1197 4757 1266 4813 de
1324 4755 1485 4827 longe
1538 4769 1701 4810 vene—
1806 4752 2133 4821 Quaerebant
2160 4761 2294 4819 ergo
2320 4746 2530 4817 signum
2563 4744 2633 4799 de
2658 4742 2832 4807 eicio,
2862 4750 2922 4798 ut
2941 4741 3057 4812 jam
3085 4754 3282 4810 supra,
3305 4744 3404 4829 aut

84 4862 275 4918 nuit.
321 4853 419 4908 sed
462 4852 593 4923 quia
636 4851 795 4923 longe
844 4851 1065 4907 luerunt
1113 4866 1145 4904 a
1177 4848 1386 4913 salute,
1434 4854 1490 4903 et
1538 4843 1701 4901 alieni
1806 4845 1862 4901 iu
1890 4857 2099 4898 morem
2133 4839 2294 4901 Elim,
2327 4838 2507 4909 ignem
2533 4837 2601 4892 de
2630 4833 2849 4891 sublimi
2875 4833 3095 4897 venire,
3131 4830 3302 4887 autin
3330 4828 3402 4886 si-

84 4966 121 5006 a
156 4947 370 5019 gratia.
402 4921 543 5001 Nam
562 4921 787 5015 quidam
812 4958 1002 4999 eorum
1028 4943 1123 5012 qui
1166 4942 1469 5004 salvantur,
1516 4947 1573 4994 et
1614 4952 1701 4993 sa-
1806 4933 2168 4991 militudinein
2226 4927 2533 4994 Samuelis,
2602 4927 2795 4983 aastivo
2856 4933 3103 4995 tempore
3160 4921 3401 4981 tonitrua

85 5013 325 5094 tia'mar
345 5036 502 5093 donis
518 5013 855 5101 amicalibus,
883 5036 951 5091 de
975 5034 1134 5104 longe
1162 5039 1457 5097 venerunt;
1480 5029 1702 5100 quidam
1805 5038 2167 5095 concrepare,
2220 5035 2513 5085 coruscare
2556 5017 2805 5092 fulgura,
2855 5018 3061 5074 imbres
3104 5029 3302 5080 ruere,
3332 5013 3402 5071 de

44 5124 277 5197 ‘vero,
331 5130 475 5187 sinit
514 5128 844 5192 Nathanael,
877 5137 934 5184 et
958 5127 1177 5199 plurimi
1216 5127 1270 5181 in
1310 5123 1508 5195 quibus
1549 5121 1704 5178 dolus
1806 5118 2003 5190 quibus
2041 5116 2208 5173 etiam
2238 5128 2399 5185 supra
2438 5112 2642 5170 dictum
2686 5118 2801 5178 est,
2848 5109 3001 5181 quasi
3043 5122 3152 5164 non
3181 5115 3402 5178 possent

6 5256 9 5259 -
38 5276 45 5279 .
112 5243 213 5285 nn
247 5236 376 5282 erat
395 5264 411 5291 ,
436 5226 505 5280 de
528 5225 800 5296 proximo.
827 5222 1031 5279 Tamen
1056 5234 1248 5277 omnes
1289 5220 1381 5290 qui
1436 5223 1704 5272 venerunt
1806 5211 1910 5268 ista
1931 5250 1946 5275 ,
1984 5218 2042 5265 et
2086 5208 2193 5263 alia
2220 5206 2596 5278 hujuscemodi
2638 5202 2965 5262 calumniari
2990 5216 3057 5258 ac
3086 5199 3304 5267 dicere,
3326 5214 3400 5257 ex

5 5296 56 5411 l"
87 5335 205 5394 per
254 5318 427 5374 ﬁdem
446 5291 555 5373 nisi
602 5316 930 5374 recesserint
952 5330 983 5370 a
1013 5323 1269 5386 peccato,
1312 5312 1666 5384 languescunt
1686 5348 1703 5373 ,
1808 5300 2037 5358 occultis
2061 5308 2117 5356 et
2142 5298 2315 5354 variis
2336 5298 2484 5354 aeris
2510 5291 3301 5411 pauiwibuslaccidiwe.‘0iia
3327 5291 3400 5349 de

68 5385 145 5472 et
178 5421 247 5467 ut
276 5412 356 5467 ita
385 5411 564 5467 dicam
582 5446 598 5477 ,
630 5409 828 5467 mortui
859 5416 1020 5474 sunt,
1049 5408 1176 5478 quia
1218 5407 1375 5477 longe
1406 5413 1491 5461 est
1518 5420 1547 5456 a
1576 5417 1704 5474 pec-
1809 5411 1974 5452 causa
2006 5409 2202 5451 sensus
2225 5401 2406 5464 patet,
2430 5392 2575 5463 quod
2600 5406 2707 5446 non
2729 5389 2800 5446 ob
2819 5388 2967 5443 aliud
2992 5387 3061 5443 de
3085 5385 3224 5443 calo
3251 5401 3399 5478 qum-

68 5504 398 5564 cntoribus
422 5502 589 5558 salus.
1070 5477 1084 5478 ί
1810 5496 1937 5544 runt
1964 5486 2177 5558 signum
2220 5493 2282 5539 ut
2319 5483 2584 5547 credant,
2632 5479 2729 5536 sed
2769 5487 2837 5533 ut
2878 5493 2945 5534 ea
2991 5492 3114 5549 qua
3158 5477 3399 5533 secundo

164 5597 249 5651 Et
278 5594 613 5650 sustulerunt
636 5593 777 5666 quod
810 5590 1145 5665 superaverat
1171 5591 1235 5644 de
1269 5589 1577 5661 fragmentis
1625 5602 1707 5641 se-
1812 5581 1954 5636 facta
2002 5586 2129 5634 sunt
2172 5577 2240 5633 de
2289 5576 2553 5646 panibus,
2583 5579 2868 5628 evacuent.
2908 5570 3235 5666 Quanquam
3256 5579 3313 5626 et
3340 5570 3397 5625 in

64 5700 243 5761 psus
264 5692 502 5757 ηοηαι.
527 5664 784 5745 Profecto
803 5686 930 5761 quia
945 5684 1099 5741 turba
1130 5684 1184 5741 in
1209 5684 1292 5738 via
1320 5682 1494 5755 posita
1523 5681 1589 5735 aii
1615 5694 1709 5735 co-
1758 5748 1763 5753 η
1812 5673 2106 5745 Evangelia
2135 5669 2362 5728 Joannis
2389 5672 2726 5723 monstretur
2748 5679 2847 5721 eos
2872 5672 2997 5737 post
3036 5666 3142 5722 hoc
3166 5664 3398 5723 miracu-
