4004 6362
574 247 672 302 551

1388 245 1447 302 S.
1487 245 1844 302 PASCHASll
1881 243 2228 299 BADBERTI
2263 242 2556 299 ABBATIS
2591 240 3041 300 CORBEIENSIS

573 362 684 416 lum
711 361 775 416 de
802 359 1065 430 panibus,
1101 360 1360 430 quaesisse
1390 371 1452 415 ut
1479 375 1675 414 manna
1701 375 1854 414 more
1889 358 2058 430 Moysi
2088 360 2156 413 de
2181 360 2233 420 Α
2257 355 2413 410 tient.
2465 355 2674 423 Quibus
2711 355 2786 409 ita
2839 352 3107 424 prescitis
3171 362 3227 409 et
3286 355 3637 428 praecognitis
3686 355 3839 416 valde

571 453 712 509 caelo
730 453 809 508 eis
833 454 1005 508 daret.
1034 452 1174 507 Dicit
1201 452 1343 507 enim
1373 451 1608 507 Joannes
1645 466 1740 506 eos
1784 451 1858 506 ita
1896 452 2100 506 dixisse
2135 468 2147 504 :

574 543 714 609 Quid
739 559 860 613 ergo
887 553 942 595 tu
966 541 1098 610 facis
1122 552 1179 595 ut
1201 543 1466 596 videamus
1488 553 1532 595 et
1556 544 1831 596 credamus
1856 542 1989 595 tibi?
2012 541 2151 607 Quid

571 633 846 703 operaris.’
879 631 1068 686 Patres
1097 633 1263 687 nostri
1285 650 1478 688 manna
1506 634 1954 688 manducaverunt
1981 635 2038 687 in
2067 633 2152 687 de-

567 737 737 791 serto,
776 727 912 780 sicut
935 727 1187 796 scriptum
1227 739 1345 780 est:
1371 724 1569 780 Panem
1615 727 1680 780 de
1717 725 1860 780 cwlis
1890 726 2033 780 dedit
2076 726 2151 780 eis

569 817 887 872 manducare
907 815 1089 885 (Joan.
1121 833 1174 872 vi
1199 858 1213 883 ,
1239 818 1328 881 50,
1356 819 1468 886 5|).
1499 819 1576 873 Ac
1602 818 1646 874 si
1678 819 1952 883 dicerent,
1977 827 2038 872 ut
2056 819 2148 888 qui

567 907 736 962 multa
786 905 954 962 millia
999 907 1276 963 hominum
1309 909 1544 965 secundo
1591 910 1788 980 pavisti
1833 910 1887 964 in
1938 910 2152 966 deserto

567 996 756 1066 paucis
783 996 850 1051 de
902 996 1164 1066 panibus,
1214 997 1299 1052 lac
1337 999 1390 1052 in
1434 985 1738 1070 exemplum
1779 999 1949 1072 Moysi
1995 999 2152 1055 nobis

569 1103 767 1142 manna
790 1088 978 1142 venire
999 1086 1066 1142 de
1085 1089 1243 1155 coelo,
1270 1099 1330 1144 ut
1352 1092 1637 1148 credamus
1657 1093 1778 1148 tibi.
1805 1092 1873 1147 Et
1899 1093 2004 1147 hoc
2023 1106 2151 1147 vere

568 1192 677 1233 non
707 1179 773 1233 de
799 1179 1037 1249 puritate
1081 1179 1203 1234 ﬁdei
1235 1181 1521 1248 dixerunt,
1564 1184 1703 1238 sicut
1729 1199 1831 1239 nec
1855 1193 2038 1254 patres
2061 1198 2151 1238 eo-

565 1283 717 1334 rum,
744 1269 960 1338 quando
989 1269 1268 1324 dicebant:
1305 1269 1560 1343 Nunquid
1579 1290 1767 1343 panem
1795 1274 1981 1344 poterit
2000 1274 2146 1339 dare,

569 1365 662 1409 aut
711 1373 900 1426 parare
943 1374 1175 1412 mensam
1214 1359 1270 1412 in
1312 1360 1513 1414 deserto
1538 1362 1562 1414 ?
1592 1359 1763 1432 (Psal.
1802 1377 2005 1428 Lxxvu,
2036 1361 2148 1432 l9.)

566 1450 699 1518 Qua:
741 1452 995 1507 nimirum
1025 1467 1160 1516 vox,
1195 1467 1300 1508 non
1349 1455 1412 1508 de
1456 1454 1775 1510 credulitate
1799 1455 1977 1520 venit,
2010 1455 2150 1512 sicut

565 1555 667 1596 nec
697 1541 954 1608 istorum,
997 1545 1092 1600 sed
1118 1545 1185 1600 de
1215 1544 1533 1600 inﬁdelitate
1567 1554 1624 1601 et
1655 1547 1854 1601 duritia
1885 1547 2066 1601 cordis
2091 1555 2148 1600 ut

564 1632 961 1689 calumnientur
988 1643 1044 1689 et
1068 1645 1330 1691 evacuent
1359 1652 1478 1706 quae
1507 1635 1651 1692 facta
1684 1646 1811 1692 sunt
1833 1653 1861 1690 a
1893 1638 2144 1703 Domino,

2255 448 2666 503 stultisssimum
2733 447 2890 504 docet
2954 461 3048 503 eos
3111 447 3370 516 ignorare
3433 448 3699 504 adventus
3759 451 3837 507 sui

2253 541 2423 610 signa,
2453 541 2611 613 661
2631 551 2760 596 "cum
2807 541 2983 596 omnis
3032 541 3120 595 lex
3167 549 3222 596 et
3259 542 3540 611 propheta:
3572 542 3718 598 hunc
3749 558 3841 597 an-

2253 633 2638 686 nuntiaverunt
2684 647 2806 686 esse
2853 639 3170 698 venturum,
3218 640 3276 687 et
3320 633 3538 703 quando
3584 643 3842 691 venturus

2253 733 2418 789 esset,
2449 725 2532 779 vel
2559 724 2858 794 quomodo,
2905 725 3307 795 praedixerunt;
3364 742 3576 782 necnon
3619 737 3676 783 et
3713 743 3842 800 ope-

2251 829 2372 869 rum
2405 829 2526 884 qua:
2552 814 2801 884 gerebat,
2855 813 3052 869 indicia
3099 829 3220 870 cum
3260 816 3406 871 omni
3467 817 3841 884 admiratione,

2248 903 2359 975 jam
2392 919 2515 959 eum
2547 903 2903 974 perhibebant
2931 905 3160 961 venisse.
3197 903 3274 960 lta
3302 913 3362 960 ut
3385 907 3842 976 quemadmodum

2254 992 2415 1048 ﬁdem
2455 995 2792 1064 tempestatis
2819 994 2945 1049 οωιί
2975 995 3144 1051 rubor
3172 997 3421 1051 matutini
3464 999 3731 1068 temporis
3761 1000 3845 1055 vel

2254 1083 2548 1154 vespertini
2595 1086 2809 1140 reddit:
2837 1085 2911 1139 ita
2948 1085 3292 1141 manifestam
3325 1095 3628 1157 temporum
3657 1091 3844 1162 cogni-

2256 1177 2482 1244 tionem,
2523 1178 2786 1234 virtutum
2831 1188 2994 1249 atque
3025 1194 3275 1250 operum,
3321 1179 3580 1235 indicium
3627 1181 3713 1236 sui
3756 1182 3846 1237 ad-

2252 1279 2450 1324 ventus
2497 1282 2759 1340 praastare
2802 1270 3082 1335 deberent,
3131 1270 3176 1325 si
3224 1271 3353 1326 caeci
3398 1287 3505 1326 non
3531 1279 3742 1327 essent.
3787 1272 3848 1328 Et

2254 1360 2391 1414 mira
2417 1361 2770 1431 comparatio.
2800 1360 2936 1428 Quia
2955 1360 3099 1416 facto
3118 1375 3344 1430 vespere
3365 1361 3626 1430 sanguine
3650 1363 3848 1432 passio-

2254 1452 2337 1507 nis
2360 1451 2562 1506 Christi
2596 1452 2648 1506 in
2678 1453 2856 1522 primo
2883 1453 3140 1518 adventu,
3171 1462 3523 1523 peccatorum
3562 1453 3848 1524 indulgen-

2253 1545 2326 1595 tia
2355 1541 2547 1606 datur;
2581 1548 2635 1595 et
2678 1555 2838 1595 mane
2875 1541 3033 1596 hodie
3071 1549 3367 1612 tempestas
3393 1541 3567 1596 valida
3615 1545 3845 1600 secundi

2203 1665 2212 1671 -
2254 1634 2537 1688 adventus.
2584 1632 2790 1687 Rutilat
2826 1632 2972 1687 enim
3013 1634 3168 1690 triste
3204 1633 3422 1690 cwlum.
3474 1633 3610 1690 Nam
3637 1636 3847 1707 primus

564 1739 633 1780 ne
663 1725 945 1780 credentes
974 1725 1108 1780 salvi
1136 1725 1285 1780 ﬁant.
1321 1727 1485 1798 660
1521 1727 1586 1780 At
1622 1727 1709 1789 ille
1734 1727 2047 1798 respondens
2073 1727 2146 1781 ait
2177 1720 2225 1780 B
2255 1725 2518 1780 adventus
2551 1726 2668 1796 ejus
2697 1725 2836 1780 bene
2861 1726 3069 1796 vesperi
3101 1733 3467 1797 comparatur,
3498 1727 3623 1797 quia
3656 1728 3714 1782 in
3747 1727 3848 1785 ﬁne

569 1815 696 1870 illis.
732 1815 900 1873 Porro
928 1818 982 1872 in
1013 1817 1192 1874 Marco
1220 1819 1451 1873 habetur
1476 1819 1618 1889 quod
1648 1819 2005 1889 ingemiscens
2047 1822 2153 1891 spi-

576 1905 683 1960 ritu
710 1905 943 1962 dixerit:
976 1907 1254 1964 Generatio
1283 1910 1425 1964 mala
1448 1921 1497 1965 et
1523 1911 1792 1973 adultera,
1823 1913 2153 1982 prmlermis-

566 1995 644 2050 sis
672 1996 725 2050 in
765 1998 942 2054 medio
966 2014 1085 2068 quae
1112 1998 1394 2055 Matthznus
1437 2010 1860 2067 commemorat,
1896 2018 2149 2072 quoniam

568 2087 708 2142 sicut
729 2104 891 2167 supra
919 2091 1134 2146 turbam
1162 2092 1476 2148 credentem
1521 2093 1836 2148 ctelestibus
1873 2095 2150 2150 beneﬁciis

566 2175 890 2246 refccturus,
918 2181 1121 2251 gratias
1157 2183 1378 2252 agebat;
1411 2183 1484 2238 ita
1513 2200 1653 2239 nunc
1674 2185 1743 2239 ob
1763 2185 1983 2238 stultam
2011 2184 2154 2240 Pha-

565 2269 850 2324 risaeorum
880 2287 986 2327 non
1016 2273 1352 2328 credentium
1384 2274 1694 2344 perﬁdiam,
1740 2286 1796 2331 et
1838 2277 2151 2333 tentationis

571 2361 819 2418 callidam
846 2361 1049 2420 fraudis
1079 2366 1424 2435 petitionem,
1469 2367 1636 2438 gemit
1672 2377 1728 2425 et
1772 2371 2149 2426 contristatur.

571 2451 778 2521 Quibus
810 2456 886 2510 ait
916 2474 929 2511 :

639 2543 804 2600 Facto
837 2559 1075 2619 vespere,
1114 2551 1330 2606 dicitis:
1365 2549 1618 2607 Serenum
1643 2553 1776 2619 erit,
1805 2555 2150 2610 rubicundum

562 2647 640 2692 est
660 2640 796 2692 enim
818 2638 1036 2706 calum;
1059 2651 1108 2696 et
1133 2644 1300 2697 male:
1331 2642 1502 2698 Hodie
1535 2653 1807 2714 tempestas
1827 2648 1946 2711 erit,
1971 2646 2152 2702 rutilat

563 2728 699 2782 enim
721 2730 870 2783 triste
890 2730 1094 2785 caelum.
1119 2730 1335 2786 Faciem
1363 2751 1482 2804 ergo
1506 2736 1622 2789 caeli
1640 2735 1938 2805 dijudicare
1964 2739 2147 2804 nostis,

561 2819 713 2889 signa
748 2831 921 2875 autem
951 2833 1239 2892 temporum
1269 2842 1373 2879 non
1397 2827 1609 2895 potestis
1649 2827 1824 2881 scire?
1863 2826 1978 2883 Hoc
2007 2829 2149 2898 apud

563 2911 848 2982 plerosque
883 2915 1098 2970 codices
1143 2931 1248 2969 non
1282 2917 1528 2971 habetur.
1580 2917 1688 2974 Sed
1736 2935 1930 2976 sensus
1977 2923 2150 2976 mani-

569 3001 737 3059 festus
794 3012 907 3072 est,
971 3006 1135 3061 etiam
1187 3006 1326 3078 apud
1383 3009 1638 3079 gentiles;
1703 3012 1845 3066 unde
1890 3012 2146 3084 Virgilius

567 3095 717 3149 canit
748 3113 762 3148 :

688 3187 769 3262 §ol
792 3201 986 3262 quoqpe
1014 3193 1267 3262 exoriens,
1295 3197 1349 3262 et
1370 3204 1479 3262 cum
1504 3206 1563 3262 se
1586 3195 1760 3244 condet
1783 3197 1833 3245 ln
1856 3197 2026 3262 undas,

689 3248 838 3320 Signa
860 3248 1026 3314 dabit;
1050 3253 1205 3320 solem
1229 3248 1501 3304 certissima
1523 3259 1662 3316 signa
1687 3267 1976 3320 sequentur.

693 3309 884 3382 Eique
907 3309 1053 3382 mane
1072 3315 1247 3377 refert,
1270 3324 1449 3379 etquae
1471 3309 1788 3382 surgentibus
1808 3323 1971 3370 astris.

689 3370 916 3440 Denique
939 3376 1055 3437 quid
1083 3370 1260 3440 vesper
1283 3370 1426 3428 serus
1448 3370 1613 3440 vehat,
1639 3381 1769 3431 unde
1798 3394 2006 3433 serenas

692 3431 890 3504 Ye‘nttts-
904 3431 1018 3504 ag'at
1039 3431 1215 3504 nubes,
1238 3440 1350 3504 quid
1373 3444 1559 3504 cogitet
1584 3431 1806 3492 humidus
1827 3431 2006 3494 Auster

695 3495 905 3610 ᾖξάέῆέῗο
917 3499 1054 3562 signa
1080 3495 1232 3550 dabit.
1255 3495 1419 3553 Solem
1433 3495 1551 3566 auis
1567 3506 1740 3556 dicere
1765 3505 1935 3555 falsum

565 3636 790 3693 Constat
814 3640 979 3712 igitur
1007 3657 1194 3700 verum
1213 3685 1230 3712 ,
1259 3647 1403 3717 quod
1439 3663 1507 3704 ex
1538 3649 1929 3706 elementorum
1961 3653 2150 3709 ordine

566 3736 731 3798 atque
756 3745 821 3786 ex
853 3735 1210 3789 consonantia
1233 3752 1414 3792 rerum
1435 3779 1450 3803 ,
1485 3741 1696 3809 possint
1735 3752 1789 3797 et
1824 3744 1999 3798 sereni
2037 3745 2151 3801 dies

570 3825 626 3871 et
660 3819 922 3888 pluviales
950 3837 1111 3892 quam
1143 3841 1285 3896 saepe
1311 3831 1594 3897 praenosci.
1624 3830 1690 3884 Et
1713 3831 1834 3886 ideo
1864 3833 2150 3905 increpan-

574 3916 668 3963 tur
702 3909 963 3968 Pharisai
1010 3924 1064 3970 et
1113 3914 1347 3983 Scribae,
1390 3920 1481 3989 qui
1511 3921 1834 3978 videbantur
1862 3924 1996 3996 legis
2031 3942 2152 3983 esse

571 4000 853 4070 doctores,
879 4007 1022 4074 quod
1045 4021 1112 4061 ex
1142 4009 1376 4064 certiore
1405 4013 1720 4081 prophetico
1756 4016 2015 4071 vaticiuio
2045 4033 2151 4072 non

566 4101 819 4162 poterant
868 4095 1169 4168 intelligere
1214 4097 1514 4158 Salvatoris
1561 4105 1882 4171 adventum,
1934 4109 2000 4162 de
2046 4125 2154 4178 quo

575 4183 780 4238 dictum
807 4195 958 4241 erat:
985 4187 1270 4244 Descendet
1295 4192 1426 4246 sicut
1452 4193 1627 4264 pluvia
1651 4197 1704 4249 in
1731 4198 1921 4264 vellus,
1950 4210 1998 4254 et
2019 4203 2153 4256 sicut

569 4274 842 4328 stillicidia
882 4275 1138 4331 stillantia
1167 4295 1325 4349 super
1362 4291 1588 4348 terram,
1639 4288 1836 4340 orietur
1872 4288 1926 4343 in
1973 4290 2152 4346 diebus

569 4363 685 4434 ejus
707 4365 919 4436 justitia
941 4376 989 4420 et
1013 4367 1338 4423 abundantia
1361 4371 1503 4440 pacis
1528 4371 1702 4442 (Psal.
1733 4391 1857 4430 LXXI
1877 4418 1890 4441 ,
1919 4377 1994 4448 6).
2022 4379 2151 4446 Qtue

2255 1816 2441 1872 saeculi
2484 1816 2604 1872 fuit.
2646 1815 2800 1884 Unde
2838 1815 2968 1871 licet
2995 1817 3190 1873 rubeat
3219 1827 3279 1872 ut
3315 1833 3437 1873 rosa
3467 1817 3669 1875 Christi
3717 1834 3845 1875 san-

2255 1910 2414 1981 guine
2443 1917 2793 1979 purpuratus,
2831 1916 3012 1964 tamen
3051 1924 3276 1965 serenus
3310 1909 3468 1965 valde
3507 1909 3631 1965 fuit.
3671 1910 3848 1967 Porro

2256 2000 2310 2055 in
2357 2000 2598 2056 secundo
2633 2015 2756 2055 cum
2787 2000 2998 2056 venerit
3037 2001 3192 2071 quasi
3223 2016 3383 2056 mane
3422 2001 3550 2065 erit,
3579 2000 3676 2056 sed
3723 2010 3850 2056 tunc

2255 2089 2383 2145 licet
2424 2090 2619 2146 caelum
2663 2091 2855 2146 rubeat
2895 2099 2990 2145 aut
3026 2091 3244 2156 rutilet,
3290 2107 3397 2146 non
3447 2107 3703 2147 serenum
3761 2093 3847 2148 sed

2261 2190 2555 2252 tempestas
2581 2182 2705 2246 erit,
2737 2179 2982 2252 profecto
3011 2182 3138 2252 quia
3177 2183 3344 2238 rubor
3373 2182 3462 2238 ille
3488 2199 3594 2238 non
3624 2183 3695 2239 de
3726 2200 3848 2239 sau-

2254 2273 2436 2343 guine,
2468 2273 2563 2328 sed
2598 2288 2664 2328 ex
2702 2273 2824 2345 igne
2864 2274 2988 2328 erit.
3039 2273 3305 2341 Quoniam
3353 2274 3493 2329 sicut
3537 2275 3590 2328 in
3636 2274 3850 2345 psalmo

2255 2367 2504 2421 canitur:
2528 2365 2676 2436 Ignis
2706 2375 2826 2420 ante
2868 2367 3041 2437 ipsum
3080 2365 3337 2436 praecedet
3381 2365 3556 2436 (Psal.
3579 2381 3740 2431 xcvi,
3772 2366 3844 2436 ὅ),

2253 2467 2301 2511 et
2329 2459 2384 2510 in
2411 2459 2632 2510 circuitu
2667 2457 2782 2527 ejus
2817 2466 3092 2528 tempestas
3135 2456 3310 2511 valida
3357 2456 3531 2528 (Psal.
3565 2473 3724 2523 xm,
3762 2459 3844 2530 4);

2253 2548 2395 2618 quod
2425 2545 2610 2604 Gratce
2639 2548 2740 2603 hoc
2765 2548 2885 2605 loco
2915 2548 3311 2619 signiﬁcantius
3337 2549 3534 2605 dicitur
3557 2552 3843 2627 πυῤῥοὶζιι.

2253 2639 2396 2708 quod
2436 2655 2534 2696 nos
2568 2640 2795 2711 ignitum
2835 2642 3105 2712 possimus
3147 2641 3454 2713 appellare;
3493 2643 3622 2713 quia
3660 2645 3846 2698 omnis

2253 2732 2342 2787 illa
2372 2741 2499 2788 tunc
2526 2733 2766 2790 rutilatio
2788 2734 2853 2789 de
2880 2735 3003 2804 igne
3030 2733 3156 2790 erit.
3187 2732 3404 2800 Faciem
3437 2751 3560 2806 ergo
3586 2735 3737 2802 ccli,
3772 2737 3847 2791 in-

2253 2823 2393 2891 quit,
2428 2823 2722 2894 dijudicare
2761 2825 2944 2890 nostis,
2984 2826 3141 2896 signa
3185 2835 3360 2879 autem
3403 2835 3698 2897 temporum
3743 2845 3845 2882 non

2250 2917 2462 2985 potestis
2511 2919 2682 2972 scire?
2733 2916 2860 2974 Haec
2904 2917 3159 2973 nimirum
3208 2933 3312 2974 vox
3360 2919 3720 2990 increpantis,
3766 2920 3842 2975 vel

2251 3007 2636 3076 exprobrantis
2680 3017 2787 3075 est,
2834 3010 2958 3080 quia
3009 3009 3162 3081 signa
3203 3019 3260 3066 et
3295 3011 3612 3082 prophetias
3647 3012 3723 3067 de
3759 3013 3846 3067 ad-

2175 3081 2223 3146 C
2250 3107 2416 3154 ventu
2453 3115 2552 3154 suo
2587 3099 2782 3169 primo,
2815 3099 2898 3154 vel
2935 3099 3000 3155 de
3025 3101 3292 3171 passione
3319 3117 3383 3157 ac
3405 3081 3840 3168 resurrectione,

2251 3188 2340 3243 cui
2367 3188 2543 3243 simile
2578 3204 2793 3244 roseum
2831 3189 3030 3244 ctelum
3077 3204 3197 3245 esse
3222 3190 3423 3246 dicitur
3451 3206 3700 3262 vespere,
3739 3207 3841 3248 non

2250 3280 2526 3348 potuerint
2570 3279 2656 3334 vel
2706 3279 2980 3334 noluerint
3025 3295 3372 3352 cognoscere.
3425 3280 3613 3352 Neque
3648 3296 3842 3338 rursm

2251 3369 2318 3424 de
2350 3369 2696 3426 tribulatione
2729 3381 2859 3427 ante
2889 3370 3178 3427 adventum
3227 3387 3385 3427 suum
3427 3371 3667 3426 futurum
3721 3372 3842 3428 dili-

2251 3468 2465 3537 gentius
2486 3467 2747 3539 cogitare,
2773 3467 2857 3523 cui
2891 3467 3066 3523 simile
3093 3475 3178 3524 est
3203 3481 3365 3522 mane
3403 3481 3617 3523 roseum
3648 3481 3716 3522 ac
3747 3468 3842 3522 tri-

2251 3567 2334 3614 ste
2364 3558 2582 3624 cmlum,
2609 3574 2675 3614 ex
2703 3574 2812 3630 quo
2837 3568 2893 3614 et
2919 3559 3136 3630 quando
3165 3566 3464 3628 tempestas
3486 3558 3672 3612 futura
3706 3571 3844 3628 pra-

2252 3651 2482 3707 dicatur.
2516 3650 2821 3721 Perpendat
2844 3650 3018 3705 ﬁdelis
3059 3651 3272 3706 animus
3299 3665 3463 3721 quam
3495 3649 3657 3720 digna
3687 3647 3837 3703 omni

2252 3741 2607 3798 admiratione
2635 3743 2845 3798 Domini
2877 3745 3157 3816 responsio
3185 3745 3278 3812 sit,
3303 3761 3467 3817 quam
3489 3759 3640 3809 vera,
3673 3760 3840 3816 quam

2253 3831 2410 3887 fortis
2454 3833 2506 3886 in
2541 3833 2886 3900 revincendo,
2913 3850 3075 3904 quam
3103 3834 3343 3907 prudens
3385 3837 3440 3892 in
3477 3837 3753 3904 docendo,
3784 3845 3843 3893 ut

2253 3922 2705 3992 quemadmodum
2741 3923 2902 3980 ﬁdem
2949 3926 3285 3996 tempestatis
3315 3925 3438 3981 caeli
3472 3927 3732 3982 matutini
3762 3926 3842 3982 vel

2253 4014 2463 4084 vesperi
2514 4015 2679 4069 rubor
2733 4015 2910 4071 reddit
2954 4032 2969 4070 :
3012 4017 3084 4071 ita
3134 4015 3478 4073 manifestam
3533 4025 3838 4088 temporum

2255 4104 2614 4174 cognitionem
2645 4105 2902 4162 virtutum
2945 4115 3108 4178 atque
3149 4123 3373 4179 operum
3407 4108 3706 4175 miracula,
3749 4123 3840 4164 seu

2255 4194 2452 4249 indicia
2503 4194 2907 4265 Scripturarum
2957 4211 3222 4270 praestare
3263 4201 3546 4258 deberent.
3600 4201 3837 4269 Quibus,

2253 4292 2314 4338 ut
2342 4285 2417 4340 ita
2442 4285 2640 4353 dicam,
2663 4287 3008 4345 ineﬁ‘abiliter
3036 4292 3108 4346 ita
3138 4307 3459 4364 responsum
3485 4295 3838 4364 temperavit,

2255 4385 2313 4430 ut
2355 4376 2469 4447 ipse
2501 4388 2658 4434 ortus
2697 4395 2728 4435 e
2765 4381 2905 4437 caelo
2940 4383 3153 4454 signum
3187 4385 3272 4440 bis
3312 4401 3419 4442 non
3465 4385 3714 4452 caeleste,
3746 4386 3842 4443 sed

571 4455 825 4509 nimirum
855 4465 1040 4526 aperta
1069 4465 1121 4511 et
1157 4439 1443 4515 manifesta
1473 4439 1626 4532 signa
1667 4439 1920 4533 fuerunt,
1953 4439 2150 4539 quibus
2174 4439 2228 4500 Β
2255 4439 2512 4524 terrestre
2554 4468 2709 4525 daret
2741 4480 2799 4525 ut
2832 4487 2928 4528 eos
2958 4439 3386 4532 misericorditer
3429 4478 3569 4532 intra
3613 4439 3842 4534 cautes-

572 4544 903 4612 deprehendi
926 4556 1111 4615 posset
1134 4556 1349 4618 tempus
1371 4552 1636 4609 adventus
1660 4553 1796 4623 ejus.
1835 4557 2040 4614 Idcirco
2071 4560 2151 4614 in-

571 4646 878 4709 crepantur,
908 4641 1052 4709 quod
1085 4649 1325 4711 tempora
1362 4657 1430 4696 ex
1476 4644 1619 4699 aeris
1646 4645 1904 4714 qualitate
1930 4658 2151 4705 nossent

571 4727 902 4797 diiudicare,
929 4739 984 4784 et
1010 4730 1414 4800 deprehendere
1455 4733 1556 4789 sibi
1605 4736 1788 4803 utilia,
1821 4739 1974 4794 utilia
2017 4755 2149 4797 vero

572 4817 763 4875 salutis
791 4834 902 4874 sua:
935 4835 1039 4875 non
1072 4820 1416 4877 intenderent
1449 4839 1548 4879 nec
1564 4826 1969 4899 intelligerent,
1995 4833 2147 4904 signa

573 4909 838 4965 adventus
883 4909 975 4965 Dei
1020 4925 1050 4965 e
1094 4911 1231 4966 cmlo
1265 4913 1317 4966 in
1349 4929 1532 4967 carne.
1564 4915 1641 4970 Ex
1682 4919 1876 4986 quibus
1907 4922 2148 4992 profecto

574 4999 787 5066 verbis,
840 5000 1105 5055 mirabilis
1157 5000 1252 5054 Dei
1306 5005 1585 5073 responsio
1639 5012 2044 5084 commendatur
2092 5015 2146 5068 in

574 5090 851 5155 omnibus;
901 5091 1025 5159 quia
1073 5089 1162 5144 illa
1211 5091 1570 5151 humilitatem
1630 5098 1684 5153 in
1749 5100 1966 5157 Christo
2030 5120 2152 5160 car-

575 5180 658 5233 nis
705 5188 761 5234 et
807 5180 1052 5251 corporis
1094 5191 1447 5249 contuentes,
1485 5187 1784 5243 doctrinam
1813 5206 1879 5246 ex
1915 5193 2000 5247 his
2029 5209 2150 5263 quae

575 5272 675 5326 sub
731 5273 915 5326 habitu
962 5274 1194 5328 hominis
1249 5277 1469 5346 gerebat
1520 5279 1950 5352 dedignahantur
2010 5285 2167 5340 acci-.

574 5377 733 5432 pere,
788 5379 1020 5434 quorum
1080 5365 1419 5422 insolentiam
1473 5378 1527 5423 ct
1573 5372 1889 5428 inanitatem
1940 5373 2151 5443 jactan-

576 5452 663 5506 tia:
706 5453 966 5522 irridens,
1015 5457 1180 5512 multa
1226 5474 1320 5514 eos
1365 5459 1432 5514 de
1477 5469 1670 5515 natura
1714 5463 1836 5518 caeli
1880 5465 2150 5534 conjicere

576 5544 748 5600 solere
776 5549 1074 5618 respondit,
1104 5565 1224 5604 cum
1266 5560 1358 5605 aut
1394 5565 1461 5604 ex
1497 5561 1620 5606 ortu
1666 5568 1904 5620 aurorae,
1953 5565 2046 5611 aut
2081 5573 2148 5613 ex

575 5646 831 5710 vespere,
887 5652 1139 5694 serenum
1190 5640 1602 5710 nimbosumque
1661 5657 1838 5699 aerem
1892 5662 2143 5717 praenun-

2250 4558 2457 4613 sionem
2487 4560 2807 4618 humilitatis
2836 4566 3161 4630 retraheret,
3188 4574 3242 4623 et
3273 4568 3419 4639 quod
3448 4567 3687 4625 futurum
3720 4578 3844 4627 erat

2249 4647 2368 4719 lege
2396 4648 2462 4704 de
2491 4665 2550 4705 se
2578 4654 2981 4720 pronuntiatum
3007 4657 3244 4714 doceret.
3805 4699 3821 4716 .

2321 4737 2600 4794 Generatio
2638 4742 2781 4797 mala
2822 4755 2871 4799 et
2903 4746 3147 4802 adultera
3181 4751 3388 4820 signum
3422 4751 3585 4824 662
3617 4753 3839 4823 quatit,

2249 4840 2299 4884 et
2322 4831 2529 4900 signum
2553 4849 2654 4888 non
2676 4834 2888 4891 dabitur
2910 4839 2978 4904 ei,
3012 4839 3114 4894 nisi
3135 4841 3342 4911 signum
3362 4841 3520 4898 Iona!
3544 4845 3839 4915 prophetat.

2252 4921 2393 4992 Ergo
2428 4921 2475 4976 si
2504 4939 2609 4978 non
2639 4928 3101 4995 essent'adulteri,
3147 4930 3306 4987 ﬁdem
3340 4933 3594 5000 Abrabaz,
3629 4935 3700 4990 de
3729 4951 3844 5006 quo

2253 5015 2364 5068 nati
2391 5025 2567 5083 erant,
2613 5028 2916 5074 servarent.
2965 5020 3069 5077 Sed
3098 5023 3224 5094 quia
3256 5023 3309 5078 in
3340 5026 3668 5095 apostasiam
3709 5041 3844 5083 cor—

2251 5117 2473 5162 ruerant
2506 5124 2536 5162 a
2569 5108 2694 5175 ﬁde,
2726 5110 2954 5167 adulteri
2986 5123 3161 5169 erant.
3197 5114 3353 5171 Unde
3379 5120 3684 5188 propheta:
3721 5118 3842 5173 Pa-

2253 5205 2331 5250 ter
2372 5207 2492 5252 tuus
2514 5238 2529 5263 ,
2582 5199 2774 5269 inquit,
2799 5201 3160 5270 Amorrhatus,
3205 5216 3256 5261 et
3290 5219 3460 5261 mater
3499 5218 3591 5262 tua
3617 5207 3844 5264 Cetluea

2255 5286 2468 5356 (Ezech.
2502 5303 2612 5351 xvi,
2638 5290 2718 5359 3),
2747 5291 2948 5362 quibus
2979 5309 3038 5348 se
3069 5295 3282 5366 signum
3309 5297 3439 5352 dare
3480 5299 3843 5367 repromittit,

2252 5393 2358 5432 non
2402 5378 2791 5451 qualecunque,
2836 5385 2931 5438 sed
2964 5384 3093 5440 olim
3141 5401 3172 5440 a
3202 5387 3312 5443 Deo
3357 5388 3412 5443 in
3444 5387 3616 5461 ﬁgura
3644 5391 3848 5460 ipsius,

2251 5482 2498 5537 magnum
2528 5476 2583 5523 et
2609 5469 2854 5527 mirabile
2878 5474 3223 5542 promissum.
3255 5475 3392 5543 Quia
3423 5477 3566 5532 sicut
3586 5475 3763 5534 Jonas
3790 5480 3849 5534 in

2249 5557 2630 5626 praedicatione
2673 5565 3004 5631 poenitentiae
3049 5568 3117 5621 ad
3165 5566 3428 5624 Ninivitas
3470 5571 3668 5626 missus
3718 5583 3848 5627 est:

2250 5650 2365 5719 pari
2404 5652 2585 5720 specie
2610 5653 2675 5709 de
2704 5670 2760 5710 se
2784 5656 3030 5714 Christus
3057 5666 3226 5715 totum
3255 5661 3521 5730 exhibuit,
3548 5674 3609 5718 ut
3634 5664 3855 5720 veritas
