4004 6362
191 382 281 438 55⁸5

950 377 1312 437 EXPOSITIO
1348 379 1415 436 ΙΝ
1454 379 1891 438 MA'I‘THASUM.
1933 409 2002 424 --
2039 380 2167 439 LIB.
2212 383 2321 452 VII,
2361 384 2513 441 CAP.
2556 386 2697 443 XVI.

3329 376 3434 443 55$

195 491 484 563 adimpleret
513 489 745 561 signum.
780 487 910 543 Nam
945 504 1108 547 omne
1141 493 1353 564 signum
1385 493 1616 565 alicujus
1666 496 1746 552 rei
1773 503 1826 562 Α
1851 510 2001 562 num,
2030 502 2085 550 et
2125 505 2359 566 quatuor
2390 496 2558 552 millia
2596 511 2716 569 quae
2746 506 2903 568 pasta
2955 507 3084 554 sunt
3131 500 3184 554 in
3226 515 3431 558 eremo.

194 588 372 658 signum
397 592 503 648 est,
533 597 641 652 quo
668 580 910 649 signatur
947 598 1036 639 res
1074 584 1286 640 occulta
1324 584 1520 652 latens,
1550 586 1633 641 vel
1661 586 1746 641 l'u-

195 690 308 734 tura.
342 676 542 731 ideirco
572 683 719 729 recte
746 674 927 745 passio
950 673 1155 732 Christi
1190 678 1403 749 signum
1431 677 1582 735 Jonas
1615 679 1750 735 dici-

194 782 280 835 tur,
302 785 401 826 non
429 767 573 839 quod
611 766 754 821 aliud
799 766 911 837 jam
960 769 1254 841 prtesignet
1300 778 1394 826 aut
1439 771 1749 843 praeﬁguret

190 862 338 933 passio
363 860 588 927 Christi,
618 859 714 916 sed
739 859 866 930 quia
922 859 1060 931 signi
1086 858 1241 918 Jonas
1286 871 1371 918 est
1413 862 1741 934 adimpletio.

189 955 295 1023 Quae
331 953 541 1024 species
598 952 739 1024 apud
766 941 1164 1010 Grammaticos
1211 955 1494 1011 notissima
1541 966 1643 1019 est,
1688 964 1748 1011 ut

188 1046 368 1102 dicatur
395 1045 609 1116 signum
636 1059 725 1100 res
748 1060 870 1114 quae
891 1045 1008 1116 jam
1034 1046 1167 1101 nihil
1195 1048 1336 1103 ultra
1365 1048 1432 1103 de
1457 1063 1517 1104 se
1545 1048 1743 1118 signat,

187 1138 262 1194 sed
282 1138 398 1208 quia
425 1138 562 1210 signi
588 1136 818 1193 formam
846 1137 976 1193 olim
1003 1140 1326 1209 promissam
1373 1141 1427 1196 in
1460 1157 1518 1198 se
1546 1157 1746 1213 repue-

187 1238 351 1285 sentat.
393 1229 528 1284 Nam
558 1227 724 1286 Jonas
760 1230 940 1286 ventis
982 1232 1327 1287 saevientibus
1371 1242 1645 1304 prOJectus
1688 1234 1742 1290 in

185 1336 308 1376 mare
328 1330 432 1386 est,
469 1328 522 1376 et
547 1321 838 1376 devoratus
874 1336 904 1375 a
930 1330 1052 1377 ceto
1084 1322 1168 1377 vel
1192 1322 1387 1388 bestia,
1419 1332 1474 1379 et
1501 1333 1623 1395 post
1653 1324 1743 1379 tri-

188 1410 325 1465 duum
359 1411 430 1467 de
469 1410 665 1483 abysso
694 1426 760 1467 ac
792 1413 857 1467 de
885 1425 1076 1469 ventre
1107 1414 1291 1469 bestize
1321 1415 1475 1470 vivus
1510 1416 1743 1472 emissus

184 1512 268 1566 est,
302 1510 353 1557 et
386 1518 495 1559 non
534 1511 778 1557 retentus
820 1518 852 1557 a
887 1512 1028 1569 ceto,
1064 1504 1329 1573 neque‘in
1377 1506 1574 1575 abysso
1614 1521 1739 1562 con-

182 1604 425 1665 sumptus,
469 1610 566 1651 nec
608 1595 715 1650 cibi
755 1595 1067 1651 conditione
1102 1595 1156 1650 in
1198 1605 1390 1653 ventre
1439 1597 1737 1663 confectus,

187 1688 270 1743 sed
300 1696 476 1743 contra
496 1686 722 1741 humani
757 1687 1009 1757 corporis
1041 1696 1318 1753 naturam,
1350 1688 1560 1760 integer
1588 1697 1644 1743 et
1671 1689 1738 1744 il-

180 1778 321 1834 laesos
344 1781 395 1834 in
426 1795 588 1835 auras
619 1794 845 1850 superas
872 1780 1076 1835 virtute
1105 1779 1400 1836 Dominicae
1423 1781 1737 1853 praeﬁgura-

1850 590 1985 659 Quia
2017 591 2266 661 quamvis
2295 592 2609 663 magnitudo
2644 592 2922 664 signornm
2960 594 3246 665 perspicua
3278 595 3348 650 sit
3381 604 3437 651 et

1850 681 2135 747 mirabilis,
2175 690 2353 737 tamen
2377 682 2536 752 longe
2565 682 2733 737 altius
2753 693 2807 741 et
2828 683 3130 740 mirabilius
3156 685 3299 741 aliud
3325 687 3438 757 spi-

1850 771 1990 839 ritali
2041 772 2395 842 intelligentia
2433 773 2831 830 demonstrant.
2891 774 3048 831 Unde
3088 776 3249 831 docet
3288 779 3434 848 quod

1847 862 2171 919 fermentum
2200 864 2595 921 Pharisaeorum
2639 874 2695 921 et
2725 866 3143 925 Saddncaeornm
3173 886 3279 926 non
3309 887 3433 927 cor-

1845 954 2086 1024 poralem
2129 969 2346 1025 panem,
2377 966 2436 1011 ut
2470 957 2699 1029 apostoli
2747 959 3103 1027 aestimarunt,
3134 962 3231 1018 sed
3262 963 3433 1019 tradi-

1846 1045 2023 1100 tiones
2073 1060 2376 1116 perversas,
2427 1056 2484 1102 et
2515 1049 2787 1103 .haeretica
2838 1050 3101 1121 signiﬁcat
3158 1053 3432 1124 dogmata,

1844 1138 1986 1194 sicut
2023 1147 2077 1195 et
2106 1140 2258 1196 cibus
2284 1155 2394 1211 quo
2420 1141 2609 1196 nutriti
2646 1151 2771 1196 sunt
2809 1142 2903 1197 lilii
2952 1143 3118 1199 Israel
3163 1144 3215 1199 in
3242 1159 3431 1201 eremo

1845 1246 2029 1287 veram
2057 1233 2379 1300 doctrinam,
2408 1242 2463 1289 et
2490 1250 2706 1305 panem,
2736 1235 3033 1300 Christum,
3062 1238 3152 1305 qui
3186 1238 3253 1292 de
3288 1237 3433 1292 etelo

1843 1322 2145 1390 descendit,
2193 1325 2482 1397 signiﬁcat.
2533 1325 2640 1382 Sed
2666 1326 2789 1397 jure
2830 1329 3109 1398 quaeritur,
3151 1329 3434 1397 Quomodo

1840 1430 2009 1484 panes
2039 1432 2146 1471 non
2170 1417 2461 1474 habuerint
2487 1434 2692 1483 secum,
2722 1420 2811 1489 qui
2839 1436 2962 1476 mox
2988 1433 3049 1476 ut
3076 1422 3434 1493 impleverant

1841 1514 2050 1576 septem
2090 1516 2321 1578 sportas,
2348 1510 2711 1565 ascenderunt
2744 1511 2797 1565 in
2824 1511 3153 1576 naviculam,
3188 1523 3244 1567 et
3269 1528 3433 1569 vene-
3507 1507 3514 1513 ’

1839 1606 1968 1653 runt
2004 1598 2060 1653 in
2090 1598 2225 1655 lines
2252 1599 2535 1671 Magedan,
2588 1602 2770 1673 ibique
2816 1604 3045 1659 audiunt
3086 1606 3425 1677 navigantes,

1841 1691 1986 1761 quod
2034 1706 2232 1748 cavere
2275 1693 2511 1749 debeant
2559 1710 2591 1749 a
2636 1694 2903 1751 fermento
2943 1695 3342 1754 Pharisaeorum
3372 1705 3433 1755 et

1842 1784 2301 1852 Sadducaeorum;
2342 1802 2479 1858 quos
2512 1788 2743 1859 denique
2768 1805 2936 1861 panes
2980 1806 3078 1845 cur
3104 1806 3286 1847 secum
3320 1806 3428 1847 non

178 1870 315 1925 tionis
338 1879 462 1940 post
510 1870 748 1925 triduum
777 1871 975 1927 evasit.
1021 1870 1137 1928 Hoc
1162 1887 1291 1945 ergo
1313 1873 1598 1945 potestatis
1625 1890 1736 1930 suae
1765 1856 1813 1918 Β
1840 1878 2156 1945 habuerint,
2185 1856 2529 1952 Ev'attgelista
2580 1856 2733 1947 dicit,
2768 1856 2910 1954 quia
2962 1883 3117 1939 obliti
3164 1893 3313 1950 sunt,
3347 1885 3432 1939 in-

176 1961 355 2031 signum
387 1962 646 2017 Christus
693 1963 761 2019 de
804 1978 864 2018 se
891 1964 1246 2019 constitutum
1298 1964 1657 2032 demonstrat,
1681 1975 1739 2021 et

173 2067 223 2105 se
256 2052 623 2124 impleturum,
669 2061 728 2108 ut
776 2053 1180 2126 praeﬁguratum
1226 2064 1331 2121 est,
1379 2058 1732 2127 repromittit.

174 2144 299 2212 Quod
342 2147 429 2202 vel
488 2146 842 2203 ineilicaciter
890 2148 1195 2218 perpendat
1236 2148 1359 2219 pius
1401 2149 1636 2216 animus,
1681 2158 1738 2206 et

170 2239 443 2307 prudenter
480 2239 744 2311 intelligat
787 2239 1035 2294 mirabile
1060 2249 1461 2297 sacramentum
1485 2249 1542 2296 et
1562 2242 1737 2298 omni-

169 2335 376 2403 potentia
409 2334 662 2404 plenum.
694 2333 752 2390 In
781 2334 1065 2405 prophetia
1118 2343 1247 2391 tunc
1271 2337 1598 2407 promissum
1628 2347 1733 2402 est,

168 2439 212 2482 et
233 2430 280 2484 iu
299 2429 523 2485 Christo
563 2428 867 2484 mirabilius
907 2444 1052 2484 nunc
1088 2428 1438 2500 completum.
1467 2429 1735 2498 Quoniam

167 2521 260 2593 ipse
284 2534 362 2580 est
390 2524 495 2595 qui
528 2522 734 2579 relictis
759 2521 980 2588 Iudaeis.
1010 2538 1109 2593 per
1153 2538 1211 2579 se
1236 2523 1532 2589 Ninivitas,
1565 2523 1619 2579 id
1650 2533 1736 2580 est

167 2630 326 2672 clunes
364 2625 588 2689 gentes,
615 2616 768 2671 venit
813 2615 1111 2686 przedicare
1146 2615 1215 2670 ad
1248 2615 1650 2687 paenitentiam,
1682 2623 1736 2670 et

166 2706 349 2762 salvare
388 2709 450 2762 in
500 2706 755 2764 salutem.
802 2706 919 2776 Ipse
948 2712 1031 2761 est
1063 2705 1157 2776 qui
1188 2721 1287 2762 sua
1327 2716 1505 2761 morte
1544 2714 1735 2761 ventos

166 2801 365 2873 mitigat,
394 2810 461 2857 et
493 2808 849 2871 tempestates
872 2798 1068 2870 placat.
1113 2799 1233 2870 Ipse
1255 2799 1350 2868 qui
1380 2798 1562 2854 saeculi
1585 2796 1732 2866 judi-

167 2895 237 2949 cio
258 2896 488 2950 traditus
527 2902 633 2961 est,
663 2903 721 2949 et
765 2893 834 2946 ab
865 2891 1177 2947 hominibus
1203 2890 1550 2961 dijudicatus.
1574 2890 1653 2945 lta
1676 2897 1735 2945 ut

165 2986 387 3058 Caiphas,
410 2988 578 3059 quasi
607 2987 664 3041 in
693 2993 838 3040 sorte
858 2984 1001 3039 dicat
1030 3002 1043 3037 :
1075 2980 1304 3051 Expedit
1340 2992 1396 3037 ut
1422 2999 1558 3037 unus
1578 2983 1733 3036 homo

166 3082 417 3146 moriatur,
466 3096 533 3133 ne
579 3087 689 3132 tota
725 3093 848 3148 gens
888 3085 1064 3147 pereat
1111 3074 1293 3146 (Joan.
1318 3090 1398 3141 xx,
1426 3074 1538 3147 50).
1577 3074 1734 3132 Unde

166 3170 430 3227 devoratus
465 3180 523 3227 et
547 3168 842 3241 deglutitus
883 3183 915 3223 a
942 3174 1139 3231 morte,
1189 3165 1469 3237 proiectus
1515 3177 1623 3234 est,
1654 3169 1730 3223 ita

167 3273 218 3318 ut
243 3280 398 3336 usque
427 3265 499 3319 ad
528 3229 744 3318 inferna
770 3261 927 3333 quasi
977 3260 1031 3315 in
1062 3229 1389 3332 profundum
1416 3229 1729 3332 abyssi'de-
1758 3229 1804 3293 C

165 3361 447 3428 uenderet,
494 3368 779 3429 totumque
815 3372 941 3413 eum
979 3358 1210 3429 abyssus
1240 3354 1483 3410 vallaret.
1527 3354 1597 3410 Et
1623 3370 1731 3410 non

162 3452 272 3508 dico
314 3455 454 3523 quod
502 3454 672 3509 draco
712 3451 805 3509 ille
833 3452 926 3521 qui
967 3459 1053 3506 est
1099 3451 1152 3506 in
1182 3449 1342 3514 mari,
1373 3456 1429 3503 et
1468 3446 1734 3504 formatus

158 3552 246 3597 est
286 3546 352 3598 ad
389 3545 740 3609 illudendum,
785 3558 910 3599 eum
948 3541 1312 3607 absorbuerit,
1360 3547 1419 3595 ut
1471 3540 1527 3595 in
1576 3556 1733 3595 suum

167 3631 433 3702 trajiceret
456 3649 661 3705 corpus,
686 3633 781 3691 sed
805 3642 864 3687 ut
884 3633 1177 3703 perimeret
1206 3631 1455 3695 illaesum,
1483 3630 1734 3686 nesciens

160 3727 299 3797 quod
338 3742 447 3783 non
476 3736 614 3783 esset
648 3728 702 3784 ei
731 3728 892 3784 datus
930 3727 998 3782 ad
1024 3726 1251 3792 victum,
1288 3725 1383 3781 sed
1414 3734 1476 3780 ut
1504 3724 1656 3778 vivus
1680 3731 1737 3778 et

160 3820 323 3875 victor
349 3828 621 3877 remearet
659 3819 728 3875 ad
757 3834 984 3890 superos
1011 3819 1078 3875 de
1102 3817 1265 3890 663
1295 3815 1565 3888 sepulcro,
1592 3823 1648 3871 et
1678 3823 1737 3871 ut

161 3911 362 3969 daretur
403 3912 697 3978 indicium,
722 3913 868 3983 quod
898 3910 1066 3967 Jonas
1114 3911 1169 3966 in
1196 3909 1315 3980 ejus
1341 3912 1578 3967 venisset
1601 3925 1737 3980 prae-

160 4005 376 4071 conium,
424 4020 560 4061 mox
609 4014 731 4075 post
779 4005 1019 4060 triduum
1065 4018 1134 4060 ex
1178 4003 1375 4075 abysso
1415 4004 1484 4059 de
1533 4012 1734 4070 morte,

154 4107 324 4153 contra
367 4098 747 4155 conditionem
798 4096 1068 4161 hominis,
1122 4110 1283 4166 quem
1344 4105 1733 4165 assumpserat,

159 4204 250 4244 non
286 4198 541 4247 retentus
580 4198 744 4259 atque
784 4189 1134 4259 incorruptus
1172 4187 1418 4253 emersit,
1466 4203 1531 4243 ac
1559 4188 1733 4245 vivus.

156 4278 426 4354 Propterea
457 4281 593 4352 quia
629 4280 751 4351 ejus
781 4295 928 4337 mors
952 4288 1009 4335 et
1034 4278 1252 4335 habitus
1279 4279 1436 4351 plena
1475 4288 1600 4335 sunt
1622 4280 1735 4335 vir-

159 4378 308 4427 tutum
353 4371 669 4438 miraculis,
722 4381 777 4428 et
823 4372 1100 4443 signorum
1150 4370 1531 4436 sacramentis,
1567 4370 1737 4426 voluit

154 4460 211 4515 de
250 4480 305 4519 se
353 4463 597 4533 intelligi
649 4461 915 4527 futurum,
964 4462 1108 4532 quod
1141 4462 1472 4533 promissum
1508 4470 1627 4516 erat
1670 4463 1737 4518 ad

156 4555 471 4625 exetiiplum,
502 4562 563 4608 ut
590 4568 657 4609 eo
684 4554 918 4624 amplius
961 4562 1383 4624 cognosceretur
1410 4568 1478 4608 ex
1504 4556 1738 4625 prophe-

157 4645 233 4723 tiae
254 4648 434 4718 signo,
472 4661 590 4717 quo
617 4646 831 4716 signum
882 4659 1067 4699 rursus
1114 4642 1516 4699 reformabatur
1561 4645 1613 4699 in
1643 4647 1738 4701 ho-

154 4738 297 4793 minis
338 4740 625 4809 exemplo.
659 4736 804 4792 Tum:
850 4736 1045 4791 relictis
1078 4734 1209 4802 illis,
1258 4736 1406 4791 abiit.
1451 4736 1569 4794 Non
1601 4738 1742 4794 sicut

151 4826 268 4886 locis
291 4831 415 4888 aliis
443 4830 678 4896 dicitur,
707 4829 945 4885 dimissis
975 4829 1150 4884 turbis
1199 4828 1355 4895 abiit,
1386 4829 1483 4885 sed
1511 4830 1734 4895 relictis,

153 4929 205 4975 ut
226 4923 465 4994 aliquam
501 4921 864 4977 differentiam
906 4920 1113 4977 faceret
1143 4920 1197 4975 in
1223 4921 1457 4993 negotio.
1492 4921 1628 4988 Quia
1659 4922 1742 4976 in-

152 5010 413 5071 ﬁdelitatis
442 5027 613 5069 error
657 5011 1007 5068 insolentium
1056 5013 1270 5067 animos
1304 5012 1623 5079 obdurarat,
1656 5012 1781 5095 ἰὼ)

151 5102 286 5161 circo
305 5122 422 5162 non
443 5104 734 5160 dimisisse
757 5118 853 5159 eos
880 5103 1098 5170 dicitur,
1126 5104 1221 5160 sed
1255 5104 1560 5175 reliquisse.

208 5194 275 5251 Et
304 5214 433 5252 eum
474 5196 697 5252 uenisset
737 5205 884 5249 trans
921 5194 1139 5265 fretum,
1172 5194 1319 5249 obliti
1345 5205 1465 5249 sunt
1496 5194 1742 5267 discipuli

150 5288 252 5357 ejus
274 5306 447 5360 panes
485 5288 745 5358 accipere.
788 5286 893 5353 Qui
924 5286 1059 5341 dixit
1088 5285 1195 5341 illis
1221 5284 1556 5342 alntuemini
1585 5298 1632 5342 et
1656 5305 1744 5342 εα-

148 5392 244 5436 me
268 5400 301 5436 α
329 5382 600 5452 fermento
621 5378 1019 5434 Pharisworum
1048 5387 1096 5433 et
1127 5376 1567 5433 Sadducworum.
1591 5376 1745 5444 Quod

148 5482 317 5528 autem
346 5473 516 5529 obliti
540 5483 669 5528 sunt
697 5487 864 5542 panes
892 5470 1101 5538 tollere,
1133 5479 1188 5526 et
1208 5470 1352 5541 quod
1382 5472 1462 5527 eis
1488 5472 1746 5542 praecepit

146 5579 333 5623 cavere
370 5581 407 5622 a
440 5564 717 5621 fermento
745 5563 1170 5630 Pharisaeorum,
1207 5579 1295 5619 res
1341 5563 1395 5618 in
1437 5578 1601 5619 causa
1635 5572 1742 5629 est,

145 5657 264 5728 quia
290 5673 401 5732 per
436 5658 586 5713 hanc
626 5656 975 5714 occasionem
1000 5654 1160 5711 docet
1186 5670 1295 5711 non
1323 5653 1499 5712 solum
1528 5664 1745 5726 aposto-

142 5748 232 5816 los,
283 5765 497 5808 verum
519 5750 683 5806 etiam
732 5758 789 5806 et
826 5766 949 5815 nos,
997 5748 1129 5820 quid
1152 5746 1460 5819 signiﬁcent
1503 5748 1744 5819 quinque

138 5854 301 5912 panes
353 5850 417 5897 et
466 5850 701 5913 septem,
746 5857 959 5897 necnon
988 5848 1045 5897 et
1070 5838 1310 5911 quinque
1357 5838 1527 5896 millia
1559 5840 1740 5897 homi-

593 5938 869 5998 PATBOLo
903 5933 1101 5999 CXX.

1838 1970 1984 2040 quit,
2033 1986 2128 2026 eos
2175 1970 2384 2027 tollere.
2434 1971 2541 2028 Sed
2584 1974 2855 2043 quomodo
2902 1989 3088 2030 eorum
3140 1983 3433 2045 potuerunt

1838 2058 2127 2129 oblivisci,
2176 2063 2287 2119 sola
2333 2064 2515 2119 divina
2568 2065 2901 2137 dispensatio
2945 2068 3160 2123 videtur
3205 2084 3326 2124 esse
3374 2069 3431 2123 in

1838 2170 2022 2211 causa.
2056 2156 2122 2211 Et
2145 2156 2265 2212 ideo
2289 2156 2369 2212 eis
2392 2158 2645 2229 proponit
2668 2159 3019 2228 proverbium
3046 2160 3112 2215 de
3137 2158 3432 2227 fermento,

1838 2256 1900 2304 ut
1926 2248 2052 2305 inde
2076 2249 2323 2304 venirent
2352 2249 2453 2320 ipsi
2489 2259 2545 2305 et
2574 2265 2672 2305 nos
2699 2251 2768 2305 ad
2796 2251 3025 2322 gemina:
3051 2252 3315 2321 pastionis
3347 2252 3429 2306 in-

1838 2338 2212 2411 telligentiam.
2244 2339 2312 2395 Et
2338 2356 2407 2395 ex
2437 2342 2541 2397 hoc
2569 2341 2821 2399 fermenti
2854 2344 3021 2409 dicto,
3046 2344 3174 2413 quia
3202 2342 3433 2416 apostoli

1837 2427 1985 2484 aliud
2032 2428 2343 2499 cegitabant
2387 2428 2531 2499 quod
2561 2446 2729 2501 panes
2775 2447 2883 2487 non
2912 2434 3241 2503 acceperint,
3275 2436 3432 2490 abso-

1837 2520 1950 2576 luta
1985 2530 2070 2576 est
2101 2522 2280 2577 omnis
2320 2523 2627 2578 obscuritas
2666 2525 2827 2595 hujus
2872 2526 3117 2605 mysterii
3155 2535 3209 2581 et
3247 2527 3431 2582 decla-

1837 2625 1954 2670 rata
1982 2614 2187 2681 Deitas,
2214 2631 2335 2685 quae
2370 2615 2484 2670 sola
2514 2616 2871 2684 cogitationes
2921 2617 3202 2672 hominum
3256 2619 3428 2673 novit.

1837 2706 1991 2774 Quod
2013 2705 2180 2779 665
2204 2715 2387 2761 autem
2418 2707 2692 2763 abstinere
2723 2708 2996 2780 apostolos
3019 2708 3194 2779 jubet,
3230 2724 3297 2764 ne
3329 2711 3430 2764 ad-

1836 2803 2168 2858 misceantur
2213 2802 2475 2859 doctrina:
2510 2801 2839 2867 Iudaeorum,
2889 2804 3292 2874 omnipotenter
3330 2804 3430 2860 do-

1835 2905 1945 2959 cet,
1971 2896 2368 2965 circumspecte
2398 2894 2612 2965 lateque
2650 2894 3058 2965 int'elligendum
3090 2897 3215 2966 quia
3248 2894 3433 2954 omnis

1834 2985 1971 3057 legis
2002 3001 2169 3055 opera
2213 2985 2267 3039 in
2304 2984 2554 3041 ell‘ectum
2585 2984 2709 3040 ﬁdei
2738 2986 2914 3055 posita
2944 2994 3088 3049 sunt,
3118 2997 3175 3042 et
3203 2987 3258 3042 in
3288 3002 3430 3058 pra:-

1835 3064 2157 3135 formatione
2183 3092 2366 3133 rerum
2399 3076 2705 3131 futurarum
2753 3077 3073 3143 constituta,
3107 3086 3167 3131 ut
3206 3076 3260 3133 in
3285 3093 3427 3149 quo-

1835 3185 2170 3240 rumcunque
2204 3178 2449 3241 tempora
2490 3185 2587 3225 seu
2628 3177 2841 3237 aetates,
2874 3169 3075 3224 veritas
3107 3168 3431 3227 claresceret

1836 3263 2131 3334 signorum,
2169 3260 2303 3317 nihil
2340 3262 2453 3332 jam
2499 3262 2642 3316 ultra
2679 3262 2733 3316 in
2771 3262 3018 3316 veritatis
3066 3260 3429 3319 similitudine

1837 3364 1932 3411 aut
1966 3354 2080 3425 spei
2119 3354 2357 3424 positum
2405 3353 2821 3408 adumbraretur
2860 3352 3083 3422 aliquid,
3112 3361 3168 3408 et
3194 3353 3435 3408 aestima-

1836 3456 1990 3502 retur
2039 3445 2353 3517 superstitio
2396 3443 2706 3499 Judzeorum
2752 3459 2848 3499 seu
2896 3443 3199 3499 deuterosis
3235 3458 3428 3500 verum

1836 3539 2110 3610 quippiam
2133 3537 2468 3607 promittere.
2502 3535 2571 3590 Et
2600 3534 2722 3590 ideo
2747 3549 3001 3605 magnum
3030 3540 3113 3589 cst
3144 3534 3433 3591 documen.

1836 3638 1951 3684 tum
1977 3628 2129 3685 omni
2155 3626 2416 3682 Ecclesiae
2442 3626 2724 3681 catholicae
2744 3667 2758 3690 ,
2790 3634 2849 3680 ut
2876 3634 3067 3681 caveat
3095 3641 3154 3683 se
3181 3627 3250 3681 ab
3280 3626 3431 3684 omni

1836 3720 1981 3792 quod
2004 3728 2160 3775 extra
2191 3717 2470 3774 Christum
2504 3728 2555 3773 ct
2583 3726 2739 3773 extra
2772 3716 2944 3789 legem
2983 3716 3280 3789 Spiritalem
3311 3727 3429 3785 est;

1836 3832 1906 3871 ne
1934 3816 2137 3870 veritas
2163 3813 2500 3885 Evangelicae
2539 3812 2675 3883 legis
2713 3813 2768 3867 in
2796 3812 2980 3884 aliquo
3024 3822 3427 3885 corrumpatur.

1837 3908 1943 3963 Sed
1996 3907 2043 3963 si
2082 3905 2222 3962 forte
2269 3905 2538 3977 fragilitas
2571 3916 2665 3961 aut
2700 3905 2904 3961 oblivio
2952 3907 3188 3962 humana
3229 3906 3424 3964 subre-

1834 4000 2043 4070 pserit,
2096 4006 2155 4052 ut
2202 4005 2409 4068 septem
2461 4005 2675 4068 sportas
2724 3997 2919 4067 aliquis
2972 4012 3156 4053 secum
3210 4013 3429 4056 sumere

1837 4092 2271 4164 praetermiserit,
2302 4100 2496 4146 caveat
2524 4106 2593 4146 ne
2627 4091 2820 4145 similis
2845 4104 3033 4146 eorum
3059 4090 3341 4157 elliciatur,
3370 4099 3434 4147 ut

1836 4183 2190 4240 obliviscatur
2233 4182 2623 4238 beneﬁciorum
2652 4181 2768 4237 Dei.
2811 4180 3066 4249 Quinimo
3110 4182 3297 4237 audiat
3337 4182 3431 4238 be-

1837 4276 2213 4348 nignissimum
2241 4274 2425 4331 Jesum
2456 4274 2828 4345 increpantem
2854 4282 2909 4330 et
2936 4275 3251 4341 docentem;
3296 4289 3433 4346 quo-

1838 4369 1984 4425 niam
2012 4369 2235 4424 omnino
2284 4367 2485 4423 oblivio
2512 4367 2777 4422 donorum
2806 4366 2903 4423 Dei
2935 4365 3195 4437 fugienda
3225 4376 3330 4423 est.
3362 4367 3433 4427 Et

1838 4463 1883 4519 si
1913 4462 2227 4534 contigerit,
2263 4463 2538 4518 recordari
2581 4470 2794 4532 oportet
2830 4460 3202 4515 doctrinarum
3236 4458 3332 4514 Dei
3366 4459 3434 4515 de
3493 4476 3508 4503 ν

1841 4555 2082 4627 quinque
2106 4562 2161 4609 et
2194 4562 2401 4624 septem
2427 4553 2693 4623 panibus;
2739 4552 2995 4623 quoniam
3026 4551 3120 4621 qui
3146 4551 3213 4605 de
3242 4550 3328 4605 his
3354 4558 3435 4605 tot

1841 4647 2010 4703 millia
2036 4646 2254 4703 satiavit
2281 4646 2580 4707 hominum,
2610 4654 2803 4714 potens
2836 4651 2919 4699 est
2943 4652 2999 4698 et
3026 4657 3295 4707 recreare,
3323 4657 3431 4697 non

1839 4754 1907 4795 ex
1949 4740 2178 4809 panibus
2215 4745 2456 4800 tantum,
2492 4752 2679 4791 verum
2722 4744 2777 4790 et
2816 4749 2882 4790 ex
2915 4732 3162 4788 doctrina
3215 4740 3434 4787 :eternte

1842 4828 2173 4894 refectionis,
2203 4828 2620 4897 quibuscnnque
2658 4826 2728 4882 ad
2754 4835 2968 4896 tempus
3001 4825 3054 4879 in
3083 4823 3229 4888 navi,
3255 4831 3349 4878 aut
3376 4823 3431 4878 in

1843 4920 1952 4986 via,
1983 4919 2180 4975 oblivio
2207 4919 2565 4990 subrepserit,
2608 4919 2680 4973 ita
2710 4919 2756 4974 si
2786 4916 3044 4973 obtulerit
3067 4930 3156 4982 ea,
3184 4930 3304 4986 quae
3333 4929 3433 4985 pro

1845 5012 2041 5068 delicto
2071 5011 2356 5067 oblivionis
2393 5011 2448 5065 in
2477 5010 2597 5083 lege
2619 5009 2900 5079 iubentur.
2928 5008 3035 5065 Sed
3065 5008 3192 5078 quia
3216 5007 3433 5077 longam

1839 5104 2047 5176 jamdiu
2091 5103 2233 5158 viam
2284 5104 2627 5159 cucurrimus
2658 5146 2671 5170 ,
2721 5114 2775 5157 ct
2820 5100 3040 5157 latiores
3085 5098 3435 5156 circuivimus

1848 5211 2087 5267 campos,
2118 5212 2223 5250 non
2250 5203 2335 5251 est
2369 5196 2526 5252 nobis
2553 5194 2783 5267 amplius
2810 5194 2866 5249 in
2891 5192 2977 5249 his
3010 5189 3433 5253 immorandum,

1849 5305 1917 5344 ne
1941 5288 2151 5360 prolixa
2178 5287 2377 5354 oratio,
2409 5302 2477 5345 ne
2511 5298 2765 5344 accurata
2804 5285 2987 5350 lectio,
3026 5280 3435 5338 fastidientibus

1849 5395 1956 5435 non
1994 5379 2227 5450 placeat,
2262 5387 2319 5435 et
2356 5377 2734 5434 laborantibus
2773 5392 2837 5432 ac
2864 5373 3171 5432 volentibus
3200 5372 3432 5436 discere,

1847 5470 2137 5541 impediat;
2186 5470 2313 5542 quia
2340 5485 2484 5540 saepe
2522 5470 2831 5540 importuna
2875 5466 3120 5521 narratio
3162 5463 3439 5534 loquentis

1848 5564 2161 5635 patientiam
2212 5563 2402 5634 fatigat
2431 5562 2719 5617 audientis.
2766 5559 2971 5616 Idcirco
2997 5570 3219 5613 monere
3264 5554 3436 5612 lecto~

1848 5673 1963 5715 rem
1991 5673 2171 5713 meum
2201 5658 2388 5720 debeo,
2423 5670 2490 5710 ne
2513 5663 2723 5727 partem
2751 5650 3129 5723 parabolarum
3158 5647 3438 5721 benignis—

1846 5749 1969 5804 simi
1995 5748 2091 5803 Dei
2119 5747 2313 5803 surdus
2342 5745 2548 5809 audiat,
2576 5745 2701 5815 quia
2731 5745 2797 5800 de
2825 5742 2911 5798 his
2936 5741 3145 5798 dictum
3170 5749 3297 5795 est:
3325 5737 3434 5804 Qui

1847 5843 1996 5898 habet
2020 5858 2172 5897 aures
2196 5840 2467 5905 audiendi,
2491 5839 2673 5893 audiat
2718 5837 2932 5909 (.llottlr.
2963 5851 3040 5899 κε,
3072 5832 3183 5903 l5).
3216 5829 3296 5887 Ne
3328 5845 3427 5886 cu-

2918 5926 2993 5988 18
