4004 6362
537 346 649 415 888

1339 349 1397 407 8.
1435 349 1796 409 PASCHASII
1835 350 2185 407 RADBERTI
2221 351 2513 437 ΔΒΒΑΤΙβ
2549 346 3017 409 CORBEIENSIS

3713 349 3814 408 556

540 465 787 523 rationes
809 463 907 522 Dei
960 464 1204 536 ingratus
1251 465 1494 537 recipiat,
1540 483 1610 523 ne
1653 467 1723 523 ad
1753 467 2001 523 convivia
2038 481 2128 539 ge-
2155 471 2206 533 Α
2231 476 2482 523 ornatum
2538 467 2693 522 traho
2742 481 3084 533 sermonem;
3126 464 3256 537 quia
3301 479 3411 522 non
3463 464 3826 521 adulterinam

538 559 702 616 mina
750 558 1066 616 refectionis
1105 558 1421 618 fastidiosus
1447 562 1652 628 veniat,
1681 577 1749 617 ne
1778 577 1879 633 pro
1905 562 2014 617 lilia
2041 561 2127 617 in-

538 645 809 709 tercessor
838 651 1125 709 indevotus
1162 653 1405 709 accedat.
1458 653 1612 709 Unde
1644 654 2021 727 gravissimam
2062 670 2149 711 ac'

535 744 837 818 simplicem
886 745 1308 816 disputationem
1356 756 1594 802 nostram
1636 762 1796 803 nemo
1836 749 2121 819 despiciat,

534 834 790 906 quoniam
818 835 963 891 nulla
992 837 1044 891 in
1076 846 1261 893 nostro
1285 854 1536 894 sermone
1562 849 1647 894 est
1673 839 1898 895 ambitio
1924 840 2120 905 laudis,

535 929 683 986 nulla
713 946 909 1002 pompa
954 932 1077 988 vani
1104 932 1342 1002 eloquii:
1369 934 1504 989 nihil
1544 934 1688 1004 quod
1719 934 1974 991 festivum
2012 950 2128 990 res-

531 1022 815 1096 plendeat,
847 1026 949 1081 nisi
978 1026 1092 1082 sola
1123 1027 1478 1098 intelligentia
1524 1047 1537 1082 ς
1580 1027 1716 1083 nihil
1740 1029 1884 1097 quod
1919 1026 2126 1099 puerile

532 1124 754 1171 resonet
800 1115 1088 1184 lubricum,
1122 1117 1206 1173 vel
1232 1118 1377 1188 quod
1406 1116 1633 1183 ferveat,
1671 1116 1990 1186 juventutis.
2038 1119 2123 1186 Et,

531 1211 595 1259 nt
616 1205 786 1260 credo
813 1215 871 1261 et
893 1217 1044 1278 opto,
1091 1209 1228 1263 nihil
1256 1209 1399 1279 quod
1445 1209 1617 1265 senile
1638 1209 1764 1277 jure
1791 1211 2124 1277 derideatur,

531 1294 659 1365 quia
680 1294 795 1365 jam
826 1298 960 1354 mihi
992 1299 1134 1354 nulla
1171 1300 1386 1371 plumea
1416 1300 1612 1356 levitas
1636 1300 1835 1370 placet,
1867 1300 2011 1355 nulla
2045 1301 2122 1355 la-

530 1393 652 1441 etea
677 1386 900 1445 ubertas
930 1397 990 1446 et
1019 1390 1285 1447 infantilis
1325 1391 1577 1447 delectat.
1631 1390 1766 1447 Nam
1814 1391 2121 1448 litterarum

531 1478 713 1535 studia
765 1482 1128 1541 humanarum
1154 1485 1319 1559 ωε
1343 1487 1456 1557 jam
1500 1487 1630 1542 olim
1671 1486 1856 1552 omisi,
1903 1498 1959 1543 et
2000 1488 2125 1543 ideo

533 1582 681 1628 nunc
707 1571 845 1629 nihil
864 1575 936 1632 de
975 1576 1293 1648 alienigenis
1346 1579 1542 1635 studiis
1593 1579 1899 1649 captiosum
1947 1594 2125 1650 neque

538 1704 2435 1741 n—-————_——___._—_.__.___.__.__.

2236 542 2483 615 desidero
2530 559 2855 625 doctrinam,
2908 572 3085 629 neque
3134 556 3315 630 populi
3365 557 3592 613 amicam
3639 557 3841 612 excla-

2234 652 2433 706 tnantis
2480 666 2687 707 vocem.
2744 649 2895 716 Ideo,
2944 650 3145 705 fratres
3190 649 3316 716 mei,
3362 657 3421 704 ut
3464 650 3515 705 in
3552 649 3858 720 principio

2228 759 2637 815 proposueram,
2664 744 2794 814 quia
2823 744 3002 800 oratio
3028 752 3218 799 nostra
3257 756 3363 797 non
3391 742 3553 798 habet
3585 741 3863 799 fucatam

2229 835 2711 908 pulchritudinem,
2752 832 2975 899 habeat,
3005 849 3128 899 oro,
3158 833 3461 888 naturalem
3508 832 3662 889 intus
3693 834 3871 890 viro-

2231 944 2343 985 rem
2396 937 2451 984 et
2497 928 2751 997 imaginis
2796 942 2909 982 suae
2955 927 3264 993 veritatem,
3314 937 3374 982 ut
3432 937 3597 998 caput
3669 942 3870 985 suum

2229 1021 2392 1076 nullis
2433 1022 2723 1075 verborum
2765 1018 2989 1075 ﬂoribus
3030 1031 3281 1085 coronet,
3330 1019 3428 1075 sed
3468 1020 3581 1075 sola
3612 1028 3677 1074 et
3712 1020 3873 1075 sim-

2228 1114 2355 1185 plici
2402 1113 2657 1168 fulciatur
2708 1112 3085 1180 intelligentia.
3121 1113 3187 1167 Et
3215 1113 3387 1168 secuti
3417 1128 3611 1168 sumus
3637 1111 3865 1170 Iesum

2228 1224 2328 1280 per
2359 1205 2649 1262 ineffabilia
2679 1206 3062 1276 parabolarum
3091 1206 3439 1270 documenta,
3466 1214 3521 1260 et
3554 1205 3862 1262 virtutum

2230 1298 2509 1353 miracula.
2566 1296 2916 1368 Respiremus
2960 1298 3257 1368 paululum,
3290 1306 3349 1353 ut
3384 1300 3450 1353 ad
3481 1315 3544 1354 ea
3575 1313 3719 1368 qua:
3766 1313 3862 1357 re-

2230 1403 2376 1449 stant
2399 1394 2799 1464 pertractanda.
2819 1392 3181 1464 infatigabiles
3206 1392 3603 1463 regrediamur,
3626 1392 3682 1447 si
3713 1407 3858 1462 quo-

2228 1488 2392 1541 modo
2430 1486 2665 1555 primum
2695 1485 2839 1541 beati
2868 1485 3016 1540 Petri
3059 1484 3222 1540 ﬁdem
3262 1500 3296 1539 a
3322 1485 3432 1541 Deo
3458 1485 3628 1540 Patre
3661 1484 3847 1555 inspi-

2234 1588 2406 1634 ratam
2432 1577 2817 1649 percipiamus.

2444 1722 3817 1749 Ἥ

1645 1856 2075 1919 ΡΒΕΕΔΤΙΟ
2113 1854 2327 1920 LIBRI
2369 1857 2682 1921 OCTAVI

602 2080 800 2144 Notum
821 2092 908 2143 est
944 2084 1217 2151 omnibus,
1245 2086 1409 2142 etiam
1437 2088 1527 2156 qui
1577 2086 1865 2144 seculares
1906 2088 2119 2144 litteras
2146 2091 2196 2153 Β
2222 2087 2301 2143 sia
2329 2086 2553 2141 fundata
2573 2095 2630 2141 et
2654 2082 3000 2143 constabilita
3029 2082 3301 2150 consistit,
3318 2084 3487 2142 Deum
3505 2078 3805 2145 Deifiliun

526 2177 737 2256 legunt,
762 2174 886 2250 plus
912 2194 1032 2235 esse
1057 2178 1367 2235 sectandam
1414 2179 1733 2251 sapientiam
1781 2183 2016 2236 maxime
2041 2176 2123 2236 di;

527 2271 751 2338 vinam,
805 2285 968 2342 quam
1011 2270 1375 2342 eloquentiam
1431 2266 1757 2339 humanam;
1816 2274 2116 2344 quoniam,

525 2362 668 2419 sicut
700 2361 777 2417 ait
800 2360 1012 2428 Cicero,
1038 2364 1205 2419 totius
1227 2362 1407 2419 saeculi
1437 2363 1759 2434 eloquentiae
1801 2381 1895 2419 rex
1924 2376 1979 2421 et
2006 2380 2119 2421 ma-

523 2455 709 2528 gister,
743 2456 786 2511 si
819 2454 944 2527 quis
971 2455 1193 2512 omissis
1247 2457 1570 2514 rectissimis
1599 2469 1763 2529 atque
1794 2461 2118 2517 honestissi-

522 2547 627 2604 mis
655 2547 847 2603 studiis
878 2547 1105 2603 rationis
1134 2555 1189 2603 et
1214 2544 1397 2614 oilicii,
1428 2550 1702 2605 consumit
1744 2566 1959 2607 omnem
1989 2569 2119 2624 ope—

521 2652 639 2692 tam
680 2634 735 2692 in
761 2639 1152 2694 exercitatione
1179 2638 1409 2703 dicendi,
1468 2641 1513 2697 is
1540 2642 1744 2698 inutilis
1783 2629 1906 2710 sibi,
1935 2646 2119 2715 pernis

517 2726 700 2782 ciosus
734 2728 923 2798 patriae
947 2728 1081 2785 civis
1103 2728 1282 2783 alitur.
1318 2730 1420 2798 Qui
1465 2747 1616 2799 vero,
1650 2733 1846 2804 inquit,
1892 2732 1966 2789 ita
1994 2750 2116 2792 sese

518 2828 695 2875 armat
723 2820 1051 2890 eloquentia,
1082 2832 1141 2876 ut
1173 2839 1279 2878 non
1328 2839 1643 2895 oppugnare
1681 2829 1985 2895 commoda,
2019 2828 2114 2885 sed

516 2927 615 2985 pro
646 2912 732 2968 bis
766 2929 1110 2986 propugnare
1147 2917 1337 2986 possit,
1386 2917 1431 2971 is
1465 2919 1594 2972 mihi
1640 2918 1855 2974 videtur
1905 2921 2017 2975 suis
2058 2930 2114 2979 et

515 3000 747 3077 publicis
790 3006 1097 3063 rationibus
1148 3009 1487 3065 utilissimus.
1530 3008 1684 3065 Unde
1734 3019 1789 3067 et
1828 3012 1957 3067 milii
1986 3012 2114 3069 licet

517 3111 627 3150 non
654 3090 887 3151 habeam
923 3106 1126 3153 tantam
1162 3099 1414 3169 loquendi
1443 3098 1772 3168 facundiam,
1797 3104 1923 3173 quia
1949 3104 2110 3159 intel-

515 3186 739 3261 ligentia
778 3204 844 3245 ex
889 3200 1046 3261 parte
1091 3191 1397 3247 divinarum
1435 3190 1840 3263 Scripturarum
1872 3199 2112 3268 praestita

514 3282 619 3341 est,
649 3293 811 3333 nemo
838 3293 948 3346 me,
971 3295 1171 3352 quaeso,
1206 3282 1587 3351 reprehendat,
1613 3285 1739 3355 quia
1766 3285 1907 3341 volui
1938 3286 2114 3343 fratri-

514 3366 638 3436 bus,
658 3367 860 3453 ‘quibus
885 3386 970 3426 me
1000 3378 1170 3427 totum
1192 3372 1379 3439 debeo,
1432 3373 1485 3428 in
1519 3374 1623 3430 hoc
1665 3372 1881 3447 negotio
1928 3378 2113 3433 deser-

2226 2179 2479 2245 credens,
2511 2178 2598 2233 cui
2649 2186 2735 2232 est
2759 2176 2825 2232 de
2868 2174 3052 2231 Patris
3077 2177 3381 2232 aeternitate
3431 2192 3557 2233 cum
3587 2193 3655 2234 eo
3708 2184 3802 2234 una

2222 2272 2517 2338 aeternitas,
2541 2283 2758 2341 unaque
2786 2269 2982 2335 virtus,
3010 2278 3066 2324 et
3094 2280 3490 2341 una'potestas.
3526 2269 3682 2327 Hane
3710 2273 3801 2343 igi-

2223 2373 2311 2420 tur
2334 2365 2493 2421 iltlem
2526 2379 2630 2420 non
2653 2360 2961 2435 eloquentia
2988 2363 3227 2420 humana
3253 2366 3452 2429 docuit,
3488 2380 3596 2422 non
3642 2370 3693 2439 pl
3713 2365 3801 2425 ilo-

2222 2459 2409 2528 sophia
2434 2456 2733 2523 saecularis,
2761 2471 2869 2512 non
2900 2455 3155 2512 facundia
3200 2458 3487 2525 sermonis,
3516 2474 3624 2515 non
3654 2460 3795 2515 ullius

2220 2552 2356 2605 artis
2378 2548 2680 2618 disciplina.
2714 2547 2782 2602 Et
2821 2547 2943 2603 ideo
2972 2546 3195 2603 stultum
3224 2556 3304 2604 est
3328 2549 3381 2603 in
3409 2564 3473 2605 ea
3510 2560 3662 2620 parte
3698 2567 3798 2606 ser-

2219 2640 2395 2695 monis
2430 2637 2673 2694 suasoria
2696 2637 3091 2693 sententiarum
3119 2639 3284 2693 verba
3330 2640 3671 2711 depromere,
3713 2642 3793 2696 ubi

2221 2742 2391 2789 totum
2418 2733 2599 2787 divina
2648 2732 2935 2801 inspiratio
2977 2743 3269 2802 operatur;
3331 2736 3583 2805 quamvis
3608 2750 3788 2792 carere

2218 2823 2508 2878 debeamus
2536 2838 2603 2877 ne
2626 2821 2782 2877 bonis
2800 2830 2855 2877 et
2875 2822 3235 2878 sanctissimis
3258 2823 3599 2881 documentis
3620 2840 3790 2882 amara

2216 2922 2271 2969 et
2310 2925 2572 2971 venenata
2590 2913 2823 2969 dulcedo
2845 2915 3159 2981 misceatur,
3190 2915 3447 2985 quoniam
3481 2918 3632 2973 valde
3652 2918 3794 2975 abso-

2215 3003 2325 3059 luta
2356 3014 2411 3061 et
2432 3005 2589 3075 plana
2616 3018 2700 3062 est
2727 3006 2872 3062 beati
2903 3007 3049 3062 Petri
3078 3008 3145 3062 de
3175 3006 3395 3065 Christo
3421 3011 3711 3073 confessio.
3737 3018 3789 3066 ut

2216 3095 2346 3151 nulli
2371 3097 2530 3152 liceat
2559 3099 2813 3154 aberrare
2856 3117 2885 3153 a
2916 3098 3046 3165 ﬁde,
3075 3116 3251 3171 neque
3277 3101 3550 3158 declinare
3597 3121 3625 3157 a
3654 3119 3788 3160 vero.

2218 3186 2372 3245 Unde
2394 3200 2518 3258 post
2539 3190 2870 3247 declaratam
2920 3193 3264 3263 maiestatem
3286 3191 3489 3249 Christi
3514 3195 3703 3252 volens
3726 3194 3798 3252 di-

2218 3278 2341 3335 vina
2365 3281 2626 3351 sapientia
2672 3282 2946 3353 apostolos
2995 3285 3344 3340 introducere
3373 3286 3442 3341 ad
3466 3291 3799 3342 sacramenta

2218 3369 2605 3442 redemptionis
2651 3373 2924 3439 humanm,
2977 3375 3143 3445 coepit
3179 3376 3263 3431 eis
3308 3377 3619 3442 ostendere,
3668 3386 3808 3433 nunc

513 3459 648 3522 vire,
675 3469 729 3516 et
764 3459 984 3533 fugaces
1003 3464 1401 3519 sententiarum
1431 3481 1643 3533 sensus,
1686 3466 1879 3523 saltem
1907 3469 1993 3526 bis
2016 3468 2108 3540 qui
2136 3455 2181 3520 C
2212 3460 2329 3530 eius
2349 3464 2651 3533 passiones,
2678 3479 2823 3519 nunc
2874 3478 2968 3519 eos
3017 3465 3163 3535 ipsos
3210 3466 3486 3536 apostolos
3522 3478 3581 3524 et
3618 3477 3814 3524 omnes

460 3594 463 3599 .
514 3550 697 3607 minus
726 3548 1050 3623 intelligunt,
1083 3569 1269 3609 eorum
1298 3557 1364 3610 ad
1389 3556 1662 3613 incitanda
1700 3559 1935 3630 ingenia,
1960 3558 2107 3616 litte-e

512 3641 592 3697 ris
616 3640 859 3714 alligare.
895 3644 1177 3716 Siquidem
1206 3646 1438 3720 simplici
1462 3650 1697 3721 eloquio,
1729 3654 1855 3722 quia
1886 3656 2109 3711 omnino

512 3733 593 3791 sic
612 3737 784 3808 magis
809 3736 983 3803 decet,
1008 3752 1172 3810 quam
1195 3740 1490 3797 artiﬁcioso
1520 3743 1759 3813 ingenio,
1780 3760 1899 3814 qum
1922 3747 2107 3802 divina

511 3835 658 3894 sunt,
699 3829 939 3886 enodare
972 3831 1213 3887 decrevi.
1245 3831 1325 3888 Ne
1352 3833 1640 3891 vendibilis
1670 3839 1841 3908 magis
1863 3839 2109 3910 culpare-

515 3925 602 3972 tur
621 3920 818 3983 oratio,
843 3918 1006 3992 quam
1034 3920 1183 3977 utilis
1209 3932 1265 3978 et
1291 3923 1533 3993 proﬁcua
1565 3925 1868 3997 legentibus
1904 3932 2106 3999 proba-

514 4016 690 4065 retur.
737 4008 971 4066 Maxime
1001 4012 1055 4067 in
1083 4027 1341 4083 processu
1369 4014 1638 4071 sermonis
1669 4018 1721 4072 id
1754 4022 2105 4088 servandum,

512 4094 609 4154 ubi
652 4110 763 4155 non
808 4114 939 4158 caro
984 4111 1043 4159 et
1084 4104 1306 4176 sanguis
1362 4105 1567 4177 aliquid
1621 4120 1899 4179 operatur,
1933 4128 2108 4184 neque

511 4189 748 4247 eruditio
798 4188 1037 4248 humana
1065 4194 1228 4261 valet,
1266 4186 1361 4251 sed
1397 4195 1575 4252 Patris
1604 4197 1823 4267 infusio,
1869 4202 1961 4272 qui
2011 4218 2108 4272 per

513 4287 867 4359 semetipsum
887 4288 1167 4361 proprium
1188 4289 1385 4345 Filium
1416 4307 1571 4348 suum
1598 4293 1915 4351 beatissimo
1948 4295 2107 4355 Petro

515 4377 774 4432 revelavit
813 4378 868 4433 in
910 4394 1095 4447 carne,
1127 4389 1184 4436 et
1212 4381 1397 4437 docuit
1451 4398 1651 4437 arcana
1702 4384 1868 4459 666
1923 4404 2106 4444 sacra-

513 4468 682 4523 menti
710 4468 793 4524 sui
826 4473 1102 4541 mysteria,
1129 4486 1249 4542 quac
1300 4490 1576 4545 nunquam
1608 4475 1790 4549 lingua
1816 4482 1990 4551 potuit
2021 4498 2107 4539 re-

502 4562 701 4605 serare
749 4552 1003 4617 humana,
1058 4569 1235 4626 neque
1285 4556 1620 4628 intelligendi
1664 4559 1894 4617 formam
1944 4566 2108 4621 ratio-

516 4654 752 4711 nemque
809 4644 1126 4701 mortalihus
1176 4658 1459 4718 praestare,
1512 4666 1633 4721 qua:
1679 4655 1923 4723 praestita
1979 4665 2105 4713 sunt

513 4727 743 4802 principi
794 4734 1177 4803 apostolorum,
1235 4747 1294 4793 ut
1323 4739 1637 4809 plenissime
1664 4752 2017 4815 cognosceret
2047 4746 2102 4800 in

2208 3552 2415 3609 electos
2440 3566 2540 3624 per
2556 3554 2779 3613 easdem
2801 3556 3087 3625 passiones
3110 3564 3167 3611 et
3203 3557 3664 3614 mortificationes
3693 3567 3822 3616 car

2210 3645 2313 3708 nis,
2339 3645 2420 3700 ire
2445 3645 2644 3702 debere
2694 3657 2818 3717 post
2846 3647 3148 3704 Christum.
3186 3649 3369 3705 Donec
3398 3666 3592 3707 rursus
3614 3652 3829 3709 redeat

2210 3739 2279 3794 ad
2330 3749 2590 3796 consueta
2649 3742 2983 3812 operationis
3029 3756 3139 3797 suae
3193 3743 3457 3799 miraCuIa
3489 3785 3505 3808 ,
3561 3746 3838 3803 elaborﬂ

2208 3829 2392 3887 divina
2428 3832 2601 3887 virtus
2632 3841 2688 3888 ut
2708 3846 2836 3889 eum
2860 3846 3049 3889 omnes
3086 3835 3390 3908 intelligant
3419 3837 3590 3892 Deum
3618 3842 3843 3893 Verrall

2207 3931 2265 3978 et
2306 3924 2579 3980 hominem
2606 3933 2660 3980 et
2694 3926 3005 3995 passibilem
3032 3936 3091 3982 et
3118 3929 3499 3985 immortalem.
3541 3930 3835 4004 Suisqwen

2208 4022 2269 4069 ut
2291 4016 2362 4069 ita
2392 4016 2606 4085 loquar,
2629 4027 2790 4074 utens
2817 4022 3174 4092 argumentis,
3201 4035 3308 4077 non
3354 4023 3408 4077 in
3456 4024 3703 4080 humana
3729 4036 3842 4083 sa-

2206 4107 2406 4176 pientia
2434 4110 2889 4178 persuasibilibus
2914 4114 3118 4178 verbis,
3171 4127 3272 4169 nec
3300 4118 3598 4171 secundum
3630 4120 3838 4175 intro-

2208 4201 2492 4257 ductiones
2560 4203 2855 4261 dialeclicte
2907 4208 3083 4272 artis,
3138 4220 3279 4278 quas
3323 4208 3499 4266 Graeci
3546 4209 3830 4284 isagogas

2216 4303 2440 4361 vocant,
2469 4296 2561 4351 sed
2586 4297 2727 4353 miro
2753 4307 2807 4353 et
2838 4298 3095 4355 ineil'abili
3122 4302 3600 4359 modointrodncit
3630 4306 3702 4359 ad
3722 4315 3822 4367 se,

2207 4400 2351 4440 nunc
2397 4386 2842 4455 inspirationibus
2890 4390 2959 4444 ad
3000 4390 3183 4446 divina
3239 4392 3611 4464 intelligenda,
3660 4405 3821 4448 nime

2206 4494 2326 4549 qua:
2354 4480 2711 4536 humanitatis
2762 4481 2879 4549 ejus
2930 4493 3059 4539 sunt
3084 4484 3534 4553 demonstranda,
3568 4501 3711 4541 nunc
3744 4496 3814 4538 se

2205 4578 2494 4626 venturum
2542 4574 2926 4641 repromittens
2975 4576 3030 4629 in
3079 4576 3247 4646 gloria
3275 4576 3486 4641 Patris;
3518 4578 3709 4632 deinde
3737 4586 3805 4628 se

2205 4663 2563 4735 gloriﬁcatum
2593 4666 2831 4721 ostendit
2885 4668 2941 4721 in
2983 4675 3191 4735 monte,
3218 4674 3275 4723 et
3302 4669 3381 4723 sic
3412 4682 3553 4724 noro
3578 4678 3793 4740 genere.

2205 4765 2267 4811 ut
2296 4756 2369 4810 ita
2405 4757 2618 4827 loquar,
2677 4758 2867 4830 agendi
2906 4768 2962 4814 et
3007 4759 3219 4814 dicendi
3260 4770 3521 4829 procurat
3565 4770 3622 4813 ut
3665 4769 3789 4813 eum

513 4839 623 4924 ξξ¹¹⁰
643 4828 951 4924 Ροάεπιίιαε
983 4831 1199 4890 Christo
1249 4839 1389 4907 quod
1435 4855 1651 4910 semper
1681 4843 1773 4897 Dei
1809 4842 1992 4901 Patris
2019 4844 2105 4901 Fi-
2127 4826 2183 4887 Β
2208 4848 2510 4921 intelligant
2558 4865 2687 4906 vere
2714 4826 2957 4921 vquinam
3008 4852 3081 4907 sit
3118 4826 3273 4908 unus
3287 4859 3345 4907 et
3371 4853 3672 4924 singularis,
3702 4843 3788 4899 vel

512 4912 619 4974 lius
637 4916 823 4988 fuerit,
844 4932 902 4978 et
923 4939 1137 4995 semper
1156 4928 1244 4997 jus
1266 4927 1442 4986 Patris
1464 4932 1517 4987 in
1532 4947 1598 4987 eo
1619 4948 1924 5005 nomenque
1950 4952 2103 4992 man-

512 5012 666 5068 serit.
691 5009 820 5072 Haec
837 5026 921 5072 est
950 5028 1131 5074 autem
1163 5037 1286 5076 vera
1307 5033 1361 5077 et
1380 5024 1710 5082 inviolabilis
1738 5028 1871 5084 ﬁdes
1892 5045 1956 5083 ex
1989 5029 2104 5087 Deo

509 5096 677 5161 Patre
699 5100 863 5164 Petro
894 5108 1015 5163 data
1032 5152 1044 5172 ,
1072 5125 1141 5166 ne
1161 5111 1207 5166 si
1236 5129 1343 5168 non
1370 5129 1585 5186 semper
1611 5115 1803 5182 Filius,
1826 5134 1934 5175 non
1960 5135 2103 5176 sem-

512 5200 613 5265 per
638 5202 695 5253 et
720 5191 883 5254 Pater
903 5199 1089 5256 fuerit.
1115 5203 1171 5257 ln
1193 5218 1299 5274 qua
1324 5203 1431 5259 ilde
1452 5206 1696 5277 profecto
1716 5211 1893 5265 omnis
1920 5210 2103 5267 Eccle-

2212 4940 2338 5012 quid
2361 4940 2450 5006 sit,
2476 4950 2571 4996 aut
2594 4959 2692 4998 cur
2721 4942 2953 4999 venerit.
2982 4943 3048 4999 Ut
3082 4944 3320 5008 videant,
3354 4947 3581 5000 credant
3611 4952 3661 4997 et
3691 4950 3788 4994 co-

2210 5042 2471 5105 gnoscant
2498 5036 2752 5107 mysteria
2772 5036 3153 5107 redemptionis
3172 5038 3446 5104 humanm,
3468 5041 3644 5109 sicque
3661 5038 3785 5092 eum

2210 5127 2489 5196 sequendo
2518 5138 2578 5182 ut
2599 5126 2666 5182 ad
2689 5142 2815 5183 eum
2828 5130 3165 5198 perveniant,
3180 5130 3599 5203 benignissimus
3619 5118 3788 5197 ιιιδεὶ-

2209 5224 2320 5271 ster
2349 5217 2556 5273 invitat.

526 5308 3767 5375 ——__._____.______________________.________ﬁt

1577 5478 1742 5552 θεν
1823 5476 2123 5559 LIBER
2184 5483 2694 5605 OCTAVUS.

592 5711 740 5771 Venit
761 5716 916 5775 locus
933 5720 992 5774 in
1032 5729 1206 5789 partes
1236 5719 1491 5774 Ctesarew
1518 5717 1769 5790 Philippi,
1796 5732 1843 5775 et
1871 5723 2093 5777 interro-

425 5858 431 5862 .
506 5809 665 5879 gebat
710 5809 994 5881 discipulos
1039 5827 1161 5866 suos
1189 5811 1411 5878 «licet»;
1443 5802 1605 5879 oue...
1635 5814 1814 5868 dcunt
1855 5817 2109 5895 homines

2198 5740 2309 5779 esse
2336 5721 2536 5779 Filium
2555 5725 2780 5781 hominis
2794 5726 2820 5780 7
2847 5724 3036 5797 Magna
3067 5735 3123 5783 et
3140 5727 3365 5803 evidens
3386 5736 3473 5784 est
3493 5725 3800 5797 intelligen-

2205 5816 2275 5872 tia
2296 5818 2361 5872 de
2396 5816 2631 5885 Christo,
2683 5835 2841 5889 quam
2885 5819 3270 5877 commendant
3306 5819 3675 5893 Evangelistm,
