4004 6362
1059 378 1421 439 EXPOSITIO
1454 378 1524 435 IN
1560 370 1995 433 MATTH'EUM.
2038 400 2107 411 ——
2141 369 2268 425 LIB.
2312 366 2443 432 Vill,
2479 364 2636 421 CAP.
2676 360 2814 418 XVI.

3435 357 3541 414 558

287 503 393 559 ideo
411 499 592 554 locum
616 493 880 552 describit
902 506 1009 563 quo
1051 491 1195 548 facta
1242 492 1313 547 sit
1343 491 1447 546 ista
1474 485 1852 557 interrogatio,
1881 484 1933 544 Δ
1958 479 2162 536 Idcirco
2217 492 2556 553 nequaquam
2601 474 2830 530 dixerim
2872 472 3015 541 quod
3053 472 3121 526 de
3146 485 3208 527 se
3233 469 3555 539 requisierit

283 604 331 652 et
352 591 557 648 reddita
581 598 733 643 tanta
755 586 986 655 talisque
1000 597 1058 641 et
1072 593 1184 640 tam
1205 582 1540 639 admirabilis
1560 579 1855 650 responsio.

282 684 350 740 De
380 697 490 752 quo
512 694 648 735 sane
678 677 818 741 loco,
847 676 973 745 quia
999 674 1154 731 multi
1190 674 1625 744 disputaverunt,
1665 684 1858 739 super-

279 774 435 831 ﬂuum
464 772 602 828 duxi
653 769 856 839 aliquid
882 768 1085 829 dicere.
1117 766 1202 821 vel
1232 766 1323 821 ditt
1365 765 1531 834 loqui,
1584 763 1720 829 Quia
1752 776 1860 816 non

277 881 402 937 opus
430 875 542 929 est,
567 863 671 917 nisi
701 858 1058 924 solummodo,
1096 866 1156 911 ut
1174 856 1482 926 dixi,~quod
1516 853 1862 924 Evangelista

276 972 550 1027 nunquam
576 956 754 1009 locum
779 961 834 1007 et
861 961 1071 1023 tempus
1094 949 1445 1014 describeret,
1474 949 1517 1003 si
1540 963 1645 1002 non
1671 961 1863 1019 magna

278 1059 326 1106 et
352 1049 558 1104 eximia
604 1045 805 1109 forent,
837 1058 955 1114 qua:
1001 1043 1053 1098 in
1105 1043 1189 1097 his
1234 1041 1367 1098 locis
1410 1040 1554 1096 dicta
1588 1038 1674 1094 vel
1712 1048 1863 1110 gesta

280 1154 414 1208 sunt,
443 1143 513 1197 de
538 1141 736 1210 quibus
756 1146 811 1192 et
837 1138 952 1207 ipse
992 1144 1311 1190 narraturus
1338 1142 1474 1187 erat.
1506 1132 1865 1202 Interrogavit

282 1247 450 1290 autem
500 1231 664 1288 Jesus
694 1246 761 1285 eo
809 1231 862 1283 in
894 1228 1012 1283 loco
1047 1226 1339 1297 discipulos
1377 1241 1503 1281 suos
1535 1224 1610 1279 ita
1635 1224 1861 1278 dicens:

284 1328 439 1395 Quem
475 1327 663 1379 dicunt
692 1322 929 1376 homines
955 1336 1064 1374 esse
1081 1316 1128 1371 F
1131 1318 1282 1372 ilium
1304 1316 1531 1370 hominis
1550 1316 1574 1368 ?
1596 1313 1865 1383 Quidquid

285 1422 439 1492 igitur
473 1420 544 1475 de
576 1417 662 1471 illo
684 1416 913 1487 quilibet
955 1412 1240 1476 sensisset,
1285 1426 1391 1465 non
1418 1409 1565 1463 aliud
1594 1423 1759 1477 quam
1800 1406 1868 1462 de

288 1510 414 1567 Filio
438 1507 673 1563 hominis
728 1506 1048 1574 interrogat,
1084 1515 1246 1572 quem
1294 1512 1419 1553 eum
1446 1512 1569 1553 esse
1598 1497 1862 1551 dicerent.

294 1604 421 1672 Quia
443 1600 681 1674 proiecto
705 1597 819 1652 vult
851 1594 1199 1650 introducere
1248 1590 1563 1671 discipulos,
1610 1589 1869 1660 quidquid

302 1693 383 1748 alii
417 1690 696 1755 senserint,
722 1687 959 1757 primum
991 1682 1057 1738 ad
1090 1681 1271 1745 ﬁdem,
1308 1692 1367 1736 ut
1394 1682 1568 1751 ipsum
1592 1679 1871 1734 eumdem-

300 1796 392 1854 que
409 1780 600 1837 Filium
635 1775 889 1840 hominis,
936 1774 1032 1830 Dei
1060 1772 1253 1828 Filium
1302 1788 1427 1828 vere
1467 1771 1728 1835 sentiant,
1754 1784 1872 1824 cre-

1963 572 2091 628 illud
2124 573 2269 643 quod
2306 572 2420 643 ipse
2449 568 2732 625 confessus
2752 576 2856 631 est,
2879 566 3021 635 quod
3048 574 3233 620 coram
3269 563 3462 629 oculis,
3496 571 3555 625 et

1964 666 2019 723 in
2044 667 2237 721 eodem
2259 665 2378 720 loco
2402 672 2524 720 erat
2546 663 2689 732 quod
2736 675 2896 715 manu
2925 658 3130 730 palpari
3152 666 3403 728 poterat;
3457 659 3553 715 sed

1967 755 2237 812 occultum
2260 764 2381 811 erat
2409 757 2474 809 de
2502 770 2610 824 quo
2636 751 2942 823 quaerebat,
2967 751 3020 805 in
3044 765 3157 820 quo
3184 759 3245 806 et
3280 766 3454 821 usque
3481 751 3552 808 sd

1969 847 2098 915 quid
2128 846 2475 902 fundamenta
2526 843 2785 900 Ecclesiae
2831 841 3085 913 iacienda
3129 849 3305 906 erant,
3336 849 3397 895 et
3422 841 3557 897 ﬁdes

1967 938 2209 993 omnium
2235 935 2682 993 commendanda.
2730 933 2886 989 Unde
2927 931 3189 987 mirabilis
3229 933 3472 988 omnium
3499 941 3557 987 et

1966 1028 2210 1083 inaudita
2270 1026 2551 1097 responsio
2598 1024 2744 1080 beati
2780 1024 2928 1078 Petri
2976 1022 3220 1087 emicuit,
3273 1030 3333 1077 ut
3382 1029 3555 1083 totum

1967 1120 2112 1189 quod
2134 1128 2252 1174 erat
2281 1120 2334 1173 in
2381 1119 2607 1173 Domino
2638 1124 2912 1181 cerneret,
2960 1123 3015 1170 et
3043 1116 3188 1186 quod
3235 1115 3290 1181 in
3312 1112 3555 1181 Christo,

1969 1211 2060 1281 qui
2104 1211 2243 1267 Deus
2273 1219 2413 1276 erat,
2446 1210 2674 1264 videret.
2707 1208 2818 1264 Nec
2856 1208 3152 1273 hominem,
3178 1208 3271 1278 qui
3294 1206 3558 1276 loquebao

1935 1307 1948 1329 '
1972 1309 2060 1356 tur
2084 1318 2208 1357 cum
2228 1318 2314 1368 eo,
2345 1302 2630 1373 denegavit
2652 1317 2775 1356 esse
2802 1301 3097 1365 hominem,
3124 1315 3287 1371 quem
3307 1300 3564 1356 cernebat

1969 1404 2291 1471 priesentem
2344 1406 2447 1448 :et
2479 1402 2658 1447 tamen
2708 1392 2870 1457 ultra,
2918 1392 3036 1447 sine
3081 1391 3351 1452 dilatione,
3396 1404 3563 1460 quam

1971 1484 2115 1541 ullus
2138 1498 2327 1540 eorum
2357 1484 2748 1541 conﬁtebatur:
2783 1484 2862 1537 Tu
2892 1500 2968 1547 es,
3013 1484 3209 1553 inquit,
3248 1482 3421 1539 Filius
3464 1483 3563 1538 Dei

1973 1577 2094 1631 vivi.
2144 1576 2312 1631 Deum
2348 1577 2529 1632 vivum
2588 1576 2726 1631 forte
2771 1576 3005 1646 appellat
3056 1577 3110 1630 is
3158 1577 3564 1647 comparatione

1972 1684 2163 1725 eorum
2199 1671 2422 1739 deorum
2443 1672 2534 1739 qui
2556 1670 2886 1739 putabantur
2907 1669 3002 1733 dii,
3035 1669 3130 1723 sed
3154 1668 3358 1723 mortui
3378 1679 3560 1736 erant,

1978 1768 2033 1814 et
2087 1775 2194 1814 non
2239 1769 2365 1814 sunt
2407 1760 2508 1814 nisi
2565 1758 2829 1813 idolorum
2876 1767 3143 1828 portenta.
3176 1758 3468 1829 Propterea
3508 1769 3565 1816 et

304 1848 413 1929 dant
444 1880 497 1927 et
526 1871 850 1942 intelligant,
872 1877 927 1923 et
955 1882 1060 1923 non
1092 1866 1258 1938 (sicut
1291 1874 1446 1920 vetus
1463 1880 1619 1919 error
1657 1863 1869 1918 noviter
1897 1853 1945 1913 Β
1972 1850 2163 1906 beatus
2188 1848 2383 1904 Petrus
2409 1850 2531 1918 plus
2553 1864 2719 1920 quam
2750 1850 2914 1903 homo
2961 1858 3100 1915 erat,
3142 1851 3271 1921 quia
3299 1851 3439 1907 ultra
3466 1851 3565 1907 ho-

306 1965 636 2036 repullulasse
676 1972 731 2016 et
761 1970 974 2017 veteres
1010 1960 1227 2014 cineres
1257 1956 1555 2012 removisse
1578 1955 1873 2026 doluimus)

309 2064 354 2108 ut
380 2069 536 2108 unum
565 2059 621 2107 et
650 2051 824 2122 ipsum
872 2048 1150 2104 Christum
1200 2046 1252 2101 in
1295 2046 1430 2100 duas
1457 2044 1725 2099 divideret
1753 2060 1876 2113 per-

313 2164 446 2204 sonas
471 2189 487 2211 ,
513 2147 830 2214 diceretque
855 2141 1248 2197 humanitatem
1273 2137 1474 2194 Christi
1508 2152 1605 2207 per
1636 2136 1876 2207 ad0ptio-

315 2256 410 2297 nem
438 2240 490 2294 in
520 2239 690 2294 Deum
720 2251 865 2301 esse,
916 2242 973 2290 et
999 2228 1236 2289 Verbum
1265 2230 1445 2286 Patris
1465 2230 1607 2300 quod
1634 2244 1762 2285 caro
1802 2227 1878 2282 fa-

316 2340 434 2387 ctum
458 2338 565 2397 est,
600 2343 789 2385 verum
817 2324 1203 2381 conﬁterentur
1232 2318 1454 2377 Filium.
1488 2319 1687 2389 Sicque
1735 2317 1872 2373 duas

317 2421 577 2476 namrasin
608 2417 829 2474 Christo
849 2416 984 2471 duos
1016 2412 1415 2486 dogmatizabat
1449 2411 1607 2474 ﬁlios,
1631 2410 1873 2479 duasque

316 2525 545 2583 personas
585 2506 843 2580 ﬁngebat.
875 2504 1009 2561 Cum
1040 2503 1128 2558 hic
1150 2502 1219 2557 de
1248 2494 1390 2555 Filio
1414 2499 1651 2555 hominis
1677 2497 1879 2553 solum-

317 2603 575 2674 modoipse
597 2600 919 2669 interrogat,
944 2605 999 2652 et
1023 2594 1220 2651 Petrus
1242 2592 1309 2647 ad
1334 2592 1663 2661 interrogata
1693 2589 1760 2643 de
1778 2589 1880 2643 hoc

318 2695 414 2768 ipso
448 2692 722 2765 respondit
759 2707 774 2746 :

374 2787 443 2843 Tu
470 2806 545 2854 es,
600 2787 795 2858 inquit,
826 2774 1064 2839 Christus
1106 2778 1280 2834 Filius
1324 2774 1422 2833 Dei
1466 2777 1582 2832 vivi.
1631 2773 1883 2846 Nihilque

318 2882 640 2954 interponens
680 2888 735 2934 et
768 2876 903 2932 nihil
936 2874 1251 2930 discernens
1278 2871 1345 2926 de
1372 2869 1577 2924 unitate
1610 2882 1879 2940 personae,

314 2975 393 3031 sed
427 2983 594 3029 totum
620 2966 766 3043 quod
814 2977 897 3025 est
945 2968 1000 3023 in
1044 2964 1260 3022 Christo
1320 2977 1502 3017 verum
1535 2960 1628 3017 Dei
1680 2956 1879 3015 Filiu-

313 3068 599 3123 cnnlitetur.
624 3062 739 3120 Nec
773 3062 970 3118 mirum
1013 3059 1059 3116 si
1111 3056 1320 3115 erravit
1365 3056 1467 3111 iste
1504 3054 1571 3110 de
1599 3070 1707 3124 quo
1735 3053 1877 3109 dixi—

311 3179 431 3226 mus,
462 3162 590 3233 quia
644 3158 812 3214 homo
852 3165 1002 3220 erat;
1061 3153 1201 3209 sicut
1233 3156 1557 3205 erraverunt
1592 3157 1647 3202 et
1676 3145 1752 3201 illi
1785 3146 1877 3215 qui

1981 1942 2184 1997 minem
2230 1941 2506 2011 sapiebat;
2550 1940 2641 2014 qui
2668 1956 2792 1997 cum
2848 1941 2941 1995 Dei
2968 1938 3163 1997 Filium
3195 1943 3248 1996 in
3287 1943 3561 1998 hominem

1983 2033 2206 2098 videret,
2232 2034 2370 2088 ultra
2422 2034 2693 2088 humanos
2719 2032 2907 2088 oculos
2933 2034 3067 2089 vidit
3103 2043 3158 2089 et
3184 2035 3468 2090 intellexit.
3498 2034 3569 2092 Et

1981 2123 2102 2178 ideo
2122 2124 2191 2178 ab
2206 2124 2320 2194 ipso
2336 2123 2563 2178 Domino
2580 2110 2832 2178 laudatus
2856 2132 2964 2190 est,
2987 2124 3111 2194 quia
3136 2126 3313 2180 nonid
3342 2125 3487 2195 quod
3500 2141 3569 2182 ex

1982 2228 2146 2269 carne
2156 2223 2211 2269 et
2225 2214 2489 2284 sanguine
2501 2223 2642 2280 erat,
2659 2225 2866 2269 tantum
2886 2215 3135 2283 intendit,
3152 2217 3246 2271 sed
3256 2216 3410 2281 .DeiF
3413 2216 3566 2277 ilium

1981 2306 2144 2360 etiam
2199 2306 2251 2360 in
2300 2305 2479 2361 Patris
2516 2306 2846 2362 revelatione
2869 2307 3232 2378 conspiciens,
3265 2309 3320 2363 in
3348 2325 3453 2363 una
3479 2323 3572 2365 ea-

1984 2399 2212 2468 demque
2225 2414 2456 2468 persona
2472 2398 2756 2454 conl‘essus
2767 2409 2868 2455 est.
2892 2398 3081 2471 Neque
3092 2401 3239 2455 enim
3265 2401 3421 2467 dixit,
3446 2403 3500 2457 in
3512 2412 3569 2459 to

1981 2499 2067 2547 est
2086 2506 2248 2547 verus
2262 2491 2563 2560 DeiFilius.
2576 2492 2722 2548 sicut
2733 2491 2968 2549 Verbum
2982 2499 3102 2546 erat
3119 2493 3174 2546 in
3188 2493 3490 2563 prophetis,
3510 2506 3569 2550 ut

1983 2582 2121 2637 alius
2138 2592 2281 2639 esset
2296 2583 2552 2648 hominis,
2572 2592 2629 2638 et
2642 2582 2890 2638 aliusDei
2910 2580 3117 2651 Filius;
3134 2584 3231 2638 sed
3244 2600 3368 2639 mox
3384 2596 3442 2640 ut
3462 2587 3564 2652 ait,

1981 2674 2148 2747 669
2186 2673 2355 2741 Quem
2401 2675 2584 2731 dicunt
2621 2676 2858 2731 homines
2896 2691 3015 2731 esse
3062 2673 3266 2730 Filium
3306 2678 3571 2746 heminis,

1984 2768 2101 2822 sine
2136 2767 2241 2821 ulla
2282 2766 2541 2824 dilatione
2589 2775 2686 2823 aut
2718 2768 3129 2839 interpositione
3164 2769 3448 2827 confessus
3490 2780 3577 2831 est

1984 2860 2075 2930 qui
2110 2860 2430 2931 loquebatur
2458 2861 2508 2916 ei
2540 2860 2712 2917 Filius
2742 2860 2998 2927 hominis,
3034 2860 3111 2916 Tu
3133 2880 3186 2917 es
3206 2860 3447 2919 Christus
3472 2862 3573 2931 Fi-

1983 2950 2086 3007 lius
2120 2930 2219 3006 Dei
2262 2953 2381 3008 vivi.
2415 2952 2617 3024 Utique
2654 2953 2811 3023 juxta
2846 2952 3151 3021 Joannem,
3180 2955 3309 3023 quia
3350 2930 3577 3015 Verbum

1981 3058 2107 3098 caro
2147 3041 2346 3112 factum
2386 3052 2484 3109 est,
2522 3053 2572 3098 et
2613 3044 2865 3099 habitauit
2908 3045 2964 3099 in
2994 3045 3142 3099 nobis
3172 3045 3356 3117 (ἆσαι.
3388 3063 3431 3114 ι,
3458 3048 3572 3123 ﬂ).

1982 3136 2078 3192 Est
2105 3152 2233 3207 ergo
2258 3135 2430 3191 Filius
2457 3135 2586 3203 Dei,
2633 3135 2777 3192 Deus
2824 3153 2888 3193 ex
2938 3135 3080 3203 Deo,
3109 3146 3166 3194 et
3196 3139 3359 3195 homo
3377 3155 3446 3195 ex
3472 3140 3574 3198 ho—

306 3271 417 3311 eum
434 3216 528 3309 aut
549 3242 812 3309 Joannem
839 3216 1563 3316 dicebantpropterllerodis
1585 3238 1876 3303 fallaciam,
1906 3216 1953 3279 (δ
1983 3229 2160 3295 mine,
2210 3243 2350 3283 unus
2397 3228 2451 3283 in
2483 3239 2715 3298 utroque
2760 3228 2953 3298 plenus
2988 3230 3178 3300 gratia:
3214 3239 3271 3286 et
3307 3233 3572 3290 veritatis,

304 3356 393 3401 aut
427 3347 617 3409 Eliam,
646 3342 773 3414 quia
802 3349 1061 3397 venturus
1096 3330 1274 3390 adhuc
1310 3347 1430 3389 esse
1475 3333 1736 3396 creditur,
1787 3339 1881 3385 aut

297 3435 606 3502 Jerethiam,
626 3436 857 3508 propter
884 3432 1025 3503 quod
1049 3428 1117 3484 ad
1142 3443 1265 3482 eum
1293 3427 1504 3481 dixerat
1531 3424 1673 3480 Deus
1700 3443 1712 3478 :
1749 3421 1884 3477 Ecce

300 3529 546 3584 constitui
580 3539 625 3581 te
642 3542 797 3596 super
841 3533 1015 3596 gentes
1042 3530 1092 3576 et
1123 3536 1281 3591 regna
1317 3516 1452 3589 (Jer.
1486 3533 1524 3583 ι,
1567 3517 1677 3586 10),
1709 3515 1885 3570 eradi-

304 3637 437 3677 care
459 3631 515 3676 et
556 3620 807 3685 demoliri,
843 3628 897 3673 et
938 3617 1188 3688 perdere,
1220 3628 1410 3668 rursus
1456 3609 1786 3665 reaediﬁcare
1831 3616 1885 3663 et

291 3713 570 3787 plantare.
595 3711 717 3780 Quae
742 3712 999 3767 nimirum
1033 3706 1213 3764 omnia
1257 3707 1324 3761 de
1361 3720 1547 3762 errore
1586 3698 1753 3776 668
1787 3718 1885 3757 ve-

293 3805 541 3867 niebant,
564 3804 686 3876 quia
732 3802 984 3859 homines
1028 3807 1204 3863 erant,
1263 3804 1319 3851 et
1358 3796 1480 3851 ideo
1528 3795 1616 3849 his
1670 3792 1886 3849 omissis

296 3906 636 3952 transeamus
658 3895 727 3949 ad
758 3893 882 3960 alia,
909 3891 1164 3963 quoniam
1193 3888 1311 3959 plus
1332 3887 1562 3943 tediﬁcat
1594 3884 1747 3950 ﬁdes,
1767 3900 1888 3954 quae

294 3988 459 4044 Petro
489 3988 728 4044 revelata
758 3996 864 4053 est,
892 4000 1056 4056 quam
1109 3976 1262 4036 locus
1292 3980 1345 4034 in
1376 3994 1483 4049 quo
1508 3977 1624 4033 haec
1654 3976 1888 4031 interro-

296 4082 447 4151 gatio
474 4080 749 4152 proposita
782 4087 886 4143 est,
940 4085 996 4132 et
1040 4073 1242 4129 relictis
1284 4071 1447 4126 etiam
1492 4068 1773 4125 erroribus
1824 4068 1889 4122 de

296 4173 536 4241 Christo,
561 4184 617 4232 et
649 4170 995 4245 opinionibus
1046 4165 1400 4238 singulorum,
1436 4176 1502 4216 ne
1550 4160 1782 4216 otiosum
1810 4159 1891 4214 vi-

300 4266 527 4322 deamur
587 4264 916 4337 protendere
968 4269 1261 4315 tractatum
1305 4297 1320 4323 ,
1391 4255 1457 4309 ad
1520 4245 1902 4323 apostolorum'

303 4358 803 4433 interrogationem,
855 4371 960 4426 qua
1007 4354 1412 4424 interrogantur
1443 4364 1473 4402 a
1513 4344 1751 4414 Christo,
1790 4359 1888 4400 ve-

305 4468 529 4506 mantus.

389 4469 483 4505 nnu
516 4493 529 4505 .

389 4469 646 4616 Vossergo,
687 4542 883 4615 inquit,
914 4555 1065 4611 quem
1092 4554 1173 4595 me
1195 4552 1306 4592 esse
1341 4533 1562 4588 dicitis?
1589 4532 1669 4588 Ac
1721 4530 1767 4586 si
1814 4529 1892 4585 di-

1983 3322 2207 3394 Accepit
2232 3336 2468 3392 namque
2494 3321 2767 3376 nascendo
2796 3321 2901 3376 hoc
2919 3322 3063 3392 quod
3094 3337 3201 3378 non
3226 3334 3365 3389 erat,
3390 3334 3452 3381 et
3478 3341 3577 3381 na-

1987 3424 2099 3470 tum
2126 3422 2210 3470 est
2234 3414 2470 3470 Verbum
2498 3413 2645 3483 quod
2686 3426 2903 3483 semper
2939 3413 2993 3467 in
3028 3412 3190 3469 Patre
3229 3424 3379 3483 erat,
3406 3426 3577 3487 atque

1986 3510 2057 3563 ita
2104 3508 2247 3564 ﬁlius
2272 3516 2510 3563 aeternus
2536 3515 2699 3563 natus
2727 3514 2814 3560 est
2838 3546 2855 3573 ,
2897 3506 3027 3576 quia
3066 3507 3123 3562 in
3167 3523 3237 3564 eo
3278 3525 3390 3567 non
3424 3509 3576 3566 aliud

1985 3609 2170 3657 natum
2202 3610 2286 3655 est
2314 3615 2477 3670 quam
2513 3599 2658 3670 quod
2682 3606 2942 3655 aeternum
2965 3607 3068 3655 est.
3106 3599 3262 3655 Hunc
3286 3601 3453 3673 igitur
3478 3616 3572 3661 sse

1987 3693 2279 3764 sumpsisse
2300 3705 2498 3762 corpus
2520 3690 2663 3761 quod
2682 3699 2804 3746 erat
2824 3690 2876 3745 in
2901 3691 3205 3762 propatulo,
3220 3701 3279 3747 et
3298 3693 3577 3751 hominem

1989 3784 2210 3849 factum,
2227 3783 2467 3854 perfecta
2482 3782 2629 3838 beati
2644 3780 2790 3838 Petri
2813 3780 3086 3837 confessio
3106 3792 3193 3838 est
3212 3793 3273 3839 et
3288 3783 3575 3852 absoluta;

1988 3878 2113 3950 quia
2141 3877 2282 3932 sicut
2307 3874 2603 3939 aeternitas,
2644 3882 2856 3928 natura:
2886 3881 3086 3929 nostrae
3108 3890 3308 3946 corpus
3328 3879 3536 3949 accepit
3560 3920 3574 3944 .

1992 3973 2065 4026 ita
2094 3968 2527 4041 cognoscendum
2567 3975 2654 4023 est
2687 3974 2937 4023 naturam
2965 3966 3215 4037 coqsoris
3234 3968 3581 4031 nestrimter-e

1992 4063 2180 4119 uitatis
2219 4074 2499 4116 assumere
2545 4058 2787 4129 potuisse
2838 4058 3118 4114 virtutem.
3156 4057 3309 4115 Unde
3350 4061 3476 4130 quis
3518 4062 3579 4119 in

1990 4154 2097 4209 ﬁde
2133 4153 2234 4207 ista
2253 4192 2269 4217 ,
2301 4165 2571 4205 summum
2601 4148 2803 4203 bonum
2830 4149 3079 4205 consistit
3102 4148 3253 4205 valde
3270 4166 3581 4220 parum-

1993 4247 2217 4309 sarium,
2248 4259 2279 4298 a
2312 4240 2591 4313 discipulis
2622 4239 2867 4311 requirit,
2896 4255 3058 4309 quem
3089 4256 3148 4296 se
3181 4241 3428 4299 homines
3458 4258 3582 4303 esse

1993 4335 2268 4394 dicerent?
2294 4342 2350 4390 et
2380 4333 2577 4405 adjecit
2594 4347 2609 4387 :
2626 4331 2822 4387 Filium
2850 4331 3129 4388 hominis?
3154 4331 3281 4389 Haec
3304 4335 3451 4389 etaim
3483 4335 3573 4391 Ωιι-

1994 4426 2235 4483 missime
2280 4424 2640 4481 confessionis
2694 4422 2925 4478 tenenda
2974 4430 3058 4478 est
3107 4423 3280 4490 ratio,
3306 4428 3584 4498 etpmdi-

1995 4517 2168 4574 cauda
2197 4517 2353 4582 ﬁdes,
2383 4524 2441 4570 ut
2464 4515 2607 4570 sicut
2632 4514 2726 4568 Dei
2747 4512 3057 4581 Filium,ita
3080 4523 3137 4569 et
3159 4514 3324 4572 lilium
3346 4518 3585 4578 hominis

309 4646 457 4691 ceret
473 4593 733 4709 benaigitus
751 4593 1038 4707 1Mag'isjter,
1062 4632 1187 4703 quia
1212 4630 1285 4685 illi
1317 4637 1527 4683 tantum
1549 4625 1794 4682 homines
1823 4624 1889 4680 de
1918 4593 1973 4656 Β
1997 4613 2050 4709 [η
2095 4626 2198 4666 “nl
2239 4610 2539 4709 eddenlque
2586 4622 2818 4709 Persona
2853 4608 3140 4665 credamus
3186 4617 3245 4666 ei
3298 4612 3584 4670 adoremus

315 4726 455 4784 Filio
482 4731 714 4785 hominis
737 4738 796 4785 ut
816 4728 1065 4784 homines
1090 4723 1229 4781 male
1258 4722 1527 4779 sentiunt:
1550 4718 1689 4785 Quia
1718 4717 1887 4773 omnis

306 4818 462 4874 homo
484 4819 895 4893 mendax(Psal.
922 4832 1046 4881 cxv,
1076 4816 1185 4887 ll),
1201 4831 1296 4871 vos
1318 4812 1409 4885 qui
1432 4811 1550 4883 plus
1570 4811 1703 4866 estis
1724 4824 1889 4880 quam

308 4911 565 4977 homines,
594 4933 755 4988 quem
784 4931 869 4970 me
890 4929 1011 4970 esse
1031 4910 1289 4968 creditis?
1314 4907 1426 4964 Hoc
1447 4907 1645 4978 quippe
1673 4919 1736 4959 ex
1764 4918 1891 4958 con-

306 5012 651 5080 sequentibus
681 5019 944 5079 textuque
981 5006 1251 5063 sermonis
1279 5020 1308 5057 a
1355 5002 1582 5057 Domino
1615 5010 1892 5053 ostensum

304 5109 420 5166 εει,
445 5106 579 5174 quod
610 5103 839 5173 apostoli
866 5115 1207 5171 nequaquam
1242 5097 1510 5158 homines,
1552 5094 1648 5149 sed
1672 5091 1745 5146 dii
1770 5091 1894 5161 jure

304 5190 425 5248 sint
448 5182 718 5266 appellati.
743 5194 878 5251 Cum
902 5194 1047 5249 enim
1088 5190 1352 5256 dixisset;
1388 5186 1553 5252 Quem
1584 5185 1764 5238 dicunt
1793 5183 1891 5236 ho-

304 5289 471 5343 mines
488 5307 602 5345 esse
632 5288 834 5342 Filium
861 5287 1112 5350 hominis,
1137 5299 1263 5339 mox
1298 5279 1529 5352 subjecit
1556 5298 1568 5333 :
1604 5276 1710 5333 Vos
1738 5290 1889 5347 ergo,

303 5383 464 5448 qnasi
492 5384 696 5440 diceret
730 5400 742 5435 :
776 5381 913 5450 Quia
941 5382 1012 5436 dii
1045 5380 1197 5444 estis,
1231 5392 1391 5448 quem
1446 5389 1530 5430 me
1577 5388 1696 5428 esse
1722 5380 1890 5426 testa-

303 5469 479 5526 nnini?
510 5474 626 5539 Vel,
670 5472 845 5542 Quem
872 5488 959 5527 nte
1008 5469 1325 5527 aestimatis?
1370 5466 1621 5531 Attende,
1654 5463 1891 5533 prudens

300 5557 492 5627 lector,
548 5582 710 5637 quam
761 5566 901 5620 mira
940 5572 995 5621 et
1029 5563 1291 5633 stupenda
1335 5556 1709 5629 interrogatio.
1758 5554 1889 5609 Nam

298 5668 489 5711 coram
518 5657 689 5714 oculis
708 5672 897 5713 eorum
927 5656 1062 5711 nihil
1083 5654 1227 5709 aliud
1258 5653 1372 5723 ipse
1398 5665 1558 5720 quam
1608 5649 1771 5703 homo
1799 5663 1886 5718 ap-

298 5751 550 5817 parebat,
582 5752 751 5806 etiam
794 5766 853 5806 se
896 5765 1016 5805 esse
1060 5747 1255 5809 Filium
1298 5743 1555 5807 hominis,
1586 5741 1731 5812 quod
1766 5754 1892 5795 vere

296 5854 451 5915 erat,
496 5846 729 5915 dicebat,
784 5855 841 5900 et
880 5854 1075 5901 tamen
1126 5839 1195 5895 ab
1241 5838 1321 5894 eis
1369 5835 1515 5892 aliud
1560 5831 1895 5905 requirebat.-

1994 4703 2196 4769 Deum;
2223 4702 2348 4772 quia
2377 4701 2606 4757 alterum
2638 4699 2754 4754 sine
2788 4699 2962 4755 altero
3001 4700 3135 4756 nihil
3184 4705 3363 4773 specie
3395 4706 3583 4765 tribuit

1994 4795 2059 4850 ad
2094 4794 2341 4851 salutem.
2389 4792 2559 4848 Porro
2589 4791 2732 4862 quod
2765 4790 2958 4847 Petrus
3007 4793 3155 4863 prior
3181 4809 3294 4864 prae
3332 4796 3584 4856 omnibus

1998 4887 2296 4958 respondit,
2325 4885 2599 4955 prioratus
2626 4883 2791 4938 ollicii
2813 4892 2915 4949 est,
2940 4894 2996 4938 et
3024 4884 3187 4940 ardor
3210 4885 3334 4955 ﬁdei
3358 4886 3579 4954 nimius,-

1997 4990 2057 5036 ut
2078 4981 2257 5036 unitas
2269 4978 2676 5035 commendetur
2688 4976 3026 5043 Ecclesiae,et
3052 4976 3188 5034 ﬁdes
3205 4986 3452 5033 teneatur
3463 4994 3576 5033 om-

2000 5075 2149 5131 nium
2171 5071 2559 5143 apostolorum,
2583 5086 2647 5126 ac
2666 5070 2708 5126 si
2736 5071 2789 5124 in
2812 5070 2990 5141 capite
3022 5084 3158 5125 uno:
3182 5067 3259 5122 Tn
3286 5086 3359 5134 es,
3383 5070 3581 5140 inquit,

2002 5167 2241 5223 Christus
2260 5163 2435 5219 Filius
2463 5163 2562 5217 Dei
2576 5162 2690 5217 vivi.
2726 5160 2905 5219 Habes
2926 5162 2979 5216 in
3011 5160 3113 5217 hoc
3138 5160 3387 5230 exemplo
3415 5168 3581 5217 totam

2002 5264 2405 5325 Trinitatem,et
2416 5273 2599 5314 veram
2616 5256 3008 5312 confessionem
3025 5254 3304 5311 catholicae
3321 5254 3584 5321 veritatis.

2001 5359 2099 5417 ubi
2114 5360 2254 5413 Deus
2276 5356 2439 5411 Pater
2460 5353 2807 5425 pradicatur,
2823 5360 2878 5406 et
2900 5350 3165 5404 FiliusDei
3183 5350 3312 5415 vivi,
3327 5359 3523 5405 unctus
3552 5367 3585 5409 a

2000 5452 2205 5523 Spiritu
2227 5459 2438 5516 sancto,
2460 5456 2514 5504 et
2540 5446 2871 5517 intelligatur
2892 5461 2998 5500 una
3020 5444 3214 5510 virtus,
3239 5462 3345 5500 una
3368 5453 3588 5514 natura,

1997 5564 2102 5604 una
2143 5545 2455 5614 cooperatio
2504 5539 2803 5595 Trinitatis.
2833 5538 3006 5594 Porro
3051 5538 3194 5609 quod
3230 5539 3438 5595 addidit
3468 5538 3585 5605 Dei,

1997 5639 2351 5698 excellentius
2375 5643 2479 5701 est,
2509 5647 2671 5703 quam
2702 5632 3232 5700 utcomparationem
3260 5634 3439 5703 capiat
3463 5648 3585 5688 cum

1998 5734 2204 5805 his-qui
2234 5747 2339 5787 non
2366 5736 2493 5784 sunt
2517 5725 2611 5781 dii.
2641 5723 2841 5779 Verum
2874 5726 3018 5794 quod
3050 5724 3225 5795 majus
3267 5706 3370 5791 est,
3422 5723 3587 5785 etiam

1995 5840 2052 5887 et
2079 5842 2200 5883 cum
2223 5823 2308 5880 his
2336 5820 2431 5892 qui
2461 5805 2661 5887 aliquid
2686 5829 2806 5893 esse
2836 5816 3084 5871 videntur
3105 5832 3169 5870 es
3196 5816 3370 5886 gratia
3393 5854 3407 5880 ,
3449 5828 3590 5886 quo,
