4004 6362
566 368 670 424 5:39

1371 378 1428 432 S.
1469 377 1824 436 PASCHASII
1861 379 2208 436 RADBERTI
2247 381 2541 439 ABBATIS
2578 382 3031 442 CORBEIENSIS

3733 391 3824 446 560

567 482 715 538 niam
742 485 1038 541 secundum
1084 487 1436 546 eminentiam
1477 508 1584 562 qua
1629 494 1994 564 supereminet
2030 509 2148 550 om-
2174 495 2227 556 Α
2253 497 2354 549 nisi
2376 496 2554 562 Pater,
2578 499 2742 572 671
2777 499 2876 565 sic,
2904 518 3053 556 nemo
3081 499 3296 557 Patrem
3327 505 3429 559 nisi
3458 503 3659 572 Filius,
3691 517 3737 562 et
3758 510 3832 564 cui

566 575 728 631 nibus
771 577 1101 634 habentibus
1143 578 1199 633 in
1248 595 1307 635 se
1346 582 1513 637 vitam
1557 584 1699 638 Deus
1731 584 1884 641 vivus
1911 585 2148 653 dicitur;

566 668 696 739 quia
735 683 842 724 non
873 669 1125 725 accidens
1159 672 1210 727 ei
1241 672 1352 727 vita
1400 682 1518 740 est,
1560 676 1700 731 sicut
1737 691 1838 732 nec
1879 676 1990 732 ﬁlio
2033 677 2151 746 ejus

565 762 659 834 qui
687 777 755 818 ex
781 777 848 819 eo
872 762 980 818 vita
1015 771 1173 820 natus
1193 771 1296 820 est.
1332 766 1399 820 Et
1431 766 1551 822 ideo
1575 783 1608 822 a
1637 783 1746 839 quo
1767 769 1932 825 habet
1958 779 2016 824 ut
2043 765 2150 826 vita

563 852 657 917 sit,
713 855 783 910 ab
849 853 970 925 ipso
1029 855 1273 926 apostolo
1323 856 1485 912 Petro
1529 858 1826 915 revelatum
1875 871 1959 916 est
2007 862 2149 931 quod

561 944 742 1002 Patris
768 946 940 1004 Filius
973 948 1063 1004 sit.
1111 947 1181 1002 Et
1219 949 1354 1004 sicut
1391 950 1543 1006 habet
1577 951 1740 1008 Pater
1770 955 1932 1008 vitam
1975 955 2029 1008 in
2065 972 2148 1010 se-

561 1039 799 1109 metipso,
851 1041 928 1094 sic
977 1039 1122 1094 dedit
1171 1050 1220 1094 et
1273 1039 1415 1096 Filio
1454 1043 1611 1097 vitam
1637 1043 1838 1098 .habere
1878 1046 1932 1098 in
1982 1047 2148 1116 seipso

562 1128 748 1199 (Joan.
786 1145 840 1194 ν,
864 1129 978 1200 26).
1015 1130 1094 1186 Ac
1132 1146 1229 1202 per
1254 1132 1358 1188 hoc
1379 1133 1488 1188 vita
1521 1132 1684 1200 ﬁlius,
1710 1135 1806 1191 Dei
1837 1135 2012 1191 Patris
2041 1138 2147 1192 vivi

558 1222 732 1280 Filius
756 1232 858 1281 est.
900 1206 1031 1292 Quae
1065 1225 1336 1283 confessio
1370 1227 1558 1297 procul
1581 1227 1774 1294 dubio,
1821 1229 1962 1284 sicut
1990 1239 2150 1284 aeter-

558 1332 686 1372 nam
711 1318 876 1374 habet
899 1320 1388 1376 remunerationem
1405 1361 1422 1387 ,
1456 1320 1530 1375 ita
1557 1328 1612 1375 et
1634 1320 1988 1377 beatitudinis
2012 1339 2149 1393 prae-

558 1407 752 1463 mium.
785 1407 923 1464 Hinc
945 1409 994 1465 ei
1025 1409 1226 1466 dicitur
1253 1429 1268 1465 :

630 1498 828 1554 Beatus
867 1517 942 1567 es,
971 1500 1156 1557 Simon
1182 1501 1497 1571 Bar-Jona,
1540 1506 1663 1573 quia
1706 1523 1830 1560 caro
1856 1517 1903 1561 et
1935 1512 2148 1578 sanguis

559 1606 666 1647 non
695 1590 936 1648 reuelauit
973 1593 1066 1647 tibi
1087 1634 1102 1660 ,
1142 1593 1232 1648 sed
1259 1593 1424 1648 Pater
1449 1611 1594 1650 meus
1619 1595 1786 1667 67o
1807 1598 1897 1667 qui
1923 1599 1979 1652 in
2007 1599 2148 1653 caelis

555 1693 654 1739 est.
678 1682 877 1740 Beatus
900 1684 994 1754 qui
1028 1685 1084 1739 in
1119 1686 1386 1741 thesauris
1431 1687 1526 1742 Dei
1573 1687 1861 1753 introivit,
1905 1688 2063 1745 beata
2093 1699 2150 1746 et

555 1776 828 1835 confessio
851 1795 972 1850 qure
1001 1779 1068 1834 de
1096 1780 1366 1835 thesauris
1393 1779 1490 1835 Dei
1516 1781 1712 1837 hausta
1754 1790 1857 1848 est,
1887 1783 2145 1853 quoniam

2255 585 2473 642 voluerit
2513 604 2636 644 eum
2687 589 2864 646 Filius
2894 592 3121 648 revelare
3153 592 3369 664 (Matth.
3396 613 3474 664 ιι,
3497 598 3611 668 27).
3643 599 3725 654 Ac
3751 613 3838 670 per

2256 676 2360 731 hoc
2385 677 2526 733 sicut
2571 679 2781 736 revelat
2813 681 2961 738 solus
3011 681 3180 740 Filius
3208 683 3425 741 Patrem
3455 704 3555 758 per
3584 687 3839 760 Spiritum

2255 781 2526 839 sanctum,
2562 772 2638 828 ita
2681 781 2737 829 et
2770 773 2936 831 Pater
2962 775 3159 832 Filium
3182 793 3280 850 per
3300 781 3549 838 eumdem
3581 781 3842 854 Spiritum

2254 871 2524 919 sanctum.

2326 975 2394 1030 Et
2417 992 2510 1047 ego
2538 976 2655 1033 dico
2688 979 2804 1045 tibi,
2832 981 2957 1052 quia
2987 991 3044 1036 tu
3081 998 3136 1038 es
3171 978 3399 1051 Petrus,
3436 995 3484 1040 et
3515 1002 3676 1058 super
3713 991 3844 1045 hanc

2251 1079 2451 1139 petram
2474 1071 2747 1140 aediﬁcabo
2770 1072 3062 1129 Ecclesiam
3085 1092 3272 1131 meam.
3313 1078 3468 1145 Quod
3511 1079 3555 1135 si
3586 1081 3842 1150 volueris,

2252 1160 2444 1228 lector,
2475 1163 2685 1234 singula
2707 1167 2873 1223 verba
2915 1183 3189 1238 opponere
3234 1177 3290 1226 et
3318 1171 3651 1246 conjungere
3694 1176 3837 1244 prio-

2251 1252 2401 1309 ribus
2434 1256 2636 1321 verbis,
2672 1255 3099 1315 invenies'mirte
3145 1263 3514 1332 responsionis
3545 1267 3834 1338 eloquium.

2251 1344 2330 1399 Ac
2359 1345 2406 1400 si
2437 1345 2678 1401 diceret:
2710 1347 2848 1415 Quia
2882 1358 2936 1405 tu
2968 1351 3100 1405 mihi
3131 1351 3315 1406 dixisti
3345 1367 3360 1406 :
3394 1353 3470 1408 Tu
3497 1372 3551 1410 es
3578 1356 3832 1424 Christus,

2249 1444 2298 1487 et
2325 1451 2417 1506 ego
2441 1436 2558 1490 dico
2583 1437 2696 1502 tibi,
2719 1439 2842 1510 quia
2865 1449 2921 1494 tu
2947 1458 3000 1495 es
3030 1440 3256 1509 Petrus;
3283 1445 3475 1501 deinde
3502 1463 3516 1500 :
3548 1445 3598 1499 F
3600 1447 3725 1502 ilius
3748 1449 3831 1504 Dei

2252 1528 2371 1593 vivi,
2406 1539 2461 1584 et
2483 1544 2582 1601 ego
2612 1531 2756 1597 dico,
2788 1533 2913 1602 quia
2959 1542 3016 1587 ttt
3061 1549 3121 1590 es
3147 1534 3413 1592 Bar-Jona
3435 1579 3449 1604 ,
3482 1539 3534 1592 id
3559 1548 3667 1605 est,
3702 1539 3822 1596 ﬁlius

2253 1615 2552 1685 columbas;
2589 1627 2649 1674 ut
2677 1629 2732 1674 et
2761 1621 2877 1691 ipse
2908 1621 3102 1680 Petrus
3131 1640 3229 1695 per
3259 1627 3486 1699 gratiam
3519 1631 3691 1685 sancti
3719 1629 3815 1700 Spi-

2250 1709 2389 1765 ritus
2424 1709 2593 1768 Filius
2627 1711 2725 1768 Dei
2758 1713 3108 1786 intelligatur.
3145 1717 3299 1774 Unde
3331 1735 3454 1776 cum
3485 1739 3683 1794 magno
3708 1740 3809 1794 gra-

2251 1799 2434 1857 vitatis
2457 1803 2700 1873 pondere
2734 1805 3082 1876 cogitandum
3132 1816 3186 1864 et
3231 1809 3516 1882 legendum
3565 1823 3649 1870 est
3696 1815 3812 1884 quod

553 1869 908 1926 beatitudinis
929 1870 1083 1926 affert
1107 1873 1411 1942 praemium.
1442 1870 1598 1927 Unde
1632 1881 1689 1927 et
1713 1873 1905 1928 beatus
1951 1875 2147 1928 dicitur
2174 1879 2222 1941 Β
2251 1893 2364 1948 εει.
2491 1897 2724 1967 εςοιάεεο
2750 1869 2865 1980 ιίιξί,
2896 1900 2975 1954 Ac
3001 1901 3046 1956 si
3077 1869 3327 1971 patente“,-
3361 1904 3508 1960 dicaj
3531 1945 3546 1972 ,
3578 1923 3681 1963 ηοη
3709 1869 3814 1962 ’δεμ

551 1972 622 2015 ex
651 1961 1126 2031 praedestinatione
1150 1970 1205 2017 et
1231 1977 1299 2017 ex
1321 1962 1461 2018 dono
1482 1965 1690 2032 gratiae,
1715 1977 1878 2033 quam
1909 1964 2144 2018 necdum

553 2049 792 2106 habebat
816 2051 959 2122 jure,
1000 2053 1128 2106 dum
1159 2059 1379 2108 satanas
1423 2053 1753 2124 increpatur,
1792 2055 1918 2110 dum
1960 2065 2142 2127 negat,

553 2150 611 2199 et
635 2143 740 2199 alia
765 2144 1183 2216 quamplurima,
1212 2162 1332 2216 qua:
1377 2147 1692 2203 inﬁrmitate
1715 2149 1894 2204 carnis
1912 2149 2146 2206 salutem

553 2235 940 2305 operabantur.
964 2235 1246 2292 Beatitudo
1275 2246 1457 2293 tamen
1480 2237 1635 2293 ﬁrma
1665 2247 1846 2295 manet
1865 2240 1941 2306 ei,
1971 2240 2025 2294 in
2056 2255 2142 2307 eo,

558 2323 664 2391 Qui
698 2335 846 2381 vocat
877 2344 939 2381 ea
985 2343 1103 2398 qua:
1141 2346 1247 2384 non
1278 2338 1422 2395 sunt,
1467 2340 1716 2400 tanquam
1761 2347 1823 2384 ea
1864 2348 1981 2401 qua:
2023 2342 2146 2386 sunt

553 2415 736 2488 (Rom.
767 2433 840 2483 IV,
874 2418 985 2485 17).
1015 2417 1123 2475 Sed
1155 2434 1328 2490 quare
1372 2420 1488 2474 haec
1533 2420 1830 2485 beatitudo,
1866 2400 2146 2492 reciproca
2167 2400 2245 2470 7\.

547 2509 687 2576 vice,
719 2511 771 2567 ei
801 2510 1060 2568 reddatur
1103 2529 1135 2568 a
1179 2511 1433 2579 Christo,
1472 2527 1637 2568 causa
1674 2523 1757 2570 est
1805 2515 1974 2584 ipsius
2017 2530 2142 2571 con-

548 2602 754 2670 fessio;
786 2619 951 2661 causa
999 2619 1131 2661 vero
1179 2604 1538 2662 confessionis
1575 2606 1727 2676 ejus,
1783 2621 1849 2662 ex
1900 2607 2042 2663 dono
2086 2617 2144 2663 et

545 2696 720 2767 gratia
734 2704 836 2752 est.
855 2695 927 2752 Ut
948 2697 1019 2753 sit
1047 2695 1188 2753 Deus
1209 2697 1371 2754 Pater
1389 2697 1483 2768 qui
1505 2698 1711 2754 revelat
1734 2698 1929 2754 Filium
1954 2715 2138 2767 suum,

545 2784 602 2841 in
629 2800 817 2852 causa,
846 2795 903 2843 et
925 2786 1096 2843 Filius
1140 2788 1235 2859 qui
1275 2789 1572 2856 revelatur,
1617 2807 1782 2847 causa
1819 2801 2021 2848 nostrze
2051 2809 2138 2849 sa-

545 2875 706 2942 lutis;
733 2875 972 2948 Spiritus
991 2894 1123 2934 vero
1144 2888 1364 2935 sanctus
1386 2881 1668 2937 amborum
1688 2881 1867 2937 Patris
1888 2883 2135 2939 videlicet

549 2975 606 3022 et
633 2965 758 3022 Filii
782 2969 982 3024 donum
1012 2985 1111 3042 per
1154 2985 1314 3042 quem
1355 2972 1628 3028 revelatur
1665 2971 1856 3028 Filius.
1892 2974 2048 3030 Unde
2084 2984 2140 3030 et

546 3061 714 3117 Petro
742 3077 757 3115 :
782 3059 982 3117 Beatus
1017 3078 1094 3128 es,
1141 3063 1347 3135 inquit,
1374 3063 1560 3120 Simon
1586 3064 1887 3121 Bar—Jona.
1913 3066 2091 3134 Quare
2116 3070 2140 3121 ζ’

547 3153 675 3222 quia
701 3168 810 3208 non
833 3153 1088 3210 revelavit
1112 3155 1209 3210 tibi
1253 3155 1359 3210 ista
1401 3171 1531 3213 caro
1555 3167 1610 3213 et
1636 3161 1875 3230 sanguis,
1905 3175 2024 3229 qua:
2067 3176 2136 3215 ex

2251 1999 2413 2042 mone
2443 2001 2598 2044 casso
2625 1997 2679 2044 et
2709 1989 2918 2046 nullum
2951 1993 3186 2050 habente
3213 1994 3465 2052 eﬁ‘ectum
3493 1999 3672 2068 Operis
3691 2040 3705 2066 ,
3734 2000 3808 2055 sel

2253 2077 2373 2134 dico
2396 2079 2493 2134 tibi
2516 2096 2635 2152 ego,
2676 2083 2830 2154 cujus
2856 2084 3079 2151 dixisse,
3113 2087 3310 2145 fecisse
3337 2100 3440 2157 est,
3464 2092 3594 2162 quia
3621 2095 3809 2149 verbum

2252 2185 2432 2226 meum
2458 2174 2850 2246 omnipotentia
2900 2177 3120 2248 plenum
3142 2189 3259 2246 est;
3295 2179 3434 2247 Quia
3459 2191 3516 2236 tu
3545 2200 3599 2238 es
3629 2181 3808 2252 Petrus,

2251 2263 2392 2331 quod
2419 2279 2448 2318 a
2475 2274 2630 2334 petra
2657 2267 2964 2324 derivatum
2993 2279 3078 2326 est
3107 2286 3328 2340 nomen,
3369 2274 3423 2329 id
3452 2284 3559 2341 est,
3583 2291 3614 2330 a
3635 2293 3715 2333 me
3735 2294 3811 2333 su-

2248 2370 2347 2425 per
2386 2371 2544 2426 quem
2593 2359 2890 2415 :ediﬁcatur
2923 2364 3103 2419 omnis
3131 2363 3396 2422 Ecclesia.
3440 2367 3557 2424 Non
3588 2371 3739 2433 enim,
3763 2377 3813 2426 ut

2248 2447 2468 2516 quidam
2515 2449 2657 2505 male
2685 2459 2921 2522 putant,
2955 2452 3152 2510 Petrus
3199 2454 3613 2515 fundamentum
3666 2462 3808 2517 totius

2247 2535 2503 2594 Ecclesia:
2536 2549 2620 2596 est
2647 2559 2660 2595 :
2699 2540 2838 2608 Quia
2869 2543 3273 2612 fundamentum
3310 2567 3461 2606 nemo
3499 2553 3646 2607 aliud
3671 2565 3812 2626 potest

2246 2646 2456 2699 ponere,
2475 2643 2668 2702 praeter
2689 2634 2746 2688 id
2764 2637 2908 2706 quod
2935 2639 3165 2708 positum
3188 2650 3288 2708 est,
3317 2644 3460 2714 quod
3494 2656 3570 2699 est
3601 2645 3813 2701 Christus

2245 2721 2400 2777 Jesus
2427 2724 2479 2796 (Ι
2514 2723 2637 2780 Cor.
2687 2743 2768 2794 ttt,
2804 2730 2912 2800 11).
2973 2731 3126 2787 Licet
3173 2750 3336 2805 super
3391 2738 3586 2794 eodem
3637 2739 3814 2797 funda-

2245 2825 2429 2871 mento
2452 2819 2677 2888 primus,
2717 2837 2784 2876 ac
2813 2823 2860 2877 si
2887 2834 3054 2895 caput
3075 2825 3272 2884 Petrus
3302 2840 3450 2887 recte
3479 2834 3685 2903 positus
3709 2852 3815 2892 cre-

2244 2905 2442 2975 datur,
2494 2917 2674 2966 tamen
2723 2912 2777 2967 in
2833 2929 2898 2969 ea
2946 2925 3135 2986 petra,
3181 2920 3246 2975 de
3275 2937 3379 2990 qua
3411 2939 3606 2980 nomen
3635 2928 3731 2983 sibi
3759 2945 3817 2984 ex

2245 2997 2386 3052 dono
2414 3001 2600 3068 traxit,
2625 3012 2680 3059 et
2699 3019 2862 3076 super
2888 3022 3010 3062 eam
3043 3017 3153 3065 tota
3182 3014 3520 3070 construitur
3547 3027 3600 3073 et
3621 3027 3820 3074 consta-

2243 3088 2430 3146 bilitur
2457 3092 2546 3148 illa
2577 3096 2818 3153 caelestis
2847 3097 3179 3169 Jerusalem,
3218 3103 3270 3159 id
3307 3115 3422 3173 est,
3467 3125 3626 3180 supra
3674 3110 3819 3166 Chri-

2245 3190 2386 3237 stum
2423 3225 2439 3250 ,
2498 3195 2559 3241 ut
2605 3187 2760 3243 ﬁrma
2803 3202 3122 3260 permaneat
3179 3195 3232 3250 in
3294 3201 3697 3270 sempiternum.
3745 3202 3813 3257 De

544 3253 704 3315 Ρδῑτθ
727 3253 823 3300 θυι
847 3253 1041 3350 mat-'3'
1077 3247 1181 3356 sed.
1198 3246 1360 3302 Ρδίθν
1379 3247 1471 3318 (ιυί
1507 3248 1561 3302 Ῐ¹¹
1586 3249 1740 3356 finitis
1762 3258 1864 3355 .95}-
1902 3250 1969 3306 Εἴ
1995 3252 2138 3356 ‘1“0‘.‘
2163 3251 2214 3318 (ἶ
2243 3275 2398 3346 cujus
2424 3246 2704 3335 vnimirum
2750 3246 3008 3340 ﬁrmitate

545 3351 678 3392 caro
705 3345 762 3393 et
789 3339 1008 3410 sanguis
1038 3339 1282 3396 revelare
1319 3355 1426 3395 non
1454 3341 1649 3412 potuit,
1683 3341 1919 3412 Spiritus
1953 3345 2132 3400 sancti

543 3429 720 3500 gratia
750 3431 1048 3487 revelatum
1075 3441 1180 3488 est.
1217 3432 1353 3488 Hinc
1377 3447 1507 3502 ergo
1533 3433 1728 3490 Petrus
1748 3444 1804 3490 et
1828 3451 1895 3491 ex
1923 3437 2135 3494 confes-

543 3523 699 3580 sione
726 3524 955 3580 sortitur
997 3523 1337 3591 vocabulum,
1379 3541 1445 3581 eo
1475 3526 1618 3597 quod
1645 3527 2033 3584 revelationem
2063 3545 2130 3584 cx

541 3614 750 3687 Spiritu
785 3625 976 3672 sancto
1015 3616 1223 3680 habuit,
1270 3617 1422 3687 cujus
1463 3625 1517 3672 et
1561 3615 1729 3674 Filius
1783 3619 2132 3691 appellandus

542 3715 652 3763 est.
704 3706 842 3764 Nam
875 3707 1113 3778 Spiritus
1155 3716 1378 3763 sanctus
1405 3707 1629 3763 Hebraea
1661 3709 1839 3780 lingua
1872 3711 2132 3768 feminino

541 3813 742 3870 genere
769 3797 925 3854 Ruha
970 3799 1190 3865 dicitur,
1238 3815 1338 3855 nec
1372 3799 1842 3868 ineonvenienter,
1875 3805 2132 3874 quoniam

542 3906 610 3945 ex
643 3905 734 3955 eo,
776 3897 869 3944 aut
892 3904 961 3944 ex
986 3904 1070 3954 ea,
1120 3897 1182 3944 ut
1212 3889 1285 3943 ita
1316 3889 1505 3946 Latine
1531 3889 1739 3960 loquar,
1767 3894 1944 3948 omnis
1976 3911 2132 3950 rena-

541 3982 715 4037 scitur
732 3981 996 4037 Ecclesia.
1027 3980 1306 4053 Siquidem
1331 3983 1385 4037 in
1411 3982 1593 4056 lingua
1623 3996 1805 4041 nostra
1833 3985 1940 4041 Bar
1963 3988 2128 4056 ﬁlius,

537 4073 677 4130 Jona
704 4073 945 4129 columba
963 4075 1371 4146 interpretatur,
1399 4087 1459 4133 ut
1483 4094 1548 4134 ex
1577 4090 1693 4136 toto
1711 4081 1854 4150 ﬁlius
1880 4082 2132 4138 columba:

539 4165 782 4231 dicatur;
821 4166 1070 4236 quamvis
1110 4165 1203 4221 alii
1255 4167 1577 4240 simpliciter
1626 4172 1679 4228 id
1723 4174 2032 4244 accipiant,
2073 4185 2134 4230 ut

538 4255 728 4313 Simon
763 4255 958 4312 Petrus
999 4257 1142 4313 ﬁlius
1172 4257 1395 4315 Joannis
1428 4262 1584 4332 juxta
1617 4279 1838 4320 carnem
1870 4267 2133 4340 intelliga-

538 4355 647 4402 tur.
676 4348 974 4404 secundum
1001 4349 1229 4405 alterius
1257 4351 1360 4407 loci
1393 4353 1875 4426 interrogationem
1901 4377 1914 4414 :
1946 4360 2133 4416 Simon

539 4437 789 4503 Joannis,
814 4438 991 4509 diligis
1013 4441 1134 4495 me?
1156 4439 1339 4513 (Joan.
1363 4445 1502 4516 xxx.)
1533 4445 1599 4500 Et
1617 4448 1803 4505 volunt
1832 4451 1886 4507 id
1913 4453 2136 4524 scripto-

507 4596 510 4598 γ
539 4527 618 4582 ris
651 4527 782 4583 vitio
821 4529 1206 4599 depravatum,
1250 4540 1310 4588 ut
1353 4549 1453 4605 pro
1483 4535 1594 4591 Bar
1619 4537 1847 4608 Joanna,
1882 4553 2133 4614 corrupte

537 4615 816 4674 Bar-Jona
871 4619 1125 4692 legatur,
1178 4623 1304 4680 inde
1355 4626 1594 4683 detracta
1647 4631 1870 4702 syllaba.
1918 4635 2129 4692 Joanna

537 4719 720 4767 autem
772 4712 1162 4785 interpretatur
1209 4717 1417 4774 Domini
1469 4724 1667 4792 gratia,
1714 4723 1848 4780 Juna
1880 4741 2032 4794 vero,
2069 4738 2129 4784 ut

536 4807 672 4874 dixi,
701 4808 964 4866 columba.
1006 4810 1116 4868 Sed
1142 4822 1433 4886 utrumque
1464 4833 1660 4874 nomen
1689 4822 1916 4890 mystice
1952 4822 2124 4878 intel-

536 4901 631 4974 ligi
661 4913 859 4976 potest,
909 4906 986 4962 ita
1013 4915 1075 4964 ut
1100 4916 1156 4963 et
1183 4908 1433 4965 columba
1474 4909 1734 4982 Spiritum
1770 4923 2037 4982 sanctum,
2071 4924 2126 4972 et

537 4997 768 5068 gratiam
794 4997 1001 5070 Deique
1025 4999 1225 5055 donum
1253 5001 1521 5072 signiﬁcet
1547 5005 1787 5074 spiritale
1819 5006 1949 5063 illud
1979 5008 2123 5078 quod

537 5089 654 5145 ait:
693 5088 835 5156 Quia
871 5107 998 5146 caro
1031 5101 1079 5144 et
1105 5093 1318 5162 sanguis
1350 5109 1454 5148 non
1484 5095 1725 5150 revelavit
1749 5097 1860 5150 tibi.
1892 5098 2120 5169 Aposto-

538 5179 655 5235 licse
691 5181 992 5237 narrationi
1021 5197 1276 5254 compara
1305 5201 1424 5254 qum
1451 5187 1528 5241 ait
1552 5204 1566 5242 :
1599 5187 1859 5242 Continuo
1904 5207 2006 5243 non
2036 5206 2126 5244 ac-

533 5270 706 5339 quievi
733 5273 882 5327 carni
907 5283 954 5327 et
988 5274 1234 5344 sanguini
1262 5274 1404 5348 (Gal.
1448 5293 1488 5343 ι,
1529 5279 1653 5350 16),
1689 5295 1911 5334 carnem
1954 5280 2028 5335 ibi
2069 5290 2126 5335 et

537 5364 853 5435 sanguinem
878 5364 1094 5422 Iudaeos
1127 5367 1366 5438 signans.
1399 5369 1551 5426 Unde
1577 5372 1882 5427 ostenditur
1907 5373 2050 5442 quod
2072 5374 2120 5430 ei

536 5470 646 5514 non
665 5472 766 5528 per
783 5458 1086 5514 doctrinam
1116 5458 1533 5529 Pharisaeorum,
1550 5464 1645 5519 sed
1666 5480 1761 5534 per
1773 5465 1868 5521 Dei
1889 5467 2122 5538 gratiam

535 5545 794 5605 Christus
829 5549 921 5606 Dei
967 5551 1136 5607 Filius
1165 5553 1216 5607 ei
1246 5554 1516 5611 revelatus
1543 5556 1632 5611 sit.
1660 5556 1728 5612 Et
1750 5567 1809 5613 ut
1840 5561 2020 5617 verius
2045 5562 2126 5617 fa-

535 5647 675 5702 tear,
704 5656 878 5711 neque
906 5644 974 5699 ab
1017 5643 1256 5708 homine,
1313 5660 1487 5717 neque
1517 5663 1615 5719 per
1648 5649 1946 5721 hominem,
1983 5655 2121 5712 hanc

2242 3369 2591 3428 Testamento
2617 3369 2864 3431 ﬁrmatus
2887 3385 2943 3432 et
2971 3379 3340 3438 consolidatus
3375 3385 3429 3438 in
3459 3385 3575 3456 ipso
3603 3385 3803 3458 legitur;

2239 3458 2432 3518 deinde
2459 3461 2652 3520 Petrus
2683 3465 2739 3520 in
2775 3483 2935 3534 novo,
2967 3477 3028 3523 ut
3074 3471 3126 3525 in
3159 3487 3347 3528 eorum
3382 3475 3488 3532 ﬁde
3518 3477 3687 3532 omnis
3729 3492 3803 3532 re—

2237 3552 2526 3623 promissio
2555 3553 2710 3610 ﬁrma
2734 3567 2950 3613 maneat
2971 3559 3024 3615 in
3051 3559 3289 3618 Christo.
3308 3564 3418 3620 Nec
3443 3565 3605 3636 igitur
3625 3566 3800 3622 mirum

2237 3644 2281 3700 si
2308 3643 2502 3701 Petrus
2529 3661 2561 3702 a
2588 3656 2746 3716 petra
2781 3649 2956 3707 dictus
2985 3662 3088 3719 est,
3127 3670 3193 3711 eo
3225 3658 3368 3727 quod
3396 3658 3585 3715 ﬁrmus
3614 3660 3802 3716 futurus

2235 3747 2355 3794 erat
2402 3752 2503 3808 per
2549 3737 2812 3810 Spiritum
2861 3752 3107 3800 sanctum
3144 3746 3404 3805 ﬁrmitate
3431 3751 3575 3819 ﬁdei,
3608 3769 3720 3808 cum
3757 3761 3806 3806 et

2236 3827 2332 3882 lux
2353 3829 2541 3885 mundi
2564 3829 2820 3886 dicuntur
2845 3847 2986 3900 esse,
3016 3835 3268 3893 alumine
3292 3841 3435 3909 quod
3462 3844 3802 3899 estChristus.

2236 3920 2338 3975 Est
2365 3921 2532 3992 igitur
2559 3939 2846 3980 commune
2877 3942 3072 3983 nomen
3099 3970 3114 3996 ,
3152 3939 3212 3984 ut
3239 3931 3419 3996 aiunt,
3451 3935 3594 3991 inter
3616 3937 3806 4008 Syriam

2235 4022 2291 4067 et
2331 4013 2613 4070 Hebr-team
2666 4015 3022 4090 Latinamque
3074 4021 3337 4092 linguam.
3401 4027 3467 4081 Et
3532 4031 3804 4086 notandum

2235 4103 2379 4171 quod
2407 4118 2516 4160 non
2550 4105 2640 4161 hic
2666 4109 2900 4178 primum
2924 4111 2974 4164 ei
3003 4111 3106 4166 hoc
3135 4114 3443 4185 impositum
3474 4128 3560 4174 est
3585 4135 3761 4174 nomen
3789 4157 3803 4182 .

2223 4197 2330 4252 .sed
2353 4194 2510 4269 longe
2538 4215 2700 4270 supra
2723 4200 2878 4270 juxta
2902 4203 3164 4261 Joannem
3195 4208 3286 4264 ubi
3319 4210 3548 4267 adduxit
3571 4229 3683 4269 eum
3711 4213 3805 4267 An-

2235 4289 2394 4346 dreas
2424 4292 2492 4346 ad
2513 4289 2815 4348 Christum.
2852 4293 2930 4350 Tu
2959 4314 3034 4364 es,
3059 4297 3253 4369 inqttit,
3286 4299 3469 4357 Simon
3498 4302 3729 4368 Joannis,
3756 4314 3802 4356 tu

2236 4383 2502 4438 vocaberis
2529 4383 2748 4455 Cephas,
2773 4390 2914 4458 quod
2935 4391 3308 4462 interpretatur
3337 4395 3531 4452 Petrus
3563 4398 3731 4470 (Joan.
3754 4413 3800 4460 ι,

2234 4473 2349 4544 42).
2400 4475 2468 4530 Ει
2501 4491 2609 4530 non
2643 4477 2801 4547 dixit,
2833 4488 2888 4533 tu
2919 4482 3204 4540 vocaberis
3232 4485 3447 4553 Petrus,
3471 4505 3579 4559 quo
3598 4488 3703 4560 jam
3725 4503 3804 4542 vo—

2239 4574 2394 4620 catus
2420 4577 2539 4623 erat
2568 4571 2806 4636 nomine,
2836 4573 2929 4628 sed
2965 4574 3040 4628 ait
3077 4577 3393 4648 signanter:
3424 4579 3503 4634 Tu
3535 4599 3588 4636 es
3614 4579 3797 4643 Petrus,

2236 4667 2286 4712 et
2308 4675 2464 4728 super
2487 4661 2622 4714 hanc
2643 4672 2867 4732 petram,
2891 4681 2920 4719 a
2947 4683 3053 4737 qua
3076 4677 3228 4738 petra
3255 4670 3429 4728 factus
3450 4689 3530 4739 es,
3555 4674 3798 4740 wdifimbo

2238 4750 2529 4805 Ecclesium
2560 4768 2748 4808 meam.
2780 4754 2897 4810 Non
2938 4759 3080 4827 quod
3105 4757 3240 4826 jam,
3265 4772 3324 4815 ut
3351 4763 3487 4829 dixi,
3508 4775 3614 4818 tam
3637 4764 3800 4818 ﬁrmus

2235 4853 2398 4910 esset,
2426 4845 2522 4900 sed
2549 4846 2692 4916 quod
2731 4846 2970 4904 futurum
3013 4861 3132 4906 erat
3181 4861 3243 4908 ut
3293 4854 3450 4911 ﬁeret
3492 4873 3523 4910 a
3565 4855 3800 4918 Christo,

2236 4939 2341 5006 Qui
2365 4951 2514 4996 vocat
2558 4959 2621 4997 ea
2663 4959 2779 5013 qua:
2810 4962 2914 5000 non
2943 4957 3086 5011 sunt,
3128 4958 3376 5020 tanquam
3417 4929 3481 5006 ea
3521 4969 3636 5024 quae
3659 4950 3803 5023 672

2231 5038 2353 5082 sunt
2389 5027 2567 5100 (Rom.
2598 5045 2673 5098 tv,
2708 5033 2816 5100 17).
2843 5035 2911 5090 Et
2934 5051 3032 5105 per
3057 5035 3316 5106 Spiritum
3355 5050 3604 5096 sanctum
3629 5043 3700 5097 ita
3724 5041 3803 5096 ﬁr—

2228 5129 2474 5176 maretur
2501 5138 2514 5176 :
2549 5120 2617 5176 Ut
2639 5139 2800 5194 neque
2821 5141 2986 5192 mors,
3015 5143 3177 5198 neque
3206 5131 3332 5196 vita,
3367 5146 3531 5202 neque
3547 5132 3806 5196 instantia,

2226 5227 2389 5281 neque
2410 5211 2616 5280 futura,
2647 5231 2811 5286 neque
2833 5216 2946 5271 ulla
2975 5228 3217 5273 creatura
3239 5230 3410 5290 posset
3436 5239 3556 5277 eum
3577 5237 3810 5294 separare

2226 5316 2258 5352 a
2289 5301 2545 5356 charitate
2566 5320 2683 5373 qua:
2707 5315 2783 5360 est
2803 5306 2862 5361 in
2888 5303 3100 5363 Christo
3124 5308 3303 5382 (Rom.
3337 5327 3458 5377 vm,
3491 5313 3581 5378 58,
3614 5313 3726 5383 59).
3750 5313 3811 5368 Et

2227 5389 2349 5446 ideo
2377 5392 2613 5448 nondum
2641 5394 2835 5453 beatus
2858 5406 2978 5454 erat
3007 5400 3062 5454 in
3105 5417 3184 5467 re,
3235 5403 3328 5458 sed
3362 5404 3736 5460 tantummodo
3760 5403 3807 5458 in

2228 5484 2703 5553 praedestinatione
2731 5488 2847 5555 Dei,
2877 5505 2909 5544 a
2937 5507 3046 5561 quo
3073 5508 3179 5549 non
3209 5495 3385 5564 qualis
3410 5505 3538 5553 tunc
3567 5507 3706 5564 erat,
3722 5495 3805 5552 sed

2227 5574 2403 5644 qualis
2458 5575 2673 5634 futurus
2725 5588 2844 5636 erat
2897 5584 3242 5639 amabatura
3285 5584 3535 5644 Domino.
3587 5588 3717 5645 Nam
3755 5594 3803 5641 et

2226 5660 2548 5731 Natltanael,
2577 5666 2634 5721 in
2660 5685 2764 5741 quo
2787 5670 2940 5726 dolus
2990 5689 3095 5728 non
3149 5684 3290 5743 erat,
3349 5685 3486 5734 teste
3539 5679 3795 5740 Domino.

753 5732 1002 5800 gratiam,
1035 5749 1213 5803 neque
1239 5734 1363 5831 ullis
1390 5737 1642 5816 humanis
1680 5741 1946 5811 sensibus,
1978 5745 2118 5803 hanc
2222 5769 2360 5824 pene
2385 5759 2630 5814 eamdem
2673 5727 2824 5831 prior
2850 5765 3244 5824 confessionem
3291 5771 3470 5826 tenuit
3523 5788 3642 5828 cum
3691 5771 3791 5827 ait:

535 5815 722 5875 didicit
742 5822 1066 5891 doctrinam,
1091 5825 1346 5895 quoniam
1370 5827 1538 5883 sicut:
1561 5815 1726 5888 Nemo
1749 5838 1887 5890 novit
1915 5837 2113 5894 Filium

2221 5843 2408 5911 Rabbi,
2439 5857 2496 5901 tu
2522 5867 2576 5903 es
2611 5849 2782 5908 Filius
2833 5854 2957 5921 Dei,
3005 5867 3060 5910 tu
3103 5877 3154 5914 es
3191 5877 3283 5915 rex
3325 5860 3496 5917 Israel
3533 5863 3721 5934 (Joan.
3745 5877 3787 5926 t,
