4012 6362
256 362 343 419 εσι
1021 368 1376 427 EXPOSITIO
1409 371 1476 428 lN
1516 369 1948 430 nummum.
1989 352 2062 414 έ-
2096 368 2226 427 LIB.
2264 368 2400 435 vnt,
2438 368 2588 425 CAP.
2628 368 2765 424 xw.

3391 367 3499 422 562

254 480 449 552 47-49).
482 480 591 538 Sed
618 481 708 538 ille
731 483 907 538 adhuc
934 484 1319 556 interrogantis
1341 485 1537 544 affectu
1565 503 1630 544 ac
1656 488 1810 544 dubi-
1835 490 1887 552 Α
1912 499 1994 551 se,
2041 490 2347 554 peccatum,
2388 496 2561 552 neque
2600 489 2752 552 petra
2800 490 2884 537 est
2927 495 3091 552 super
3116 496 3281 552 quam
3318 481 3490 544 adiﬁ—

254 575 420 638 tantis,
456 573 673 629 videtur
702 589 944 645 quaerere
976 577 1148 647 magis
1175 593 1337 647 quam
1367 578 1607 645 ﬁrmare,
1632 580 1813 636 ethoc

253 662 409 730 ipsum
437 663 565 732 quia
596 665 743 719 visus
771 674 857 721 est
906 666 1006 721 sub
1055 668 1178 724 licu.
1212 668 1405 725 Petrus
1434 680 1615 725 autem
1650 670 1810 725 talem

250 769 310 808 ac
335 764 530 810 tantam
564 759 829 828 expressit
856 760 922 814 de
949 763 1110 816 corde
1133 760 1559 829 confessionem,
1600 773 1662 819 ut
1697 766 1813 835 ejus

249 844 500 900 confessio
545 847 616 901 sit
659 848 900 902 omnium
945 850 1329 919 apostolorum.
1372 852 1439 907 Et
1475 853 1614 907 sicut
1653 853 1813 909 simul

246 950 424 991 omnes
443 937 864 1009 interrogantur,
897 939 969 994 ita
998 941 1050 994 in
1075 956 1140 996 eo
1163 943 1401 998 omnium
1424 952 1508 999 est
1533 947 1812 1016 responsio

246 1042 366 1088 una,
396 1041 557 1095 supra
590 1043 750 1097 quam
778 1028 1035 1084 fundatur
1061 1029 1323 1095 Ecclesia,
1350 1040 1404 1085 et
1432 1042 1619 1088 contra
1647 1049 1811 1105 quam

244 1123 401 1183 porta
440 1114 734 1171 inferorum
785 1133 890 1173 non
925 1118 1308 1188 praevalebunt.
1344 1121 1478 1188 Quia
1518 1138 1611 1178 seu
1661 1126 1809 1182 dicas

243 1216 420 1260 contra
456 1207 596 1261 hanc
640 1207 800 1263 ﬁdem
854 1224 948 1264 eas
994 1224 1100 1265 non
1152 1212 1477 1281 pravalere,
1533 1229 1629 1269 seu
1661 1216 1811 1271 dicas

242 1308 423 1353 contra
451 1299 770 1367 Ecclesiam,
801 1316 920 1371 qua
946 1303 1048 1358 hac
1069 1303 1173 1358 ﬁde
1196 1319 1357 1374 supra
1385 1305 1658 1362 Christum
1688 1308 1810 1363 fun-

240 1390 359 1444 data
389 1400 490 1455 est,
522 1399 577 1445 et
602 1392 869 1459 ﬁrmatur,
898 1410 1064 1449 unum
1094 1405 1197 1461 est,
1226 1411 1292 1450 eo
1318 1400 1461 1467 quod
1489 1414 1588 1454 nec
1612 1399 1808 1455 funda-

239 1492 473 1534 mentum
512 1480 859 1549 dissolvitur,
899 1500 998 1540 nec
1040 1484 1174 1539 ﬁdes
1206 1485 1326 1540 talis
1365 1496 1620 1559 tantaque
1658 1490 1808 1545 inﬁr-

240 1580 441 1635 matur,
474 1586 569 1626 nec
597 1571 834 1628 Ecclesia
866 1575 1009 1630 inter
1034 1576 1343 1631 innumeras
1387 1594 1639 1635 aurarum
1672 1589 1807 1637 tem-

241 1668 509 1729 pestates,
561 1676 661 1717 nec
715 1672 999 1718 ventorum
1063 1665 1468 1735 itnpulsionibus
1542 1670 1807 1727 subverti-

239 1761 342 1805 tur.

1915 586 2005 632 cat
2037 575 2284 630 Christus
2333 574 2597 640 Ecclesia,
2660 588 2835 644 neque
2879 574 3123 630 Ecclesia
3168 582 3272 640 est,
3320 588 3497 648 neque

1914 682 2042 738 pars
2091 664 2346 722 Ecclesia
2393 680 2554 736 quam
2600 664 2849 719 Christus
2892 664 3127 720 adiﬁcat
3182 680 3344 736 supra
3395 682 3496 736 pe-

1915 765 2073 821 tram,
2113 756 2237 825 quia
2276 755 2554 825 pravaluit
2592 755 2640 810 ei
2676 766 2832 825 porta
2859 753 3077 811 inferni.
3109 755 3177 811 Et
3211 756 3332 811 ideo
3358 756 3486 811 dum

1914 846 2003 901 hic
2050 846 2277 913 vivitur,
2334 846 2719 901 elaborandum
2775 853 2857 901 est
2896 860 2964 901 ne
2994 846 3289 917 pravaleat
3313 846 3496 917 aliqua

1914 937 2073 993 nobis
2102 946 2257 1008 porta
2287 934 2515 1003 inferni;
2548 937 2673 1007 quia
2698 937 2743 992 si
2772 937 3139 1007 pravaluerit,
3169 954 3276 994 non
3302 938 3356 993 in
3381 939 3488 995 Ec-

1912 1029 2074 1085 clesia
2103 1044 2277 1097 neque
2305 1044 2431 1100 pars
2460 1027 2715 1083 Ecclesia
2769 1043 2973 1083 sumus.
3024 1027 3163 1085 Hinc
3211 1037 3295 1083 est
3351 1029 3493 1098 quod

1912 1120 1988 1174 ait
2015 1119 2302 1188 Apostolus
2328 1137 2341 1173 :
2378 1117 2637 1185 Quoniam
2660 1120 2748 1189 qui
2774 1119 2903 1173 talia
2929 1128 2984 1174 et
3007 1119 3133 1173 talia
3159 1130 3339 1189 agunt,
3374 1135 3495 1189 qua

1911 1209 2234 1274 dinumerat,
2265 1226 2479 1279 regnum
2503 1208 2599 1264 Dei
2623 1226 2726 1263 non
2748 1208 3286 1280 consequentur(Gal.
3303 1224 3357 1274 v,
3375 1207 3492 1277 2‘2).

1911 1300 1979 1356 Et
2006 1303 2265 1357 Dominus
2293 1301 2468 1372 inquit
2492 1319 2507 1358 :
2539 1300 2844 1355 Contendite
2872 1301 3075 1355 intrare
3095 1317 3187 1371 per
3214 1312 3493 1371 angustam

1908 1402 2112 1463 portam
2140 1391 2296 1460 (Luc.
2334 1408 2451 1457 xm,
2481 1391 2597 1460 24).
2636 1390 2772 1459 Quia
2827 1391 2969 1446 sicut
2999 1402 3125 1446 sunt
3152 1401 3325 1462 porta
3356 1390 3496 1446 infe-

1910 1497 2092 1540 rorum
2119 1486 2247 1540 vitia
2280 1492 2334 1539 et
2358 1493 2599 1555 peccata,
2633 1484 2704 1539 ita
2737 1492 2864 1539 sunt
2890 1492 3062 1554 porta
3084 1483 3335 1553 iustitia,
3372 1485 3487 1539 vir-

1907 1586 2071 1643 tutes,
2103 1593 2202 1647 per
2222 1592 2357 1647 quas
2384 1577 2587 1631 intrant
2609 1576 2740 1647 justi
2769 1576 2822 1631 in
2852 1576 3113 1647 requiem.
3141 1576 3294 1633 Unde
3321 1577 3492 1632 David

1907 1670 2053 1725 canit
2083 1669 2310 1725 Domino
2339 1686 2353 1723 :
2394 1669 2497 1734 Qui
2523 1668 2728 1724 exultas
2762 1686 2844 1722 me
2882 1669 2949 1722 de
2992 1671 3156 1739 portis
3197 1671 3404 1734 mortis,
3436 1678 3492 1723 ut

1907 1762 2214 1817 annuntient
2262 1777 2437 1815 omnes
2490 1760 2822 1814 laudationes
2873 1769 2990 1814 tuas
3036 1762 3090 1814 in
3143 1760 3307 1831 portis
3358 1758 3492 1815 Sion

308 1840 410 1896 Sed
442 1851 590 1898 tanta
622 1844 755 1901 ﬁdes
783 1862 888 1903 non
916 1849 1019 1905 nisi
1049 1849 1117 1906 de
1143 1851 1469 1909 revelatione
1490 1855 1583 1910 Dei
1598 1855 1795 1923 Patris,
1827 1839 1877 1902 Β
1905 1851 2077 1924 (Ρεαι.
2111 1867 2186 1917 IX.
2219 1851 2331 1923 Μ)-
2379 1851 2485 1906 Per
2506 1866 2643 1921 quas
2674 1851 2929 1906 nimirum
2958 1861 3145 1923 Ροτιδδ
3177 1852 3492 1921 Pervenit“r

228 1941 285 1987 et
312 1936 659 2003 inspiratione
689 1938 924 2008 Spiritus
966 1943 1138 1996 sancti
1168 1980 1185 2009 ,
1236 1946 1496 2013 nascitur,
1522 1956 1583 2002 ut
1610 1947 1801 2004 Petrus

227 2027 451 2097 quisque
486 2031 577 2100 qui
609 2031 750 2087 hanc
795 2034 1044 2090 habuerit
1084 2036 1243 2093 ﬁdem
1273 2055 1303 2093 a
1332 2038 1588 2096 ﬁrmitate
1637 2050 1802 2112 petra

229 2118 457 2186 dicatur,
492 2137 600 2177 non
630 2138 792 2179 carne
821 2134 876 2181 et
912 2130 1171 2199 sanguine
1217 2130 1511 2196 revelante,
1547 2134 1640 2188 sed
1691 2134 1801 2190 Deo

226 2208 579 2279 illuminante,
608 2214 681 2269 ita
720 2224 779 2271 ut
797 2232 920 2274 cum
940 2220 1196 2290 Apostolo
1221 2240 1234 2275 :
1263 2220 1596 2280 Conversatio
1622 2237 1799 2282 nostra

225 2299 282 2352 in
304 2300 441 2355 catis
467 2303 536 2358 sit
559 2301 782 2377 (Philip.
800 2308 1012 2380 ιιι,20).
1029 2311 1182 2376 Quod
1207 2313 1255 2366 si
1275 2315 1561 2370 secundum
1590 2332 1798 2371 carnem

222 2401 283 2446 et
307 2395 613 2465 sanguinem
633 2398 881 2466 vivimus,
901 2409 955 2456 et
969 2402 1287 2459 conﬁtemur
1314 2404 1498 2461 Jesum
1524 2405 1797 2463 Christum

220 2482 416 2540 Filium
445 2484 540 2543 Dei
564 2489 707 2556 vivi,
760 2502 819 2546 ut
866 2501 994 2563 puta
1043 2494 1238 2565 dogma
1289 2496 1600 2567 huiusmodi
1629 2501 1799 2556 susci-

217 2576 430 2645 pientes
460 2592 494 2631 a
540 2581 856 2649 parentibus
906 2584 1161 2640 traditum
1213 2588 1409 2653 nobis,
1471 2597 1599 2646 tunc
1658 2589 1796 2648 forte

216 2661 381 2722 Pater
407 2683 512 2724 non
537 2670 797 2727 revelavit
819 2674 998 2742 nobis,
1020 2677 1114 2732 sed
1138 2693 1266 2733 caro
1290 2687 1344 2733 et
1374 2682 1591 2752 sanguis
1612 2680 1790 2753 (Rom.

214 2771 337 2822 vui,
366 2757 476 2831 l3).
492 2759 782 2833 Propterea
806 2781 907 2822 nec
925 2768 1150 2824 stabiles
1169 2785 1356 2827 sumus
1382 2772 1438 2826 in
1468 2772 1573 2829 ﬁde
1600 2773 1790 2844 ipsius,

212 2848 488 2907 necﬁrmi
529 2854 670 2910 sicut
710 2855 935 2925 Petrus,
984 2867 1040 2916 et
1086 2860 1209 2916 ideo
1254 2877 1355 2918 nec
1406 2862 1790 2920 beatitudinem

210 2955 551 3014 reportamus
571 2987 586 3012 ,
618 2963 718 3005 nec
745 2950 981 3007 similem
1020 2954 1412 3011 benedictionis
1440 2957 1691 3027 gratiam.
1724 2957 1790 3012 Et

209 3035 507 3090 notandum
542 3039 686 3107 quod
734 3048 942 3096 tantum
970 3052 1124 3112 petra
1148 3054 1234 3100 est
1262 3047 1630 3118 unusquisque
1657 3046 1787 3103 ﬁde-

206 3122 364 3189 lium,
388 3135 648 3195 quantum
680 3129 922 3186 imitator
952 3143 1036 3188 est
1062 3133 1288 3202 Christi,
1316 3145 1371 3191 et
1418 3144 1624 3192 tantum
1668 3137 1784 3206 lux,

1905 1943 2132 2000 feliciter
2177 1942 2246 1996 ad
2273 1943 2420 1997 illam
2448 1958 2611 1997 unam
2640 1950 2878 2011 portam,
2911 1944 2978 1999 de
3014 1958 3118 2013 qua
3150 1943 3265 2012 ipse
3291 1951 3486 2015 rogat:

1900 2036 2130 2106 Aperite,
2165 2035 2359 2105 inquit,
2392 2036 2523 2089 mihi
2548 2044 2727 2105 portas
2741 2035 2991 2104 justitiw,
3016 2036 3283 2106 ingressus
3306 2037 3365 2090 in
3391 2051 3480 2089 eas

1900 2127 2184 2197 conﬁtebor
2209 2126 2437 2182 Domino
2479 2126 2653 2197 (Psal.
2682 2144 2850 2191 cxvn,
2886 2128 2996 2195 l9).
3031 2128 3235 2183 Deinde
3281 2127 3487 2183 addidit

1898 2216 2064 2289 674
2092 2218 2238 2273 illam
2291 2234 2457 2274 unam
2500 2227 2735 2289 portam,
2766 2235 2887 2290 qua
2915 2218 3165 2275 Christus
3188 2228 3314 2275 est:
3352 2218 3485 2274 Haec

1897 2322 2048 2382 porta
2081 2311 2315 2377 Domini,
2356 2310 2494 2383 justi
2532 2312 2805 2367 intrabunt
2842 2328 2933 2383 per
2970 2306 3087 2366 eam
3131 2310 3321 2383 (Ibid.,
3366 2309 3482 2381 ΞΟ).

1898 2402 2033 2458 Cum
2063 2402 2173 2458 sint
2195 2417 2326 2474 ergo
2371 2402 2554 2457 multa
2593 2411 2648 2457 et
2696 2402 3118 2458 innumerabiles
3146 2411 3317 2473 porta
3345 2400 3483 2457 infe-

1897 2507 2103 2559 rorum,
2136 2492 2283 2547 nulla
2308 2507 2497 2547 earum
2518 2492 2775 2562 praevalet
2804 2501 2995 2548 contra
3022 2506 3171 2557 eum,
3202 2490 3328 2559 quia
3359 2499 3474 2556 aut,

1896 2593 1955 2639 ut
2009 2592 2161 2655 petra
2213 2591 2294 2640 est
2320 2623 2337 2651 ,
2393 2590 2489 2638 aut
2552 2581 2797 2639 Ecclesia
2852 2582 3118 2638 adiﬁcata
3175 2595 3336 2651 supra
3382 2595 3479 2652 pe-

1898 2683 2057 2730 tram.

1964 2764 2170 2822 Idcirco
2186 2765 2390 2839 iugiter
2407 2766 2673 2823 orandum
2697 2774 2782 2822 est
2809 2782 2824 2821 :
2852 2763 2936 2821 Ne
2955 2768 3168 2839 quando
3198 2768 3340 2823 dicat
3373 2767 3482 2821 ini-

1894 2859 2079 2925 micus,
2101 2859 2354 2941 pravalui
2375 2860 2623 2915 adversus
2643 2876 2760 2915 eum
2783 2857 2957 2932 (Psal.
2976 2877 3075 2926 xu,
3090 2860 3167 2933 5).
3201 2860 3338 2930 Quia
3355 2870 3482 2915 tunc

1891 2966 2019 3007 vere
2044 2952 2317 3023 praevalet,
2349 2953 2396 3008 si
2426 2954 2620 3009 vicerit
2649 2968 2820 3022 usque
2874 2953 2930 3009 in
2977 2952 3163 3019 ﬁnem,
3211 2961 3273 3007 ut
3322 2961 3480 3024 porta

1890 3060 1989 3101 nos
2016 3044 2304 3102 absorbeat
2331 3046 2563 3118 peccati,
2612 3060 2681 3102 ne
2718 3060 2821 3101 nos
2863 3046 2975 3117 jam
3006 3044 3148 3100 ultra
3193 3060 3483 3117 resurgere

1890 3138 1957 3191 ad
2005 3135 2250 3200 virtutes,
2306 3144 2399 3191 aut
2448 3137 2666 3193 vincere
2726 3136 2997 3208 possimus
3057 3145 3361 3208 peccatum.
3414 3135 3482 3189 Et

206 3224 475 3285 quantum
501 3218 834 3278 illuminatus
859 3239 890 3278 a
918 3224 1053 3280 luce.
1081 3226 1161 3282 Ac
1187 3241 1285 3297 per
1308 3228 1411 3284 hoc
1445 3238 1655 3285 tantum
1684 3230 1786 3286 Ec-
1812 3220 1857 3286 C
1890 3227 2008 3283 ideo
2036 3227 2285 3284 fortassis
2315 3244 2423 3285 non
2452 3228 2840 3299 praevalebunt,
2877 3229 2945 3285 de
2990 3226 3173 3285 futuro
3220 3228 3376 3295 dixit,
3423 3238 3481 3284 et

202 3305 372 3363 clesia
412 3308 614 3367 Christi
655 3328 819 3384 super
859 3330 953 3370 eos
982 3314 1257 3384 fundatur,
1301 3329 1562 3389 quantum
1600 3329 1655 3376 et
1681 3321 1785 3392 ipsi

205 3396 496 3454 firmantur
534 3418 565 3456 a
599 3402 837 3460 Christo.
890 3405 1044 3463 Unde
1086 3424 1193 3464 non
1245 3424 1407 3480 super
1439 3427 1546 3467 uno
1584 3410 1782 3479 Petro,

203 3505 393 3546 verum
437 3508 600 3564 super
643 3512 833 3553 omnes
869 3500 1141 3570 apostolos
1165 3502 1637 3573 apostolorumque
1659 3519 1784 3560 suc-

201 3598 447 3640 cessores
467 3586 707 3644 Ecclesia
732 3590 826 3645 Dei
848 3592 1171 3658 adiﬁcatur;
1211 3593 1350 3650 unde
1387 3594 1595 3649 David:
1634 3592 1785 3649 Fun-

192 3675 446 3730 damenta
503 3678 642 3748 ejus,
696 3679 889 3750 inquit,
940 3683 995 3736 in
1048 3684 1308 3737 montibus
1360 3684 1554 3738 sanctis
1606 3681 1780 3755 (Psal.

190 3769 523 3840 uxxvt,l).
571 3769 677 3825 Sed
719 3772 821 3843 ipsi
864 3783 1077 3829 montes
1130 3788 1290 3844 super
1345 3784 1582 3832 montem
1617 3776 1781 3848 673

193 3858 478 3915 Christum
515 3862 847 3920 adiﬁcantur
883 3866 1052 3936 prius.
1088 3866 1292 3922 Deinde
1331 3876 1387 3923 et
1424 3881 1582 3922 mons
1625 3867 1781 3923 Chri-

193 3958 322 4004 stus
380 3951 520 4007 ultra
556 3970 744 4011 omnes
792 3966 1003 4013 montes
1044 3966 1100 4013 et
1139 3957 1303 4015 colles
1328 3957 1584 4014 elevatur.
1626 3958 1779 4027 Quod

186 4049 384 4097 autem
437 4048 789 4116 repromittit,
823 4048 949 4119 quia
1003 4049 1181 4105 Porta
1234 4050 1389 4121 inferi
1434 4068 1534 4106 non
1579 4068 1781 4122 prava-

181 4133 375 4189 lebunt
432 4139 681 4195 adversus
742 4158 878 4207 eam,
934 4142 1018 4198 vel
1076 4143 1216 4198 sicut
1271 4143 1510 4199 nonnulli
1565 4144 1779 4202 codices

179 4228 428 4297 habent;
460 4247 568 4288 non
594 4235 962 4305 pravalebunt
987 4236 1070 4303 ei;
1104 4246 1251 4293 recte
1276 4238 1559 4308 quaritur,
1577 4239 1663 4294 cui
1689 4239 1778 4294 ei?

175 4320 296 4386 vel,
325 4323 588 4381 adversus
620 4328 824 4397 quam?
855 4328 1046 4384 Utrum
1071 4330 1332 4386 adversus
1367 4341 1580 4400 petram
1610 4347 1775 4403 supra

174 4426 353 4481 qnam
395 4412 697 4473 aedificatur
739 4415 983 4473 Ecclesia
1024 4419 1144 4485 Dei,
1182 4427 1276 4474 aut
1309 4419 1361 4475 ei
1387 4419 1640 4476 Ecclesia:
1664 4436 1773 4477 non

170 4505 559 4575 pravalebunt
603 4525 765 4580 quam
792 4512 1024 4566 adiﬁcat
1049 4511 1302 4568 Christus
1330 4528 1492 4585 supra
1520 4515 1774 4585 petram?

1889 3335 1995 3375 non
2027 3320 2093 3377 de
2121 3323 2399 3393 prasenti,
2430 3322 2557 3393 quia
2594 3322 2703 3377 rari
2736 3330 2863 3377 sunt
2895 3321 2951 3377 in
2978 3322 3177 3393 quibus
3201 3333 3323 3395 post
3353 3337 3479 3394 per-

1888 3420 2098 3482 ceptam
2130 3414 2361 3485 gratiam
2388 3413 2571 3485 aliqua
2602 3430 2793 3470 eorum
2839 3430 2949 3470 non
2996 3415 3289 3486 pravaleat
3317 3425 3477 3487 porta

1884 3503 2115 3573 peccati.
2165 3504 2362 3569 Etiam,
2394 3513 2455 3558 ut
2482 3505 2556 3559 ita
2588 3503 2784 3571 fatear,
2830 3520 2933 3560 nec
2985 3504 3101 3575 ipse
3131 3504 3324 3560 Petrus
3348 3505 3476 3573 fuit,

1886 3593 2133 3662 quamvis
2167 3592 2282 3661 jam
2331 3593 2506 3664 magis
2556 3609 2622 3649 ex
2651 3594 3126 3665 pradestinatione
3156 3594 3253 3650 Dei
3282 3596 3478 3653 beatus

1884 3697 2005 3738 esse
2055 3682 2283 3749 dicatur,
2331 3691 2521 3738 contra
2570 3698 2728 3754 quem
2784 3698 2895 3739 non
2954 3683 3303 3754 pravaluerit
3346 3685 3474 3741 dum

1883 3774 2130 3845 negavit;
2164 3774 2258 3829 sed
2287 3790 2397 3830 non
2426 3775 2622 3832 defecit
2651 3791 2682 3831 a
2706 3775 2832 3832 ﬁde.
2877 3776 3083 3832 Idcirco
3105 3776 3323 3833 tandem
3370 3777 3474 3834 ali-

1882 3865 2099 3936 quando
2120 3880 2248 3921 vere
2276 3881 2572 3923 conversus
2599 3882 2697 3937 per
2729 3867 2959 3939 gratiam
2991 3866 3227 3939 Spiritus
3272 3868 3471 3937 sancti,

1880 3955 2074 4012 deinde
2102 3965 2291 4012 contra
2315 3957 2489 4027 ipsum
2549 3956 2681 4012 nihil
2702 3957 2816 4028 jam
2842 3958 2985 4013 ultra
3010 3958 3314 4030 pravaluit,
3337 3958 3467 4016 dum

1879 4046 2056 4102 victor
2079 4047 2133 4102 in
2160 4046 2265 4104 fine
2292 4046 2507 4103 claruit.

1951 4135 2022 4191 Et
2054 4138 2147 4191 tibi
2181 4138 2340 4206 dabo,
2376 4139 2575 4210 inquit,
2605 4139 2772 4196 claves
2802 4142 2949 4213 regni
2994 4141 3263 4198 calorum.
3305 4143 3470 4201 Com-

1877 4238 2126 4302 petenter
2150 4232 2314 4304 igitur
2348 4233 2585 4304 primum
2610 4234 2939 4305 promissum
2969 4244 3070 4302 est,
3099 4234 3245 4306 quod
3276 4236 3327 4291 ei
3353 4253 3465 4294 non

1877 4322 2209 4394 pravaleant
2239 4331 2411 4393 porta
2457 4322 2776 4391 inferorum,
2826 4333 2881 4379 et
2910 4332 3117 4395 postea,
3172 4325 3289 4381 Tibi
3328 4327 3467 4382 dabo

1881 4412 2048 4469 claves
2079 4413 2227 4484 regni
2251 4412 2521 4468 caelorum.
2575 4412 2779 4485 Dignus
2818 4414 2963 4470 enim
2992 4424 3076 4471 est
3115 4416 3184 4472 ab
3232 4431 3300 4473 eo
3346 4418 3465 4489 ipso

1880 4504 2061 4561 Verbo
2085 4505 2330 4575 accipere
2358 4505 2536 4561 claves
2562 4505 2715 4578 regni
2743 4505 3026 4574 calorum,
3054 4507 3151 4578 qui
3175 4508 3465 4565 obstruxe-

168 4596 325 4665 Quia
357 4598 412 4653 id
438 4615 547 4656 non
576 4602 832 4671 exprimit
857 4602 1162 4669 manifeste,
1200 4611 1381 4660 tamen
1406 4604 1773 4661 indubitanter
1797 4599 1851 4660 D
1878 4600 1950 4655 rit
1976 4607 2163 4670 portas
2191 4598 2512 4664 inferorum,
2555 4606 2616 4652 ut
2666 4612 2773 4653 non
2824 4598 3160 4669 pravaleant
3206 4600 3467 4658 adversus

167 4690 520 4746 credendum
565 4701 671 4760 est,
720 4694 847 4764 quia
878 4710 977 4751 nec
1023 4694 1282 4751 adversus
1327 4705 1555 4766 petram,
1606 4712 1770 4767 supra

161 4797 347 4851 quam
388 4784 687 4841 aediﬁcatur
725 4785 986 4852 Ecclesia,
1028 4801 1129 4842 nec
1167 4787 1428 4844 adversus
1474 4787 1766 4844 Ecclesiam

159 4889 305 4945 qua
351 4875 651 4932 adiﬁcatur
704 4892 865 4948 supra
919 4875 1223 4944 hujnsmodi
1252 4886 1484 4948 petram.
1514 4877 1766 4949 Alioquin

157 4966 449 5022 adversus
488 4983 651 5039 quem
678 4978 847 5039 porta
894 4966 1277 5039 praevaluerint
1324 4966 1649 5034 inferorum,
1676 4968 1765 5026 ille

150 5072 361 5127 neque
411 5067 565 5130 petra
608 5059 866 5115 dicendus
915 5066 999 5114 est
1044 5072 1207 5127 supra
1260 5072 1423 5127 quam
1469 5072 1499 5111 a
1548 5057 1763 5114 Christo

148 5149 486 5207 aediﬁcatur
555 5152 818 5219 Ecclesia,
877 5166 1053 5222 neque
1105 5150 1348 5207 Ecclesia
1418 5165 1538 5221 qua
1599 5166 1764 5222 super

148 5250 393 5313 petram
421 5242 739 5300 aediﬁcatur.
772 5244 1036 5312 Quoniam
1082 5244 1126 5299 si
1182 5242 1547 5299 adiﬁcaretur
1601 5257 1763 5313 super

142 5342 414 5403 petram,
446 5334 574 5391 licet
614 5334 835 5391 ﬁumina
864 5336 1266 5404 inundaverint,
1316 5336 1464 5392 venti
1489 5334 1758 5406 ﬂaverint,

144 5433 316 5478 teste
333 5423 578 5491 Christo,
607 5441 714 5481 non
739 5426 886 5482 cadit
911 5427 1218 5497 quisquam,
1247 5428 1376 5499 quia
1403 5427 1659 5484 fundatus
1678 5438 1763 5485 est

136 5529 339 5588 supra
369 5526 600 5587 petram.
626 5516 885 5574 Novimus
932 5519 1058 5590 quia
1097 5528 1268 5590 porta
1296 5518 1592 5575 inferorum
1628 5519 1762 5575 vitia

132 5617 300 5667 sunt
342 5617 400 5663 et
426 5619 684 5681 peccata;
718 5627 843 5666 nam
878 5612 1299 5684 unumquodque
1335 5621 1619 5684 peccatum
1666 5628 1763 5683 per

130 5701 316 5773 quod
350 5700 702 5758 descenditur
729 5705 797 5759 ad
824 5704 1052 5771 inferos,
1098 5712 1250 5777 porta
1302 5714 1386 5761 est
1436 5703 1756 5773 inferorum,

130 5803 208 5850 et
246 5795 383 5853 ideo
403 5797 582 5854 omnis
615 5798 793 5854 anima
825 5815 946 5872 qua
977 5800 1249 5856 contrahit
1277 5800 1538 5857 adversus
1587 5815 1666 5867 se,
1702 5800 1756 5858 in

1874 4708 2019 4749 eum.
2046 4690 2211 4758 Quasi
2256 4689 2540 4761 pramium
2577 4689 2722 4745 enim
2761 4698 2884 4760 post
2910 4689 3226 4747 ﬁrmitatem
3256 4690 3378 4747 ﬁdei
3409 4701 3466 4747 et

1873 4784 2244 4840 fortitudinem
2288 4781 2661 4846 victoriarum,
2717 4781 2773 4837 in
2819 4782 3059 4838 secundo
3114 4781 3232 4839 loco
3260 4781 3464 4837 dantur

1874 4874 2054 4929 claves
2084 4872 2237 4944 regni
2268 4870 2530 4927 calorum
2558 4871 2609 4927 ei
2649 4871 2742 4942 qui
2771 4873 3009 4943 potuerit
3035 4873 3327 4930 virtutibus
3363 4873 3461 4928 ob-

1870 4973 2083 5019 struere
2104 4972 2290 5034 portas
2313 4959 2634 5028 inferorum,
2656 4971 2717 5018 ut
2743 4963 2859 5033 ipse
2904 4963 3008 5020 sibi
3034 4965 3244 5036 aperiat
3269 4970 3458 5034 portas

1873 5053 2024 5122 regni
2051 5052 2333 5119 calorum,
2363 5068 2483 5122 qua
2510 5051 2706 5108 clausa
2730 5063 2858 5110 sunt
2872 5054 2955 5110 eis
2981 5054 3074 5123 qui
3111 5054 3405 5111 vincuntur
3424 5068 3459 5109 a

1871 5142 2039 5209 vitiis,
2099 5150 2153 5198 et
2208 5142 2381 5213 portis
2432 5142 2829 5199 concluduntur
2878 5141 3198 5199 inferorum.
3264 5141 3456 5201 Omnis

1870 5253 2106 5309 namque
2141 5237 2353 5308 species
2376 5237 2638 5293 virtutum
2664 5253 2787 5294 cum
2808 5252 2876 5294 ex
2900 5238 3067 5293 corde
3087 5236 3252 5294 fuerit
3275 5236 3451 5293 adim-

1867 5330 2031 5401 pleta,
2066 5331 2221 5402 quasi
2247 5330 2362 5401 ipsa
2400 5328 2567 5385 clavis
2595 5330 2748 5402 regni
2775 5330 3007 5396 videtur,
3060 5330 3136 5385 ita
3184 5338 3247 5387 ut
3295 5329 3449 5387 inve-

1868 5424 2053 5478 niatur
2094 5423 2281 5479 eadem
2323 5423 2496 5479 virtus
2523 5431 2581 5478 et
2628 5421 2796 5477 clavis
2838 5436 2960 5478 esse
2998 5432 3171 5493 porta
3207 5422 3370 5481 simul
3396 5433 3454 5481 et

1865 5524 2020 5588 porta
2062 5530 2162 5589 per
2185 5530 2348 5586 quam
2394 5513 2648 5569 introitur
2699 5511 2768 5567 ad
2815 5526 3064 5584 regnum.
3114 5514 3447 5573 ldcirconec

1864 5610 2136 5667 immerito
2165 5618 2245 5665 tot
2282 5608 2535 5663 dicuntur
2572 5605 2777 5673 claves,
2815 5615 2949 5677 quot
2994 5607 3197 5665 fuerint
3248 5610 3450 5668 habita

1859 5703 2111 5759 virtutes.
2142 5698 2449 5756 Praesertim
2492 5698 2618 5767 quia
2667 5712 3002 5771 unaquaque
3049 5702 3221 5759 virtus
3275 5718 3440 5775 quam

1862 5811 2006 5866 sape
2048 5803 2104 5850 et
2145 5791 2303 5850 simul
2336 5804 2526 5846 omnes
2555 5789 2784 5846 virtutes
2813 5806 3039 5861 regnum
3080 5793 3339 5851 calorum
3363 5794 3446 5849 di-
