4004 6362
501 347 606 404 563

1315 342 1370 398 S.
1412 337 1766 398 PASCHASII
1805 333 2152 393 BADBERTI
2189 335 2480 392 ABBATIS
2519 334 2969 392 CORBEIENSIS

3663 321 3777 398 est

501 476 729 531 cuntur;
791 451 846 520 et
893 453 1174 534 propttarea
1205 458 1294 532 qui
1348 477 1442 518 eas
1490 458 1739 515 habuerit
1786 456 2080 512 secundum
2112 454 2163 515 Α
2191 454 2426 518 lmerint,
2463 465 2588 511 tunc
2618 471 2648 509 a
2680 455 2962 512 sacerdote
2977 455 3199 524 jubetur
3226 465 3286 511 ut
3317 456 3579 512 immundi
3599 455 3763 525 fiant;

502 573 638 628 quas
683 557 832 619 vivit,
887 556 1100 610 videtur
1143 569 1267 609 esse
1318 553 1371 607 in
1419 567 1584 622 regno
1630 550 1887 604 cmlorum
1932 556 1987 603 et
2028 549 2082 601 in

503 654 718 706 civitate
748 652 1029 711 virtutum,
1061 647 1449 724 675°contra
1477 661 1611 716 quas
1641 643 1835 698 inferni
1863 643 2010 712 leges
2031 648 2087 695 et

507 753 832 797 tartarornm
861 750 1050 812 portze,
1083 749 1137 794 et
1164 739 1345 793 omnia
1383 738 1572 791 mortis
1624 737 1857 790 claustra
1889 733 2085 788 dissol-

504 845 718 896 ventur,
748 844 799 888 et
836 834 1150 902 aperientur
1173 829 1352 898 januze
1380 830 1523 884 vitae.
1557 827 1850 898 Sequitur:

581 928 646 980 Et
673 927 1014 996 quodcunque
1035 925 1278 994 ligaveris
1307 939 1464 990 supra
1489 931 1704 985 terram,
1739 922 1834 974 erit
1866 918 2084 988 ligatum

505 1029 552 1074 et
579 1019 634 1072 in
663 1018 821 1081 caelis,
848 1028 894 1071 et
933 1016 1276 1087 quodcunque
1303 1013 1519 1067 solveris
1549 1029 1706 1082 super
1730 1021 1947 1074 terram,
1989 1009 2086 1062 erit

507 1109 735 1165 solutum
764 1118 811 1162 et
839 1109 893 1161 in
922 1107 1082 1161 cwlis.
1116 1107 1310 1173 Quaeso
1340 1104 1706 1173 unusquisque
1734 1101 2087 1154 circumstan-

511 1201 640 1255 tiam
693 1201 938 1255 lectionis
996 1196 1154 1266 hujus
1195 1197 1480 1267 diligenter
1525 1194 1788 1250 intendat.
1851 1192 2088 1244 maxime

509 1300 690 1346 tamen
717 1292 978 1361 episcopi,
1016 1290 1212 1368 quibus
1252 1288 1468 1341 videtur
1518 1303 1641 1341 cum
1689 1285 1850 1338 Petro
1874 1292 1928 1337 et
1964 1299 2086 1336 cum

2190 567 2294 604 non
2324 554 2466 620 quod
2509 552 2762 629 sacerdos
2813 553 3056 622 leprosos
3087 552 3317 607 mundos
3353 553 3518 606 faciat
3549 533 3771 607 autim-

2190 643 2435 704 mundos,
2483 643 2575 697 sed
2615 643 2760 712 quod
2805 644 3006 698 habeat
3053 644 3300 698 notitiam
3346 643 3544 712 leprosi
3574 651 3633 696 et
3665 659 3772 698 non

2188 733 2405 802 leprosi,
2429 735 2665 803 etpossit
2689 735 2997 789 discernere
3018 735 3111 804 qui
3137 736 3317 789 nuindi
3347 735 3475 798 sint,
3501 735 3662 804 quive
3681 735 3776 787 im-

2190 828 2395 880 mundi.
2429 827 2707 894 Quomodo
2733 843 2862 895 ergo
2882 827 2951 882 ibi
2971 813 3225 882 sacerdos
3247 827 3506 880 mundum
3536 825 3668 879 facit
3683 834 3778 880 aut

2191 920 2549 984 immundum,
2583 921 2663 975 sic
2691 929 2743 972 et
2767 919 2853 973 hic
2883 919 3066 988 alligat
3089 917 3174 970 vel
3199 917 3358 971 solvit
3379 916 3668 986 episcopus
3691 914 3778 969 vel

2190 1019 2492 1085 presbyter,
2527 1031 2632 1069 non
2678 1030 2770 1068 eos
2796 1014 2885 1083 qui
2914 1013 3056 1067 noxii
3091 1022 3234 1075 sunt,
3269 1011 3352 1065 vel
3400 1010 3628 1071 innoxii,
3681 1023 3781 1062 suo

2191 1109 2434 1169 arbitrio,
2487 1109 2578 1161 sed
2635 1105 2959 1176 pontificalis
3015 1103 3195 1158 officio
3243 1119 3363 1158 cum
3424 1112 3779 1172 peccatorum

2191 1201 2423 1255 audierit
2446 1199 2757 1260 varietates,
2791 1198 2891 1251 scit
2921 1198 3008 1266 qui
3051 1195 3252 1265 ligandi
3294 1193 3424 1258 sint,
3473 1193 3637 1261 quive
3675 1191 3782 1245 sol-

2193 1290 2372 1343 vendi.
2408 1289 2471 1342 Et
2499 1289 2541 1343 si
2573 1288 2842 1357 quispiam
2886 1301 3042 1340 secus
3092 1284 3521 1355 praesumpserit,
3566 1298 3671 1335 non
3719 1284 3783 1336 de

510 1382 763 1436 omnibus
793 1381 1049 1452 apostolis
1075 1382 1189 1434 hzec
1218 1389 1456 1448 potestas
1482 1376 1768 1447 specialius
1796 1391 1824 1428 a
1860 1373 2096 1472 Dominq
2188 1380 2400 1450 justitia
2429 1388 2484 1433 et
2513 1393 2642 1432 vero
2677 1378 2845 1440 venit,
2877 1377 2970 1430 sed
2999 1377 3064 1429 de
3091 1375 3236 1428 fastu
3260 1384 3316 1427 et
3358 1373 3785 1442 prmsrttiiptione

511 1477 792 1538 attributa,
822 1476 946 1529 licet
966 1483 1020 1529 et
1049 1475 1193 1527 omni
1222 1473 1472 1526 Ecclesia:
1500 1471 1685 1524 eadem
1709 1469 1778 1522 sit
1801 1469 2086 1527 concessa;

511 1568 765 1635 quoniam
793 1567 884 1634 qui
914 1567 1053 1620 hanc
1076 1565 1178 1618 sibi
1210 1564 1320 1616 vult
1355 1562 1633 1618 vindicare
1656 1562 1908 1631 gratiam,
1935 1561 2092 1612 debet

511 1657 876 1714 infirmitatem
910 1655 1054 1710 Petri
1088 1656 1138 1709 in
1162 1664 1312 1724 petra
1340 1665 1538 1715 tenere,
1558 1653 1826 1720 iidemque
1856 1649 2093 1702 moribus

511 1757 564 1801 et
607 1762 740 1802 voce
788 1748 1105 1816 praedicare,
1157 1746 1350 1799 deinde
1382 1744 1560 1798 claves
1605 1743 1753 1812 regni
1800 1757 1934 1810 quas
1982 1739 2092 1794 dixi

2192 1472 2608 1531 Phariszeorum,
2635 1471 2760 1538 quia
2785 1484 2888 1522 non
2916 1478 3042 1522 sunt
3067 1467 3131 1519 ad
3157 1467 3258 1519 hoc
3285 1464 3457 1524 missi.
3485 1475 3544 1516 ut
3576 1464 3788 1531 disper-

2195 1566 2324 1618 dant
2369 1572 2423 1617 et
2455 1563 2726 1626 occidant,
2775 1561 2868 1615 sed
2925 1567 2983 1613 ut
3022 1558 3284 1627 colligant
3337 1564 3390 1609 et
3439 1555 3654 1609 solvent
3693 1569 3789 1607 eos

2197 1657 2358 1711 etiam
2389 1655 2480 1724 qui
2525 1653 2839 1708 ceciderint.
3047 1721 3052 1724 _

2273 1745 2416 1798 Tunc
2447 1744 2690 1814 pra’cepit
2741 1739 3015 1810 discipulis
3064 1739 3173 1792 suis
3214 1747 3266 1790 ut
3311 1737 3504 1790 nemini
3552 1736 3787 1788 dicerent

509 1825 727 1903 habere.
756 1839 1084 1907 easdemque
1107 1837 1286 1890 ClaV'eS
1315 1850 1421 1888 ηοη
1454 1849 1484 1887 ³
1517 1849 1597 1897 se.
1626 1831 1719 1886 sed
1769 1847 1797 1885 ³
1848 1831 2094 1893 θυιηίηο,
2127 1837 2176 1898 Β
2204 1840 2326 1909 quia
2381 1840 2486 1907 ipse
2535 1846 2612 1891 est
2637 1835 2896 1889 Christus.
2932 1833 3197 1900 Quoniam
3242 1831 3380 1885 alios
3434 1829 3656 1898 spiritus
3709 1830 3793 1882 sui

513 1940 567 1984 et
596 1945 691 1999 per
721 1929 1032 1987 Dominum.
1066 1927 1217 1996 quasi
1271 1925 1508 1981 caalestis
1549 1924 1752 1995 janitor
1800 1923 2096 1977 custodire.

516 2019 663 2074 Alias
685 2029 866 2073 autem
898 2020 1002 2072 nisi
1023 2017 1222 2084 judicia
1249 2015 1366 2083 ejus
1395 2024 1653 2071 maneant
1685 2016 1837 2068 firma
1874 2015 1926 2067 in
1949 2011 2102 2067 Chri-

524 2119 649 2174 sto,
701 2110 854 2178 quasi
903 2111 1013 2162 Deo
1061 2106 1339 2177 judicante
1392 2123 1490 2178 per
1538 2108 1744 2177 ipsum,
1802 2105 2100 2159 timendum

518 2215 583 2250 ne
627 2207 817 2251 contra
876 2199 1047 2266 ipsum
1099 2198 1190 2266 qui
1243 2197 1371 2268 ligat
1409 2205 1500 2251 aut
1545 2197 1727 2261 solvit,
1775 2195 2102 2266 praevaleant

513 2303 680 2361 porta)
702 2291 1020 2355 inferorum,
1056 2292 1099 2345 si
1133 2291 1328 2361 injuste
1350 2291 1578 2359 judicat,
1601 2299 1655 2344 et
1676 2306 1780 2344 non
1807 2289 2098 2344 secundum

513 2385 604 2440 Dei
627 2385 873 2438 verbum.
907 2386 1180 2438 Adversus
1209 2397 1367 2454 quem
1398 2395 1579 2437 autem
1607 2394 1776 2453 porta:
1804 2383 2096 2436 inferorum

516 2493 625 2532 non
666 2477 1072 2549 praevaluerint,
1128 2478 1239 2546 ipse
1276 2475 1422 2544 juste
1463 2476 1694 2545 judicat,
1737 2476 1864 2544 quia
1921 2475 2098 2529 claves

511 2570 661 2640 regni
691 2584 721 2622 a
760 2569 987 2623 Domino
1036 2567 1148 2637 jam
1196 2578 1482 2638 perceptas
1514 2583 1694 2622 secum
1729 2575 1926 2636 portat.
1962 2567 2096 2620 Pro-

509 2674 633 2734 pter
660 2663 803 2734 quod
855 2671 911 2717 et
959 2662 1134 2732 aperit
1189 2662 1268 2715 eis
1317 2661 1409 2730 qui
1471 2659 1633 2714 soluti
1690 2660 1886 2713 fuerint
1936 2673 2098 2726 super

515 2765 735 2818 terram,
766 2762 826 2808 ut
860 2755 968 2807 sint
1003 2747 1162 2807 Soluti
1195 2762 1248 2806 et
1294 2752 1450 2806 liberi
1503 2751 1555 2805 in
1589 2751 1761 2805 caelis.
1803 2751 1867 2804 Et
1897 2749 2098 2804 claudit

512 2850 620 2910 eis.
651 2849 741 2917 qui
767 2847 915 2916 justo
955 2845 1161 2913 judicio
1188 2844 1306 2913 ejus
1345 2844 1494 2912 ligati
1546 2843 1749 2902 fuerint
1797 2858 1956 2911 super
1988 2852 2095 2896 ter-

515 2955 653 3004 ram,
687 2948 747 2993 ut
775 2940 883 2993 sint
905 2937 1061 3016 quasi
1091 2935 1240 3005 ligati
1273 2935 1325 2988 in
1355 2934 1493 2990 coelo
1513 2941 1567 2989 et
1582 2935 1844 3004 judicati;
1877 2943 1931 2986 et
1955 2933 2092 2997 ideo,

511 3028 691 3101 quasi,
721 3027 852 3091 dixi,
883 3026 1008 3094 quia
1035 3041 1140 3079 non
1174 3025 1223 3078 in
1248 3024 1404 3080 caelis
1426 3033 1605 3087 erunt,
1629 3024 1722 3078 sed
1751 3023 1875 3077 inde
1897 3023 2094 3092 repulsi

514 3118 732 3173 caeleste
780 3131 963 3170 secum
1005 3113 1270 3182 judicium
1310 3115 1605 3184 portabunt
1661 3113 1726 3168 ad
1779 3113 1997 3175 inferos,
2047 3115 2090 3168 si

504 3211 652 3280 juste
703 3210 848 3281 ligati
903 3208 1123 3263 fuerint.
1183 3210 1248 3263 Et
1297 3209 1416 3263 ideo
1466 3207 1815 3263 formidolosa
1852 3197 2168 3276 utrisqueG

513 3303 777 3358 incumbit
812 3302 1140 3365 necessitas;
1167 3310 1220 3355 et
1249 3300 1337 3370 qui
1355 3299 1564 3368 judicat
1591 3315 1654 3353 ac
1681 3299 1831 3370 ligat,
1865 3315 1930 3353 ne
1958 3299 2095 3353 forte

513 3395 711 3466 injuste
744 3395 868 3464 liget
899 3404 991 3448 aut
1026 3395 1226 3453 solvat;
1256 3403 1309 3447 et
1347 3394 1436 3462 qui
1473 3391 1753 3460 judicatur
1787 3407 1850 3444 ac
1882 3392 2091 3460 ligatur,

512 3501 579 3541 ne
611 3487 747 3542 forte
774 3487 971 3558 ligatus
1019 3496 1111 3540 aut
1151 3485 1425 3554 judicatus
1446 3485 1613 3554 juste,
1646 3486 1770 3539 hinc
1802 3494 2095 3553 antequam

512 3577 768 3641 solvatur,
805 3587 980 3634 exeat.
1036 3578 1421 3632 Verumtamen
1463 3577 1656 3631 ovibus
1703 3575 1930 3640 Christi,
1963 3590 2098 3643 quo-

511 3667 644 3724 libet
691 3671 850 3724 modo
897 3670 1025 3741 ligct
1063 3679 1268 3737 pastor,
1321 3682 1537 3737 semper
1567 3663 1802 3722 timenda
1836 3682 1898 3720 ac
1937 3680 2087 3719 reve-

520 3763 684 3815 renda
714 3771 795 3815 est
821 3761 1084 3816 sententia
1118 3760 1368 3831 pastoris,
1408 3777 1476 3814 ne
1515 3759 1653 3813 forte
1682 3759 1892 3829 culpam
1934 3774 2095 3826 quam

512 3867 622 3907 non
674 3855 947 3909 contraxit
994 3871 1058 3908 ex
1111 3853 1254 3907 facto
1307 3855 1549 3907 incurrat
1600 3868 1711 3922 prae
1762 3862 2093 3921 contemptu.

512 3944 778 4000 Czcterum
828 3946 1072 4014 quamvis
1120 3945 1201 3999 eis
1243 3944 1441 4014 ligandi
1487 3943 1835 4012 solvendique
1883 3952 2098 3996 maneat

515 4048 777 4108 potestas,
808 4039 908 4091 nisi
935 4036 1080 4105 juste
1127 4035 1409 4106 ligaverint
1438 4045 1529 4087 aut
1561 4035 1819 4088 solverint
1864 4034 1944 4102 (ut
1973 4051 2096 4087 Cllltl

515 4147 701 4186 eorum
735 4146 865 4202 pace
892 4131 1080 4198 loquar
1117 4129 1207 4196 qui
1241 4127 1408 4196 ligant
1452 4135 1543 4178 aut
1596 4125 1856 4193 solvunt),
1893 4127 2089 4180 ridicu-

513 4223 622 4277 lum
654 4234 736 4276 cst
756 4221 1013 4292 cogitare,
1046 4230 1137 4272 aut
1159 4219 1379 4279 sentire,
1415 4226 1469 4270 et
1500 4216 1852 4292 periculosius
1896 4216 2095 4282 facere,

513 4315 571 4367 'ut
594 4314 640 4368 is
667 4314 758 4382 qui
789 4313 839 4365 iu
873 4310 1105 4363 vinculis
1139 4316 1484 4378 peccatorum
1513 4322 1736 4361 suorum
1771 4307 1969 4377 ligatus
1993 4319 2094 4371 est,

513 4416 568 4461 et
594 4404 984 4473 constringitur
1011 4402 1317 4470 pmnaliter,
1361 4409 1585 4470 propter
1611 4401 1711 4453 hoc
1742 4401 1936 4462 solum,
1971 4403 2095 4470 quia

513 4499 800 4568 episcopus
830 4497 1029 4551 dicitur
1048 4496 1214 4567 G76
1261 4494 1460 4548 habere
1499 4492 1804 4563 hujnsmodi
1861 4505 2098 4563 potesta-

513 4600 646 4660 tein,
679 4597 736 4652 ut
758 4590 825 4640 ab
857 4603 920 4641 eo
948 4561 1142 4650 soluti:
1171 4561 1281 4639 sint
1317 4585 1477 4640 soluti
1512 4561 1579 4638 et
1614 4585 1666 4638 in
1695 4561 1880 4639 cmlis:
1914 4594 1999 4639 aut
2026 4586 2094 4639 Ii-
2128 4561 2179 4622 D

512 4680 624 4760 gati
654 4678 706 4731 in
741 4679 924 4741 terris,
957 4678 1068 4731 sint
1099 4678 1246 4748 ligati
1271 4685 1325 4730 et
1349 4677 1400 4730 in
1425 4675 1596 4736 caelis,
1640 4677 1744 4730 hoc
1772 4685 1874 4739 est,
1910 4676 1960 4729 in
1992 4691 2100 4731 cm-

514 4773 690 4827 lorum
717 4767 940 4839 judicio.
974 4769 1129 4823 Absit
1153 4785 1281 4840 ergo
1312 4770 1413 4822 hoc
1442 4768 1510 4822 ab
1556 4768 1648 4822 illo
1691 4778 1880 4823 senatu
1937 4769 2099 4823 coale-

516 4857 656 4926 rum,
704 4872 761 4915 ut
811 4861 1105 4915 secundum
1163 4870 1366 4914 motum
1419 4861 1582 4915 animi
1616 4861 1979 4929 superbientis
2010 4871 2132 4916 aut~

518 4957 806 5012 irascentis
826 4955 1132 5023 cujuslibet,
1161 4963 1212 5008 et
1240 4956 1336 5024 ipsi
1362 4955 1558 5026 injuste
1587 4955 1746 5024 ligent
1779 4957 2103 5010 antsolvant

516 5066 700 5118 coram
726 5049 904 5106 oculis
934 5050 1128 5108 summi
1153 5048 1354 5116 judicis
1379 5052 1558 5106 omnia
1589 5052 2100 5121 eircumspicicntis.

517 5143 770 5210 Quinimo
794 5143 963 5213 magis
989 5142 1305 5204 timendum,
1330 5156 1394 5194 ne
1423 5140 1818 5194 forteincurrat
1840 5143 2102 5211 judicium

509 5238 674 5308 judex
705 5236 828 5289 vitae
874 5235 1081 5299 alienie,
1120 5235 1247 5306 quia
1278 5233 1494 5288 Veritas
1544 5237 1794 5290 omnibus
1831 5237 2005 5290 dixit:
2039 5237 2102 5291 In

517 5317 825 5400 quocunque
847 5329 1052 5397 judicio
1070 5328 1465 5398 judicaveritis,
1485 5329 1857 5398 judicabimiui
1885 5330 2100 5401 (Matth.

515 5420 713 5492 Vtt,2).
749 5420 815 5474 Et
860 5421 980 5475 ideo
1009 5421 1328 5483 cavendum,
1381 5422 1613 5473 maxime
1668 5431 1845 5475 tamen
1897 5423 1990 5490 qui
2046 5424 2097 5476 itt

519 5513 716 5566 divinis
737 5512 984 5580 judicant
1013 5513 1204 5576 rebus,
1225 5528 1290 5566 eo
1323 5497 1469 5581 quod
1502 5513 1643 5581 apud
1676 5513 1956 5566 Dominum
1994 5531 2098 5567 non

519 5604 784 5658 sententia
818 5605 1159 5658 sacerdotum
1195 5613 1425 5666 tantum,
1459 5619 1646 5657 verum
1680 5613 1732 5657 et
1753 5618 1965 5658 reorum
1993 5607 2097 5659 vita

518 5699 798 5769 qumritur.
834 5699 965 5754 Nam
998 5710 1052 5754 et
1082 5701 1134 5754 in
1167 5700 1408 5755 Levitico
1437 5701 1501 5754 de
1539 5701 1789 5770 Ieprosis,
1823 5702 1910 5754 tibi
1935 5701 2096 5770 jube-

527 5806 612 5850 tnr
641 5801 700 5846 ut
747 5793 1036 5846 ostendant
1063 5808 1120 5847 se
1152 5793 1544 5854 sacerdotibus,
1573 5801 1626 5846 et
1656 5793 1699 5845 si
1749 5792 1952 5862 lepram
1996 5795 2092 5848 ha-

2204 1945 2328 1984 esse
2355 1939 2521 1983 testes
2551 1927 2837 1996 oportebat
2863 1940 3023 1994 quam
3075 1922 3370 1993 apostolos.
3401 1920 3574 1991 legem
3602 1919 3794 1972 videli—

2205 2029 2288 2075 cet
2328 2031 2380 2074 et
2415 2019 2727 2090 prophetas.
2764 2016 3200 2071 Bcsurrectionis
3241 2023 3419 2067 autem
3464 2027 3577 2065 sum
3638 2012 3796 2065 testi-

2205 2114 2470 2174 monium,
2511 2112 2788 2182 preprium
2828 2119 2913 2164 est
2958 2107 3348 2179 apostolorum.
3410 2105 3478 2159 Et
3521 2106 3642 2159 ideo
3687 2121 3796 2160 non

2203 2212 2362 2257 antea
2394 2217 2557 2271 quam
2608 2211 2737 2256 tunc
2783 2200 3019 2269 primum
3071 2197 3484 2259 conﬁrmantur,
3528 2205 3586 2249 ut
3625 2205 3799 2250 testes

2205 2295 2396 2348 fierent
2443 2293 2618 2347 idonei
2670 2292 2723 2345 in
2765 2289 2968 2360 Spiritu
3014 2289 3277 2343 veritatis.
3314 2287 3370 2340 In
3399 2302 3510 2357 quo
3532 2286 3796 2340 nimirum

2202 2397 2473 2458 praecepto
2527 2387 2856 2449 declaratur,
2911 2384 3037 2452 quia
3085 2382 3373 2437 scientium
3427 2380 3482 2433 in
3518 2379 3793 2448 Spiritum

2201 2481 2477 2536 Christum
2504 2479 2784 2534 beatitudo
2809 2485 3104 2532 monstrata
3133 2485 3235 2529 est.
3270 2474 3492 2544 Negaue
3515 2487 3647 2526 vero
3675 2489 3799 2526 rur-

2201 2588 2322 2626 sum
2361 2571 2686 2626 humilitatis
2733 2579 2787 2625 et
2817 2570 3086 2639 passionis
3107 2567 3223 2636 ejus
3263 2564 3563 2636 periculurn
3607 2564 3795 2618 decla-

2202 2674 2374 2719 ratur.
2409 2663 2699 2733 Propterea
2727 2677 2740 2716 :

2271 2759 2477 2813 Exinde
2505 2759 2672 2827 coepit,
2709 2755 2904 2824 inquit,
2930 2753 3196 2808 ostendere
3225 2752 3347 2823 quia
3374 2749 3641 2819 oportebat
3670 2764 3795 2800 eum

2203 2849 2619 2918 Hierosolymam
2656 2849 2763 2911 ire,
2812 2859 2858 2900 et
2909 2847 3018 2915 pali
3045 2844 3209 2913 multa
3243 2861 3274 2896 a
3305 2840 3598 2896 seniOribus
3629 2839 3797 2908 plebis

2199 2955 2243 2997 et
2274 2942 2480 3003 scribis,
2509 2951 2554 2994 et
2599 2957 2628 2992 α
2655 2937 2977 3010 principibus
3005 2936 3333 2989 sacerdotum
3373 2933 3541 2986 occidi
3567 2973 3581 2994 ,
3633 2941 3681 2982 et
3715 2932 3798 2984 die

2199 3037 2350 3088 tertia
2383 3049 2647 3102 resurgere
2684 3030 2868 3102 677.
2917 3028 3022 3083 Sed
3055 3043 3216 3097 quam
3249 3025 3613 3095 dispensative
3659 3039 3793 3092 apo-

2200 3129 2366 3182 stolos
2397 3128 2462 3180 ad
2492 3128 2630 3180 hanc
2678 3125 2986 3178 introducat
3025 3122 3202 3187 fidem,
3238 3120 3421 3175 nescio
3452 3119 3534 3172 vel
3582 3119 3626 3172 si
3674 3120 3790 3172 rari

2200 3222 2307 3274 sint
2337 3219 2425 3288 qui
2468 3216 2784 3284 intelligant.
2832 3215 2963 3268 Nam
3007 3213 3268 3283 superius
3304 3212 3496 3264 Petrus
3542 3212 3631 3263 vix
3675 3221 3795 3264 tan-

2200 3312 2320 3365 dem
2352 3308 2595 3378 pervenit
2640 3315 2697 3359 ut
2727 3307 3073 3359 conliteretur
3099 3323 3110 3356 :
3143 3304 3217 3356 'l‘u
3249 3321 3300 3357 es
3328 3301 3569 3357 Christus
3622 3301 3792 3355 Filius

2205 3403 2297 3455 Dei
2330 3403 2444 3464 rivi,
2475 3408 2530 3452 ct
2553 3401 2653 3453 hoc
2679 3414 2785 3451 non
2814 3397 2915 3450 nisi
2953 3395 3113 3448 Patre
3155 3395 3221 3447 de
3244 3394 3378 3447 Filio
3406 3393 3704 3449 revelante.
3745 3401 3794 3444 et

2203 3511 2324 3551 mox
2368 3493 2623 3564 praecepit
2665 3491 2711 3544 ei
2752 3499 2805 3544 et
2848 3488 3098 3542 omnibus
3137 3485 3433 3554 discipulis,
3480 3483 3548 3538 Ut
3597 3485 3792 3537 nemini

2201 3589 2428 3641 dicerent
2467 3587 2589 3656 quia
2626 3584 2732 3653 ipse
2778 3593 2852 3635 est
2905 3579 3162 3632 Christus.
3209 3578 3347 3644 Quid
3387 3586 3547 3647 putas
3585 3577 3787 3645 praedi-

2201 3679 2441 3733 C.t\'(3|'llll-
2467 3677 2636 3746 prius,
2679 3674 2894 3744 quando
2928 3673 3128 3724 dictum
3159 3679 3241 3723 est
3272 3670 3349 3722 cis
3384 3687 3396 3721 :
3433 3667 3494 3720 In
3522 3669 3636 3720 vias
3662 3684 3788 3738 gen-

2201 3772 2332 3823 tium
2361 3787 2422 3822 ne
2453 3768 2706 3832 abieritis,
2733 3766 2855 3819 etin
2876 3766 3108 3818 civitates
3133 3761 3596 3818 Samaritanorum
3623 3778 3684 3814 ne
3714 3762 3793 3814 iu-

2202 3861 2491 3923 trureritis;
2514 3860 2582 3912 ite
2611 3859 2780 3927 potius
2796 3855 2864 3909 ad
2887 3872 3000 3909 oves
3023 3853 3253 3923 perditas
3269 3853 3455 3906 domus
3473 3849 3668 3912 Israel,
3685 3860 3789 3904 etc.

2205 3949 2417 4010 (Flauii.
2450 3965 2500 4011 κ,
2535 3947 2645 4016 56).
2693 3948 2824 4013 Quae
2876 3945 3010 3999 dixit
3060 3945 3160 4007 eis,
3203 3943 3424 3996 mittens
3475 3941 3543 3994 ad
3595 3941 3794 4010 praedi-

2202 4043 2450 4095 candum.
2477 4040 2611 4105 Quid
2644 4055 2793 4109 ergo,
2826 4038 2869 4092 si
2911 4039 2978 4090 ad
3025 4036 3358 4105 apostolatus
3404 4032 3643 4087 ollicium
3682 4031 3792 4099 jam

2204 4146 2329 4187 tunc
2360 4133 2725 4195 mittebantur,
2784 4130 2929 4183 aliud
2979 4128 3275 4199 praedicare
3325 4134 3574 4196 poterant
3630 4137 3793 4192 quam

2202 4227 2496 4287 Christum,
2537 4225 2624 4292 qui
2658 4239 2714 4277 sc
2745 4223 2894 4276 miris
2929 4230 2984 4276 et
3010 4219 3238 4274 diversis
3267 4218 3511 4288 quotidie
3531 4218 3793 4287 operibus

2204 4321 2488 4376 Dominum
2537 4334 2657 4373 esse
2705 4315 3052 4371 declarabat?
3100 4315 3166 4368 Et
3207 4313 3252 4367 si
3306 4322 3433 4366 tunc
3481 4312 3660 4372 adhuc
3707 4326 3798 4364 eos

2203 4413 2386 4476 mittit,
2413 4420 2462 4463 et
2490 4409 2702 4462 volebat
2724 4416 2781 4461 ut
2801 4423 2922 4461 cum
2955 4405 3361 4463 annuntiarcnt,
3391 4401 3518 4471 quid
3546 4411 3632 4453 est
3651 4399 3795 4468 quod

2206 4519 2348 4557 nunc
2387 4501 2644 4570 praecepit
2688 4499 2890 4552 eisdem
2931 4495 3210 4564 discipulis
3255 4503 3310 4547 ttt
3345 4492 3548 4548 nemini
3594 4492 3798 4553 dicant,

2205 4593 2458 4663 quoniam
2485 4593 2595 4661 ipsc.
2622 4600 2704 4644 est
2735 4589 3016 4644 Christus?
3040 4588 3095 4641 Si
3128 4596 3310 4639 autem
3335 4584 3551 4638 nolebat
3579 4599 3639 4637 se
3667 4599 3800 4651 pne-

2207 4688 2394 4750 dicari,
2423 4688 2693 4756 quomodo
2742 4685 3031 4754 implentur
3069 4699 3188 4753 qua:
3235 4682 3487 4751 praedicta
3522 4690 3647 4734 sunt
3686 4682 3798 4743 eis;

2207 4779 2362 4848 quale
2387 4787 2467 4831 est
2496 4778 2654 4831 illud:
2688 4775 2917 4829 Tradent
2945 4775 3080 4828 enim
3106 4792 3191 4828 vos
3217 4775 3271 4826 in
3294 4771 3534 4832 concilio,
3559 4781 3605 4824 et
3631 4772 3683 4823 in
3711 4788 3801 4840 sy-

2209 4871 2420 4941 nagogis
2463 4869 2572 4921 suis
2616 4867 2951 4938 ﬂagellabant
2980 4885 3065 4919 ros
3105 4875 3314 4935 propter
3340 4881 3440 4927 me,
3482 4865 3538 4916 in
3562 4865 3801 4916 testimo-

2211 4967 2350 5019 nium
2378 4964 2480 5017 illis
2499 4965 2523 5017 ?
2545 4964 2737 5033 (Marc.
2765 4980 2883 5027 xm,
2913 4961 2990 5031 9.)
3011 4961 3102 5016 Vel
3134 4960 3292 5014 illud:
3322 4959 3456 5012 Cum
3483 4958 3801 5010 tradiderint

2208 5076 2328 5121 ros,
2381 5057 2538 5111 nolite
2581 5057 2808 5127 cogitare
2869 5055 3127 5125 quomodo
3187 5063 3276 5105 aut
3327 5053 3453 5122 quid
3489 5051 3797 5120 loquamini,

2209 5152 2419 5204 dabitur
2468 5151 2602 5204 enim
2664 5149 2802 5203 vobis
2868 5150 2919 5201 in
2971 5146 3061 5200 illa
3127 5146 3256 5198 hora
3319 5145 3446 5214 quid
3512 5141 3798 5213 loquamini

2210 5243 2421 5312 (Matth.
2455 5258 2509 5304 x,
2547 5241 2650 5310 19).
2708 5239 2986 5305 Quomodo
3041 5244 3261 5308 propter
3304 5234 3580 5290 Christum
3625 5230 3801 5301 ﬂagel-

2207 5335 2349 5387 landi
2374 5345 2550 5398 erant,
2575 5343 2667 5387 aut
2693 5333 2960 5394 tradendi,
2994 5332 3036 5384 si
3068 5347 3170 5385 non
3201 5327 3476 5384 Christum
3505 5327 3798 5380 annuntia-

2211 5426 2380 5480 bunt?
2431 5426 2704 5479 Fortassis
2749 5440 2876 5494 ergo
2931 5423 3126 5492 aliquis
3179 5422 3342 5475 audet
3399 5419 3582 5472 dicere
3613 5461 3626 5483 ,
3674 5417 3799 5486 quia

2211 5522 2427 5575 nolebat
2478 5531 2605 5574 tunc
2645 5520 2923 5590 praedicari
2953 5561 2966 5583 ,
3027 5518 3280 5586 quoniam
3337 5516 3497 5572 Jesus
3558 5516 3674 5582 ipse
3714 5519 3801 5567 est

2210 5613 2473 5676 Christus,
2509 5613 2723 5680 quando
2749 5611 2906 5679 primi
2938 5609 3085 5662 missi
3122 5619 3244 5662 sunt
3276 5609 3382 5662 bini
3427 5619 3478 5661 et
3511 5607 3658 5668 bini,
3699 5619 3800 5657 ne-

2211 5722 2313 5773 que
2345 5708 2409 5756 ab
2440 5704 2697 5775 apostolis
2729 5719 2894 5771 usque
2923 5704 2987 5755 ad
3019 5701 3428 5756 resurrectionis
3457 5711 3686 5769 tempus.
3717 5695 3798 5749 De

2210 5799 2404 5866 quibus
2428 5798 2677 5851 omnibus
2705 5795 2965 5866 Origenes
2997 5796 3048 5850 in
3082 5803 3311 5850 tractatu
3345 5811 3443 5850 suo
3471 5794 3635 5847 multa
3665 5803 3794 5860 pro-
