4004 6362
181 350 276 425 5'65

929 356 1287 417 EXPOSI'I'IO
1320 357 1392 415 IN
1425 354 1860 417 MAT‘I‘HA'ZUM.
1900 388 1969 398 —-
2007 357 2133 419 LIB.
2175 357 2309 426 Vill,
2344 358 2495 417 CAP.
2537 359 2657 417 XVI

3331 357 3437 416 586

181 482 319 558 ponit
341 486 393 534 et
440 475 636 543 infert,
681 477 728 531 si
747 476 898 531 torte
930 474 1034 531 ista
1057 482 1115 529 et
1139 472 1448 543 huiusmodi
1480 472 1606 528 talia
1637 471 1755 528 suis
1779 472 1831 535 A
1854 473 2139 542 praedicari
2183 490 2241 531 se
2289 475 2465 544 primo
2511 476 2701 542 noluit,
2755 491 2823 534 ne
2856 474 2997 539 ullus
3025 477 3286 549 strepitus
3311 475 3438 534 inde

182 580 228 634 in
248 574 371 631 locis
395 572 463 625 ad
490 569 730 624 futurum
778 578 990 639 tempus
1019 567 1350 637 pertineant,
1370 567 1608 621 maxime
1648 565 1779 621 hoc.

180 669 228 723 in
262 666 371 721 loco
411 662 766 733 quaerendum
800 658 1041 729 judicat,
1089 668 1141 713 et
1180 667 1365 713 utrum
1412 674 1532 714 cum
1575 658 1757 713 mitte-

182 765 365 819 rentur,
394 754 510 825 jam
552 750 955 823 cognoscebant
996 750 1255 819 quoniam
1301 749 1416 818 ipse
1441 757 1560 804 erat
1598 748 1755 805 Chri-

182 858 272 903 tns.
301 845 363 899 Et
408 844 457 899 si
502 842 616 912 jam
661 841 1096 913 cognoscebant,
1154 840 1352 910 inquit,
1384 840 1754 911 proculdubio

182 938 530 1010 cognoscebat
584 944 641 991 et
686 936 900 991 Petrus.
938 933 1220 1002 Quomodo
1268 950 1396 1004 ergo
1443 944 1557 1004 post
1606 944 1753 991 tanta

180 1040 224 1087 et
251 1030 389 1095 talia,
424 1044 548 1099 qua:
576 1027 631 1082 in
660 1028 892 1082 diversis
920 1026 1052 1082 locis
1084 1034 1230 1081 retro
1268 1027 1552 1091 habeatur,
1583 1028 1752 1082 inter—

181 1130 315 1192 rugat
334 1135 470 1175 eos:
513 1117 613 1173 Vos
635 1107 760 1189 ergo
795 1135 949 1190 quem
998 1134 1081 1172 use
1109 1135 1223 1173 esse
1263 1118 1484 1173 dicitis?
1527 1118 1754 1187 Quando

180 1224 226 1270 et
272 1211 613 1282 respondenti
672 1210 835 1265 Petro
880 1225 945 1266 ac
991 1210 1235 1266 dicenti:
1284 1209 1364 1265 Tu
1415 1227 1468 1265 es
1512 1209 1752 1266 Christus

179 1305 335 1360 Filius
362 1305 464 1359 Dei
492 1306 589 1359 visi
612 1343 627 1368 ,
656 1303 793 1358 dixit
842 1321 856 1355 :
902 1301 1095 1357 Beatus
1128 1319 1181 1356 es
1221 1302 1408 1358 Simon
1450 1300 1751 1368 Bar—Jona,

177 1398 286 1468 quia
326 1411 451 1449 caro
498 1404 544 1447 et
592 1393 811 1463 sanguis
856 1408 960 1447 non
1007 1391 1253 1446 reuelauit
1300 1391 1428 1456 tibi,
1464 1391 1554 1446 sed
1590 1387 1753 1447 Pater

177 1507 308 1546 ms
354 1490 443 1561 qui
478 1498 552 1543 est
590 1489 645 1542 in
685 1487 846 1543 cttlis.
889 1487 992 1542 Per
1040 1489 1157 1543 haec
1196 1488 1342 1543 enim
1388 1488 1749 1553 demonstrat,

179 1583 423 1654 quoniam
450 1590 572 1635 tunc
598 1581 834 1651 primum
863 1579 1144 1635 confessus
1171 1592 1299 1634 eum
1343 1577 1524 1637 fuerat
1559 1578 1752 1637 Petrus

181 1675 442 1730 Christum
480 1673 670 1729 Filium
712 1671 806 1725 Dei
852 1671 997 1735 vivi;
1040 1670 1093 1724 in
1143 1670 1299 1739 cujus
1330 1668 1670 1725 confessione
1695 1677 1753 1726 et

177 1765 344 1821 ceteri
380 1763 606 1835 apostoli
650 1762 821 1835 678
856 1760 1093 1817 confessi
1141 1762 1434 1817 creduntur
1462 1770 1517 1819 et
1547 1763 1746 1818 edocti.

1855 578 2185 627 nasceretur.
2242 569 2584 641 Quapropter
2632 570 2809 631 Lucas
2828 570 3066 641 apertius
3128 570 3438 641 increpasse

1855 660 1975 717 illos
2002 660 2154 726 dicit,
2186 676 2253 716 ne
2299 664 2386 717 cui
2437 663 2540 719 hoc
2571 663 2813 729 dicerent
2856 663 3003 734 quod
3040 670 3316 735 oporteret
3349 659 3437 719 Fio

1853 756 1983 811 lium
2020 756 2255 815 hominis
2282 756 2445 812 multa
2493 758 2627 827 pati,
2664 766 2720 814 et
2760 757 3037 828 reprobari
3063 771 3094 811 a
3135 756 3439 815 senioribus

1854 854 1909 902 et
1942 846 2274 916 principibus
2324 849 2673 917 sacerdotum
2698 856 2754 911 et
2796 848 3011 914 scribis,
3048 856 3102 913 et
3151 846 3347 913 occidi.
3383 854 3441 904 et

1852 939 1940 993 die
1969 941 2126 995 tertia
2154 955 2456 1012 resurgere.
2493 941 2559 1005 Et
2584 941 2833 1005 fortassis
2864 942 2986 999 ideo
3011 941 3321 1012 increpasse
3342 954 3438 995 eos

1854 1030 2077 1092 addidit,
2123 1031 2249 1101 quia
2301 1032 2509 1091 sciebat
2538 1031 2796 1095 Dominus
2838 1029 3055 1099 diﬁicilq
3095 1031 3336 1105 passioni
3373 1044 3439 1089 ao

1852 1123 2237 1178 resnrrectioni
2264 1124 2426 1179 etiam
2461 1123 2756 1193 discipulos
2797 1124 3122 1191 credituros,
3168 1120 3310 1193 Hinc
3355 1127 3443 1177 est

1854 1213 1999 1281 quod
2036 1213 2150 1283 ipse
2187 1214 2454 1282 passionis
2499 1229 2609 1275 sua
2649 1228 2717 1278 ac
2760 1212 3177 1285 resurrectionis
3203 1210 3438 1285 primum

1852 1317 1951 1372 per
1991 1306 2344 1373 semetipsum
2388 1313 2629 1367 assertor
2668 1320 2789 1371 esse
2834 1303 3042 1367 maluit,
3083 1302 3274 1365 deinde
3318 1310 3441 1372 post

1855 1397 2310 1452 resurrectionem
2337 1396 2642 1466 apostolos;
2680 1404 2738 1459 ut
2774 1412 2843 1461 ex
2884 1393 3029 1465 [actu
3055 1392 3212 1463 ﬁdes,
3246 1400 3439 1449 etnon

1853 1500 1919 1541 ex
1949 1487 2133 1542 auditu
2175 1487 2444 1543 discordia
2489 1495 2823 1545 nasceretur.
2860 1484 3044 1556 Neque
3073 1482 3243 1539 voluit
3285 1490 3440 1538 ante-

1852 1594 2013 1649 quam
2044 1579 2349 1647 passionem
2384 1580 2612 1641 subiret.
2648 1579 2890 1650 gluriari,
2921 1578 3015 1639 sed
3045 1576 3236 1635 maluit
3264 1576 3435 1633 inter-

1853 1672 1980 1728 dum
2011 1672 2263 1740 ignobilis
2298 1672 2491 1728 videri.
2524 1670 2659 1727 Nam
2691 1673 2746 1726 in
2773 1688 2882 1735 uno
2907 1670 3205 1741 eodemque
3233 1667 3435 1727 Christi

1853 1766 2072 1821 nomine
2107 1765 2274 1821 multa
2302 1775 2428 1821 sunt
2456 1774 2510 1820 et
2539 1766 2709 1827 ardua
2737 1774 2792 1821 et
2827 1781 3046 1830 arcana,
3078 1781 3198 1836 quae
3236 1763 3436 1836 praedi-

171 1861 325 1913 Antea
352 1872 484 1912 vero
511 1858 557 1912 si
589 1858 905 1911 nesciebant
934 1870 1058 1910 eum
1088 1854 1364 1909 Christum
1393 1853 1489 1911 Dei
1523 1854 1742 1921 Filium,
1772 1846 1823 1913 Β
1848 1859 2021 1913 canda
2045 1866 2222 1912 erant.
2253 1856 2373 1928 Ipse
2400 1866 2481 1913 est
2509 1858 2653 1911 enim
2683 1855 2931 1921 Christus
2958 1855 3050 1927 qui
3074 1867 3233 1911 natus
3261 1862 3347 1910 est
3370 1868 3438 1909 ex

172 1950 425 2020 quomodo
501 1947 801 2016 praedicare
868 1953 1120 2016 poterant
1181 1960 1338 2014 quem
1389 1946 1745 2015 nesciebant?

171 2053 249 2096 aut
307 2040 558 2096 cotiﬁteri
591 2041 617 2094 ἓ
675 2039 1001 2110 qualemque
1059 2038 1175 2110 jam
1242 2048 1389 2094 retro
1450 2024 1747 2095 confessio;-

170 2148 274 2187 nem
308 2132 580 2203 requirit?
606 2132 747 2186 Dicit
793 2132 938 2186 enim
969 2132 1082 2186 ita:
1116 2130 1303 2185 Omnis
1346 2132 1436 2200 qui
1477 2131 1748 2201 confessus

170 2225 305 2294 [seru
342 2240 437 2277 ne
479 2239 656 2277 coram
707 2224 1028 2288 hominibus,
1088 2222 1371 2292 conﬁtebor
1416 2239 1508 2293 ego
1549 2233 1597 2278 et
1626 2239 1744 2278 eum

167 2331 321 2369 coram
354 2312 524 2368 Patre
547 2330 661 2368 meo
693 2314 908 2386 (Haltlt.
943 2331 994 2379 ι,
1024 2316 1137 2382 32).
1166 2315 1245 2371 Ex
1274 2316 1470 2385 quibus
1500 2314 1745 2386 profecto

165 2406 323 2460 verbis
356 2415 419 2460 et
448 2405 738 2460 sententiis
780 2406 1160 2461 manifestatur
1199 2421 1413 2471 sensus,
1465 2407 1589 2476 quia
1618 2416 1746 2469 tunc

166 2498 388 2566 primum
418 2497 647 2568 apostoli
679 2513 773 2553 seu
799 2497 993 2567 reliqui
1015 2497 1264 2568 discipuli
1295 2497 1473 2567 aliqua
1502 2498 1746 2557 sciebant

166 2588 222 2644 de
240 2590 484 2654 Christo,
516 2591 613 2647 sed
632 2588 893 2660 ampliora
922 2598 1081 2645 erant
1106 2598 1160 2647 et
1188 2589 1381 2649 altiora
1415 2599 1616 2645 nostrai
1657 2605 1745 2645 sa-

166 2682 276 2737 lutis
301 2691 654 2738 sacramenta
690 2697 810 2751 qua:
836 2683 1168 2739 nesciebant.
1213 2683 1278 2739 Et
1325 2683 1445 2741 ideo
1489 2682 1745 2754 praefatus

169 2774 334 2829 doctor
358 2774 583 2845 quaerit,
612 2782 797 2828 utrum
825 2773 1004 2829 minus
1029 2776 1100 2830 sit
1138 2773 1324 2833 lesum
1362 2776 1589 2831 credere
1623 2791 1745 2833 esse

169 2865 449 2929 Christum,
476 2880 639 2935 quam
679 2866 1052 2936 cognoscere?
1094 2866 1162 2922 Et
1212 2868 1302 2922 dat
1347 2868 1652 2938 exetnplum
1678 2868 1746 2924 de

166 2955 370 3021 Joanne,
404 2956 604 3011 ubisit
636 2972 649 3009 :
682 2953 742 3009 Si
774 2971 865 3011 vos
898 2956 1196 3011 manseritis
1226 2957 1281 3011 in
1320 2955 1468 3015 verba
1491 2973 1628 3022 meo,
1658 2973 1745 3012 co-

168 3053 403 3120 gnoscetis
427 3050 704 3104 veritatem
724 3058 773 3103 et
801 3050 994 3104 ueritas
1018 3047 1254 3103 liberabit
1284 3065 1372 3103 vos
1408 3047 1590 3119 (Joau.
1623 3065 1743 3116 vnt,

168 3138 266 3209 31).
313 3141 379 3196 Et
448 3140 569 3206 ait,
621 3150 684 3194 ut
726 3140 973 3196 dicamus
1011 3140 1229 3211 quando
1279 3140 1632 3199 mittebantur
1679 3140 1744 3201 ad

1849 1948 2090 2019 Virgine,
2119 1957 2175 2004 et
2198 1949 2264 2003 de
2308 1946 2511 2018 Spiritu
2539 1956 2729 2007 sancto
2758 1956 3049 2016 conceptus
3072 1955 3178 2011 est,
3208 1945 3324 2014 ipse
3343 1944 3438 2014 qui

1847 2042 2116 2097 mirabilia
2161 2040 2292 2097 fecit
2321 2042 2632 2106 innumera,
2664 2040 2778 2109 ipse
2802 2040 2897 2110 qui
2924 2048 3171 2103 mortuus
3215 2044 3300 2092 est
3340 2050 3439 2107 pro

1846 2135 2087 2204 peccatis
2112 2134 2333 2197 nostris,
2387 2133 2500 2201 ipse
2541 2132 2633 2202 qui
2662 2131 2963 2199 resurrexit
3006 2146 3036 2184 a
3089 2129 3359 2193 mortuis;
3384 2136 3440 2187 et

1846 2227 1937 2297 qui
1964 2241 2157 2296 passus
2181 2234 2283 2288 est,
2328 2236 2383 2283 et
2429 2224 2745 2285 resurrexit.
2777 2224 2891 2292 ipse
2919 2230 3004 2285 est
3030 2220 3125 2293 qui
3156 2222 3210 2277 in
3237 2219 3440 2295 princi-

1846 2317 1937 2386 pio
1960 2326 2078 2373 erat
2104 2317 2361 2378 Verbum,
2395 2316 2539 2375 Deus
2577 2315 2717 2386 apud
2758 2313 2947 2379 Deum,
2995 2313 3112 2377 sine
3143 2328 3252 2381 quo
3297 2327 3438 2377 nun-

1845 2421 2011 2476 quam
2040 2415 2124 2462 est
2169 2408 2311 2463 Deus
2338 2405 2514 2469 Pater,
2547 2421 2642 2475 per
2671 2421 2832 2476 quem
2874 2404 3016 2461 facta
3062 2411 3188 2477 sunt
3229 2403 3433 2461 omnia.

1847 2499 1997 2555 Talia
2038 2500 2228 2570 igitur,
2273 2509 2327 2555 et
2369 2500 2472 2559 alia
2520 2499 2841 2569 quamplura
2892 2513 3013 2570 quae
3059 2497 3326 2571 catholico
3371 2497 3441 2573 de

1844 2590 2066 2653 Christo
2093 2591 2480 2661 pnedicantur,
2531 2591 2646 2663 ipse
2674 2598 2760 2647 est
2790 2589 3060 2651 Christus.
3086 2588 3241 2671 Nam
3269 2602 3439 2659 unum

1846 2680 2039 2738 borum
2081 2681 2145 2745 si,
2176 2682 2519 2745 subtraxeris
2598 2680 2918 2743 subtraxisti
2969 2679 3205 2739 salutem
3252 2687 3441 2745 tuam;

1846 2775 1972 2843 quia
2003 2784 2058 2829 et
2108 2775 2345 2837 haeretici
2401 2776 2673 2833 Christum
2722 2774 2925 2831 habere
2966 2773 3240 2843 videntur,
3278 2769 3437 2835 Chri-

1848 2875 2101 2936 stumque
2154 2866 2484 2937 praadicant;
2537 2882 2697 2921 nemo
2739 2880 2928 2921 eorum
2981 2863 3182 2929 Christi
3236 2877 3433 2919 nomen

1847 2966 2026 3029 negat,
2065 2956 2158 3013 sed
2209 2965 2370 3028 negat
2419 2956 2718 3021 Christum,
2772 2956 2899 3027 quia
2950 2970 3055 3021 non
3102 2940 3439 3025 omniaquae

1846 3049 2049 3106 Christi
2080 3059 2203 3110 sunt
2229 3050 2536 3106 conﬁtetur.
2583 3050 2922 3122 Quapropter
2948 3047 3138 3113 multis
3162 3062 3229 3119 ex
3255 3045 3439 3113 causis

1843 3141 1999 3213 jubet
2056 3153 2231 3201 tacere
2279 3143 2595 3214 discipulos,
2649 3144 2788 3201 forte
2836 3150 2895 3199 ut
2942 3141 3093 3203 fallat
3134 3141 3441 3219 principem

170 3233 561 3301 paciﬁcandum
581 3273 597 3297 ,
627 3231 924 3293 credebant
956 3231 1172 3300 quidem
1209 3230 1394 3287 Jesum
1432 3246 1553 3287 esse
1583 3231 1744 3287 Chri-
1772 3217 1819 3280 C
1852 3235 2060 3300 mundi,
2100 3243 2157 3290 et
2186 3236 2431 3291 videatur
2466 3235 2738 3293 declinare
2768 3235 3111 3321 iactantiam,
3152 3217 3437 3295 humilita-

126 3384 131 3389 ,
170 3329 317 3385 stum,
348 3338 457 3377 mm
493 3331 675 3377 tamen
718 3321 1146 3393 cognoscebant;
1190 3330 1379 3393 postea
1405 3329 1586 3379 autem
1614 3336 1743 3393 pro.

170 3410 405 3467 ﬁcientes
452 3428 547 3483 per
586 3412 889 3479 doctrinam
918 3422 974 3469 et
992 3413 1146 3483 plura
1180 3412 1440 3483 miracula
1480 3426 1746 3484 cognove-

169 3512 328 3567 runt,
376 3504 588 3572 quando
631 3514 689 3560 et
726 3504 1043 3572 interrogati
1083 3503 1316 3561 confessi
1357 3512 1483 3559 sunt
1522 3524 1533 3556 :
1568 3504 1644 3559 Tu
1692 3521 1746 3560 es

172 3586 409 3642 Christus
445 3586 606 3649 Filius
634 3589 735 3644 Dei
768 3590 890 3655 vivi.
918 3588 1027 3655 Sed
1072 3589 1246 3651 fateor
1275 3591 1404 3659 quia
1441 3600 1496 3645 et
1525 3590 1743 3656 Petrus,

165 3677 444 3735 revelante
469 3676 577 3742 Deo
603 3677 777 3743 Patre,
810 3695 934 3745 cum
958 3681 1098 3743 hanc
1120 3679 1400 3749 confessus
1421 3690 1502 3735 est
1529 3681 1745 3736 confes-

165 3771 387 3838 sionem,
426 3788 530 3842 qua
563 3772 829 3837 laudatur,
880 3789 987 3839 non
1016 3774 1198 3828 omnia
1240 3774 1445 3829 sciebat
1475 3773 1651 3827 adhuc
1679 3772 1747 3827 de

166 3865 393 3935 Christo,
432 3869 580 3931 sicut
603 3885 729 3925 mox
753 3868 1085 3935 declaratum
1110 3879 1218 3936 est,
1244 3870 1334 3925 ubi
1362 3871 1604 3939 increpat
1636 3871 1741 3925 Do-

170 3958 357 4015 minum
388 3974 462 4015 eo
491 3961 635 4029 quod
675 3961 871 4023 dixerit
912 3976 971 4019 se
1023 3962 1398 4023 occidendum,
1437 3970 1492 4017 et
1538 3962 1746 4031 reliqua

167 4070 275 4126 qua
292 4073 540 4129 presens
567 4059 716 4117 locus
742 4068 993 4133 testatur.
1023 4059 1087 4123 Et
1112 4061 1233 4115 ideo
1255 4060 1397 4115 inter
1417 4074 1747 4132 cognoscere

165 4157 212 4202 et
249 4164 585 4222 cognoscere
627 4152 791 4207 multa
832 4152 1092 4209 distantia
1145 4162 1250 4208 est.
1300 4151 1563 4219 Quoniam
1620 4161 1747 4208 tunc

166 4242 364 4311 quidem
429 4245 668 4315 apostoli
724 4246 873 4299 initia
923 4244 1251 4316 cognitionis
1282 4242 1396 4313 jam
1453 4243 1744 4309 habebant,

166 4342 332 4400 pestea
386 4349 528 4391 vero
572 4334 922 4406 profecerunt
971 4344 1030 4390 ut
1072 4335 1457 4404 pervenirent,
1514 4335 1747 4388 maxime

166 4436 272 4477 cum
307 4432 681 4494 perceperunt
707 4422 971 4493 Spiritum
1002 4431 1250 4480 sanctum
1281 4423 1334 4477 in
1358 4437 1576 4478 omnem
1602 4422 1749 4494 agni-

167 4512 351 4569 tionem
407 4513 685 4571 veritatis.
738 4513 881 4581 Quitl
932 4514 1120 4585 plura?
1180 4512 1426 4569 Praesens
1480 4515 1744 4577 sententia

1851 3337 2070 3396 temque
2103 3326 2169 3380 de
2198 3342 2256 3381 se
2286 3326 2502 3391 docere,
2529 3336 2582 3382 et
2604 3327 2746 3401 quod
2770 3327 2940 3398 magis
2968 3335 3074 3392 est,
3106 3343 3175 3387 ne
3202 3331 3362 3394 rudes
3386 3335 3440 3383 et

1848 3416 2150 3485 imperfecti
2186 3418 2363 3481 adhuc
2411 3418 2656 3488 discipuli
2709 3418 2989 3475 altissima:
3032 3420 3439 3490 praedicationis

1849 3508 1989 3565 mole
2018 3508 2486 3577 opprimerentur.
2517 3508 2579 3565 Et
2633 3509 2677 3564 si
2707 3510 2983 3587 quippiam
3022 3511 3351 3571 titubassent
3383 3512 3435 3581 in

1849 3598 2253 3669 praedicatione,
2285 3600 2444 3655 sicuti
2480 3598 2665 3661 fecere,
2692 3600 2746 3657 in
2777 3601 3029 3673 passione
3060 3600 3284 3667 Christi,
3323 3617 3438 3657 ma-

1850 3692 1934 3761 gis
1978 3690 2316 3751 auditoribus
2354 3692 2468 3747 suis
2514 3692 2828 3761 scandalum
2859 3700 3180 3764 generarent
3208 3692 3435 3760 erroris,

1850 3798 2013 3853 quam
2053 3784 2512 3853 perseverantiam
2550 3784 2803 3865 perfectae
2833 3784 3153 3841 dilectionis.
3204 3782 3358 3854 Quod
3391 3786 3435 3843 si

1850 3873 2129 3945 quwritur,
2161 3882 2340 3929 utrum
2371 3873 2459 3939 hic
2488 3874 2720 3944 primum
2750 3876 2853 3941 hoc
2881 3877 3195 3931 mandatum
3224 3876 3439 3952 dederit

1846 3979 1919 4020 ne
1943 3978 2066 4029 eum
2097 3966 2501 4032 annuntiarent,
2528 3982 2593 4020 an
2621 3966 2733 4035 jam
2761 3968 3012 4037 superius
3040 3970 3258 4040 quando
3285 3969 3434 4031 missi

1849 4064 1996 4120 sunt,
2025 4070 2132 4113 non
2162 4055 2333 4119 solum
2362 4067 2417 4111 ut
2441 4057 2819 4128 prtedicarent,
2850 4074 3034 4114 verum
3064 4061 3225 4115 etiam
3248 4070 3308 4115 ut
3352 4076 3440 4116 sa-

1852 4155 2047 4201 narent
2071 4161 2261 4202 omnes
2288 4156 2343 4203 et
2379 4158 2638 4209 curarent
2665 4150 2983 4215 universos?
3012 4159 3158 4205 recte
3180 4150 3436 4217 dicimus,

1851 4237 1978 4307 quia
2026 4254 2126 4294 nec
2162 4239 2250 4295 hic
2302 4241 2617 4309 mandatum
2645 4242 2859 4295 videtur
2899 4256 2966 4296 ne
3015 4242 3292 4297 Christum
3343 4240 3437 4296 Dei

1840 4329 2043 4385 Filium
2074 4332 2447 4401 praedicarent,
2475 4333 2590 4399 sed,
2614 4341 2672 4387 ut
2701 4333 2773 4387 ita
2807 4334 3187 4413 diosum
3216 4349 3282 4387 ne
3309 4332 3440 4413 quid

1850 4438 2132 4493 passurus,
2162 4432 2255 4481 aut
2284 4426 2610 4480 occidendus
2644 4435 2808 4491 esset,
2850 4426 2933 4481 vel
2958 4427 3123 4483 etiam
3149 4442 3179 4479 a
3208 4425 3439 4481 mortuis

1851 4516 2237 4599 resurgendus,
2278 4517 2405 4587 quia
2435 4534 2592 4572 nemo
2631 4533 2696 4572 ex
2728 4517 2955 4573 mortuis
2978 4504 3261 4590 resurgere
3290 4525 3439 4575 recte

166 4605 459 4666 Salvatoris
494 4608 546 4663 in
571 4623 735 4667 causa
750 4576 880 4673 est,
924 4576 1030 4678 qua
1070 4608 1221 4673 dicit,
1250 4608 1445 4663 deinde
1471 4608 1635 4679 C(epit
1668 4607 1747 4661 eis
1774 4576 1827 4651 D
1854 4576 2070 4673 dicitu‘r,
2122 4576 2233 4661 nisi.
2260 4576 2352 4678 qui
2388 4616 2633 4663 mortuus
2671 4607 2851 4673 fuerit,
2885 4617 2938 4662 et
2968 4586 3035 4663 de
3065 4576 3239 4663 morte
3269 4608 3337 4664 ad
3362 4608 3441 4663 vi-
3524 4616 3531 4619 ’

164 4702 443 4757 ostendere
480 4715 541 4756 se
578 4715 887 4769 passurum,
937 4715 1035 4754 cur
1062 4700 1380 4770 praeceperit
1405 4700 1506 4763 eis,
1556 4709 1614 4755 ut
1657 4714 1749 4753 ne-

165 4789 283 4849 mini
307 4793 568 4849 dicerent
593 4791 738 4862 quod
760 4791 878 4861 ipse
895 4798 1040 4855 esset
1065 4789 1332 4847 Christus.
1358 4789 1528 4847 Porro
1558 4791 1751 4857 deinde

164 4882 292 4949 quod
323 4884 489 4946 dicit,
521 4882 578 4937 id
603 4889 705 4946 est,
729 4897 798 4937 ex
824 4897 933 4951 quo
956 4880 1240 4937 confessus
1281 4890 1366 4937 est
1407 4897 1530 4936 eum
1558 4880 1752 4937 Petrus

163 4969 346 5031 Filium
390 4975 494 5033 Dei
535 4974 667 5039 rivi,
709 4975 814 5030 etsi
856 4986 985 5035 tunc
1026 4972 1221 5029 Petrus
1261 4973 1453 5028 didicit
1493 4989 1598 5029 una
1626 4989 1748 5029 cum

163 5068 363 5125 ceteris
391 5067 666 5140 apostolis
691 5068 759 5123 de
788 5067 883 5125 illo
921 5067 1065 5137 quod
1106 5066 1260 5137 prius
1302 5064 1594 5129 nesciebat,
1627 5066 1750 5137 inde

162 5159 633 5219 scandalizahatur
659 5159 920 5215 continuo
940 5158 1033 5228 qui
1061 5166 1180 5229 erat
1223 5157 1436 5212 futurus
1467 5158 1750 5228 magister,

161 5252 489 5311 coastitutus
504 5251 620 5322 jam
654 5258 815 5321 caput
839 5249 1113 5309 Ecclesia,
1140 5249 1268 5319 quid
1300 5249 1569 5303 aestimare
1599 5249 1756 5302 debe-

162 5356 272 5399 mus
295 5343 582 5413 quomodo
606 5350 826 5413 portare
854 5350 1079 5413 possent
1122 5341 1316 5410 reliqui
1342 5341 1539 5410 quibus
1560 5340 1753 5411 prtuli-

140 5433 406 5497 mbatur,
438 5433 487 5487 si
518 5434 595 5488 ita
624 5433 1080 5505 annuntiarentur
1104 5432 1170 5507 de
1194 5446 1269 5507 eo.
1296 5416 1476 5486 omnia
1508 5438 1566 5483 ut
1594 5438 1753 5493 erant

159 5521 209 5579 in
233 5526 496 5594 passione
524 5523 742 5591 futura?
767 5525 876 5583 Aut
916 5525 960 5581 si
990 5506 1118 5583 tunc
1164 5506 1390 5595 apostoli
1437 5524 1551 5578 haec
1579 5523 1754 5605 disce-

158 5613 375 5671 bautde
419 5614 550 5683 Iesu
575 5630 697 5685 qua
747 5616 985 5670 nondum
1034 5622 1317 5678 noverant,
1369 5614 1497 5683 quid
1527 5613 1758 5684 .putatis

154 5719 313 5783 quam
338 5706 528 5765 minus
549 5706 791 5779 sciebant
811 5706 983 5783 679
1007 5705 1084 5761 illi
1114 5706 1178 5763 de
1209 5705 1427 5769 Christo
1458 5720 1595 5776 quos
1624 5721 1758 5776 apo-

1858 4708 1964 4752 tatn
1990 4699 2307 4753 resurrexit.
2359 4697 2463 4752 Sed
2506 4698 2631 4767 quia
2673 4699 2773 4752 hoc
2802 4706 3130 4769 praeceptum
3168 4712 3338 4753 sacrte
3362 4697 3442 4752 di-

1855 4793 2216 4862 spensationis
2265 4801 2349 4846 est
2398 4794 2715 4863 mysterium
2748 4834 2762 4858 ,
2807 4774 2914 4847 tam
2952 4801 3320 4865 temperanter
3359 4801 3444 4848 est

1858 4880 2166 4936 mandatum
2186 4922 2201 4944 ,
2231 4888 2289 4935 ut
2319 4882 2369 4935 in
2401 4882 2546 4936 omni
2580 4883 2963 4952 praedicatione
2992 4891 3046 4937 et
3072 4889 3314 4952 tempore
3339 4882 3441 4935 iste

1857 4971 2051 5043 modus
2068 4971 2146 5025 sit
2171 4973 2491 5038 servandus,
2522 4988 2589 5027 ne
2619 4981 2713 5026 aut
2741 4974 2928 5028 doctor
2969 4972 3172 5043 aliquid
3202 4981 3444 5026 assumat

1853 5065 1995 5119 ultra
2048 5079 2212 5134 quam
2256 5065 2519 5121 creditum
2566 5075 2650 5120 est
2698 5067 2747 5121 ei
2807 5066 2888 5121 vel
2933 5065 3303 5129 commissum,
3352 5073 3447 5120 aut

1854 5166 2002 5210 certe
2032 5156 2172 5209 ultra
2203 5171 2365 5225 quam
2393 5156 2495 5227 ipsi
2526 5157 2801 5212 auditores
2829 5154 2971 5212 ferre
3003 5153 3214 5233 possint
3236 5153 3323 5209 vel
3348 5168 3444 5209 cae

1856 5264 2007 5321 pere,
2037 5257 2095 5301 ttt
2126 5248 2497 5319 unusquisque
2544 5266 2643 5304 suo
2689 5252 2742 5306 in
2774 5258 3001 5319 tempore
3044 5245 3205 5301 tritici
3231 5263 3445 5301 mensu-

1861 5356 1973 5392 ram
2007 5338 2236 5418 accipiat
2283 5338 2435 5410 (Luc.
2478 5358 2577 5403 xu,
2609 5340 2723 5409 42),
2766 5356 2927 5409 quam
2960 5338 3132 5408 possit
3155 5336 3447 5393 efﬁcaciter

1860 5442 2108 5501 portare,
2137 5441 2192 5485 et
2233 5433 2487 5501 operibus
2515 5433 2826 5504 adimplere.
2876 5430 3013 5486 Hinc
3042 5440 3122 5485 est
3154 5446 3280 5500 ergo
3302 5428 3446 5499 quad

1863 5524 2234 5593 prohibentur,
2278 5526 2347 5577 ‘ut
2389 5525 2534 5588 dixi,
2581 5522 2955 5595 evangelizare
3001 5524 3309 5588 Christum,
3352 5537 3447 5578 seu

1850 5615 2046 5673 omnia
2089 5631 2209 5685 qua:
2236 5615 2484 5686 Christus
2512 5624 2615 5680 est,
2640 5624 2700 5669 ut
2741 5616 3176 5686 evangelizarent
3203 5631 3323 5671 eum
3355 5628 3452 5687 po-

1870 5716 1985 5759 Stea
2016 5706 2246 5775 amplius
2271 5715 2324 5759 et
2352 5704 2663 5776 perfectius,
2685 5707 2847 5761 etiam
2886 5706 3205 5761 cruciﬁxum
3224 5748 3240 5773 ,
3264 5700 3451 5777 sicque

155 5780 462 5869 stoli'prius
488 5797 802 5869 docuerant,
825 5780 1023 5875 let-idco
1050 5799 1307 5855 Dominus
1330 5797 1487 5877 {esus
1514 5797 1767 5876 Christus
1872 5813 1992 5852 cum
2029 5799 2142 5867 ipso
2168 5797 2384 5852 Christo
2427 5799 2592 5867 ipsam
2638 5802 3083 5857 commendarent
3109 5815 3346 5862 crucem.
3391 5798 3451 5855 in
