4004 6362
556 331 660 387 567

1366 333 1423 389 S.
1464 331 1820 392 PASCHASII
1854 330 2203 391 RADBERTI
2233 331 2527 390 ABBATIS
2563 330 3015 391 COBBEIENSIS

3721 332 3817 388 568

549 462 658 519 qua
683 446 1046 517 gloriarentur
1072 446 1402 516 Christiani;
1448 449 1576 520 quia
1602 450 1718 506 haec
1746 458 1831 506 est
1853 465 1983 506 vera
2007 449 2133 506 ﬁdei
2160 455 2213 514 Α
2236 465 2292 505 es
2312 449 2459 515 mihi,
2483 449 2608 519 quia
2633 463 2737 502 non
2760 446 2903 518 sapis
2937 462 3000 501 ea
3040 462 3159 518 qua:
3185 445 3282 501 De:
3320 462 3465 509 sum,
3492 446 3583 499 sed
3613 461 3677 500 ea
3709 461 3820 519 qua

549 550 753 599 nostrae
780 542 973 614 gloria,
1015 543 1063 598 si
1092 558 1222 598 vere
1249 542 1611 614 intelligamus
1655 558 1875 599 crucem
1915 542 2137 609 Christi,

550 637 677 704 quia
716 634 836 691 alia:
863 650 1056 692 cruces
1085 634 1221 691 nihil
1265 636 1423 692 nobis
1454 646 1711 708 prosunt;
1740 637 1833 691 sed
1865 636 1978 691 sola
2007 651 2143 691 crux

547 725 771 794 Christi,
800 742 921 796 qua:
963 728 1120 784 nobis
1145 726 1298 783 utilis
1339 736 1425 783 est
1462 736 1520 784 et
1563 728 1993 799 pernecessaria,
2045 731 2144 797 per

548 834 711 888 quam
747 819 905 875 nobis
949 819 1176 874 mundus
1219 819 1503 888 cruciﬁxus
1544 829 1621 875 est
1652 818 1795 891 (Gal.
1837 835 1911 882 vi,
1942 818 2057 889 2i),
2088 826 2143 873 et

546 924 650 966 nos
681 910 855 965 eidem
887 910 1109 965 mundo.
1137 908 1272 965 Mira
1300 910 1692 981 omnipotentis
1737 912 1830 965 Dei
1872 911 2144 980 dispensa-

549 1001 647 1056 tio.
678 999 852 1068 Quam
888 999 1182 1065 subtiliter,
1228 1015 1391 1071 quam
1426 1002 1651 1072 provide
1701 1001 1994 1057 introducit
2018 1015 2145 1057 suos

552 1089 622 1147 ad
672 1091 854 1157 ﬁdem,
887 1105 958 1146 ne
980 1100 1073 1146 aut
1096 1091 1401 1147 obruantur
1424 1090 1730 1161 majestate,
1763 1099 1855 1145 aut
1882 1089 2144 1158 dejician-

548 1193 642 1239 tur
669 1185 851 1240 carnis
886 1183 1233 1250 inﬁrmitate;
1284 1192 1379 1238 aut
1407 1184 1715 1240 uberiorem
1743 1183 1809 1237 de
1834 1197 1900 1237 eo
1939 1182 2144 1238 doctri-

545 1293 674 1333 nam
713 1278 763 1332 in
794 1287 1074 1349 posterum
1111 1277 1471 1349 opportunius
1517 1275 1936 1347 praedicandam,
1966 1289 2147 1329 reser-

545 1378 764 1435 varent,
797 1370 1016 1441 quando
1040 1376 1294 1441 poterant
1316 1370 1432 1441 jam
1466 1371 1533 1424 de
1572 1368 1799 1440 singulis
1822 1367 2147 1422 annuntiare

549 1479 671 1534 quae
692 1464 964 1529 viderant,
988 1462 1117 1519 ut'si
1146 1478 1293 1519 mors
1313 1462 1517 1518 Christi
1541 1462 1776 1533 aliquem
1798 1461 2147 1516 conturbaret

458 1588 493 1635 λ
548 1557 614 1609 ad
640 1556 945 1628 perﬁdiam,
977 1556 1307 1613 resurrectio
1349 1564 1405 1611 et
1442 1556 1690 1611 ascensio
1714 1555 1781 1609 ad
1813 1554 2029 1609 Patrem
2060 1569 2146 1608 re-

546 1622 791 1703 levarent
817 1656 873 1703 et
929 1622 1172 1704 foverent
1212 1648 1425 1703 animos
1465 1646 1805 1703 credentium
1846 1645 1914 1700 ad
1959 1644 2142 1700 ﬁdem.

496 1808 501 1817 ν
543 1738 800 1808 Alioquin
840 1739 1096 1809 apostoli,
1140 1739 1235 1810 qui
1286 1752 1502 1809 semper
1547 1753 1671 1793 cum
1706 1752 1774 1792 eo
1823 1736 2061 1801 fuerant,
2090 1744 2146 1791 et

2241 541 2530 596 hominum.
2570 539 2650 595 Ex
2680 537 2878 611 quibus
2910 538 3073 595 dictis
3125 549 3348 611 apparet
3396 540 3540 611 quod
3590 554 3740 612 saepe
3792 556 3820 596 a

2241 634 2425 689 multis
2459 634 2664 689 dictum
2694 641 2808 699 est,
2837 619 2992 688 nimii
3035 632 3246 688 ardoris
3283 633 3597 703 amorisque
3635 648 3826 704 quam-

2242 727 2463 784 maximi
2484 726 2651 782 fuisse
2676 726 2895 782 Petrum
2921 727 2977 782 in
3005 727 3288 783 Dominum
3308 727 3670 783 Salvatorem.
3696 727 3831 785 Nam

2240 828 2365 891 post
2408 819 2801 876 confessionem
2832 835 2984 876 suam
3014 821 3115 876 sibi
3143 838 3172 875 a
3208 820 3367 891 Patre
3389 822 3650 878 divinitus
3679 836 3837 877 reve-

2242 911 2429 976 latam,
2482 922 2537 966 et
2578 921 2699 982 post
2736 913 3016 984 praemium
3072 912 3445 984 benignissimi
3498 912 3837 980 Salvatoris,

2243 1018 2352 1073 quo
2378 1004 2661 1059 audierat:
2685 1003 2880 1058 Beatus
2905 1022 2979 1068 es,
3021 1002 3206 1059 Simon
3235 1003 3533 1072 Bar—Jona,
3558 1006 3691 1076 quia
3717 1022 3843 1059 caro

2243 1105 2290 1151 et
2312 1097 2527 1166 sanguis
2557 1112 2662 1151 non
2697 1096 2938 1151 reuelauit
2974 1097 3089 1162 tibi,
3131 1097 3221 1152 sed
3248 1084 3429 1152 Pater
3460 1116 3607 1155 meus
3628 1099 3733 1170 qui
3776 1111 3846 1155 est

2245 1187 2302 1242 in
2343 1187 2529 1253 caelis;
2575 1196 2800 1259 repente
2846 1188 3053 1244 audivit
3102 1203 3133 1243 a
3193 1188 3424 1246 Domino
3453 1231 3470 1257 ,
3509 1199 3567 1246 et
3613 1192 3848 1262 inquam

2245 1279 2443 1346 subito,
2462 1296 2524 1337 se
2549 1290 2802 1352 oportere
2829 1283 2906 1337 ire
2949 1281 3402 1353 Hierosolymam,
3448 1283 3638 1355 ibique
3670 1285 3851 1342 multa

2244 1376 2357 1445 pati
2387 1382 2442 1430 et
2459 1376 2745 1440 oceidi,_ac
2774 1375 3000 1446 reliqua.
3032 1374 3149 1431 Non
3175 1385 3352 1446 potest
3378 1376 3523 1434 ferre
3549 1380 3707 1448 quod
3746 1396 3847 1435 au-

2245 1468 2343 1533 dit,
2371 1484 2472 1525 nec
2489 1469 2601 1523 vult
2626 1469 2891 1524 inﬁrmari
2923 1469 3314 1526 confessionem
3329 1486 3504 1535 suam,
3521 1482 3581 1528 et
3604 1473 3845 1541 destrui,

2244 1561 2371 1631 quia
2395 1575 2502 1616 non
2550 1570 2704 1633 putat
2730 1561 2847 1617 ﬁeri
2891 1576 3051 1630 posse
3076 1562 3221 1632 quod
3257 1577 3383 1617 vere
3430 1564 3603 1629 novit,
3635 1572 3698 1619 et
3726 1566 3845 1621 abs-

2245 1666 2355 1722 que
2375 1651 2629 1725 ambiguo
2675 1652 2957 1708 confessus
2993 1661 3097 1718 est,
3129 1661 3187 1707 ut
3210 1653 3304 1708 Dei
3333 1652 3505 1709 Filius
3531 1654 3839 1713 occidatur.

2246 1742 2376 1801 Inde
2398 1754 2481 1800 est
2502 1745 2647 1815 quod
2666 1760 2732 1799 ex
2754 1745 2951 1799 ardore
2975 1745 3205 1809 amoris,
3220 1761 3289 1800 ex
3310 1744 3432 1801 ﬁdei
3465 1745 3761 1811 ﬁrmitate,
3784 1765 3835 1804 cx

458 1847 493 1911 ,λ
543 1828 796 1885 viderant
823 1829 1086 1885 miracula
1111 1830 1366 1885 universa
1396 1844 1518 1899 qua:
1563 1829 1693 1884 fecit
1716 1870 1732 1894 ,
1771 1837 1829 1883 et
1857 1827 2144 1883 audierant
2170 1829 2218 1890 B
2246 1838 2549 1895 reverentia
2568 1837 2805 1909 pietatis,
2832 1836 3063 1892 assumit
3081 1851 3205 1892 eum
3230 1851 3496 1901 seorsum,
3514 1846 3576 1892 ut
3592 1847 3649 1893 et
3673 1838 3835 1911 uagi.

472 1896 493 1927 θ
545 1918 615 1973 ab
644 1935 710 1975 eo
740 1920 891 1975 verba
919 1922 1035 1976 vita:
1076 1919 1259 1991 (Joan.
1297 1936 1381 1987 rx,
1409 1896 1525 1986 38),
1556 1921 1752 1990 quibus
1796 1927 1852 1975 et
1904 1920 2147 1974 testimo-

545 2014 695 2067 nium
723 2013 1141 2082 perliibuerant,
1169 2014 1215 2068 si
1238 2029 1303 2069 ea
1326 2022 1485 2069 nocte
1508 2027 1613 2084 qua
1640 2012 1957 2068 tradebatur
1984 2026 2145 2067 scan-

545 2103 763 2158 dalizati
801 2113 953 2170 sunt,
995 2104 1125 2175 quid
1156 2106 1491 2160 arbitramur
1513 2119 1776 2175 passuros
1813 2119 1910 2160 eos
1952 2104 2144 2169 fuisse,

456 2193 466 2203 '
545 2193 637 2264 qui
669 2194 803 2249 nihil
833 2194 940 2251 tale
965 2195 1249 2251 sciebant?
1296 2194 1355 2251 Si
1402 2196 1683 2252 audissent
1714 2197 1838 2267 quia
1871 2196 1987 2268 ipse
2026 2203 2145 2250 erat

543 2286 813 2353 Christus,
846 2299 1073 2361 propter
1104 2291 1247 2361 quod
1284 2306 1515 2362 parcens
1541 2292 1643 2356 eis,
1673 2291 1893 2346 mandat
1921 2301 2144 2362 aposto-

543 2378 613 2434 lis
665 2388 725 2435 ut
774 2380 977 2435 nemini
1029 2380 1236 2447 dicant,
1284 2382 1411 2452 quia
1459 2383 1574 2453 ipse
1622 2391 1706 2438 est
1744 2382 2013 2439 Christus.
2046 2381 2147 2439 Ve-

542 2479 856 2527 rumtamen
907 2487 1015 2527 non
1070 2473 1176 2529 hoc
1222 2473 1452 2529 dixerim
1484 2514 1499 2540 ,
1546 2475 1766 2545 quando
1820 2475 1971 2531 missi
2014 2482 2142 2531 sunt

544 2565 823 2635 apostoli,
897 2576 991 2621 aut
1061 2567 1278 2638 quando
1340 2566 1704 2638 loquebantur
1773 2568 1841 2623 ad
1915 2567 2139 2639 plebes,

539 2659 686 2729 quod
739 2672 845 2715 non
896 2658 1100 2730 aliquid
1149 2661 1539 2716 annuntiarent
1603 2658 1673 2715 de
1721 2658 1855 2727 illo,
1913 2661 2009 2716 sed
2063 2661 2140 2717 ita

536 2760 931 2823 temperanter,
955 2761 1015 2806 ut
1042 2762 1098 2807 et
1119 2767 1365 2822 quosque
1388 2752 1456 2807 ad
1495 2766 1618 2807 eum
1663 2752 1946 2807 traherent
1970 2752 2039 2806 ad
2078 2752 2139 2806 ﬁ-

538 2844 683 2913 dem,
708 2856 765 2903 et
789 2862 992 2902 arcana
1036 2846 1240 2902 Christi
1279 2856 1621 2903 sacramenta
1649 2864 1756 2903 non
1803 2847 2140 2919 publicarent

538 2949 667 2995 ante
691 2947 922 3010 tempus.
948 2940 1017 2994 Et
1040 2940 1164 2994 ideo
1186 2940 1313 3009 quia
1335 2940 1537 2995 inducti
1562 2950 1717 2996 erant
1727 2939 1842 3010 jam
1863 2942 1932 2997 ad
1956 2942 2140 2999 Domi-

537 3046 673 3083 num
700 3029 864 3102 681
897 3044 998 3101 per
1024 3028 1187 3084 ﬁdem
1218 3045 1285 3085 ex
1314 3030 1646 3087 revelatione
1687 3030 1887 3097 Patris,
1925 3041 1985 3088 ut
2022 3034 2137 3103 ple-

536 3121 762 3175 nissime
786 3137 912 3176 eum
960 3119 1158 3176 Filium
1187 3122 1282 3178 Dei
1310 3122 1419 3176 vivi
1472 3139 1580 3177 non
1617 3122 1793 3178 solum
1824 3125 2131 3192 crederent,

2249 1940 2421 1987 strum
2442 1930 2609 2003 682
2642 1938 2948 2000 compescat
2969 1944 3000 1984 a
3025 1928 3240 1995 talibus,
3269 1937 3423 1986 etne
3467 1932 3829 2001 praesentibus

2248 2024 2630 2095 condiscipulis
2655 2038 2778 2079 eum
2803 2023 3049 2079 videatur
3070 2038 3135 2079 ac
3161 2025 3209 2079 si
3233 2023 3557 2080 temerarius
3569 2041 3823 2096 arguere;

2246 2115 2340 2171 ubi
2360 2116 2553 2171 semoti
2581 2130 2707 2170 cum
2730 2124 2930 2179 essent,
2964 2114 3133 2185 erepit
3159 2114 3309 2170 illum
3340 2116 3626 2187 increpare
3648 2133 3824 2172 aman-

2248 2206 2459 2263 tissimo
2486 2206 2682 2262 aﬁ‘ectu
2735 2216 2790 2263 et
2838 2208 3100 2277 optantis,
3142 2222 3206 2263 ac
3258 2209 3442 2264 dicere
3470 2225 3484 2262 :
3508 2209 3657 2263 Absit
3694 2228 3728 2264 a
3766 2221 3819 2273 te,

2245 2299 2498 2366 Domine,
2542 2301 2688 2370 quod
2734 2299 2959 2355 verbum
3008 2300 3201 2356 melius
3252 2302 3308 2356 in
3357 2300 3547 2357 Graeco
3606 2302 3818 2358 habetur

2242 2395 2388 2457 ἶλιῶς
2415 2416 2518 2459 σοι,
2542 2398 2722 2469 Κύριε,
2738 2396 2842 2450 hoc
2865 2402 2969 2459 est,
2994 2395 3263 2466 propitius
3292 2396 3390 2452 tibi
3415 2405 3557 2462 esto,
3584 2396 3812 2462 Domine,

2243 2488 2329 2544 vel
2362 2488 2656 2559 propitiare
2705 2486 2823 2554 tibi,
2863 2488 3130 2555 Domine;
3188 2497 3247 2543 et
3271 2497 3332 2543 ut
3383 2489 3453 2544 de
3498 2490 3643 2545 beati
3685 2489 3811 2544 Petri

2240 2594 2407 2637 sensu
2442 2580 2724 2644 addamus,
2753 2578 2884 2649 quia
2905 2594 3011 2635 non
3038 2579 3145 2634 erit
3191 2578 3288 2635 tibi
3316 2579 3440 2647 hoc,
3499 2595 3603 2636 nec
3652 2590 3812 2651 potest

2242 2672 2383 2738 fieri,
2413 2687 2513 2727 nec
2538 2670 2804 2741 recipiunt
2830 2670 2974 2726 istud
3014 2684 3175 2726 aures
3202 2686 3358 2739 meae,
3387 2670 3470 2727 vel
3506 2686 3604 2727 cor
3625 2687 3807 2735 meum,

2243 2773 2303 2820 ut
2329 2764 2421 2819 Dei
2453 2762 2622 2818 Filius
2648 2762 2979 2818 occidendus
3032 2762 3125 2816 sit.
3179 2759 3291 2817 Nec
3333 2762 3482 2817 enim
3530 2762 3808 2817 revelatum

2240 2855 2419 2912 fuerat
2440 2857 2489 2911 ei
2508 2863 2761 2926 oportere
2792 2853 2901 2925 pati
2931 2852 3128 2908 F‘ilinm
3164 2853 3261 2908 Dei
3314 2861 3371 2908 et
3414 2854 3596 2909 occidi
3644 2852 3804 2915 talem,

2244 2956 2455 3003 tantum
2483 2947 2760 3003 Christum
2791 2946 2962 3001 Deum
2989 2944 3209 3011 Filium,
3241 2945 3369 3023 quia
3396 2955 3454 3000 et
3472 2946 3590 3001 haec
3611 2946 3807 3017 indigna

2240 3041 2353 3103 Deo
2399 3039 2547 3094 Patri
2578 3039 2925 3094 videbantur.
2965 3036 3118 3093 Unde
3145 3045 3202 3093 et
3250 3038 3511 3093 dicebat:
3559 3037 3808 3108 Propitius

2239 3130 2339 3186 tibi
2361 3140 2502 3197 esto,
2534 3129 2783 3195 Domine,
2809 3130 2938 3200 quia
2966 3128 3011 3182 si
3036 3128 3281 3185 nolueris
3313 3145 3421 3185 non
3474 3129 3582 3185 erit
3620 3130 3738 3185 tibi.
3758 3128 3808 3184 Et

538 3218 725 3270 verum
756 3224 813 3270 et
856 3215 1079 3281 scirent,
1126 3223 1489 3286 opportunum
1534 3215 1650 3285 jam
1692 3224 1812 3271 erat
1859 3226 1921 3272 ut
1959 3218 2133 3289 ipsum
2162 3201 2209 3264 (ἶ
2240 3239 2448 3280 verum.
2500 3224 2756 3278 Attamen
2815 3222 3131 3289 nesciebat,
3175 3223 3320 3293 quod
3370 3223 3516 3279 hunc
3582 3223 3805 3295 posuerit

537 3305 896 3377 eum'lemque
925 3306 1017 3361 Dei
1052 3315 1108 3362 et
1147 3308 1383 3363 hominis
1409 3306 1605 3363 Filium
1663 3309 1989 3365 moriturum
2036 3326 2135 3381 pro

540 3397 796 3453 omnibus
812 3413 877 3454 ac
906 3408 1343 3455 resurrecturum
1373 3399 1767 3470 intelligerent;
1796 3403 1923 3471 quia
1946 3418 2137 3474 perne-

546 3490 787 3546 cessaria
824 3506 911 3547 res
959 3501 1043 3547 est
1088 3493 1372 3563 praedicari
1408 3492 1594 3549 Jcsum
1625 3494 1903 3551 Christum
1951 3498 2132 3554 cruci-

536 3586 727 3642 ﬁxum.
755 3587 1011 3659 Alioquin
1061 3588 1362 3659 praedicare
1389 3587 1691 3654 Christum,
1724 3597 1780 3645 et
1808 3606 2026 3647 crucem
2053 3601 2135 3648 ta-

538 3696 665 3736 cere
691 3681 885 3737 inutile
906 3691 1010 3739 est.
1043 3681 1112 3737 Et
1132 3681 1254 3738 ideo
1280 3683 1539 3753 praecepit
1565 3683 1808 3749 interim,
1839 3692 1901 3739 ut
1929 3687 2134 3744 nemini

534 3772 719 3827 dicant
746 3773 871 3843 quia
925 3774 1039 3844 ipse
1069 3782 1153 3829 est
1180 3773 1451 3840 Christus,
1502 3776 1676 3832 donec
1716 3787 1987 3849 praeparet
2039 3795 2134 3835 eos

533 3865 602 3920 ad
633 3865 791 3921 ﬁdem
821 3874 877 3921 et
905 3867 972 3921 ad
998 3877 1339 3922 sacramenta
1377 3868 1646 3938 mysterii,
1693 3877 1755 3922 ut
1783 3871 2132 3939 postmodum

479 4011 482 4015 ,
531 3955 829 4027 perfectius
858 3966 1021 4029 atque
1043 3958 1403 4029 opportunius
1432 3959 1640 4025 dicant,
1680 3959 1807 4028 quia
1858 3961 1974 4031 ipse
2001 3977 2133 4019 vere

532 4061 617 4107 est
641 4051 915 4108 Christus.
957 4052 1111 4109 Unde
1132 4052 1443 4122 diligentius
1482 4052 1831 4107 considerare
1870 4053 2131 4111 debemus

531 4147 657 4216 quia
687 4162 793 4200 non
815 4146 914 4211 ait,
948 4144 1144 4199 exinde
1191 4144 1357 4213 erepit
1381 4141 1539 4198 Jesus
1568 4144 1749 4199 dicere
1793 4143 1879 4199 vel
1910 4145 2127 4212 docere,

536 4237 633 4291 sed
662 4238 740 4291 ait
764 4255 776 4290 :
812 4233 1022 4291 Exinde
1050 4237 1198 4307 erepit
1230 4236 1499 4290 ostendere
1526 4234 1798 4307 discipulis
1830 4237 1962 4291 suis.
1988 4237 2131 4305 Quo-

536 4329 689 4384 niam
711 4328 855 4383 sicut
886 4328 1191 4398 corporalia
1232 4328 1537 4383 evidentius
1563 4328 1871 4385 carnalibus
1918 4333 2128 4387 ostendi

534 4424 815 4489 dicnntnr,
842 4424 923 4478 sic
961 4424 1041 4479 eis
1072 4424 1253 4479 adhuc
1294 4422 1448 4493 quasi
1472 4423 1794 4480 mortalibus
1832 4434 1889 4481 et
1927 4441 2129 4496 parvu-

430 4558 435 4563 .
531 4513 605 4570 lis
636 4513 1001 4570 ostenduntur
1046 4530 1076 4568 a
1110 4513 1353 4579 Christo,
1381 4522 1442 4569 ut
1468 4515 1711 4584 apertius
1738 4526 2129 4588 cognoscerent

532 4621 595 4660 ea
632 4621 751 4675 qua‘
798 4605 1176 4677 loquebantur.
1214 4606 1281 4661 Et
1317 4620 1424 4661 non
1474 4606 1554 4661 sic
1607 4616 1740 4678 puto
1778 4610 1857 4664 eis
1904 4619 2126 4666 ostensa

532 4700 703 4755 fuisse
731 4701 847 4755 visu
879 4699 1159 4755 oculorum
1191 4714 1254 4755 ea
1289 4715 1410 4769 quae
1432 4714 1628 4770 passus
1652 4708 1757 4768 est,
1782 4701 1868 4757 vel
1902 4717 2021 4773 quae
2050 4703 2128 4758 vi-

532 4794 732 4849 derunt
779 4803 837 4849 et
860 4802 1013 4865 gesta
1038 4792 1166 4849 sunt
1190 4808 1220 4849 a
1244 4793 1484 4859 Christo,
1532 4796 1802 4865 quomodo
1848 4795 2128 4866 discipulis

531 4898 786 4946 ostensus
824 4898 910 4945 est
966 4886 1308 4945 rationabilis
1355 4902 1536 4944 sermo
1570 4896 1627 4943 et
1672 4886 2035 4961 intelligibilis
2061 4889 2127 4944 de

538 4984 801 5056 mysterio
826 4983 1099 5056 passionis
1123 4998 1189 5038 ac
1212 4983 1627 5039 resurrectionis
1664 4983 1869 5054 ipsius;
1917 4992 1971 5038 et
2006 4984 2127 5040 ideo

541 5074 681 5130 dixit
704 5075 832 5147 quia
859 5084 989 5131 tunc
1014 5074 1179 5145 coepit
1204 5074 1283 5129 eis
1309 5075 1615 5140 ostendere,
1639 5085 1700 5129 ut
1747 5076 1999 5145 deinceps
2028 5090 2125 5131 ca—

532 5164 842 5236 pacioribus
865 5162 1025 5221 factis
1036 5179 1100 5220 ac
1115 5164 1274 5220 dictis
1302 5163 1514 5236 plenius
1538 5164 1771 5233 idipsum
1793 5163 2129 5218 demonstra-

534 5265 639 5323 ret,
670 5270 739 5311 ne
775 5254 891 5328 jam
922 5254 1077 5327 quasi
1101 5255 1322 5311 rudibus
1366 5255 1631 5325 incipiens
1659 5252 1997 5323 loqueretur,
2028 5253 2123 5308 sed

504 5352 828 5424 iper-ficiens
874 5352 928 5409 in
974 5351 1091 5424 ipsa
1140 5350 1451 5408 ostensione
1498 5348 1710 5418 plenius
1761 5346 2124 5419 intelligerent

539 5445 685 5517 quod
712 5447 893 5504 omnia
924 5464 1045 5519 qua:
1067 5446 1234 5517 erepit
1258 5443 1416 5500 Iesus
1442 5441 1623 5499 facere
1657 5447 1752 5496 aut
1800 5440 1996 5497 docere
2017 5441 2117 5497 uti-

531 5550 638 5608 que
663 5546 721 5594 et
747 5537 974 5609 perfecit

618 5636 689 5692 Et
709 5654 980 5694 assumens
1005 5652 1125 5691 eum
1162 5633 1350 5689 Petrus
1376 5633 1523 5705 coepit
1549 5634 1819 5705 increpare
1843 5631 1992 5687 illum
2042 5632 2126 5686 di-

494 5774 499 5789 .
545 5747 668 5786 cens
691 5745 710 5783 :
741 5731 930 5784 Absita
955 5739 1021 5793 te,
1060 5721 1300 5794 Domine,
1326 5742 1429 5780 non
1456 5726 1551 5779 erit
1590 5725 1682 5779 tibi
1708 5725 1823 5779 hoc.
1853 5723 1956 5790 Qui
1999 5740 2120 5778 cons

542 5838 723 5876 versus
744 5822 878 5876 dixit
903 5819 1057 5875 Petro
1081 5832 1099 5873 :
1131 5816 1272 5873 Vade
1292 5828 1405 5889 post
1425 5834 1529 5882 nte,
1545 5814 2122 5883 Satanas,scandalum

2240 3321 2383 3375 Deus
2419 3318 2584 3373 Pater
2649 3314 3088 3387 Propitiationem
3124 3331 3220 3386 pro
3259 3316 3487 3386 peccatis
3535 3319 3724 3371 nostris
3764 3312 3805 3385 (Ι

2237 3412 2399 3468 Joan.
2434 3426 2508 3476 iv,
2533 3410 2621 3481 10)
2654 3410 2707 3464 in
2753 3408 3018 3477 sanguine
3045 3407 3254 3479 ipsius;
3302 3408 3458 3479 cujus
3483 3409 3703 3479 quidem
3743 3406 3807 3463 af-

2238 3502 2437 3557 fectum
2461 3500 2763 3570 suscipiens
2784 3497 3053 3564 Christus,
3108 3498 3470 3569 ignorantiam
3514 3508 3700 3556 autem
3726 3516 3801 3554 ex-

2237 3593 2505 3664 probrans
2526 3591 2696 3647 dixit:
2722 3588 2867 3643 Vade
2886 3599 3000 3661 post
3026 3586 3394 3656 me,Satanas,
3416 3592 3541 3661 quia
3563 3609 3669 3646 non
3688 3591 3805 3660 sapis

2236 3700 2299 3739 ea
2328 3698 2445 3756 qua:
2466 3680 2564 3735 Dei
2600 3689 2744 3746 sunt,
2771 3679 2824 3734 id
2848 3688 2934 3735 est
2963 3678 3296 3735 voluntatem
3322 3690 3378 3736 et
3421 3691 3801 3738 sacramentum

2235 3776 2354 3832 Dei.
2390 3774 2496 3831 Sed
2525 3774 2651 3846 quia
2670 3788 2770 3845 per
2790 3772 3149 3845 ignorantiam
3178 3773 3436 3829 destitisti
3463 3773 3545 3829 ire
3564 3783 3690 3845 post
3715 3788 3800 3834 me.

2237 3869 2360 3941 quia
2385 3885 2492 3924 non
2536 3876 2686 3922 recte
2731 3867 2899 3938 sapis,
2930 3866 3069 3922 vade
3098 3875 3243 3923 retro
3272 3882 3375 3931 me,
3435 3877 3560 3938 post
3615 3878 3804 3940 tergum

2236 3972 2292 4019 et
2319 3963 2442 4017 audi
2474 3976 2659 4016 vocem
2689 3960 2978 4026 monentis,
3015 3968 3077 4015 ut
3102 3968 3247 4016 recte
3292 3959 3495 4030 sapias.
3536 3959 3709 4017 Porro
3733 3974 3802 4015 sa-

2236 4065 2417 4111 tanam
2439 4053 2583 4124 quod
2606 4067 2731 4109 eum
2759 4060 2936 4119 vocat,
2964 4052 3296 4123 increpantis
3319 4068 3419 4108 vox
3442 4061 3543 4117 est,
3565 4053 3693 4123 quia
3714 4048 3787 4107 nul

2234 4145 2320 4199 lus
2356 4145 2460 4199 etsi
2490 4158 2586 4214 per
2612 4144 2971 4215 ignorantiam
2999 4144 3309 4199 contrarius
3327 4159 3450 4200 esse
3479 4144 3642 4200 debet
3688 4145 3795 4199 Deo.

2234 4235 2368 4291 Nam
2393 4246 2613 4291 satanas
2639 4234 2691 4289 in
2722 4235 2905 4306 lingua
2944 4244 3127 4291 nostra
3157 4237 3459 4291 contrarius
3494 4236 3794 4308 appellatur.

2234 4328 2597 4384 Praevaluerat
2625 4328 2770 4383 enim
2814 4328 2867 4382 in
2889 4327 3054 4384 Petro
3078 4328 3182 4385 etsi
3210 4343 3309 4400 per
3339 4330 3701 4399 ignorantiam
3729 4341 3796 4382 sa-

2235 4430 2407 4485 tanas,
2431 4432 2491 4476 ut
2509 4420 2779 4476 desineret
2802 4420 2880 4474 ire
2905 4428 3027 4491 post
3067 4420 3235 4476 Deum
3260 4429 3318 4475 et
3356 4421 3508 4492 sequi
3567 4437 3690 4477 eum
3722 4415 3792 4488 qui

2231 4530 2333 4585 pro
2357 4512 2448 4569 illo
2476 4513 2784 4583 praecedere
2810 4527 2868 4567 se
2890 4513 3150 4583 optabat;
3178 4511 3383 4568 idcirco
3401 4511 3526 4582 jure
3569 4513 3786 4569 adversa

2231 4607 2346 4662 rius
2366 4614 2616 4671 vocatur,
2652 4613 2714 4659 ut
2747 4605 2922 4660 discat
2942 4603 3057 4674 jam
3080 4605 3339 4676 deinceps
3358 4604 3499 4660 Filio
3532 4606 3623 4661 Dei
3655 4617 3787 4661 scan;

2233 4700 2415 4755 dalum
2446 4714 2554 4753 non
2586 4713 2727 4754 esse.
2760 4697 3146 4754 Ambulaverat
3172 4700 3325 4769 prius
3372 4698 3568 4755 Petrus
3591 4714 3623 4753 a
3662 4697 3787 4770 prir-

2231 4791 2374 4863 cipio
2409 4791 2711 4847 vocationis
2731 4805 2844 4847 suae
2863 4800 2983 4863 post
3004 4791 3316 4857 Dominum,
3344 4799 3632 4864 antequam
3657 4801 3789 4847 scan;

2230 4882 2412 4937 dalum
2438 4898 2559 4939 esse
2589 4884 2776 4954 coepit,
2802 4891 2858 4938 et
2881 4884 3154 4939 contraire
3182 4885 3257 4950 ei,
3280 4892 3337 4939 et
3367 4884 3490 4940 ideo
3517 4899 3643 4940 mox
3679 4894 3782 4955 per-

2230 4974 2435 5028 cntitur
2455 4973 2611 5029 initio
2635 4973 2863 5042 peccati,
2900 4972 2945 5028 si
2975 4982 3265 5043 peccatum
3306 4972 3412 5028 dici
3465 4971 3549 5029 fas
3599 4982 3702 5036 est,
3742 4970 3787 5019 el

2234 5075 2490 5123 monetur
2516 5076 2576 5122 ut
2607 5066 2828 5137 impleat
2854 5067 2999 5138 quod
3025 5068 3106 5122 eis
3144 5082 3173 5121 a
3196 5066 3435 5122 Domino
3459 5067 3511 5121 in
3549 5056 3785 5136 principio

2228 5160 2531 5216 vocationis
2590 5175 2779 5216 eorum
2824 5157 3037 5229 jussnm
3096 5159 3290 5215 fuerat.
3353 5158 3579 5215 Dixerat
3612 5157 3777 5212 enim:

2238 5253 2419 5310 Venite
2441 5267 2554 5327 post
2581 5272 2683 5321 me,
2721 5254 2918 5325 faciam
2942 5270 3030 5309 vos
3053 5254 3172 5324 ﬁeri
3197 5255 3487 5324 piscatores
3543 5252 3779 5307 homin!“

2229 5344 2445 5414 (Matth.
2484 5362 2560 5413 IV,
2619 5344 2729 5417 49).
2780 5344 2849 5401 Et
2892 5345 3188 5400 notandum
3218 5344 3365 5415 quod
3407 5343 3535 5399 huic
3574 5342 3777 5399 dicitur:

2235 5438 2382 5495 Vade
2442 5448 2557 5511 post
2631 5456 2714 5496 me
2739 5479 2755 5506 ,
2828 5436 3077 5506 Satanas,
3140 5436 3355 5494 diabolo
3400 5450 3533 5493 vero
3578 5441 3781 5492 tantum.

2235 5531 2401 5599 Vade,
2434 5548 2498 5589 ac
2524 5534 2568 5589 si
2599 5534 2834 5599 dicatur,
2849 5532 2905 5587 in
2924 5534 3094 5603 ignem
3116 5518 3405 5596 internum;
3433 5531 3563 5602 quia
3594 5529 3782 5585 Ροιηηι

2228 5627 2458 5683 affectus
2491 5627 2696 5683 amoris
2720 5636 2775 5683 et
2818 5626 3123 5697 ignorantia
3153 5625 3306 5681 vicit.
3339 5623 3493 5681 Unde
3542 5624 3631 5679 hic
3654 5621 3788 5677 error

2227 5720 2555 5792 apostolicus
2583 5721 2650 5776 de
2695 5720 2999 5775 constantia
3031 5718 3155 5774 ﬁdei
3207 5717 3386 5780 venit,
3432 5718 3607 5788 magis
3644 5712 3790 5785 qua!“

2226 5828 2294 5869 ex
2321 5812 2594 5868 incentivo
2631 5810 2863 5877 diaboli;
2896 5811 3146 5883 quamvis
3170 5824 3271 5866 nec
3299 5810 3405 5867 hoc
3430 5810 3568 5865 satis
3612 5804 3796 5879 negare
