4004 6362
215 356 308 411 559
982 343 1341 401 EXPOSITIO
1378 343 1445 399 IN
1484 342 1924 400 MATTH/EUM.
1961 373 2032 384 —
2069 341 2194 398 LIB.
2221 343 2368 415 _.Vlll,
2409 344 2562 402 CAP.
2609 346 2743 404 XVI.

3374 350 3479 407 570

221 468 487 541 possimus,
520 462 664 534 quod
691 470 812 532 post
841 459 1281 531 praedicationem
1323 460 1594 531 passionis
1636 460 1691 515 in
1721 474 1789 516 eo
1816 461 1869 523 Α
1894 467 2148 528 quentem
2171 458 2453 515 militibus.
2494 459 2598 526 Qui
2627 460 2757 528 vult,
2788 464 2986 535 inquit,
3012 474 3128 536 post
3160 482 3241 521 me
3287 482 3475 530 ventre,

220 555 444 615 diabolus
473 554 715 609 tentandi
745 568 850 608 non
899 551 1172 621 acceperit
1213 549 1562 618 facultatem;
1618 567 1790 622 usque

219 650 276 706 ad
296 659 500 719 tempus
526 647 673 700 enim
694 645 762 699 ab
789 658 855 699 eo
885 651 1206 698 secesserat.
1258 641 1364 697 Sed
1381 657 1599 698 sumens
1648 645 1788 698 hanc

219 740 533 799 infidelitatis
569 739 818 793 humana:
861 735 1027 807 683
1085 735 1452 801 occasionem,
1498 744 1554 790 et
1605 736 1650 790 si
1689 749 1786 805 per

217 833 452 889 aﬂ'ectum
471 829 676 884 amoris
697 828 825 882 licet
840 843 868 881 a
897 827 1028 881 foris
1048 826 1211 882 Petro
1232 827 1529 882 insinuavit
1547 827 1788 897 objicere

215 927 436 991 Christo,
471 940 577 979 non
604 939 712 994 quo
741 937 894 977 mens
919 921 1035 990 ejus
1048 935 1257 976 veneno
1286 920 1622 975 infidelitatis
1641 929 1787 975 esset

215 1016 540 1081 infecta,sed
576 1030 682 1082 quo
728 1011 1012 1068 inscientia
1061 1011 1241 1066 fuerat
1293 1011 1568 1066 obvoluta.
1630 1011 1785 1078 Quod

212 1109 375 1162 sciens
404 1105 689 1170 Dominus,
721 1112 776 1158 et
807 1103 949 1157 illius
977 1101 1323 1168 fraudem,et
1345 1104 1501 1159 istius
1531 1104 1787 1173 ignoran-

213 1201 327 1254 tiam
350 1199 616 1268 increpat.
653 1197 816 1252 Petro
840 1195 1019 1260 dixit,
1067 1193 1212 1250 Vade
1236 1207 1352 1266 post
1379 1212 1482 1261 me,
1525 1212 1589 1251 ac
1616 1197 1662 1251 si
1699 1197 1782 1252 di-

211 1305 341 1351 ceret
364 1309 538 1365 usque
565 1295 630 1348 ad
655 1293 832 1348 crucis
852 1292 1198 1363 passionem;
1239 1299 1295 1344 et
1341 1289 1555 1345 diabolo
1601 1290 1782 1345 incre-

209 1405 329 1459 pans
352 1388 449 1452 ait,
490 1384 1081 1450 satanas,.scandalum
1133 1383 1264 1438 mihi
1321 1397 1399 1438 es.
1459 1383 1595 1450 Quia
1644 1384 1784 1439 sicut

211 1482 295 1536 Dei
331 1495 524 1535 munus
550 1490 634 1534 est
653 1479 928 1534 Christum
952 1478 1008 1532 in
1045 1477 1240 1546 spiritu
1269 1475 1440 1531 Deum
1468 1491 1668 1542 nosse;
1702 1477 1777 1532 ita

212 1573 397 1628 diaboli
419 1588 548 1643 opus
577 1581 660 1626 est
685 1571 964 1627 Christum
1010 1571 1064 1626 in
1100 1571 1318 1626 homine
1346 1572 1578 1626 nescire.
1606 1571 1783 1641 Atque

213 1665 439 1733 ejusdem
460 1664 684 1735 periculi
714 1680 801 1719 res
820 1673 924 1730 est,
949 1663 1034 1718 vel
1062 1677 1260 1732 corpus
1284 1677 1485 1733 negare
1509 1663 1626 1718 sine
1649 1663 1780 1729 Deo,

208 1755 285 1809 vel
312 1756 478 1810 Deum
522 1769 723 1823 negare
777 1755 897 1810 sine
950 1768 1218 1822 corpore;
1267 1753 1394 1822 quia
1418 1753 1644 1808 verbum
1677 1754 1777 1807 hu-

1892 552 2103 607 dixerat
2123 552 2268 606 enim
2299 567 2462 623 supra
2487 554 2601 609 suis
2633 555 2779 624 quod
2829 571 3093 628 passurus
3122 567 3178 614 et
3223 558 3476 614 occiden-

1891 645 1992 701 dus
2019 655 2186 713 esset,
2218 647 2432 702 dixerat
2460 647 2645 715 Pctro,
2684 648 2830 704 Vade
2855 660 2969 720 post
3009 667 3110 717 me,
3149 652 3277 722 quia
3325 652 3480 710 iure.

1890 748 2045 793 nerat
2070 739 2123 794 in
2154 755 2221 796 eo
2253 740 2530 814 quidpiam
2567 741 2992 798 contrarietatis.
3025 743 3167 799 Dicit
3193 761 3340 802 nunc
3359 762 3479 802 omo

1889 831 2050 885 nibus
2077 839 2134 886 ut
2176 847 2366 886 omnes
2409 848 2532 888 eum
2575 843 2876 904 sequantur
2920 835 2987 889 ad
3044 835 3319 905 militiam,
3367 855 3478 896 non

1887 937 1988 991 pro
2015 939 2093 988 se,
2121 925 2214 979 sed
2236 939 2335 995 pro
2357 925 2511 980 nobis
2533 927 2888 994 pradiantem.
2932 925 3133 984 Omnes
3159 941 3477 1000 sequantur,

1886 1025 1944 1070 et
1981 1031 2142 1070 nemo
2196 1017 2520 1072 antecedere
2570 1018 2720 1084 velit,
2768 1034 2930 1074 nemo
2969 1022 3263 1088 contraire,
3321 1038 3479 1078 nemo

1888 1105 2179 1173 declinare,
2209 1123 2370 1162 nemo
2393 1118 2694 1164 retrorsum
2743 1111 2914 1176 abire,
2970 1112 3065 1166 sed
3116 1127 3307 1168 omnes
3352 1129 3477 1168 eum

1887 1209 2224 1269 sequantur,
2281 1201 2540 1270 quoniam
2591 1203 2706 1272 ipse
2767 1203 2914 1260 solus
2965 1213 3050 1260 est
3094 1206 3186 1275 qui
3232 1215 3475 1277 pugnat,

1884 1295 2002 1364 ipse
2033 1295 2178 1351 solus
2197 1297 2290 1366 qui
2341 1296 2532 1362 vincit,
2592 1297 2707 1368 ipse
2765 1298 2912 1353 solus
2955 1311 3038 1354 est
3081 1299 3170 1368 qui
3221 1310 3470 1356 coronat.

1885 1385 2089 1441 Tamen
2136 1387 2366 1442 liberum
2409 1388 2696 1443 arbitrium
2755 1389 2810 1444 in
2857 1389 3112 1446 omnibus
3163 1400 3474 1446 conservat.

1884 1476 2145 1548 Regulam
2189 1479 2441 1534 omnibus
2493 1480 2798 1546 constituit,
2855 1480 2950 1536 sed
2998 1480 3305 1537 libertatem
3338 1497 3472 1538 con-

1884 1569 2045 1623 cedit.
2077 1569 2146 1624 Et
2174 1569 2295 1624 ideo
2337 1569 2549 1626 Marcus
2583 1573 2660 1627 ait
2690 1587 2706 1626 :
2738 1571 3047 1628 Convocans
3091 1573 3340 1644 populum
3371 1591 3478 1629 una

1883 1677 2002 1714 cum
2030 1661 2300 1732 discipulis
2331 1662 2440 1716 suis
2473 1663 2610 1717 dixit
2638 1663 2713 1718 eis
2750 1663 2946 1733 (Marc.
2978 1679 3097 1729 vm,
3125 1665 3238 1735 54).
3277 1665 3342 1719 Et
3364 1664 3478 1719 Lu-

1885 1769 1997 1819 cas,
2021 1753 2262 1819 Dicebat,
2295 1754 2486 1826 inquit,
2525 1756 2596 1809 ad
2644 1772 2820 1810 omnes
2875 1755 3029 1826 (Luc.
3061 1773 3138 1823 ιχ,
3189 1756 3306 1823 25).
3340 1755 3476 1811 Nam

203 1863 359 1902 meme
386 1846 583 1902 salutis
608 1861 797 1912 causa,
823 1845 1077 1900 Christus
1107 1845 1164 1899 in
1207 1858 1441 1914 corpore
1488 1845 1635 1914 quod
1691 1861 1780 1900 as-
1811 1828 1860 1890 Β
1889 1850 2004 1904 inec
2049 1851 2293 1905 omnium
2326 1852 2572 1907 invitatio
2620 1851 2768 1906 salus
2813 1859 2898 1906 est
2927 1852 3287 1916 credentium,
3340 1866 3478 1921 quo-

202 1941 433 2011 sumpsit.
465 1940 534 1994 Et
565 1940 686 1994 ideo
716 1939 855 1995 bene
889 1939 1052 1995 Petro
1087 1939 1292 1994 dictum
1319 1946 1486 1993 estut
1521 1935 1776 2008 sequere.

202 2043 306 2097 tur;
334 2032 385 2087 ei
413 2046 550 2086 vero
581 2046 612 2084 a
644 2046 752 2100 quo
799 2030 923 2085 talis
977 2030 1250 2102 suggestio
1306 2038 1389 2083 est
1430 2027 1654 2093 erroris,
1695 2043 1781 2084 re-

199 2122 491 2194 probando,
526 2121 845 2177 scandalum
871 2121 1001 2176 mihi
1027 2137 1106 2176 es.
1143 2121 1251 2176 Sed
1277 2119 1433 2175 valde
1453 2119 1777 2190 stupendum

199 2225 303 2282 post
343 2221 558 2268 tantam
609 2213 1026 2280 confessionem,
1053 2223 1173 2285 post
1226 2221 1431 2268 tantam
1485 2213 1777 2269 beatitudi-

201 2323 304 2361 nem
345 2315 402 2360 et
447 2314 561 2360 tam
610 2307 985 2361 admirabilem
1033 2306 1283 2376 gratiam,
1340 2315 1616 2376 ut.super
1655 2319 1779 2358 eum

198 2408 244 2452 et
282 2415 371 2468 per
424 2415 557 2454 eum
586 2399 948 2454 aedificaretur
981 2398 1220 2453 Ecclesia
1253 2398 1478 2461 Christi,
1507 2404 1628 2468 post
1657 2405 1778 2450 tan-

200 2504 293 2548 tam
328 2495 436 2549 sibi
491 2494 695 2565 ligandi
753 2509 816 2548 ac
878 2493 1119 2549 solvendi
1181 2501 1508 2563 potestatem
1559 2506 1780 2546 conces-

199 2602 318 2640 sam.
366 2586 519 2654 Quid
575 2595 659 2641 est
698 2586 841 2654 quod
883 2596 994 2640 tam
1045 2585 1225 2640 subito
1274 2584 1424 2639 audit
1497 2582 1780 2655 (qualiter-

201 2693 392 2748 cunquc
443 2676 536 2730 vel
595 2676 898 2746 cuicunque
965 2676 1212 2741 dicatur,
1276 2683 1458 2729 tamen
1529 2673 1580 2727 ei
1646 2673 1779 2728 dici-

200 2773 307 2836 tur)
369 2766 523 2820 Vade
567 2776 706 2820 retro
743 2783 842 2830 me,
894 2775 1130 2831 satanas,
1178 2765 1490 2820 scandalum
1523 2782 1576 2819 es
1610 2766 1779 2819 mihi?

202 2858 284 2913 γει
305 2875 428 2930 qua:
479 2867 694 2914 esttam
721 2859 1003 2927 repentina
1035 2859 1339 2923 conversio,
1373 2868 1432 2912 ut
1470 2868 1590 2928 post
1622 2868 1776 2914 tanta

201 2952 401 3018 pnemia
431 2949 541 3004 sibi
588 2948 847 3004 divinitus
899 2949 1114 3014 collata,
1160 2958 1379 3004 satanas
1433 2949 1776 3019 appelletur?

202 3041 294 3096 Sed
317 3041 360 3095 si
384 3041 682 3109 diligenter
708 3040 937 3095 attendit
958 3041 1191 3111 prudens
1239 3041 1472 3105 animus,
1507 3041 1622 3095 bmc
1643 3056 1764 3095 om-

203 3140 279 3193 nia
302 3155 402 3194 non
440 3138 510 3192 de
524 3137 801 3207 praesenti,
827 3145 884 3191 ut
913 3153 1074 3206 supra
1097 3136 1230 3201 dixi,
1263 3136 1355 3190 sed
1379 3136 1445 3190 de
1480 3136 1771 3205 repromis-

203 3230 335 3285 sione
354 3232 669 3283 l’uturorum
697 3236 842 3282 sunt.
874 3228 1010 3295 Quia
1043 3229 1087 3283 si
1128 3228 1310 3282 statim
1341 3229 1390 3282 ei
1428 3237 1576 3302 tanta
1625 3238 1772 3284 esset
1804 3197 1851 3263 Ο

203 3334 448 3375 concessa
523 3318 695 3388 gratia
759 3327 814 3372 et
874 3318 1148 3374 beatitudo
1197 3319 1440 3385 firmata,
1500 3335 1774 3390 nunquam

204 3429 367 3483 pravae
390 3413 766 3484 persuasionis
790 3427 946 3467 error
971 3413 1265 3469 invenisset
1294 3413 1490 3468 locum.
1525 3414 1778 3486 Propter-

210 3523 295 3570 ea,
329 3518 390 3562 ut
431 3508 656 3573 aestimo,
712 3506 926 3562 Marcus
975 3517 1030 3562 et
1065 3508 1240 3562 Lucas
1285 3509 1621 3578 scripserunt
1676 3509 1778 3565 Pe-

215 3609 349 3652 trum
374 3600 778 3668 respondentem
804 3599 1025 3664 dixisse,
1060 3598 1138 3654 Tu
1155 3617 1206 3654 es
1220 3599 1482 3666 Christus,
1508 3616 1614 3656 non
1642 3601 1778 3672 adji-

204 3694 402 3748 cientes
429 3693 569 3762 quod
600 3694 688 3748 hic
711 3694 944 3763 positum
963 3702 1048 3748 est
1078 3694 1132 3747 in
1164 3693 1435 3760 Matthiae,
1462 3692 1639 3750 Filius
1678 3695 1778 3751 Dei

202 3785 312 3836 vivi.
337 3784 399 3838 Et
423 3783 544 3838 ideo
577 3800 675 3841 nec
699 3785 954 3839 dixerunt
1006 3784 1076 3839 ad
1125 3785 1518 3842 confessionem
1551 3788 1775 3844 relatam

205 3875 347 3929 istam
372 3877 797 3941 beatitudinem,
815 3892 989 3946 neque
1002 3876 1394 3933 benedictionis
1416 3880 1666 3950 gratiam,
1683 3891 1777 3936 aut

206 3967 381 4023 donum
411 3978 582 4023 tantae
606 3969 904 4039 potestatis,
955 3985 1046 4024 seu
1091 3963 1288 4026 caetera
1346 3988 1467 4042 qua:
1514 3974 1591 4028 illi
1643 3990 1775 4029 con-

202 4073 334 4116 cessa
363 4071 517 4116 sunt.
554 4060 687 4116 Hinc
743 4077 840 4132 pro
885 4071 1035 4117 certo
1085 4063 1350 4131 dicimus,
1408 4066 1535 4136 quia
1590 4066 1702 4122 haec
1725 4066 1776 4122 ei

202 4165 292 4204 non
320 4152 842 4223 impraesentiarum,
877 4153 968 4208 sed
992 4153 1046 4207 in
1079 4154 1550 4224 praedestinatione
1573 4155 1691 4222 Dei,
1723 4164 1779 4211 et

201 4241 245 4294 in
270 4241 451 4297 futuro
483 4244 727 4313 praestita
759 4253 882 4297 sunt
905 4253 961 4298 et
983 4246 1152 4315 gratis
1175 4261 1453 4303 concessa.
1479 4247 1774 4319 Propterea

199 4341 246 4386 et
265 4349 399 4388 nunc
424 4334 526 4390 hic
554 4349 715 4390 error
739 4335 1042 4404 subrepsit,
1070 4343 1125 4390 et
1179 4336 1358 4391 locum
1411 4338 1603 4393 habuit
1649 4353 1779 4394 con-

199 4426 523 4491 tradicendi,
564 4426 714 4481 etin
767 4428 1016 4497 passione
1065 4425 1311 4495 Christi,
1359 4429 1613 4499 negandi.
1670 4428 1776 4484 Sed

200 4528 361 4574 utrum
393 4535 564 4576 error
586 4519 878 4591 aliquando
913 4521 1034 4576 sine
1065 4531 1290 4591 peccato
1317 4522 1406 4586 sit,
1432 4530 1526 4577 aut
1567 4522 1774 4578 ollicio-
1800 4560 1854 4623 Β

195 4624 293 4675 sus,
317 4623 374 4667 ut
422 4613 653 4682 quidam
675 4613 884 4679 volunt,
920 4614 1000 4670 eis
1055 4614 1305 4684 relinquo
1364 4614 1772 4684 disputandum,

197 4704 273 4770 qui
294 4707 484 4761 sciunt
514 4706 797 4776 perplexos
840 4708 1269 4778 syllogismorum
1304 4711 1641 4778 praetendere
1681 4726 1776 4765 no-

195 4794 298 4860 dos,
324 4808 378 4850 et
403 4797 716 4851 animorum
740 4798 979 4853 internos
1006 4807 1298 4867 penetrare
1320 4813 1530 4863 sensus,
1560 4799 1604 4853 si
1636 4797 1776 4854 forte

194 4891 348 4955 possit
379 4892 586 4961 aliquis
623 4907 828 4955 errare,
858 4901 950 4946 aut
977 4891 1292 4947 scandalum
1318 4907 1438 4947 esse
1464 4893 1555 4947 uni
1583 4909 1647 4948 ex
1676 4893 1774 4947 mi-

193 4982 442 5038 noribus?
480 4983 590 5037 Aut
627 4984 960 5037 contrarium
988 4984 1099 5038 Deo
1124 4985 1271 5054 quod
1303 4999 1370 5038 ex
1405 4984 1634 5038 adverso
1663 4999 1771 5040 non

194 5073 272 5127 sit.
303 5073 480 5147 684
504 5074 622 5129 Etsi
655 5091 719 5129 ex
745 5075 973 5130 adverso
1023 5075 1206 5141 fuerit,
1247 5084 1436 5131 contra
1462 5075 1638 5145 ipsum
1666 5084 1768 5131 est.

191 5170 451 5234 Quoniam
510 5171 616 5225 etsi
663 5185 847 5225 errare
900 5170 1190 5240 aliquando
1247 5169 1410 5224 alicui
1463 5161 1686 5240 profuit,
1716 5179 1778 5225 ut

193 5263 355 5319 bonus
394 5279 558 5320 error
586 5265 827 5329 dicatur;
877 5273 1055 5334 potest
1105 5262 1223 5317 fieri
1250 5271 1310 5317 ut
1356 5263 1521 5317 invia
1570 5262 1774 5329 szeculi,

190 5355 274 5408 sed
302 5371 408 5409 non
444 5356 497 5409 in
521 5354 609 5410 via
643 5355 756 5409 Dei.
785 5355 939 5409 Unde
965 5355 1228 5425 sequitur,
1261 5353 1322 5409 Si
1344 5355 1460 5426 quis
1505 5353 1612 5408 vult
1661 5362 1776 5424 post

188 5460 262 5498 me
311 5449 512 5512 venire,
560 5447 774 5517 abneget
819 5451 1195 5518 semetipsum,
1261 5457 1307 5501 et
1365 5445 1516 5500 tollat
1567 5462 1772 5500 crucem

187 5551 356 5603 suam,
417 5547 468 5592 et
519 5547 769 5608 sequatur
813 5555 913 5593 me.
967 5538 1198 5604 Audiat,
1249 5553 1454 5608 quaeso,
1502 5538 1775 5592 exercitus

187 5628 514 5685 Christianae
542 5631 855 5701 religionis;
910 5631 1133 5686 audiant
1183 5631 1424 5686 universi
1475 5632 1566 5701 qui
1614 5630 1774 5684 Chri-

186 5724 361 5779 stiano
407 5726 626 5782 nomine
652 5725 1221 5790 censentur;audiant
1249 5723 1451 5793 Regem
1497 5723 1773 5778 Christum

188 5816 430 5874 caelestis
454 5818 656 5875 militia:
674 5820 870 5891 populo
900 5818 1334 5884 concionantem,
1385 5827 1438 5871 et
1481 5817 1592 5873 suis
1642 5816 1775 5873 allo-

1883 1942 2029 1996 niam
2054 1957 2160 1996 non
2183 1942 2575 2012 qualiscunque
2602 1943 2778 1997 virtus
2797 1950 2882 1998 est
2907 1942 3061 2012 sequi
3083 1941 3386 2008 Christum,
3419 1951 3475 1997 et

1884 2033 1964 2087 ire
2000 2041 2122 2103 post
2166 2048 2309 2088 eum.
2345 2033 2514 2104 Cujus
2569 2032 2749 2104 regula
2794 2033 3030 2104 primum
3085 2032 3208 2088 talis
3245 2042 3346 2099 est,
3392 2032 3479 2088 cui

1883 2125 2132 2181 voluntas
2174 2126 2433 2196 sequendi
2479 2127 2660 2192 fuerit,
2713 2134 2773 2180 ut
2819 2125 3052 2198 abneget
3087 2125 3477 2195 semetipsum;

1881 2216 2010 2286 quia
2038 2215 2200 2270 aliter
2229 2216 2306 2270 ire
2331 2227 2455 2286 post
2474 2231 2597 2270 eum
2636 2231 2743 2270 non
2785 2223 2987 2286 potest,
3028 2215 3133 2270 nisi
3175 2215 3480 2287 abnegare-

1881 2306 1956 2361 rit
2005 2306 2380 2376 semetipsum.
2432 2305 2673 2376 Denegat
2715 2313 2897 2360 autem
2942 2303 3332 2374 semetipsum,
3387 2303 3480 2372 qui

1882 2398 2155 2454 carnalem
2186 2400 2353 2453 vitam
2384 2407 2440 2452 et
2463 2398 2660 2452 malam
2689 2398 2831 2452 bona
2863 2396 3279 2452 conversatione
3317 2395 3475 2450 inno-

1880 2501 1974 2546 vat
1999 2500 2056 2546 et
2081 2498 2397 2556 commutat,
2423 2499 2479 2545 et
2495 2489 2750 2560 deinceps
2797 2489 2852 2544 in
2899 2489 3140 2543 novitate
3181 2489 3466 2542 vitae.am-

1880 2584 2049 2650 bulat,
2105 2584 2159 2638 id
2208 2591 2293 2638 est
2343 2590 2405 2636 ut
2460 2581 2591 2636 vitia
2640 2581 2872 2644 deserat,
2928 2587 3167 2634 sectetur
3217 2579 3469 2643 virtutes,

1881 2688 2150 2752 quatenus
2172 2693 2271 2748 per
2300 2679 2398 2733 bas
2419 2676 2698 2731 Christum
2741 2672 3086 2738 conﬁteatur,
3135 2686 3241 2726 non
3292 2672 3471 2726 minus

1881 2773 2006 2839 fide,
2031 2787 2193 2844 quam
2214 2780 2269 2827 et
2297 2771 2553 2841 operibus
2579 2768 2769 2835 bonis;
2791 2768 2920 2838 quia
2944 2768 2996 2822 in
3019 2767 3107 2822 his
3129 2766 3358 2837 quisque
3384 2774 3478 2820 aut

1881 2866 2110 2936 denegat
2160 2864 2459 2928 Christum,
2503 2871 2562 2918 et.
2612 2862 2902 2918 conlitetur
2959 2859 3331 2930 semetipsum,
3386 2868 3480 2912 aut

1881 2960 2170 3016 confitetur
2192 2974 2378 3012 rursus
2392 2956 2693 3023 Christum,
2717 2956 2876 3011 malis
2903 2954 3158 3024 operibus
3187 2968 3286 3024 per
3314 2952 3476 3006 fidem

1882 3053 2184 3125 abnegatis,
2212 3061 2271 3107 ut
2302 3060 2445 3106 totus
2471 3052 2618 3105 vivat
2643 3051 2696 3105 in
2715 3046 3059 3105 confessione
3086 3056 3140 3102 et
3163 3045 3319 3101 laude
3342 3045 3458 3111 Dei,

1883 3146 2040 3200 bonis
2067 3143 2322 3213 operibus
2351 3142 2710 3214 adimplendo.
2746 3140 2951 3196 Idcirco
2993 3139 3171 3194 omnis
3217 3137 3473 3209 cogitatio

1882 3246 2087 3301 nostra,
2119 3235 2439 3300 intellectus,
2470 3243 2524 3289 et
2542 3234 2720 3291 omnis
2744 3247 2925 3289 sermo
2948 3240 3003 3285 et
3029 3238 3208 3294 actus,
3232 3238 3473 3284 nostram

1881 3329 2294 3400 ahnegationem
2326 3329 2684 3393 demonstrat,
2711 3324 2930 3381 Christo
2958 3321 3362 3378 confessionem
3407 3334 3472 3374 ac

1882 3421 2250 3478 testimonium
2281 3420 2334 3473 in
2359 3419 2587 3490 singulis
2609 3417 2905 3472 virtutibus
2934 3423 3213 3484 operatur.

1956 3510 2148 3576 Toltat,
2176 3510 2368 3579 inquit,
2402 3525 2608 3563 crucem
2632 3525 2807 3574 suam,
2845 3516 2891 3560 et
2917 3514 3168 3576 sequatur
3198 3519 3300 3558 me.
3333 3502 3470 3570 Quia

1882 3620 1988 3660 non
2018 3605 2150 3659 satis
2177 3611 2259 3659 est
2289 3603 2477 3658 tollere
2504 3618 2744 3665 crucem,
2776 3601 2878 3655 nisi
2904 3599 3149 3669 sequaris
3163 3596 3462 3652 Christum.

1881 3695 2016 3750 Nam
2031 3706 2084 3750 et
2098 3695 2406 3765 philosophi
2424 3693 2584 3763 hujus
2595 3691 2775 3748 saeculi
2800 3707 2896 3746 sua
2911 3690 3092 3746 omnia
3112 3688 3470 3758 reliquerunt,

1881 3791 2046 3847 etiam
2062 3789 2330 3844 interdum
2344 3797 2399 3843 et
2411 3787 2560 3852 vitia,
2579 3794 2851 3843 sectantes
2865 3798 3046 3839 mores
3058 3782 3252 3847 bonos,
3268 3788 3322 3835 et
3338 3779 3473 3835 mul-

1887 3891 1941 3937 ta
1973 3881 2115 3953 passi
2158 3888 2308 3945 sunt,
2341 3879 2436 3934 sed
2469 3879 2595 3948 quia
2621 3877 2780 3932 tidem
2806 3892 2912 3932 non
2938 3876 3266 3938 habuerunt,
3301 3887 3476 3942 neque

1880 3972 2044 4045 685
2073 3970 2348 4026 Christum
2378 3978 2506 4025 sunt
2534 3969 2737 4026 secuti:
2765 3965 3023 4022 Putantes
3047 3983 3103 4020 se
3129 3982 3240 4020 esse
3267 3965 3474 4034 sapien-

1880 4076 1978 4132 tes,
2001 4064 2148 4120 stulti
2171 4072 2550 4125 remanserunt,
2565 4063 2690 4134 quia
2718 4078 2823 4117 non
2843 4060 3265 4132 gloriﬁcaverunt
3284 4058 3472 4123 Deum,

1880 4157 1970 4212 sed
1997 4164 2319 4210 evanuerunt
2346 4155 2401 4208 in
2421 4153 2824 4224 cogitationibus
2853 4152 2961 4206 suis
2993 4149 3168 4222 (Rom.
3211 4163 3252 4213 ι,
3279 4147 3393 4218 21),
3421 4155 3476 4201 et

1879 4252 2280 4306 oberraverunt
2327 4263 2356 4302 a
2405 4262 2555 4303 vero.
2604 4245 2902 4316 Propterea
2949 4240 3320 4314 unusquisque
3381 4239 3475 4309 qui

1880 4342 1996 4396 vult
2024 4340 2177 4411 sequi
2209 4339 2484 4396 Christum
2505 4379 2519 4405 ,
2560 4336 2712 4393 tollat
2739 4349 2959 4391 crucem
2986 4347 3139 4389 suam
3164 4371 3180 4398 ,
3215 4331 3340 4400 quia
3367 4329 3475 4384 nisi

1882 4433 1935 4487 in
1964 4446 2126 4487 cruce
2155 4431 2357 4485 Christi
2387 4429 2651 4500 gloriatus
2681 4427 2866 4493 fuerit,
2899 4435 2954 4481 et
2982 4425 3036 4480 in
3061 4440 3122 4480 ea
3155 4421 3472 4486 crediderit,

1881 4539 2213 4593 crucemque
2260 4523 2466 4578 Christi
2495 4537 2650 4577 suam
2682 4535 2803 4577 esse
2845 4519 3064 4583 fecerit,
3093 4526 3150 4573 et
3174 4515 3477 4588 portaverit

1880 4627 2003 4688 post
2025 4615 2301 4671 Christum
2331 4630 2454 4668 cum
2483 4613 2705 4668 Simone
2725 4653 2740 4678 ,
2792 4613 2846 4667 in
2879 4611 3130 4683 angaria,
3164 4623 3289 4664 eum
3320 4606 3475 4678 sequi

1880 4727 1985 4763 non
2017 4716 2214 4779 potest,
2263 4706 2386 4776 quia
2435 4720 2595 4760 nemo
2636 4719 2839 4759 vacuus
2882 4702 3159 4758 Christum
3207 4700 3470 4769 sequitur.

1878 4799 2087 4854 Idcirco
2113 4799 2422 4867 quicunque
2468 4796 2698 4850 moritur
2733 4804 2986 4865 peccato,
3029 4807 3136 4848 non
3177 4791 3284 4846 alio
3311 4789 3473 4845 modo

1879 4891 2165 4956 moriatur,
2191 4904 2354 4959 quam
2385 4887 2682 4943 secundum
2709 4904 2952 4954 carnem,
2992 4895 3052 4941 ut
3080 4887 3263 4941 dicere
3301 4883 3473 4956 possit

1878 4998 2001 5038 cum
2030 4981 2310 5054 Apostolo,
2335 4980 2480 5034 Absit
2507 4981 2636 5034 mihi
2677 4981 2898 5051 gloriari
2917 5023 2931 5045 ,
2965 4979 3065 5034 nisi
3087 4980 3142 5032 in
3177 4993 3328 5030 cruce
3365 4974 3474 5028 Do-

1883 5075 2013 5129 mini
2063 5091 2155 5146 per
2200 5090 2356 5146 quam
2408 5073 2536 5127 mihi
2583 5074 2808 5129 mundus
2830 5072 3114 5141 cruciﬁxus
3143 5078 3241 5134 est,
3288 5079 3336 5123 et
3378 5083 3470 5139 ego

1883 5166 2078 5222 mundo
2109 5165 2250 5238 (Cal.
2275 5181 2348 5232 v1,
2383 5164 2492 5235 Η).

1957 5262 2060 5329 Qui
2081 5263 2218 5317 enim
2240 5261 2456 5317 voluerit
2479 5262 2712 5317 animam
2735 5276 2885 5314 suam
2908 5257 3106 5314 salvam
3135 5257 3328 5328 facere,
3353 5271 3471 5326 per-

1883 5356 1966 5410 det
1994 5372 2128 5411 eam.
2169 5354 2238 5408 Et
2262 5357 2351 5424 qui
2373 5354 2655 5426 perdiderit
2683 5354 2914 5407 animam
2946 5367 3098 5406 suam
3127 5360 3336 5422 prapter
3367 5365 3466 5415 me,

1880 5449 1938 5504 in
1964 5450 2120 5504 vitam
2164 5457 2413 5503 (eternam
2437 5448 2656 5502 inveniet
2693 5461 2828 5500 eam.
2859 5444 2903 5500 Ο
2941 5445 3160 5499 beatum
3190 5444 3465 5506 damnum,

1880 5548 1935 5595 et
1971 5539 2182 5610 jactura
2229 5536 2378 5603 felix,
2426 5537 2637 5592 salvare
2686 5549 2783 5589 nos
2815 5533 2929 5590 vult
2969 5549 3093 5589 cum
3143 5531 3468 5588 detrimento

1881 5632 2075 5686 animus
2102 5645 2165 5684 ac
2192 5629 2455 5700 corporis,
2491 5635 2545 5682 et
2572 5642 2694 5682 esse
2719 5627 2801 5682 sui
2831 5626 3034 5682 similes
3069 5641 3168 5681 nos
3191 5625 3462 5680 hortatur.

1883 5723 2022 5790 Quia
2062 5725 2169 5794 ipse
2204 5723 2256 5777 in
2279 5723 2377 5776 Dei
2400 5721 2573 5791 [arma
2608 5738 2727 5776 cum
2765 5730 2894 5775 esset
2923 5719 3144 5792 (Philip.
3179 5734 3240 5782 tl,
3267 5716 3345 5789 6),
3377 5732 3465 5772 us-

1879 5830 1983 5886 que
2011 5815 2078 5870 ad
2101 5822 2329 5870 mortem
2361 5812 2580 5870 humilis
2607 5812 2782 5870 factus
2814 5822 2899 5869 est
2931 5822 2988 5869 et
3017 5810 3278 5868 obediens
3297 5849 3314 5879 ,
3337 5823 3458 5882 pro-
