4004 6362
527 284 625 340 571

1333 280 1389 336 S.
1435 280 1788 338 PASCHASII
1831 277 2177 342 RADBEBTI
2216 277 2506 334 ABBATIS
2544 276 2988 336 CORBEIENRIS
3701 281 3768 334 δῖ

530 407 652 473 pter
689 398 922 470 quodet
967 403 1196 452 mortem
1228 396 1408 452 crucis
1444 397 1686 468 pertulit,
1718 406 1776 454 ut
1817 397 2106 468 unusquis-
2136 396 2190 460 Α
2214 408 2336 448 vam
2381 393 2575 455 facere,
2626 397 2813 464 perdet
2864 396 3042 460 illam;
3095 404 3149 450 et
3179 396 3269 466 qui
3315 396 3613 466 perdiderit
3655 396 3808 467 prius

509 506 639 564 que
679 505 778 562 per
822 502 1038 546 crucem
1087 488 1144 542 in
1194 486 1422 542 Domino
1469 488 1746 558 glorietur,
1793 498 1846 544 et
1875 504 1969 558 per
1997 505 2115 544 eam

534 583 730 640 saeculo
769 597 832 636 ac
863 581 965 638 sibi
998 579 1278 637 moriatur.
1324 578 1458 646 Quia
1490 581 1740 649 quamvis
1773 581 2017 635 videatur
2059 597 2117 635 se

534 676 729 745 aliquis
759 673 1032 736 abstinere
1071 687 1098 724 a
1132 678 1375 740 peccato,
1407 679 1464 724 et
1485 672 1555 726 sit
1582 680 1826 725 mortuus
1859 681 2115 742 quantum

533 768 728 828 attinet
751 765 816 820 ad
844 771 1126 835 peccatum
1147 802 1162 826 ,
1211 771 1390 816 tamen
1440 762 1542 817 nisi
1593 763 1644 816 in
1675 776 1890 818 crucem
1917 763 2116 818 Christi

532 859 854 920 crediderit,
885 866 940 911 et
977 857 1029 910 in
1063 855 1167 910 fide
1194 853 1309 923 ejus
1335 856 1424 925 qui
1459 855 1751 909 crucifixus
1780 864 1883 919 est,
1913 865 1967 910 ct
1996 872 2116 925 pro-

530 960 651 1019 pter
676 965 798 1002 cum
829 965 887 1004 se
937 947 1260 1006 abstinuerit
1301 962 1330 1002 a
1364 956 1606 1017 peccato,
1651 947 1762 1018 ipse
1801 947 1902 1003 sibi
1929 957 1984 1003 et
2010 964 2131 1012 non,

530 1041 746 1098 Christo
778 1041 945 1104 vivit,
991 1041 1116 1109 quia
1173 1055 1276 1096 non
1331 1049 1413 1094 est
1456 1039 1671 1096 Christo
1715 1041 2009 1096 crucifixus
2061 1051 2114 1095 et

530 1144 802 1200 mortuus,
821 1142 880 1186 ut
915 1133 1094 1190 omnia
1126 1132 1242 1185 hzec
1268 1132 1320 1186 in
1353 1149 1418 1187 eo
1459 1132 1705 1187 Christus
1729 1142 2020 1202 operetur;
2062 1145 2116 1190 et

529 1227 653 1281 ideo
680 1228 961 1297 signanter
985 1228 1078 1291 ait,
1116 1226 1220 1293 Qui
1260 1228 1543 1296 perdiderit
1568 1230 1798 1284 animant
1820 1247 1968 1284 suam
1994 1249 2114 1302 pro—-

526 1329 640 1388 pter
679 1335 778 1382 me,
806 1319 1024 1372 inveniet
1048 1336 1180 1372 eam.
1201 1318 1372 1385 Quam
1396 1321 1716 1378 sententiam
1738 1325 1807 1376 ita
1828 1338 2113 1393 possumus

527 1412 864 1484 intelligere,
899 1412 989 1481 qui
1037 1422 1182 1466 amat
1222 1415 1460 1476 animam
1505 1430 1695 1478 suam,
1729 1428 1822 1469 aut
1865 1417 1956 1486 qui
2001 1419 2113 1472 odit

526 1505 762 1560 animam
790 1520 942 1560 suam
971 1524 984 1559 :
1025 1514 1085 1560 ut
1110 1506 1383 1572 dicamus,
1415 1505 1471 1561 Si
1494 1508 1615 1576 quis
1646 1518 1729 1562 est
1753 1520 1963 1564 amator
1990 1511 2114 1564 vita:

523 1598 809 1666 prtrsentis
854 1597 974 1668 plus
1006 1613 1168 1667 quam
1213 1609 1450 1663 πίει-ηπ,
1479 1609 1527 1656 et
1559 1608 1713 1669 putat
1757 1601 1894 1656 hanc
1946 1601 2110 1658 vitam

523 1697 845 1766 praesentem
873 1689 1130 1758 optimam
1163 1705 1284 1746 esse
1313 1689 1651 1754 felicitatem,
1676 1699 1728 1742 et
1783 1692 1955 1760 parcit
1997 1692 2112 1746 ani-

2217 495 2438 553 propter
2485 502 2600 549 nua,
2653 487 2741 540 hic
2776 487 2981 541 salvam
3030 487 3191 542 faciet
3235 503 3376 541 eam.
3422 486 3692 554 Quoniam
3724 488 3806 546 sic

2219 590 2558 644 consequens
2582 587 2700 632 erat
2730 578 2898 642 ratio,
2931 586 2989 632 ut
3041 578 3191 648 prius
3241 578 3617 632 amitteremus
3661 577 3805 646 quod

2199 665 2321 736 jam
2347 667 2486 728 male
2509 669 2861 732 habebamus,
2886 669 3080 730 deinde
3103 678 3162 724 ut
3185 684 3644 739 consequeremur
3666 685 3806 738 quie-

2219 773 2341 813 rere
2371 760 2514 828 quod
2548 776 2822 831 nunquam
2849 777 2914 815 ex
2945 762 3102 818 nobis
3146 762 3348 817 habere
3374 762 3672 832 potuimus.
3705 763 3811 818 Ita-

2218 863 2321 916 que
2357 849 2436 903 sic
2471 851 2756 904 vivendum
2802 861 2884 908 est
2921 860 2978 906 ut
3001 868 3400 924 consequamur
3428 854 3660 910 salutem
3689 857 3809 910 ani-

2219 962 2426 1000 marum
2475 958 2778 1002 nostrarum
2836 950 2888 1002 in
2935 951 3350 1006 conversatione
3393 951 3516 1008 vita
3543 951 3805 1006 melioris.

2218 1038 2347 1106 Quae
2371 1041 2626 1096 nimirum
2667 1043 2905 1100 varietas
2926 1045 3356 1109 sententiarum,
3402 1042 3530 1100 licet
3569 1058 3718 1100 unus
3740 1042 3813 1100 sit

2217 1147 2429 1197 sensus,
2462 1142 2641 1190 tamen
2671 1135 2903 1203 amplius
2925 1144 2982 1198 et
3025 1134 3323 1205 perfectius
3365 1135 3613 1205 aperitur
3643 1133 3810 1191 intel-

2217 1226 2405 1288 lectus,
2461 1229 2586 1283 dum
2632 1231 2898 1295 sententia
2941 1246 3009 1288 ex
3033 1231 3136 1286 alia
3164 1230 3514 1300 praedicatur,
3557 1239 3614 1286 et
3640 1246 3812 1289 orna-

2217 1321 2324 1374 tior
2368 1320 2620 1390 loquendi
2659 1325 3071 1386 conuuendatur
3110 1325 3322 1380 modus.
3361 1325 3619 1394 Quisquis
3664 1327 3810 1380 enim

2216 1412 2533 1486 denegat‘se
2551 1453 2567 1477 ,
2597 1425 2648 1470 et
2675 1415 2811 1470 tollit
2845 1431 3063 1472 crucem
3089 1432 3244 1472 suam
3271 1418 3384 1486 ipse
3411 1427 3496 1472 est
3521 1420 3614 1488 qui
3634 1421 3815 1488 perdit

2215 1501 2451 1556 animam
2478 1519 2630 1558 suam
2663 1514 2880 1574 prepter
2909 1505 3208 1572 Christum.
3235 1507 3301 1561 Et
3330 1509 3564 1576 perdens
3614 1509 3814 1563 melius

2215 1605 2331 1644 eam
2363 1592 2556 1657 salvat,
2591 1595 2716 1648 dum
2745 1611 2843 1664 pro
2874 1595 2965 1656 illo
2993 1597 3084 1666 qui
3115 1596 3224 1652 vita
3251 1598 3616 1654 essentialiter
3642 1599 3810 1670 687

2217 1692 2320 1746 est,
2360 1693 2465 1738 tota
2519 1685 2870 1755 impenditur.
2922 1688 2989 1742 Et
3020 1688 3110 1756 qui
3141 1690 3317 1759 perdit
3346 1693 3608 1755 animam,
3639 1709 3816 1760 quan-

523 1763 644 1845 maz,
681 1791 739 1834 ut
769 1783 940 1853 magis
979 1783 1176 1855 timeat
1214 1783 1372 1846 mori,
1405 1793 1460 1848 et
1495 1793 1644 1855 putat
1685 1785 1918 1839 animam
1959 1802 2106 1842 suam

2222 1781 2334 1826 tum
2363 1776 2432 1830 ad
2452 1775 2757 1840 voluntates
2781 1779 3030 1840 carnales
3053 1781 3306 1850 pertinet,
3339 1781 3449 1850 ipse
3475 1793 3558 1836 est
3597 1783 3694 1852 qni
3721 1783 3817 1840 ab-

519 1889 616 1944 per
639 1876 775 1928 hanc
801 1885 1029 1930 mortem
1053 1876 1235 1930 carnis
1262 1878 1456 1946 perire,
1489 1877 1591 1930 istc
1623 1879 1724 1932 hoc
1750 1881 1909 1933 modo
1933 1880 2116 1934 volens

521 1965 756 2018 animam
774 1982 924 2020 suam
944 1967 1172 2028 salvarc,
1192 1970 1379 2035 perdet
1394 1969 1558 2033 illam,
1579 1971 1703 2024 dum
1721 1969 1949 2026 alienam
1969 1972 2112 2026 illam

518 2053 708 2110 fecerit
731 2073 760 2114 a
790 2058 894 2110 vita
926 2066 1151 2112 aeterna.
1184 2058 1391 2114 Dicitur
1419 2071 1471 2115 et
1505 2062 1829 2116 eminentior
1851 2080 1977 2132 pars
1999 2067 2114 2120 ani—

519 2161 621 2200 ma:
639 2163 809 2210 mens,
824 2164 928 2216 qua
949 2157 1055 2204 tota
1072 2151 1274 2221 regitur
1289 2153 1398 2208 vita
1414 2154 1677 2219 hominis;
1700 2166 1782 2209 est
1798 2166 1851 2210 et
1868 2156 2109 2225 inferior,

516 2249 623 2304 qua
653 2235 958 2298 viviticatur
1005 2254 1223 2310 corpus,
1267 2259 1387 2312 qua:
1435 2253 1487 2297 et
1534 2245 1641 2298 vita
1685 2246 1936 2313 animalis
1981 2250 2112 2304 dici-

521 2335 609 2382 tur
640 2346 653 2382 :
701 2331 794 2386 sed
838 2331 1014 2396 anima
1057 2349 1087 2387 a
1118 2344 1271 2403 parte
1303 2345 1410 2391 tota
1441 2348 1663 2402 vocatur
1693 2355 1797 2410 qua
1831 2352 2111 2412 vegetatur

518 2434 735 2492 corpus.
769 2421 942 2494 Quam
967 2440 1098 2480 sane
1125 2428 1382 2494 animam,
1411 2431 1464 2484 id
1495 2441 1580 2487 est
1608 2444 1930 2502 praesentem
1972 2437 2110 2490 hanc

517 2514 706 2578 vitam,
754 2517 798 2570 si
840 2517 963 2586 quis
994 2518 1114 2588 plus
1164 2523 1450 2588 amaverit,
1479 2508 1640 2592 quam
1669 2536 1760 2580 aut
1791 2527 1974 2583 vivere
2021 2543 2106 2584 se-

517 2608 752 2661 cundum
783 2607 952 2668 Deum
977 2651 991 2673 ,
1043 2619 1132 2676 aut
1164 2614 1300 2682 mori
1332 2623 1553 2684 propter
1592 2617 1777 2679 Deum,
1805 2620 1994 2688 perdet
2027 2629 2108 2674 to-

519 2710 627 2754 tam
659 2701 822 2758 vitam
851 2703 995 2768 illam
1019 2719 1123 2773 qua
1144 2706 1328 2770 vivere
1361 2708 1565 2773 debuit,
1595 2712 1894 2778 secundum
1918 2712 2104 2778 Deum,

517 2789 590 2842 ita
621 2799 681 2844 ut
711 2802 900 2846 neutra
929 2809 1054 2865 pars
1087 2795 1285 2856 anima:
1316 2814 1422 2867 qua
1457 2801 1777 2873 vivit686
1817 2812 1870 2855 et
1902 2804 2107 2874 regitur

517 2898 731 2951 corpus,
755 2884 869 2954 jam
900 2885 1040 2940 ultra
1063 2887 1211 2941 vivat
1239 2889 1290 2942 in
1321 2889 1406 2942 illa
1431 2902 1632 2946 aaterua
1665 2895 1771 2947 vita
1793 2910 1888 2964 per
1913 2897 2102 2964 Deum,

520 2972 611 3040 qui
643 2972 814 3025 noluit
833 2975 970 3028 mori
1001 2977 1101 3029 sibi
1131 2993 1193 3032 ac
1216 2980 1416 3034 saeculo
1440 2991 1498 3040 ut
1525 2984 1659 3038 bene
1684 2986 1887 3052 viveret
1909 3004 2103 3044 secun-

519 3063 646 3115 dum
697 3063 884 3116 Deum.
917 3063 1180 3122 Similiter
1207 3079 1261 3124 et
1307 3071 1398 3139 qni
1437 3077 1826 3144 contempserit
1865 3094 2072 3148 praesen

520 3162 628 3208 tem
656 3165 875 3226 propter
899 3159 1156 3223 verbum,
1189 3172 1243 3218 et
1269 3163 1504 3220 conlisus
1553 3167 1618 3221 de
1651 3170 1759 3224 vita
1785 3179 1985 3238 {eterna
2020 3190 2108 3228 us-

517 3263 626 3318 que
659 3249 726 3304 ad
757 3261 982 3305 mortem
1015 3268 1110 3322 pro
1143 3256 1374 3334 veritate
1414 3261 1741 3330 certaverit,
1795 3271 1886 3318 aut
1914 3265 2110 3320 vixerit

527 3340 1017 3412 impraesentiarum
1037 3386 1050 3409 ,
1080 3361 1186 3400 non
1220 3349 1320 3416 sibi
1348 3351 1441 3416 sed
1463 3353 1758 3408 secundum
1788 3353 1952 3410 Deum
1983 3372 2109 3426 per?

520 3434 613 3490 det
641 3435 858 3503 quidem
905 3439 1141 3502 animam
1173 3455 1350 3507 suam,
1380 3454 1640 3512 quantum
1674 3446 1738 3498 ad
1785 3458 2108 3517 przesentem

520 3530 714 3583 attinet
748 3531 936 3592 vitam,
968 3533 1093 3586 dum
1119 3543 1209 3586 aut
1241 3536 1406 3589 tradit
1435 3552 1552 3590 eam
1585 3554 1684 3607 pro
1729 3539 1928 3610 pietate
1952 3542 2108 3600 Chri-

518 3621 585 3675 sti
612 3622 664 3674 in
700 3632 954 3688 mortem,
981 3639 1100 3693 qua:
1129 3625 1351 3680 abusive
1383 3628 1582 3682 dicitur
1627 3645 1797 3693 mors,
1842 3640 1936 3685 aut
1966 3641 2108 3688 totus

519 3724 767 3768 mortuus
814 3716 1009 3770 sarculo
1062 3717 1162 3770 sibi
1212 3727 1387 3786 potest
1433 3719 1612 3774 dicere
1659 3737 1780 3775 cum
1822 3723 2104 3794 Apostolo,

531 3801 653 3857 Viro
697 3806 815 3874 jam
845 3824 946 3860 non
970 3824 1083 3877 ego,
1109 3809 1226 3862 ririt
1255 3825 1370 3864 vero
1418 3811 1471 3862 in
1495 3827 1575 3864 me
1613 3809 1852 3865 Christus
1875 3813 2014 3882 (Gal.
2043 3832 2103 3882 tt,

511 3891 624 3963 20).
663 3895 768 3948 Iste
815 3897 978 3966 igitur
1011 3899 1133 3952 talis
1177 3908 1270 3954 aut
1319 3909 1538 3965 tantus,
1586 3905 1838 3970 quoniam
1886 3918 2107 3986 propter

512 3983 785 4040 Christum
817 3986 1049 4054 perdidit
1091 3989 1327 4042 animam
1368 4006 1544 4055 suam,
1593 3995 1762 4063 magis
1808 4011 1926 4049 eam
1974 3983 2104 4052 facit

515 4075 718 4132 salvam
763 4078 812 4130 in
860 4078 966 4130 vita
1016 4086 1266 4144 interna;
1313 4081 1438 4150 quia
1478 4082 1716 4152 profecto
1755 4086 2102 4141 abrenuntiat

515 4167 730 4224 diabolo
761 4177 814 4220 et
843 4169 1093 4223 omnibus
1124 4173 1378 4239 operibus
1403 4172 1546 4251 ejus,
1577 4192 1784 4230 necnon
1822 4186 1876 4232 et
1906 4179 2102 4252 saeculo

517 4278 637 4316 cum
670 4263 783 4316 suis
813 4262 1042 4318 fallaciis
1070 4273 1124 4318 et
1158 4267 1369 4336 pompis
1395 4265 1530 4334 ejus,
1581 4269 1650 4322 ita
1685 4280 1738 4322 ut
1772 4271 1871 4325 sibi
1905 4273 1992 4330 hic
2023 4284 2100 4326 ta-

515 4353 580 4428 lis
611 4353 759 4408 tollat
787 4372 1002 4411 crucem
1045 4374 1220 4422 suam,
1253 4368 1305 4414 et
1352 4361 1592 4429 sequitur
1631 4362 1928 4417 Christum.
1976 4364 2101 4420 [huc

515 4447 694 4500 omnia
742 4448 795 4500 in
821 4447 992 4504 libero
1034 4451 1258 4506 arbitrio
1290 4464 1676 4522 proponuntur,
1711 4466 1763 4510 et
1793 4457 1912 4510 ideo
1943 4457 2098 4525 quasi

515 4538 583 4592 ad
622 4540 900 4608 superiora
937 4542 1110 4595 reddit
1154 4545 1440 4609 rationem,
1468 4555 1521 4600 et
1554 4548 1703 4610 dicit,
1749 4547 1851 4611 Qui
1884 4547 2100 4601 volverit

515 4632 747 4704 animam
785 4649 938 4686 suam
983 4634 1180 4688 salvam
1233 4635 1426 4705 facere,
1467 4639 1642 4706 perdet
1676 4654 1812 4690 eam.
1865 4638 2099 4695 Dicendo

515 4739 670 4794 ergo,
700 4725 790 4795 qui
810 4727 1046 4792 voluerit,
1078 4729 1470 4810 prapcedentem
1500 4737 1554 4783 et
1584 4739 1900 4797 sequentem
1934 4745 2098 4784 unum

517 4828 637 4867 esse
659 4830 876 4874 sensum
908 4818 1160 4874 ostendit.
1205 4817 1410 4872 Idcirco
1455 4817 1598 4887 quod
1640 4819 1888 4888 superius
1929 4820 2092 4882 dixit,

516 4905 738 4976 Abneget
767 4909 1130 4978 semetipsum,
1161 4909 1309 4963 tollat
1334 4928 1536 4963 crucem
1562 4927 1711 4964 suam
1730 4952 1743 4972 ,
1777 4922 1823 4963 et
1851 4923 2098 4982 sequatur

517 5013 620 5063 me,
637 4998 678 5051 si
695 5000 759 5051 de
776 5011 943 5054 morte
959 5000 1070 5054 sola
1089 5001 1239 5064 dixit,
1257 5012 1308 5055 et
1326 5003 1426 5054 hoc.
1448 5004 1589 5070 quod
1606 5001 1866 5066 dicit,Qni
1886 5003 2098 5056 voluerit

519 5090 748 5143 animum
769 5108 919 5143 suam
941 5091 1140 5144 salvam
1177 5092 1368 5159 facere,
1412 5092 1586 5159 perdet
1627 5093 1812 5157 illam;
1844 5095 2098 5147 continuo

467 5199 478 5210 ·
519 5188 574 5233 et
593 5179 656 5234 de
681 5191 852 5246 morte
882 5180 993 5234 sola
1019 5179 1316 5249 intelligere
1342 5181 1628 5233 debemus:
1656 5182 1697 5234 si
1724 5191 1902 5235 autem
1938 5184 2098 5235 nine-

518 5286 645 5342 gare
675 5281 723 5326 el
756 5272 942 5325 tollere
972 5286 1185 5324 crucem
1213 5286 1317 5323 non
1351 5270 1520 5323 solum
1547 5280 1629 5323 est
1660 5272 1792 5323 mori
1820 5288 1914 5340 pro
1939 5271 2098 5324 Chri-

519 5373 622 5428 sto,
649 5367 740 5417 sed
759 5364 919 5416 etiam
939 5362 1212 5415 carnalem
1228 5363 1693 5416 conversationem
1715 5364 1959 5432 rejicrre,
1985 5364 2100 5417 sine

520 5456 682 5510 dubio
707 5464 758 5508 et
791 5458 1015 5522 perdere
1045 5455 1314 5519 animam,
1355 5472 1458 5508 non
1503 5454 1673 5507 solum
1707 5455 1842 5506 mori
1890 5462 1970 5506 est
2004 5471 2101 5523 pro

516 5549 967 5611 Claristo,_vcrum
993 5549 1154 5601 etiam
1188 5549 1456 5619 deponere
1487 5548 1733 5602 carnales
1761 5549 2063 5602 voluntates
2086 5590 2098 5613 ,

518 5654 581 5692 ac
613 5639 745 5690 mori
776 5641 873 5692 sibi
901 5649 955 5693 et
985 5640 1200 5694 sazculo.
1232 5641 1340 5697 Nec
1367 5643 1514 5703 dicit,
1549 5643 1640 5712 qui
1669 5641 1956 5695 salvaverit
1984 5643 2100 5696 aui-

519 5745 661 5784 tnam
696 5747 866 5796 suam,
898 5733 1087 5801 perdet
1133 5748 1275 5798 eam,
1329 5736 1419 5790 sed
1469 5736 1561 5806 qui
1595 5735 1821 5788 voluerit
1845 5751 1962 5789 eam
1997 5735 2100 5790 sal-

2222 1873 2383 1934 negat
2421 1880 2502 1930 se,
2541 1876 2596 1922 et
2634 1868 2827 1931 tollens
2870 1885 3088 1934 crucem
3138 1885 3293 1936 suam
3355 1873 3605 1941 sequitur
3650 1872 3815 1932 Chri-

2221 1965 2388 2010 Slllll].

2291 2047 2432 2112 Quid
2468 2059 2640 2105 autem
2673 2052 2878 2121 proﬁcit
2918 2053 3136 2119 homini,
3163 2058 3209 2110 si
3243 2065 3409 2108 totum
3440 2059 3701 2112 mundum
3729 2059 3815 2113 lu-

2215 2151 2408 2206 cretur,
2450 2145 2643 2197 anima:
2685 2155 2859 2198 autem
2901 2163 3012 2199 sua:
3041 2147 3406 2202 detrimentum
3442 2149 3649 2217 faciat?
3678 2151 3815 2208 Puto

2215 2235 2358 2304 quod
2390 2236 2648 2290 mundmn
2673 2237 2914 2292 lucratur
2935 2239 3024 2308 qui
3051 2255 3155 2294 non
3179 2240 3409 2308 abnegat
3431 2243 3812 2312 semetipsum,

2215 2341 2316 2382 nec
2346 2327 2482 2386 tollit
2511 2343 2729 2384 crucem
2757 2346 2932 2397 suam,
2961 2340 3014 2386 et
3037 2332 3282 2400 sequitur
3311 2330 3589 2388 Christum
3620 2350 3814 2388 secun-

2215 2418 2343 2474 dum
2373 2435 2434 2474 ea
2467 2435 2588 2491 qua:
2616 2422 2760 2478 dicta
2786 2433 2943 2487 sunt,
2979 2438 3080 2478 nec
3113 2423 3291 2493 perdit
3328 2423 3564 2477 animam
3611 2439 3766 2478 suam
3797 2468 3811 2491 ,

2215 2520 2274 2564 ut
2298 2509 2472 2566 salvet
2513 2526 2634 2566 eam
2669 2514 2721 2566 in
2750 2514 2978 2584 spiritali
3015 2529 3201 2569 amore
3224 2553 3239 2578 ,
3288 2514 3378 2583 qui
3424 2528 3619 2572 omnes
3670 2516 3726 2569 in
3756 2533 3814 2572 se

2215 2603 2462 2658 carnales
2491 2605 2960 2674 concupiscentias
2993 2607 3261 2663 habuerit.
3291 2605 3425 2672 Quia
3455 2607 3598 2661 sicut
3625 2610 3813 2663 omnia

2215 2695 2495 2764 relinquit,
2529 2706 2587 2752 ut
2615 2697 2808 2753 Petrus
2855 2699 3120 2764 insinuat,
3167 2699 3256 2768 qui
3305 2697 3437 2756 nihil
3472 2701 3816 2770 concupiscit

2213 2787 2432 2842 carnale
2467 2808 2478 2841 :
2516 2789 2589 2842 ita
2613 2789 2796 2842 omnia
2825 2788 3089 2856 lucratur,
3113 2799 3170 2846 et
3194 2798 3339 2844 tenet
3361 2789 3466 2846 sibi
3493 2831 3508 2855 ,
3547 2790 3680 2846 licet
3705 2807 3812 2846 non

2152 2877 2160 2884 ’
2211 2881 2382 2951 possit
2433 2883 2684 2951 assequi,
2718 2882 2846 2938 dum
2880 2883 2934 2936 in
2975 2883 3227 2938 erunibus
3269 2882 3385 2952 ejus
3418 2885 3814 2954 concupiscen-

2214 2972 2304 3027 tiis
2336 2974 2508 3028 inhiat
2551 2984 2604 3028 et
2633 2985 2914 3042 versatur;
2963 2986 3018 3030 et
3061 2977 3183 3032 ideo
3227 2977 3444 3032 cuinon
3473 2978 3816 3048 crucifigitur

2214 3063 2464 3128 mundus,
2499 3065 2611 3134 ipse
2653 3065 3040 3120 detrimentum
3089 3067 3282 3122 anima:
3313 3085 3423 3122 sua:
3473 3068 3624 3122 facit.
3661 3069 3815 3126 Unde

2213 3165 2268 3210 et
2295 3156 2450 3210 nobis
2477 3156 2692 3227 gemina
2733 3160 3056 3228 proponitur
3083 3159 3300 3225 electio,
3347 3171 3405 3216 ut
3439 3176 3507 3226 ex
3529 3164 3814 3232 proposito

2214 3257 2430 3302 maneat
2475 3249 2899 3320 uniuscujusque
2935 3252 3239 3312 retributio.
3288 3252 3442 3322 Quod
3478 3255 3522 3308 si
3578 3255 3812 3316 volueri-

2212 3355 2333 3393 mus
2381 3341 2639 3394 mundnm
2693 3340 2928 3407 lucrari,
2975 3343 3254 3412 perdimus
3299 3345 3509 3412 animas
3557 3355 3808 3412 nostras;

2211 3440 2308 3510 aut,
2328 3433 2372 3485 si
2399 3433 2608 3486 animas
2649 3442 2862 3488 nostras
2904 3435 3239 3490 voluerimus
3290 3437 3522 3506 lucrari,
3576 3439 3812 3509 abnege-

2217 3541 2339 3594 mus
2367 3535 2421 3592 et
2446 3527 2739 3595 perdamus
2771 3528 2915 3586 hunc
2943 3530 3225 3594 mundum,
3258 3530 3333 3598 ita
3363 3539 3421 3584 ut
3452 3547 3647 3590 omnes
3678 3549 3812 3588 con-

2211 3619 2574 3700 cupiscentias
2616 3618 2734 3687 ejus
2781 3619 3123 3676 abdicemus.
3175 3619 3366 3686 Videat
3420 3623 3590 3692 igitur
3637 3623 3812 3680 ﬁdelis

2211 3709 2413 3773 anima,
2437 3710 2564 3778 quid
2587 3711 2766 3778 potius
2789 3710 3095 3778 eligendum
3126 3712 3218 3778 sit,
3243 3715 3440 3784 quidve
3463 3718 3810 3785 sectandum;

2210 3800 2336 3868 quia
2365 3816 2529 3853 unum
2559 3804 2748 3854 horum
2769 3811 2862 3855 aut
2888 3804 3185 3872 perdetaut
3208 3805 3436 3860 salvabit
3462 3807 3591 3872 sibi,
3618 3825 3806 3880 qualn-

2209 3892 2291 3945 vis
2321 3892 2578 3945 mundum
2609 3895 2840 3950 retinere
2873 3911 2978 3948 non
3007 3896 3200 3965 possit,
3238 3906 3292 3951 et
3323 3899 3440 3952 sine
3467 3914 3526 3954 se
3553 3900 3695 3956 nihil
3721 3902 3814 3958 ha-

2208 3981 2354 4035 bere.

2281 4073 2381 4124 Aut
2420 4089 2574 4142 quam
2617 4073 2762 4126 dabit
2803 4075 2958 4128 homo
2997 4085 3457 4132 comrnutattonem
3492 4096 3589 4148 pro
3628 4081 3809 4137 anima

2205 4166 2518 4233 sua?Quod
2569 4167 2614 4220 si
2657 4166 2874 4221 aliunde
2924 4183 3029 4220 non
3084 4170 3250 4234 nosti,
3301 4171 3478 4232 homo.
3527 4172 3646 4242 lege
3678 4176 3809 4244 quid

2205 4258 2450 4312 diabolus
2493 4271 2754 4328 expetens
2807 4277 3024 4316 manum
3077 4264 3290 4318 mittere
3338 4265 3394 4334 in
3439 4265 3560 4332 Job,
3605 4268 3812 4325 dixerit

2207 4351 2346 4414 Deo;
2380 4348 2578 4404 Pellem
2600 4368 2694 4421 pro
2724 4352 2855 4422 pelle
2874 4394 2888 4418 ,
2920 4354 3128 4422 inquit,
3157 4365 3205 4409 et
3232 4357 3474 4416 universa
3503 4375 3625 4429 qua:
3651 4360 3811 4416 habet

2207 4441 2379 4505 homo,
2413 4443 2555 4495 dabit
2583 4460 2675 4512 pro
2700 4445 2876 4497 anima
2902 4463 2997 4498 sua
3048 4445 3170 4514 (Job
3200 4464 3260 4512 ll,
3292 4449 3366 4516 4).
3406 4448 3538 4504 Nam
3573 4450 3662 4506 ille
3700 4468 3810 4508 non

2213 4542 2269 4586 ut
2300 4549 2515 4587 servare
2542 4534 2700 4588 vellet
2723 4536 2959 4589 animam
2992 4538 3094 4591 hoc
3131 4539 3288 4603 dixit,
3323 4541 3417 4594 sed
3457 4542 3809 4598 occasionem

2214 4625 2334 4679 inde
2362 4627 2603 4680 invenire
2631 4638 2688 4680 ut
2723 4644 2840 4681 eam
2882 4628 3118 4684 laederet.
3165 4631 3396 4686 Noverat
3445 4642 3627 4688 tamen
3660 4636 3810 4705 quod

2211 4718 2314 4771 alia
2362 4719 2712 4772 commutatio
2753 4735 2850 4790 pro
2903 4721 3082 4774 anima
3135 4722 3188 4776 in
3236 4724 3474 4784 hominis
3525 4737 3808 4794 potestate

2211 4810 2351 4862 nulla
2379 4821 2554 4875 esset,
2587 4813 2835 4881 quamvis
2875 4822 2927 4867 ct
2962 4815 3061 4868 hoc
3106 4816 3278 4884 ipsum
3311 4833 3502 4886 parum
3550 4822 3622 4880 sit
3651 4860 3665 4882 ,
3703 4820 3807 4874 nisi

2209 4899 2447 4966 pretioso
2477 4899 2676 4954 Christi
2708 4904 2969 4970 sanguine
2997 4904 3308 4959 redimatur.
3335 4905 3399 4958 Et
3423 4923 3519 4976 pro
3549 4908 3652 4962 hoc
3681 4925 3806 4962 om-

2211 4994 2336 5045 nino
2365 4994 2758 5064 qualiscunque
2799 4996 3068 5050 reddenda
3123 5006 3204 5051 cst
3247 5001 3623 5054 commutatio.
3665 4999 3809 5056 Hinc

2203 5101 2415 5155 quoque
2444 5089 2603 5139 liavid
2631 5088 2704 5140 ait
2730 5085 2900 5155 (Psal.
2928 5105 3050 5154 cxv,
3089 5090 3171 5154 l2,
3201 5089 3289 5160 l3)
3309 5107 3326 5143 :
3347 5089 3486 5155 Quid
3512 5092 3805 5146 retribuam

2208 5177 2427 5231 Domino
2459 5197 2551 5248 pro
2584 5181 2821 5232 omnibus
2859 5198 2976 5251 (μίαν
3024 5183 3257 5234 retribuit
3288 5183 3552 5237 milti?:\c
3585 5184 3628 5236 si
3653 5185 3807 5238 dice-

2207 5281 2310 5334 ret,
2342 5289 2444 5325 non
2486 5272 2698 5326 invenio
2720 5273 2862 5326 aliud
2891 5275 3015 5342 quid
3051 5275 3370 5338 retribuam,
3407 5276 3530 5337 nisi,
3564 5274 3805 5330 Ca-icrm

2209 5365 2457 5419 salutaris
2489 5367 2765 5435 deripiam,
2790 5368 2891 5420 hoc
2922 5376 3002 5422 cst
3028 5382 3243 5422 crucem
3276 5369 3543 5438 passionis
3569 5369 3802 5431 Christi.

2210 5469 2255 5510 et
2289 5476 2473 5510 nomen
2524 5457 2732 5511 Domini
2764 5460 3031 5514 invocabo.
3067 5460 3200 5526 Quia
3233 5475 3331 5515 nec
3359 5475 3491 5514 crux
3535 5470 3626 5512 aut
3655 5461 3805 5516 calix

2211 5550 2509 5618 passionis,
2545 5550 2660 5602 sine
2709 5551 3049 5605 invocatione
3091 5551 3324 5613 Domini,
3377 5567 3475 5606 nec.
3526 5552 3805 5605 invocatio

2213 5644 2302 5696 llei
2333 5643 2449 5695 sine
2476 5657 2656 5706 cruce,
2691 5643 2754 5696 de
2784 5660 2887 5712 qua
2918 5644 3153 5698 diximus
3181 5660 3337 5714 supra
3365 5684 3378 5708 ,
3407 5660 3527 5713 quai
3559 5643 3799 5706 tollenda

2210 5743 2292 5787 est
2341 5734 2405 5786 ad
2455 5734 2680 5787 salutem
2766 5735 2963 5802 aliqttid
2992 5734 3147 5788 valet.
3202 5733 3563 5790 Commutatio
3613 5743 3799 5788 autem
