4004 6362
909 325 1272 390 εχιδοθιτιο
1303 327 1371 389 IN
1411 325 1845 392 unauana.
1880 359 1951 372 -
1985 328 2111 392 uo.
2153 327 2286 405 vni.
2321 328 2472 390 car.
2513 331 2656 390 xu.

3313 335 3416 406 ιιτι

172 442 378 508 animm,
407 438 578 511 prima
605 424 789 496 mundi
819 439 1122 496 substantia
1153 448 1253 504 est,
1283 450 1342 495 ut
1375 439 1644 514 relinquat
1670 456 1730 496 se
1757 447 1802 512 Α
1832 440 2110 514 gellandus
2136 444 2558 501 demonstratur.
2593 442 2824 516 Propter
2841 458 3004 516 quem
3027 459 3162 504 crux
3182 445 3416 516 tollenda

171 533 324 589 homo
368 541 418 584 et
463 545 583 601 quae
619 532 806 588 mundi
851 543 977 588 sunt
1011 532 1212 604 688,
1265 533 1320 588 in
1361 542 1620 604 quantum
1644 535 1731 609 .de

1835 541 1938 594 est,
1966 541 2020 588 et
2064 535 2397 604 sequendum
2427 546 2510 592 est
2550 551 2722 605 usque
2764 536 2832 592 ad
2883 547 3156 604 mortem;
3183 549 3408 612 propter

169 625 360 682 mundo
386 633 483 688 est,
529 633 586 682 et
630 634 890 698 sequatur
929 624 1229 689 Christum,
1286 626 1377 696 qui
1421 625 1488 680 de
1533 626 1788 725 ιηυηᾶοχ
1832 625 2318 696 quem,perdenda
2353 634 2436 680 est
2487 626 2690 692 anima,
2730 634 2784 680 et
2834 627 3130 688 amittenda
3171 644 3413 706 praesens

170 731 264 772 nou
284 725 386 781 est,
424 725 480 774 ut
508 730 606 786 per
629 731 754 774 eum
785 717 1052 786 acquirat,
1077 719 1287 788 perdito
1319 717 1542 782 mundo,
1569 733 1648 782 se,
1680 726 1732 771 et

166 809 412 879 quidquid
441 809 584 870 ultra
612 809 872 874 mundum
905 818 1005 868 est.
1035 809 1183 864 Alias
1209 820 1389 864 autem
1426 811 1468 864 si
1493 809 1731 868 lucratus

167 898 306 954 flleril
335 899 478 968 hunc
509 899 770 968 mundum
803 913 864 958 se
893 899 1131 968 perdito,
1176 899 1230 954 in
1257 899 1585 954 detrimento
1615 901 1730 956 ani-

165 1003 251 1040 ma:
292 1003 422 1050 sum,
460 987 592 1060 quid
620 988 769 1044 dabit
815 1003 913 1060 pro
941 989 1036 1044 se?
1067 988 1205 1044 Ecce
1233 1005 1395 1060 quam
1445 991 1584 1047 mira
1634 991 1728 1046 Dei

164 1078 439 1138 conclusio.
469 1078 742 1144 Audiam,
781 1093 1003 1150 quaeso,
1043 1081 1134 1152 qui
1168 1081 1220 1134 in
1267 1081 1381 1138 suis
1427 1080 1730 1152 gloriantur

162 1171 376 1235 actibus,
413 1179 468 1227 et
499 1169 904 1242 Scripturarutn
931 1183 1242 1234 sanctarum
1265 1175 1570 1244 despiciunt
1597 1177 1728 1230 sim-

158 1264 462 1334 plicitatem,
509 1263 641 1326 dum
671 1274 996 1335 proponunt,
1043 1265 1369 1337 syllogistice
1418 1278 1722 1338 assumunt,

157 1364 204 1410 et
228 1353 576 1419 concludunt,
626 1355 814 1424 sicque
842 1356 908 1414 de
949 1357 1245 1414 verosimili
1273 1374 1368 1415 sua
1395 1368 1725 1418 connectunt

155 1442 214 1494 ad
242 1451 518 1513 captura"!
562 1443 866 1503 animarum
914 1444 1144 1500 fallacia.
1179 1446 1310 1502 Nam
1337 1449 1424 1502 hic
1470 1448 1726 1521 Magister

155 1532 379 1588 ocelestis
407 1548 518 1600 non
535 1533 606 1588 de
627 1535 922 1601 reminiili
955 1545 1331 1607 argumentum
1352 1579 1367 1604 ,
1415 1540 1508 1596 sed
1550 1556 1720 1610 ipsam

155 1625 428 1682 veritatem
450 1625 500 1688 in
519 1635 902 1700 argumentum
925 1629 1176 1698 proponit
1195 1629 1405 1684 arbitrii
1433 1630 1720 1700 libertatis,

152 1714 272 1770 dum
296 1716 387 1779 ait,
419 1713 480 1770 Si
505 1719 622 1792 quis
654 1717 760 1775 t‘ttlt
788 1728 905 1789 post
929 1735 1012 1774 me
1040 1720 1209 1779 renire
1231 1761 1246 1785 ,
1289 1721 1503 1791 abneget
1533 1733 1720 1778 semet-

1831 717 1960 770 vita.
1989 715 2140 782 Quod
2188 716 2232 768 si
2263 717 2487 780 vereris,
2518 731 2550 771 o
2580 716 2759 779 homo,
2794 716 2922 773 talia
2963 726 3223 788 tantaque
3245 721 3411 776 susti—

1831 822 1962 862 nere
1982 817 2203 877 propter
2240 807 2405 860 lilium
2433 807 2684 869 hominis,
2712 815 2803 860 aut
2831 809 2877 861 si
2909 808 3083 878 ipsqu
3114 809 3286 864 solum
3308 811 3408 866 ho-

1829 898 2030 955 minem
2071 913 2190 954 esse
2240 906 2420 970 putas,
2457 898 2582 968 quia
2629 897 3050 967 cruciﬁgendum
3083 907 3137 954 et
3190 900 3414 954 moritu-

1830 1004 1948 1052 rum
1985 1005 2044 1044 se
2073 991 2309 1044 ostendit
2347 1005 2442 1060 pro
2469 989 2645 1065 nobis,
2692 991 2815 1048 audi
2849 991 2972 1072 quia
3016 1000 3275 1047 venturus
3327 1003 3412 1048 est

1828 1077 1882 1136 in
1911 1079 2079 1150 gloria
2107 1079 2284 1136 Patris
2313 1080 2396 1134 sui
2424 1095 2547 1142 cum
2583 1080 2789 1151 angelis
2820 1081 2951 1135 suis.
2987 1080 3104 1136 Non
3148 1083 3285 1148 dum,
3315 1084 3410 1138 sed

1828 1185 1934 1232 una
1963 1184 2192 1242 persona
2220 1186 2466 1240 unusque
2511 1170 2779 1248 Christus.
2825 1171 3057 1228 Grandis
3089 1183 3264 1228 terror
3317 1192 3414 1233 au-

1826 1260 2087 1316 dientium
2139 1263 2587 1334 praeceSserat,in
2625 1273 2834 1324 tantum
2891 1271 2948 1318 ut
2979 1304 2994 1330 ,
3053 1265 3156 1319 hoc
3201 1265 3409 1332 audito,

1827 1350 2021 1418 Petrus
2067 1355 2318 1424 princeps
2367 1353 2732 1440 apostolorum
2787 1355 3268 1418 scandalizarelur,
3309 1357 3408 1410 do-

1825 1458 1926 1500 nec
1973 1445 2241 1500 sententia
2290 1445 2382 1500 Dei
2433 1456 2514 1501 est
2543 1446 2869 1520 increpatus.
2899 1445 2966 1500 Et
3015 1448 3136 1502 ideo
3168 1447 3411 1504 tristibus

1823 1533 1945 1594 lteta
1989 1537 2312 1602 succedunt,
2352 1547 2405 1591 et
2439 1522 2687 1590 ﬁrmatur
2721 1538 2988 1594 confessio
3012 1537 3182 1603 Petri,
3215 1554 3406 1610 qnam-

1823 1623 1908 1678 vis
1952 1625 2274 1679 moriturum
2303 1641 2359 1680 se
2395 1626 2611 1692 dixerit,
2645 1627 2788 1696 quod
2819 1643 2978 1682 verus
3004 1629 3074 1682 sit
3116 1628 3282 1683 Filius
3311 1628 3407 1684 Dei

1821 1712 1952 1780 vivi,
1988 1714 2078 1784 qui
2103 1723 2389 1769 venturum
2417 1732 2475 1771 se
2511 1717 2837 1786 repromittit
2876 1718 3054 1772 vivum
3100 1728 3222 1789 post
3263 1735 3406 1772 mor-

147 1807 322 1873 ipsum,
349 1816 455 1862 etc.
495 1806 704 1866 Deinde
726 1809 974 1874 assumit,
1005 1825 1132 1868 cum
1160 1811 1254 1878 ait,
1290 1810 1394 1878 Qui
1422 1813 1709 1883 ρεταεάενίι
1741 1805 1790 1888 ᾗ
1823 1809 1950 1870 tem,
1983 1820 2035 1858 In
2065 1805 2236 1876 gloria
2266 1805 2442 1862 Patris
2484 1808 2564 1862 sui
2599 1823 2721 1864 cum
2749 1809 2952 1880 angelis
2973 1809 3106 1863 suis.
3142 1810 3405 1876 Quoniam

151 1901 358 1954 animum
395 1913 552 1966 suam
583 1912 795 1974 propter
815 1919 918 1968 me,
943 1904 1164 1960 inveniet
1191 1920 1330 1968 eam,
1361 1919 1456 1962 seu
1486 1905 1712 1976 reliqua,

149 1988 279 2054 Quod
299 1992 344 2043 si
373 1990 484 2046 hoc
506 1991 734 2065 quisque
764 1991 1018 2060 noluerit,
1047 2001 1101 2050 et
1123 1993 1362 2050 lucratus
1390 1993 1550 2056 fuerit
1573 1996 1715 2056 hunc

146 2081 380 2143 mundum
409 2099 541 2148 cum
574 2085 904 2141 detrimento
931 2087 1127 2145 anima:
1153 2103 1264 2142 suae
1282 2127 1299 2154 ,
1327 2088 1453 2158 quia
1483 2089 1715 2160 perdidit

143 2185 247 2240 ωω
274 2175 542 2238 mundum
569 2174 850 2242 lucrando,
875 2192 1038 2249 quam
1063 2179 1214 2239 dabit
1239 2181 1712 2238 commutationem

143 2275 226 2334 pro
254 2267 434 2324 anima
473 2283 570 2322 sua
596 2308 612 2332 ,
647 2267 734 2324 cui
759 2270 993 2326 mundus
1021 2279 1104 2331 est
1133 2269 1365 2336 lucrum,
1392 2281 1446 2328 et
1467 2270 1570 2327 sibi
1599 2273 1714 2328 ani.

144 2369 214 2408 ma
234 2356 663 2418 detrimentum?
679 2361 759 2416 Ac
777 2373 876 2439 per
896 2361 996 2418 hoc
1019 2377 1124 2420 non
1147 2361 1263 2434 lege
1284 2361 1583 2420 dialecticae
1623 2379 1714 2418 ar-

145 2446 230 2512 liS,
258 2450 347 2506 sed
378 2449 506 2522 lege
530 2451 748 2517 divina,
782 2467 886 2525 qua
915 2463 1108 2510 cuncta
1138 2455 1412 2524 sapienter
1443 2456 1709 2527 disponit,

143 2549 186 2593 et
217 2541 288 2594 sic
304 2557 508 2598 omnes
539 2544 842 2612 concludit,
890 2554 946 2602 ut
977 2547 1214 2602 universi
1242 2547 1544 2622 intelligant
1567 2549 1710 2620 quod

141 2631 344 2686 mundus
392 2633 611 2700 homini
657 2645 750 2690 aut
789 2636 842 2694 in
883 2635 1090 2692 lucrum
1115 2637 1249 2701 erit,
1293 2647 1346 2696 et
1395 2639 1576 2694 anima
1607 2639 1708 2698 sibi

141 2721 184 2774 in
209 2722 629 2791 detrimentum;
665 2735 777 2790 aut,
811 2727 954 2798 quod
976 2727 1148 2800 magis
1167 2729 1498 2798 optandum,
1527 2729 1709 2787 anima

145 2813 320 2874 Deoac
365 2817 480 2872 sibi
510 2818 564 2872 in
599 2817 842 2887 lucrum,
873 2820 1107 2875 mundus
1143 2835 1273 2876 vero
1317 2822 1374 2884 in
1411 2821 1709 2880 detrimen-

141 2917 252 2971 tum.
279 2909 410 2981 Quia
445 2911 680 2968 omnino
719 2925 877 2974 nemo
913 2911 1118 2982 pariter
1147 2926 1270 2968 cum
1315 2913 1514 2968 mundo
1546 2911 1708 2968 habet

140 2997 385 3056 Christum
404 3041 428 3068 ,
473 3009 530 3058 et
576 3001 825 3072 sequitur
850 3017 972 3056 eum
991 3041 1010 3068 ,
1038 3002 1130 3074 qui
1165 3010 1250 3056 est
1295 3000 1440 3058 ultra
1471 3010 1524 3056 et
1555 3010 1708 3058 extra

142 3093 394 3147 mundum.
445 3093 664 3148 idcirco
694 3093 836 3150 nulla
875 3103 958 3150 est
985 3093 1088 3150 alia
1118 3095 1469 3151 commutatio
1488 3095 1705 3162 animm,

141 3181 227 3235 nisi
253 3183 606 3254 otrelinqnat
638 3185 922 3250 mundum,
965 3193 1020 3239 et
1061 3199 1126 3240 ea
1161 3199 1282 3255 quae
1325 3187 1510 3250 mundi
1557 3195 1703 3250 sunt,

140 3272 304 3342 sicque
332 3275 486 3328 tollat
515 3289 739 3332 crucem
768 3290 942 3341 suam,
970 3283 1025 3331 et
1045 3284 1304 3348 sequatur
1331 3291 1456 3333 eum
1485 3277 1578 3353 qui
1607 3293 1703 3332 vo-

140 3373 214 3418 cat
237 3380 348 3420 nos.
369 3367 648 3433 Fortassis
667 3383 798 3440 ergo
819 3369 1018 3439 aliquis
1040 3367 1284 3431 dicturus
1306 3379 1409 3434 est,
1433 3371 1574 3442 quod
1597 3383 1704 3426 non

136 3469 310 3512 omnes
334 3459 540 3527 possint
578 3458 886 3530 relinquere
910 3461 1168 3516 mundum
1205 3470 1261 3516 et
1287 3476 1350 3522 ea
1376 3476 1498 3530 quae
1520 3459 1705 3516 mundi

135 3553 275 3598 sunt.
291 3545 402 3616 Ego
431 3559 608 3604 autem
637 3549 782 3616 dico,
811 3551 938 3620 quia
985 3551 1192 3606 nullum
1225 3551 1497 3621 compellit
1527 3565 1706 3606 sermo

135 3634 378 3704 divinus,
416 3639 513 3694 sed
559 3656 650 3695 suo
695 3656 793 3696 eos
836 3643 1066 3698 arbitrio
1110 3643 1454 3714 derelinquit.
1500 3641 1704 3697 Tamen

133 3727 411 3795 Apostolus
441 3731 498 3786 id
520 3731 804 3800 hortatur,
840 3742 897 3788 ut
923 3735 1013 3806 qui
1045 3734 1264 3799 habent,
1300 3736 1379 3790 sic
1421 3734 1528 3788 sint
1549 3732 1701 3806 quasi

136 3835 226 3874 non
253 3821 538 3889 habentes,
575 3821 640 3877 Et
665 3827 755 3895 qui
781 3835 1002 3880 utuntur
1041 3825 1138 3881 hoc
1163 3827 1374 3887 mundo.
1417 3826 1571 3898 quasi
1601 3843 1704 3880 non

137 3921 349 3980 utentes;
389 3926 440 3970 et
483 3917 575 3987 qui
600 3917 904 3986 possident,
944 3930 1194 3990 tanquam
1236 3935 1339 3972 non
1380 3919 1704 3988 possidentes

136 3999 180 4072 ('l
199 3999 307 4061 Cor.
332 4021 428 4070 vn,
465 4007 580 4076 51).
613 4006 876 4079 Quoniam
903 4008 1042 4063 tales
1064 4009 1188 4063 licet
1226 4011 1512 4063 videantur
1539 4025 1658 4063 esse
1687 4050 1702 4076 ,

131 4093 222 4162 jam
258 4097 320 4152 de
347 4099 560 4152 inundo
600 4116 704 4154 non
727 4109 871 4154 sunt.
904 4099 972 4155 Et
1000 4101 1120 4155 ideo
1148 4101 1275 4171 quia
1306 4101 1450 4155 nulla
1476 4110 1562 4156 est
1588 4101 1694 4155 alia

135 4189 266 4260 digna
315 4193 719 4256 commutatio,
770 4208 889 4262 quae
937 4194 1096 4248 detur
1133 4208 1232 4264 pro
1279 4194 1463 4257 nobis,
1515 4191 1705 4247 relicto

135 4287 325 4350 mundo,
354 4300 662 4356 sequamur
691 4283 968 4338 Christum
993 4325 1006 4349 ,
1035 4285 1125 4354 qui
1163 4285 1416 4340 venditus
1442 4299 1506 4337 ac
1541 4285 1707 4337 tradi-

134 4377 202 4424 tus
232 4383 307 4428 est
332 4391 434 4446 pro
471 4376 665 4439 nobis;
711 4389 777 4428 ne
807 4372 948 4428 forte
987 4373 1328 4429 involvamur
1362 4373 1506 4426 inter
1536 4371 1708 4443 Egy—

133 4466 248 4532 ptios
276 4479 441 4539 atque
496 4466 808 4538 Ethiopes,
841 4467 931 4538 qui
981 4467 1180 4521 dantur
1224 4467 1276 4520 in
1326 4466 1706 4521 commutatio-

1819 1894 1916 1949 etst'
1940 1895 2229 1950 minoratus
2251 1907 2326 1950 est
2358 1897 2516 1967 paulo
2556 1900 2729 1954 minus
2754 1901 2814 1952 ob
2842 1900 3040 1972 angelis
3067 1898 3221 1970 (Psal
3268 1916 3391 1967 viti,

1817 1983 1896 2056 6),
1935 1996 2153 2058 pr0pter
2182 1997 2408 2042 mortem
2437 1990 2640 2055 carnis,
2687 1989 2858 2060 major
2883 2002 2968 2046 est
3005 1993 3231 2064 angelis,
3277 1993 3403 2062 quia

1817 2077 1934 2148 ejus
1956 2087 2106 2144 sunt,
2147 2094 2282 2150 quos
2308 2081 2531 2146 creavit,
2583 2098 2812 2152 quorum
2854 2083 2968 2152 ipse
3013 2093 3096 2138 est
3139 2084 3398 2138 Dominus

1818 2185 1924 2224 non
1971 2171 2401 2242 comparatione,
2435 2172 2576 2226 sicut
2623 2173 2810 2227 Ariani
2840 2173 3046 2240 volunt,
3097 2173 3270 2243 major
3315 2183 3400 2230 est

1815 2259 2042 2340 angelis,
2073 2270 2131 2314 ut
2157 2261 2229 2315 sit
2257 2277 2395 2315 unus
2421 2277 2485 2316 ex
2513 2279 2740 2318 numero
2769 2280 2980 2329 eorum,
3010 2266 3259 2335 quamvis
3281 2281 3392 2319 ma-

1805 2349 1896 2420 jor
1919 2352 1990 2407 sit
2017 2351 2142 2416 illis,
2180 2353 2274 2408 sed
2301 2353 2585 2409 divinitate
2630 2371 2695 2411 ac
2723 2355 3032 2426 majestate,
3059 2373 3221 2427 quam
3273 2373 3395 2412 cum

1815 2444 1982 2499 Patre
2006 2446 2167 2500 habet
2188 2447 2537 2516 coaequalem,
2568 2457 2622 2502 et
2651 2449 2772 2504 ideo
2804 2459 3063 2504 venturus
3088 2451 3402 2522 praedicitnr

1814 2537 1867 2591 in
1898 2537 2067 2612 gloria
2087 2536 2268 2592 Patris
2291 2554 2412 2594 cum
2447 2540 2654 2615 angelis
2692 2542 2822 2596 suis.
2852 2542 2917 2596 Et
2946 2558 3052 2597 non
3088 2543 3250 2608 alios,
3285 2543 3400 2614 ipse

1813 2627 2065 2700 idemque
2118 2629 2209 2698 qui
2260 2639 2517 2686 venturus
2563 2640 2647 2696 est,
2708 2632 2759 2688 in
2814 2633 2983 2704 gloria
3016 2649 3138 2688 cum
3195 2633 3402 2702 angelis

1813 2719 1947 2792 suis,
1999 2735 2162 2790 quam
2219 2720 2362 2774 filius
2413 2722 2666 2777 hominis.
2722 2722 2858 2786 Nam
2903 2738 3000 2803 per
3061 2723 3400 2788 divinitatem

1813 2826 2088 2881 nunquam
2121 2820 2384 2868 venturus
2419 2813 2542 2884 jure
2588 2813 2786 2868 dicitur
2839 2814 2890 2867 in
2947 2813 3138 2884 gloria,
3181 2813 3248 2868 de
3293 2827 3399 2882 qua

1814 2917 2092 2972 nunquam
2133 2903 2377 2958 recessit.
2427 2899 2552 2958 llaec
2593 2903 2799 2960 idcirco
2828 2889 3077 2966 dixerim,
3118 2902 3307 2968 lector,
3339 2912 3398 2956 ut

1819 3007 2035 3067 semper
2060 2991 2324 3047 sollicitus
2355 2993 2430 3048 sis
2451 3003 2674 3064 propter
2698 2994 3006 3049 hmreticam
3047 2994 3396 3065 pravitatem,

1811 3087 1902 3161 qui
1947 3086 2179 3141 diversis
2222 3086 2396 3141 modis
2425 3087 2492 3142 de
2540 3086 2758 3142 Christo
2803 3087 2942 3141 male
2991 3095 3297 3142 senserunl.
3332 3086 3401 3141 Et

1735 3171 1780 3239 C
1813 3188 1938 3232 tunc
1977 3178 2154 3232 reddet
2195 3179 2474 3248 unicuique
2522 3180 2811 3244 secundum
2859 3195 3016 3249 Opera
3063 3195 3160 3234 sua
3209 3177 3395 3250 (Psal.

1808 3290 1918 3339 ut,
1953 3275 2062 3343 15).
2096 3273 2221 3330 Hrec
2250 3273 2356 3332 illis
2393 3275 2721 3344 repromissa
2751 3282 2910 3337 sunt,
2959 3274 3051 3344 qui
3101 3273 3402 3344 abnegave-

1811 3368 1919 3422 rint
1944 3367 2284 3438 semetipsos,
2336 3368 2428 3438 qui
2471 3367 2691 3436 tulerint
2718 3373 2936 3425 cruc‘em
2965 3381 3142 3431 suam,
3168 3367 3259 3436 qui
3311 3379 3396 3421 se-

1807 3459 1916 3514 cuti
1956 3458 2154 3514 iuerint
2223 3457 2546 3539 Christum!
2610 3459 2701 3539 q.ui
2765 3459 3098 3530 perdiderint
3153 3459 3390 3512 animam

1809 3568 1961 3608 suam
2026 3560 2250 3622 propter
2304 3533 2582 3606 Christum
2615 3533 2645 3617 ,λ
2688 3558 2742 3604 ιιι
2796 3551 2850 3605 1η
2923 3541 3068 3605 nullo
3127 3558 3396 3604 terreatur

1807 3643 2146 3699 Christianus
2189 3643 2379 3705 ﬁdelis,
2422 3659 2598 3714 neque
2636 3641 3036 3698 scandalizetur
3075 3642 3127 3696 in
3182 3641 3392 3712 aliquo;

1808 3753 1984 3808 neque
2023 3738 2076 3792 in
2108 3736 2277 3810 690
2317 3745 2490 3792 morte
2517 3752 2580 3791 ex
2616 3729 2958 3808 passionibus
2998 3733 3222 3798 Christi,
3275 3733 3399 3803 quia

1810 3837 2071 3884 venturus
2115 3837 2200 3881 est
2251 3827 2304 3880 in
2357 3826 2524 3898 gloria
2573 3826 2772 3889 Patris,
2825 3843 2945 3880 cum
2998 3826 3206 3896 angelis
3241 3825 3397 3880 suis:

1808 3937 1985 3993 neque
2043 3921 2096 3976 in
2143 3921 2256 3976 suis
2299 3920 2654 3984 cruciatibus,
2705 3929 2800 3974 aut
2848 3920 3138 3974 amissione
3189 3934 3397 3984 rerum,

1809 4016 1935 4088 quia
1964 4014 2242 4070 meliorem
2284 4015 2644 4070 substantiam
2695 4013 2797 4070 sibi
2825 4013 3116 4081 repositam
3163 4009 3400 4066 inveniet

1809 4107 1863 4161 in
1891 4106 2061 4170 caelis,
2103 4123 2166 4161 ac
2203 4114 2535 4169 manentem,
2579 4105 2623 4158 si
2672 4103 2758 4158 hic
2789 4104 3040 4159 amiserit
3081 4103 3398 4173 perituram,

1811 4216 2019 4256 necnon
2047 4210 2102 4258 et
2141 4201 2331 4266 vitam,
2385 4201 2525 4256 sicut
2580 4200 2904 4270 repromittit
2953 4197 3185 4259 Veritas,
3237 4215 3398 4267 quam
3450 4223 3458 4229 ί

1810 4290 1900 4361 qui
1933 4291 2019 4344 hic
2043 4290 2339 4362 perdiderit
2370 4288 2744 4359 temporalem,
2777 4289 2846 4344 ibi
2874 4289 3110 4346 inveniet
3129 4298 3388 4343 aeternam

1811 4391 1865 4437 et
1913 4391 2250 4459 perpetuam,
2303 4381 2394 4434 ubi
2437 4380 2689 4435 Christus
2737 4389 2820 4436 est
2869 4381 2922 4435 in
2983 4381 3150 4451 gloria
3195 4362 3392 4444 Patris,

1814 4475 2144 4543 sempiterna
2173 4474 2302 4527 vita.
2334 4471 2527 4544 Tangit
2552 4472 2718 4526 etiam
2749 4481 2805 4526 et
2847 4487 2940 4553 eos
2967 4472 3058 4541 qui
3096 4481 3188 4525 aut
3213 4471 3401 4526 nolunt

132 4569 233 4610 nem
253 4559 400 4630 juxta
431 4560 763 4637 prophetam
792 4575 889 4632 pro
913 4558 1098 4618 Israel.
1126 4557 1254 4626 Quae
1277 4559 1531 4614 nimirum
1561 4573 1706 4614 com-
1734 4532 1784 4592 θ
1812 4565 2059 4629 credere,
2088 4571 2182 4618 aut
2227 4563 2270 4616 si
2307 4532 2536 4617 creduan
2562 4562 2683 4616 fidei
2721 4545 2928 4631 opera;
2959 4563 3084 4632 quia
3131 4578 3234 4616 non
3274 4579 3402 4632 ope-

131 4654 328 4706 mutatio
359 4654 592 4709 ruinosa
635 4659 716 4706 est
749 4652 874 4708 illis.
914 4651 1253 4724 Quapropter
1299 4659 1392 4705 aut
1429 4650 1574 4706 nulla
1618 4660 1703 4706 est

129 4742 211 4797 alia
235 4747 618 4807 commutatio,
651 4753 745 4798 aut
795 4759 856 4798 ea
907 4752 989 4800 est
1011 4743 1181 4818 689
1216 4758 1340 4798 vera
1377 4753 1433 4798 et
1463 4742 1595 4805 sola,
1644 4751 1702 4797 ut

129 4839 281 4892 omnia
313 4841 470 4898 lucra
499 4837 688 4892 mundi
713 4847 957 4911 pereant,
979 4837 1199 4906 solaque
1224 4835 1462 4890 salvetur
1491 4837 1694 4890 anima.

129 4923 240 4981 Nam
268 4931 410 4985 lilius
440 4929 690 4985 hominis

194 5015 448 5074 l’enturus
479 5029 554 5072 est
579 5019 636 5072 in
673 5019 946 5088 majestate
988 5034 1108 5084 sua,
1131 5027 1180 5074 et
1209 5028 1329 5072 tunc
1361 5017 1538 5072 reddet
1579 5019 1702 5072 uni-

128 5111 466 5182 cuiquejuxm
496 5127 654 5180 opera
689 5127 803 5164 sua.
838 5109 921 5164 Ab
949 5125 1015 5176 eo
1039 5109 1158 5165 loco
1185 5109 1274 5163 ubi
1301 5109 1704 5180 interrogantur

127 5202 376 5275 discipuli,
410 5206 586 5272 Quem
609 5207 791 5258 dicunt
825 5219 933 5259 esse
953 5201 1124 5273 ﬁlium
1153 5202 1398 5265 hominis,
1429 5211 1484 5257 et
1513 5201 1706 5258 Petrus

126 5297 386 5355 confessus
417 5307 528 5364 est,
564 5297 642 5352 Tu
673 5315 726 5352 es
757 5297 996 5352 Christus
1034 5295 1176 5365 ﬁlius
1237 5296 1337 5350 Dei
1377 5297 1494 5362 viri,
1533 5306 1702 5351 totum

123 5386 304 5444 ibidem
333 5403 391 5446 et
434 5393 717 5460 deinceps,
753 5390 818 5444 de
848 5389 958 5448 lilio
988 5391 1226 5444 hominis
1270 5389 1467 5460 agitur,
1500 5399 1558 5443 ut
1589 5389 1702 5458 ipse

125 5481 200 5548 qui
222 5495 303 5538 est
323 5483 506 5539 Filius
535 5484 627 5538 Dei
657 5483 784 5547 vivi,
811 5501 838 5537 a
863 5483 1044 5547 Patre,
1075 5483 1240 5537 Petro
1265 5482 1600 5546 declaratus,
1640 5483 1702 5536 li-

123 5569 214 5626 lius
238 5575 484 5629 hominis
511 5575 864 5646 intelligatur,
908 5574 1034 5644 quia
1086 5572 1306 5627 Verbum
1349 5591 1474 5628 caro
1507 5574 1703 5642 factum

123 5674 186 5718 est
211 5665 398 5734 (Joan.
433 5683 474 5730 ι,
496 5667 608 5737 14),
637 5677 692 5721 et
739 5667 882 5720 lilius
916 5665 1172 5730 hominis,
1203 5682 1364 5720 verus
1389 5665 1562 5722 Filius
1587 5667 1702 5730 Dei,

124 5751 174 5809 in
206 5773 310 5812 una
343 5760 650 5822 eademque
691 5773 942 5827 persona,
986 5759 1098 5826 ipse
1139 5758 1466 5814 occidendus
1500 5773 1565 5814 ac
1603 5757 1704 5813 lla-

1815 4665 2022 4717 rantur,
2049 4654 2235 4718 nolunt
2265 4655 2487 4709 habere.
2519 4651 2625 4708 Sed
2653 4653 2778 4722 quia
2809 4662 3021 4722 poterat
3049 4663 3138 4707 aut
3183 4663 3402 4722 aposto-

1811 4747 1988 4804 lorum
2027 4757 2325 4802 auteorum
2353 4761 2489 4816 quos
2520 4754 2914 4816 convocaverat
2937 4747 3003 4801 ad
3045 4745 3393 4810 audiendum,

1814 4842 1978 4897 tacita
2026 4841 2280 4912 cogitatio
2327 4837 2632 4908 huiusmodi
2686 4839 2997 4894 scandalum
3035 4853 3316 4907 generare,
3345 4845 3397 4891 et

1811 4937 1958 4992 intus
1987 4935 2167 4988 dicere
2197 4933 2251 4986 in
2281 4933 2482 4997 animo,
2507 4930 2846 4988 Occisionem
2892 4941 3036 4984 tuam
3059 4939 3132 4984 'et
3165 4939 3392 4983 mortem

1809 5027 1966 5084 nobis
1991 5025 2342 5098 repromittis,
2385 5039 2588 5096 nosque
2629 5025 2694 5078 ad
2748 5033 2972 5078 mortem
3017 5030 3069 5077 et
3105 5022 3170 5074 ad
3216 5021 3396 5075 omnia

1811 5119 2092 5176 toleranda
2121 5119 2378 5183 hortaris,
2419 5127 2586 5188 teque
2619 5117 2743 5188 quia
2781 5115 3049 5191 promittis
3089 5112 3396 5166 adfuturum

1809 5207 2136 5282 quandoque
2166 5209 2216 5262 in
2243 5209 2413 5281 gloria
2443 5208 2620 5262 Patris
2655 5223 2777 5262 eum
2821 5205 3045 5276 angelis,
3091 5205 3310 5273 insuper
3343 5211 3398 5255 et

1807 5303 1950 5374 quod
2008 5302 2230 5356 reddere
2279 5300 2480 5357 debeas
2530 5301 2818 5368 unicuique
2883 5298 3174 5353 secundum
3233 5309 3396 5365 opera

1811 5409 1929 5456 sua,
1961 5393 2162 5447 astruis
2201 5391 2303 5446 hoc
2350 5391 2401 5445 in
2455 5391 2567 5444 dies
2603 5389 2792 5457 longos
2825 5388 2868 5441 si
2920 5387 3058 5440 forte
3087 5387 3213 5450 erit,
3249 5394 3304 5439 et
3343 5385 3397 5439 in

1810 5498 2051 5558 tempora
2100 5485 2343 5540 dilfertur
2383 5484 2557 5554 longa.
2619 5480 2924 5535 Pmevideus
2971 5495 3101 5550 ergo
3154 5478 3310 5542 talia,
3342 5483 3399 5532 et

1809 5579 2114 5650 huiusmodi
2165 5587 2515 5641 tentamenta,
2548 5576 2968 5646 benignissimus
2989 5572 3165 5638 Iesus,
3197 5573 3397 5654 quiest

1811 5673 2053 5730 omnium
2075 5673 2408 5728 occultorum
2439 5671 2706 5742 cognitor,
2735 5684 2854 5737 qum
2889 5677 3108 5739 possent
3151 5684 3202 5721 ιη
3247 5681 3396 5720 inen-

1816 5763 1960 5820 tibus
1993 5763 2261 5830 fragilium
2305 5761 2576 5830 generari,
2606 5768 2662 5816 et
2703 5769 2960 5832 generata
3013 5773 3132 5830 qua:
3175 5761 3398 5825 possent
