4008 6354
674 306 776 363 575

1451 311 1507 367 S.
1545 311 1902 374 PASCHASII
1940 318 2288 378 RADBERTI
2325 323 2616 381 ABBATIS
2650 326 3099 388 CORBEIENSIS
3781 355 3855 410 5'76

671 421 930 493 objieere,
988 422 1055 477 ad
1105 421 1468 492 repellendum
1516 436 1838 496 praesentem
1868 430 2120 488 timorem
2165 434 2251 489 vel
2278 437 2330 499 Α
2357 436 2522 507 igitur
2546 453 2746 509 negare
2774 457 3066 512 possumus
3108 446 3191 500 vel
3221 448 3465 506 debemus
3494 458 3754 527 apostolos,
3787 481 3856 522 an-

674 515 1054 586 cOgitationem
1081 556 1096 581 ,
1167 519 1422 587 praesenti
1489 520 1834 578 credentibus
1889 536 2299 597 recompensat.

673 608 918 679 przemio,
962 617 1022 663 ut
1058 608 1124 663 de
1164 611 1412 679 proximo
1453 613 1800 669 consolentur
1840 618 2132 686 promisso,
2169 620 2264 690 qui

671 699 739 754 de
801 698 986 756 futuro
1043 701 1280 772 gaudere
1341 703 1654 761 desiderant
1715 706 1855 764 visu.
1919 709 2061 765 Dicit
2115 712 2260 768 enim

673 791 746 846 ita
776 812 790 847 :

741 884 878 940 Sunt
913 886 1131 956 quidam
1160 901 1224 942 ae
1264 904 1349 943 me
1383 891 1646 946 stantibus
1694 894 1785 964 qui
1821 911 1924 950 non
1974 897 2260 966 gustabunt

671 991 912 1044 mortem,
957 979 1121 1034 donec
1149 980 1360 1036 videant
1397 983 1569 1051 ﬁlium
1610 985 1834 1040 hominis
1882 989 2168 1044 venientem
2204 993 2261 1046 in

673 1089 832 1144 regno
856 1089 972 1128 suo.
1008 1072 1202 1128 Sermo
1236 1075 1418 1144 itaque
1448 1084 1505 1130 et
1535 1077 1826 1145 promissio
1870 1079 2261 1150 omnipotentis

667 1170 788 1235 Dei,
826 1169 975 1224 omni
1006 1178 1091 1226 est
1122 1170 1326 1241 repleta
1357 1171 1554 1242 gaudio
1587 1179 1643 1227 et
1670 1172 2038 1230 consolatione
2067 1175 2121 1230 in
2165 1191 2259 1247 spe

668 1261 1000 1328 futurorum,
1041 1277 1107 1318 eo
1149 1263 1294 1333 quod
1344 1280 1565 1335 sperare
1604 1276 1857 1336 poterant
1906 1284 2116 1336 omnes,
2165 1272 2258 1340 qui

670 1354 824 1424 prius
854 1355 1182 1425 promiserat
1210 1355 1482 1411 universis
1511 1356 1580 1412 de
1600 1356 1817 1425 futuro;
1849 1359 1974 1414 dum
2001 1360 2088 1416 hic
2133 1360 2261 1417 licet

669 1445 882 1517 paucis,
923 1461 982 1501 se
1008 1446 1192 1502 ﬁrmat
1230 1456 1597 1515 ostensurum,
1634 1450 1946 1506 venientem
1989 1451 2043 1505 in
2089 1467 2256 1523 regno

667 1554 789 1603 suo,
820 1547 1110 1609 antequam
1164 1539 1230 1595 de
1278 1541 1526 1611 proximo
1569 1552 1798 1596 mortem
1840 1551 2141 1613 gustarent.
2189 1543 2258 1600 Et

667 1627 770 1683 hoc
815 1629 1033 1699 quidem
1079 1629 1205 1699 quia
1235 1631 1290 1684 in
1337 1647 1402 1686 ea
1449 1630 1698 1687 claritate
1745 1646 1803 1687 se
1849 1632 2257 1689 transformavit

668 1721 721 1776 in
752 1730 935 1777 monte
966 1737 1152 1778 coram
1200 1723 1498 1794 discipulis,
1541 1739 1678 1794 quos
1712 1739 1896 1780 secum
1938 1727 2249 1798 assumpsit,

2373 535 2588 596 tequam
2613 529 2740 586 hinc
2765 532 3026 598 exissent,
3081 534 3186 588 tale
3220 535 3417 606 aliquid
3449 541 3651 611 vidisse,
3696 548 3759 602 in-
3779 568 3856 622 quo

2368 617 2514 674 intus
2555 637 2780 692 regnum
2835 623 2928 679 Dei
2971 627 3365 697 conspicerent,
3397 639 3450 686 et
3494 631 3645 691 ﬁlium
3685 617 3859 704 hominis

2367 710 2678 767 venientem
2707 714 3078 787 intelligerent
3108 720 3162 773 in
3191 734 3353 791 regno
3380 737 3473 778 suo
3501 725 3551 780 in
3579 729 3747 788 virtute
3768 735 3857 806 Spi-

2365 800 2504 856 ritus
2537 803 2733 857 sancti.
2767 806 2897 873 Quae
2942 808 3082 863 visio
3124 809 3324 866 clarior
3347 813 3455 868 sole
3478 800 3858 892 nonnunquam-in

2365 893 2568 950 sanctis
2603 896 2803 951 emicat
2831 897 2885 951 in
2916 898 3210 965 intellectu,
3259 911 3315 956 et
3340 904 3574 976 refulget.
3590 907 3648 962 Et
3665 911 3764 968 inde
3784 925 3856 980 est,

2363 987 2506 1054 quod
2529 986 2817 1057 aliquando
2840 989 3075 1058 primum
3106 1005 3204 1060 per
3239 992 3417 1059 ﬁdem,
3443 995 3622 1055 deinde
3645 1015 3726 1071 per
3749 1004 3860 1060 intel-

2363 1075 2638 1146 ligentiam
2689 1075 2868 1132 adhuc
2915 1079 2967 1132 iu
2991 1095 3155 1135 carne
3198 1081 3468 1138 invenitur
3494 1095 3857 1161 aquarentihus,

2365 1165 2494 1219 dum
2525 1167 2826 1237 ingreditur
2871 1169 3229 1238 cogitationes
3262 1174 3515 1243 ﬁdelium,
3551 1178 3617 1232 ita
3649 1191 3698 1234 ut
3733 1185 3859 1240 videat

2361 1255 2578 1326 aliquis,
2639 1265 2693 1311 et
2730 1261 3155 1329 comprehendat
3211 1265 3553 1322 eminentiam
3599 1272 3727 1326 verbi
3769 1273 3856 1340 Dei,

2360 1347 2504 1414 quod
2543 1345 2705 1402 solvit
2739 1357 2795 1403 et
2834 1350 3110 1405 convincit
3153 1368 3342 1411 omnes
3387 1359 3727 1427 persuasiones
3749 1379 3856 1418 meu-

2361 1435 2661 1502 daciorum,
2697 1447 2752 1493 et
2801 1440 2999 1509 ingerit
3025 1441 3424 1501 confessionem
3468 1450 3704 1515 veritatis,
3735 1453 3789 1507 ita
3820 1467 3858 1509 ut

2357 1530 2538 1586 videat
2576 1532 2745 1588 ﬁlium
2797 1535 3032 1591 hominis
3087 1538 3250 1610 692
3301 1541 3354 1597 id
3398 1555 3481 1598 est
3527 1544 3730 1601 Verbum
3767 1551 3856 1614 Dei,

2355 1635 2481 1675 cum
2507 1637 2672 1676 carne
2699 1625 3004 1680 venientem
3034 1628 3086 1681 in
3105 1644 3274 1701 regno
3297 1646 3414 1697 suo,
3445 1634 3543 1689 ﬁde
3561 1645 3612 1690 et
3636 1637 3854 1694 intellectu.

2357 1710 2421 1765 Et
2447 1711 2540 1782 qui
2569 1713 2650 1768 sic
2685 1716 2832 1771 videt
2863 1715 3098 1774 Verbum
3128 1722 3256 1791 Dei,
3285 1724 3337 1780 id
3371 1735 3453 1781 est
3476 1726 3718 1784 Christum
3740 1733 3857 1786 Deum

668 1815 721 1870 ίη
753 1812 857 1887 qua
885 1824 1175 1872 γρηιυι-ιιηι
1205 1831 1263 1870 se
1286 1817 1611 1886 promiserat
1633 1817 1685 1872 in
1719 1817 1888 1888 gloria
1917 1817 2096 1874 pan-is
2123 1835 2251 1875 cum
2278 1809 2328 1870 B
2354 1812 2410 1858 e‘t
2437 1805 2732 1872 hominem,
2762 1823 2868 1863 non
2902 1810 3076 1867 solum
3117 1815 3417 1872 solventem
3456 1827 3509 1874 et
3533 1821 3854 1876 convincentem

662 1909 868 1977 angelis
917 1911 1046 1965 suis.
1084 1910 1152 1964 Et
1188 1909 1488 1964 notandum
1525 1910 1652 1979 quia
1693 1925 1915 1980 regnum
1946 1910 2170 1978 Christi,
2199 1913 2255 1969 in

663 2017 770 2072 quo
799 2010 1060 2056 venturus
1102 2008 1241 2067 erat,
1297 2009 1358 2055 ut
1406 2015 1530 2054 eum
1577 2001 1822 2056 viderent
1861 2003 2166 2058 venientem
2198 2003 2254 2058 in

665 2106 832 2163 regno
861 2106 978 2155 suo,
1011 2091 1125 2161 ipse
1149 2100 1235 2146 est
1257 2089 1427 2163 gloria
1463 2091 1670 2157 Patris;
1705 2091 1831 2162 quia
1863 2091 2003 2148 sicut
2030 2108 2255 2164 regnum

663 2184 887 2246 Christi,
934 2183 1116 2238 Patris
1166 2192 1250 2239 est
1307 2197 1530 2254 regnum
1585 2201 1598 2238 :
1650 2184 1726 2238 ita
1772 2192 1828 2239 et
1868 2184 2034 2255 gloria
2077 2186 2255 2243 Patris

669 2272 873 2329 Christi
903 2283 987 2329 est
1027 2274 1222 2346 gloria,
1256 2291 1377 2346 quae
1411 2285 1635 2331 ostensa
1677 2284 1760 2336 est
1798 2277 1851 2332 in
1887 2287 2089 2344 monte,
2128 2277 2256 2334 licet

658 2364 866 2435 paucis,
900 2374 960 2420 ut
1010 2375 1066 2420 et
1095 2366 1197 2437 ipsi
1241 2367 1334 2437 qui
1382 2367 1662 2433 viderant;
1707 2376 1762 2423 et
1813 2369 1996 2424 caeteri
2031 2369 2122 2440 qui
2159 2385 2254 2424 au-

659 2457 897 2523 dierant,
926 2456 1033 2514 illis
1059 2459 1389 2529 repromissa
1432 2475 1493 2515 se
1541 2460 1741 2517 vidisse
1773 2461 1988 2516 demum
2026 2477 2253 2518 narran-

659 2547 824 2614 tibus,
871 2549 1225 2606 ﬁrmarentur
1268 2552 1335 2606 ad
1376 2551 1538 2607 ﬁdem
1583 2552 1651 2608 de
1686 2551 1798 2607 ﬁlio
1837 2554 2089 2618 hominis,
2122 2556 2251 2626 quia

656 2639 809 2694 visus
844 2649 927 2699 est
965 2641 1020 2696 in
1066 2642 1260 2714 gloria,
1299 2641 1460 2714 691
1492 2641 1634 2713 quod
1661 2643 1773 2714 ipse
1802 2653 1949 2699 esset
1971 2659 2133 2700 verus
2158 2645 2250 2700 Fi-

655 2730 760 2786 lius
789 2730 883 2787 Dei
931 2733 1023 2802 qui
1053 2742 1110 2789 et
1139 2733 1282 2788 ﬁlius
1324 2734 1578 2789 hominis.
1634 2733 1742 2790 Sed
1797 2735 1930 2790 tales
1979 2734 2253 2807 eliguntur

653 2833 709 2878 et
737 2835 1114 2892 assumuntur,
1154 2827 1248 2897 qui
1273 2841 1576 2897 congruere
1614 2828 1826 2899 possint
1851 2827 2020 2884 'etiam
2071 2830 2251 2886 adhuc

656 2914 712 2969 in
736 2929 924 2982 carne,
963 2916 1032 2970 ad
1086 2931 1206 2971 eam
1241 2916 1506 2972 visionem
1551 2933 1671 2988 quae
1718 2919 1880 2975 altius
1920 2921 2251 2992 conspicitur

653 3006 709 3060 in
753 3015 968 3070 mente;
996 3008 1062 3062 de
1088 3021 1195 3077 qua
1221 3007 1387 3065 latius
1409 3011 1628 3080 quidam
1659 3012 1954 3083 disputant.
1981 3013 2248 3082 Quoniam

655 3098 757 3152 ista
810 3115 930 3168 qua:
965 3114 1149 3154 coram
1196 3099 1369 3156 oculis
1435 3101 1666 3169 refulsit,
1719 3106 1971 3160 convenit
2027 3109 2108 3160 eis
2150 3107 2244 3178 qui

2359 1896 2796 1954 adversariorum
2818 1905 3220 1975 persuasiones,
3251 1910 3347 1964 sed
3381 1911 3539 1966 etiam
3561 1926 3673 1968 suas
3701 1914 3856 1968 eviden-

2362 1989 2466 2045 tias
2488 1992 2688 2047 mentis
2725 1994 3110 2064 declarantem,
3147 2000 3237 2056 hic
3275 2002 3398 2058 talis
3422 2003 3564 2059 videt
3611 2020 3700 2060 non
3737 2005 3854 2059 solum

2358 2095 2604 2152 regnum,
2635 2083 2728 2138 sed
2754 2093 2810 2139 et
2853 2086 3081 2157 gloriam
3114 2087 3278 2146 Verbi
3314 2093 3430 2147 Dei.
3458 2093 3601 2161 Quod
3634 2095 3673 2149 si
3691 2093 3772 2149 tale
3786 2095 3853 2149 ali-

2357 2173 2487 2244 quid
2510 2175 2782 2232 interdum
2819 2179 2873 2232 in
2913 2179 3101 2236 electis
3128 2183 3224 2238 Dei
3252 2184 3334 2252 ﬁt,
3365 2187 3490 2256 quid
3520 2195 3664 2258 putas
3696 2189 3738 2242 in
3767 2202 3853 2258 apo—

2358 2267 2509 2322 stolis
2547 2277 2675 2324 tunc
2701 2279 2903 2342 quanta
2947 2284 3067 2328 erat
3105 2276 3419 2347 inspiratio,
3455 2289 3728 2350 quantaque
3752 2281 3855 2335 illus-

2358 2361 2520 2416 tratio
2537 2363 2731 2418 divinae
2753 2365 3118 2437 intelligentiae
3137 2370 3161 2424 ?
3183 2371 3594 2429 lnstruebantur
3626 2374 3778 2445 procul
3795 2375 3857 2426 dn-

2355 2454 2447 2510 bio
2493 2455 2695 2523 verbis,
2741 2460 3153 2518 instruebantur
3210 2475 3266 2520 et
3346 2468 3534 2533 rebus;
3586 2482 3642 2523 ac
3682 2483 3758 2538 per
3790 2467 3858 2521 hoc

2357 2555 2647 2620 utrumque
2694 2561 2873 2622 potest
2915 2564 3080 2625 stare,
3123 2568 3183 2614 ut
3224 2570 3294 2617 et
3321 2563 3465 2620 intus
3486 2565 3681 2634 quidam
3704 2564 3753 2619 de
3785 2561 3857 2616 illic

2354 2641 2626 2697 stantibus
2666 2643 2912 2701 viderent
2956 2665 3080 2704 eum
3111 2653 3438 2710 venientem
3479 2656 3530 2711 in
3562 2670 3704 2727 regno
3725 2669 3796 2710 suo
3820 2653 3856 2707 in

2354 2732 2555 2788 virtute
2585 2736 2680 2791 Dei
2709 2739 3026 2811 priusquam
3057 2753 3357 2815 gustarem
3379 2757 3617 2814 mortem,
3646 2757 3693 2802 et
3710 2745 3806 2800 foris
3820 2744 3855 2800 in

2355 2836 2539 2883 monte
2577 2829 2754 2912 oculis
2789 2835 3005 2890 carneis
3027 2837 3483 2910 transﬁguratum
3505 2841 3558 2896 in
3591 2839 3732 2912 gloria
3748 2836 3856 2893 clari-

2354 2918 2482 2973 tatis
2506 2910 2756 2988 :eternteﬁ
2797 2923 2983 2994 sicque
3030 2925 3390 2985 instruuntur
3418 2932 3557 2987 intus
3588 2910 3725 3001 atque
3752 2928 3852 2983 foris.

2351 3006 2529 3065 Grave
2554 3011 2699 3066 enim
2723 3027 2861 3068 onus
2884 3015 3187 3072 inﬁrmitati
3209 3021 3474 3078 humana:
3499 3037 3645 3094 supra
3664 3022 3856 3090 imposue-

2355 3108 2456 3165 rat,
2489 3109 2548 3155 ut
2568 3117 2689 3157 cum
2717 3118 2936 3161 sensum
2963 3109 3087 3164 vitae
3125 3111 3390 3170 homines
3427 3131 3494 3171 ex
3517 3114 3700 3170 vivendi
3719 3110 3853 3166 affectu

660 3189 800 3244 tales
827 3197 969 3258 sunt,
1019 3191 1217 3263 quibus
1255 3193 1386 3248 dicit
1432 3192 1645 3261 Petrus,
1695 3196 1843 3252 Sicut
1887 3199 2044 3252 modo
2087 3201 2248 3270 geniti
2275 3182 2322 3246 C
2354 3190 2554 3247 habere
2597 3195 2910 3264 coepissent,
2945 3199 3180 3257 fructum
3224 3206 3456 3263 vivendi
3493 3202 3853 3279 (quiprzesentia-

651 3280 879 3350 infantes
905 3281 986 3336 lac
1010 3283 1358 3354 concupiscite
1389 3285 1702 3342 rationabile
1732 3288 1844 3343 sine
1869 3287 1990 3343 dolo
2014 3287 2065 3359 (I
2097 3287 2243 3344 Petr.

655 3389 719 3439 ιι,
749 3372 827 3446 2).
854 3374 931 3429 De
953 3376 1152 3445 quibus
1187 3385 1242 3434 et
1270 3377 1468 3435 Paulus
1519 3380 1843 3450 loquebatur
1889 3381 2096 3447 dicens,
2137 3379 2246 3435 Lac

649 3466 794 3522 vobis
827 3476 1008 3538 potum
1048 3469 1191 3535 dedi,
1212 3487 1319 3525 non
1344 3487 1539 3527 escam.
1566 3470 1819 3527 Nondum
1845 3475 2005 3540 enim,
2044 3473 2242 3544 inquit,

647 3558 899 3630 poteratis
929 3600 943 3625 ,
1007 3560 1096 3614 sed
1145 3579 1240 3616 nec
1283 3564 1458 3617 adhuc
1503 3565 1712 3634 potestis
1761 3565 1812 3636 (1
1858 3563 1978 3620 Cor.
2037 3581 2118 3632 ιιι,
2161 3565 2240 3637 2).

644 3650 744 3706 llla
777 3667 908 3708 vero
931 3669 1051 3723 qua:
1073 3655 1312 3713 cmlestis
1339 3667 1424 3713 est
1453 3658 1588 3714 visio
1603 3667 1658 3714 et
1687 3658 1837 3714 verbi
1859 3658 2240 3730 intelligentia,

649 3740 781 3797 solis
810 3743 1066 3799 convenit
1095 3742 1538 3815 perfectioribus,
1569 3749 1662 3819 qui
1705 3749 2006 3805 ablactatos
2036 3751 2242 3806 habent

647 3839 862 3900 sensus,
891 3844 949 3889 ut
977 3849 1098 3890 cum
1146 3837 1231 3891 his
1259 3839 1452 3904 tribus,
1494 3840 1588 3908 qui
1627 3850 2000 3907 assumuntur,
2043 3843 2241 3898 intelli-

650 3934 928 3996 gantqua:
964 3926 1148 3981 divina
1191 3939 1337 3982 sunt.
1382 3929 1449 3983 Hi
1503 3944 1632 4000 ergo
1680 3940 1840 3986 erant
1891 3941 2119 4001 stantes,
2175 3936 2242 3991 de

647 4019 850 4090 quibus
893 4018 1152 4089 loquitur,
1187 4021 1277 4090 qui
1320 4019 1574 4079 fundatos
1607 4023 1809 4079 habent
1835 4040 2051 4095 gressus
2098 4029 2239 4098 apud

647 4108 853 4176 Jesum,
883 4119 937 4166 et
958 4112 1176 4166 stabant
1211 4127 1331 4167 cum
1359 4128 1447 4180 eo,
1473 4113 1564 4168 ubi
1594 4116 1769 4172 stabat
1815 4115 1974 4174 Jesus
2002 4118 2237 4175 Verbum

647 4203 766 4258 Dei.
810 4201 916 4257 Sed
949 4217 1058 4257 non
1108 4218 1300 4260 omnes
1345 4206 1631 4279 aequaliter
1670 4211 1906 4266 stabant.
1950 4211 2046 4268 Est
2091 4214 2235 4268 enim

645 4295 790 4349 inter
813 4309 907 4350 eos
930 4295 1074 4365 apud
1109 4294 1397 4353 Dominum
1432 4315 1627 4371 magna
1665 4301 1733 4357 ad
1767 4301 2090 4359 alterutrum
2125 4303 2234 4359 dif-

643 4384 874 4441 ferentia
916 4387 1116 4441 standi.
1168 4387 1461 4459 Propterea
1511 4408 1618 4447 non
1668 4408 1858 4450 omnes
1888 4394 1980 4465 qui
2019 4393 2236 4450 stabant

647 4476 789 4548 apud
827 4476 1034 4544 Jesum,
1065 4479 1161 4535 sed
1204 4481 1422 4552 quidam
1469 4499 1534 4539 ex
1569 4485 1670 4552 eis,
1711 4486 1866 4556 quasi
1906 4487 1997 4556 qui
2042 4486 2234 4542 melius

645 4570 881 4636 stabant,
907 4571 1162 4628 dicuntur
1194 4589 1302 4630 non
1352 4586 1599 4648 gustasse
1646 4588 1899 4644 mortem,
1949 4580 2121 4635 donec
2151 4580 2232 4634 vi-

643 4663 809 4718 deant
835 4663 1071 4721 Verbum
1102 4667 1218 4733 Dei,
1243 4672 1387 4740 quod
1412 4671 1557 4727 venit
1585 4671 1654 4727 ad
1691 4672 1961 4739 homines,
1993 4681 2048 4726 et
2086 4673 2230 4742 quod

641 4771 768 4812 caro
806 4756 1008 4814 factum
1045 4770 1148 4816 est.
1176 4753 1562 4821 Verumtamen
1595 4781 1702 4821 non
1743 4766 2070 4822 nominatim
2111 4782 2226 4834 eos,

640 4846 707 4900 de
735 4847 932 4916 quibus
966 4848 1224 4920 loquitur,
1273 4853 1552 4924 exprimit,
1584 4870 1654 4909 ne
1694 4853 1833 4910 forte
1863 4857 2047 4912 caeteri
2085 4857 2226 4912 invi-

641 4940 727 4994 dia
777 4952 1145 5010 moverentur,
1188 4945 1282 5000 sed
1331 4946 1578 5002 absolute
1629 4949 1780 5015 dicit,
1818 4951 1961 5020 quod
1994 4961 2114 5007 sunt
2163 4952 2229 5006 de

639 5032 722 5086 Ιιὶε
743 5033 1126 5105 stantibus,qui
1141 5053 1244 5091 non
1263 5037 1546 5107 gustabunt
1572 5050 1793 5094 mortem
1821 5041 1986 5096 donec
2014 5044 2224 5097 videant

642 5141 855 5195 regnum
882 5125 996 5180 Dei.
1025 5126 1091 5181 Et
1119 5129 1188 5182 ob
1227 5128 1330 5183 hoc
1355 5130 1553 5199 quippe
1581 5128 1740 5186 docet
1773 5131 1934 5187 rebus
1956 5142 2010 5188 et
2040 5134 2224 5189 verbis

641 5216 805 5274 ﬁdem
838 5220 952 5289 spei
999 5228 1222 5286 nostrae,
1259 5221 1384 5276 dum
1403 5229 1458 5277 et
1485 5221 1615 5276 illud
1658 5223 1980 5294 quibusdam
2009 5241 2075 5279 ex
2125 5225 2229 5281 illis

641 5307 1035 5379 transﬁgurans
1073 5324 1132 5364 se
1182 5310 1420 5366 ostendit
1461 5312 1516 5367 in
1545 5321 1749 5379 monte,
1793 5322 1849 5368 et
1879 5315 2225 5386 resplenduit,

638 5402 766 5472 quia
799 5411 928 5458 tunc
957 5402 1100 5473 plebi
1125 5403 1448 5476 loquebatur
1472 5404 1664 5460 saltem
1711 5405 1765 5461 in
1806 5407 2060 5463 cordibus
2103 5425 2230 5479 apo-

639 5494 926 5561 stolorum,
957 5496 1032 5551 ita
1074 5505 1134 5552 ut
1161 5498 1409 5554 viderent
1456 5507 1513 5555 et
1560 5498 1811 5554 audirent
1861 5499 2036 5567 intus,
2083 5503 2228 5572 quod

638 5585 837 5642 Paulus
861 5602 920 5642 se
943 5588 1146 5645 vidisse
1171 5599 1226 5646 et
1251 5591 1469 5647 audisse
1490 5600 1846 5663 protestatur,
1868 5593 2083 5662 quando
2110 5611 2226 5666 rap-

638 5688 726 5736 tus
754 5690 835 5736 est
890 5695 1061 5753 usque
1118 5684 1184 5740 ad
1229 5687 1446 5742 tertium
1499 5686 1720 5754 uelum,
1767 5687 1855 5742 ubi
1919 5687 2123 5742 audivit
2171 5699 2227 5744 et

639 5775 774 5831 vidit
807 5792 932 5832 vere
981 5777 1272 5836 ineffabilia
1300 5779 1386 5853 (II
1417 5781 1512 5837 (ἔω
1596 5797 1692 5849 xu,
1735 5780 1813 5845 4).
1875 5777 2221 5853 Nequaquam

2352 3281 2474 3337 liter
2494 3284 2548 3338 in
2575 3287 2824 3344 sensibus
2868 3293 3113 3363 corporis
3160 3294 3569 3372 blandiebatur)
3606 3299 3852 3356 amitterent.

2349 3383 2717 3446 negarentque
2755 3393 2816 3434 se
2840 3381 2965 3448 sibi,
2990 3384 3044 3439 id
3061 3392 3150 3441 'est
3175 3393 3336 3458 quod
3358 3407 3480 3449 esse
3499 3392 3764 3463 coepissent,
3775 3400 3856 3441 esse

2347 3482 2405 3522 se
2429 3467 2652 3537 nollent,
2685 3485 2808 3526 cum
2843 3489 3036 3532 sensus
3076 3477 3236 3549 hujus
3285 3484 3507 3539 exordia
3534 3499 3595 3540 ex
3627 3481 3855 3536 allectum

2347 3563 2570 3622 luntatis
2595 3566 2936 3626 habuissent.
2976 3573 3233 3645 Alioquin
3277 3580 3528 3651 apostoli,
3558 3578 3649 3634 nisi
3679 3591 3734 3630 ex
3758 3569 3856 3629 omni

2346 3667 2501 3728 parte
2559 3659 2941 3729 ﬁrmarentur,
2982 3680 3050 3720 ne
3108 3668 3322 3726 incerti
3369 3680 3707 3734 remanerent,
3742 3664 3860 3720 ambi-

2346 3751 2550 3820 guitate
2589 3755 2705 3825 spei
2745 3758 3024 3825 remorati,
3057 3776 3119 3815 ea
3152 3777 3290 3831 quae
3324 3763 3604 3834 praesentis
3643 3762 3744 3820 vita
3775 3760 3860 3811 sunl

2345 3844 2712 3904 blandimenta
2724 3859 2778 3905 et
2791 3853 3106 3922 gaudiorum
3118 3855 3553 3924 oblectamenta,
3571 3859 3777 3913 deserere
3788 3862 3859 3905 non

2345 3949 2589 4007 possent,
2618 3957 2792 4012 neque
2819 3959 3017 4016 eaquae
3050 3950 3230 4004 crucis
3279 3961 3337 4007 et
3372 3953 3562 4008 mortis
3595 3958 3721 4013 sunt,
3744 3957 3857 4017 appe-

2346 4039 2483 4098 tere,
2531 4041 2586 4087 et
2648 4037 2970 4107 semetipsos
3017 4039 3325 4111 abnegare.
3379 4045 3658 4116 Propterea
3689 4037 3862 4110 quolibet

2343 4134 2504 4195 pacto
2549 4143 2614 4182 ea
2663 4130 2913 4188 viderunt
2945 4134 3199 4203 apostoli,
3259 4149 3325 4193 et
3368 4138 3590 4210 perfecti
3633 4135 3792 4208 quique
3825 4128 3861 4181 ἰιι

2342 4219 2471 4286 vita,
2531 4230 2590 4276 ut
2640 4239 2748 4278 non
2797 4224 3110 4283 dubitarent
3159 4229 3431 4303 deinceps
3465 4248 3562 4304 pro
3601 4231 3677 4287 bis
3706 4234 3863 4300 gusmrc

2342 4319 2593 4367 mortem.
2640 4311 2776 4368 Nam
2825 4315 2942 4371 duae
2987 4327 3193 4374 mortes
3239 4335 3370 4378 esse
3408 4323 3651 4378 dicuntur
3671 4318 3789 4389 (licet
3825 4318 3861 4363 el

2343 4404 2501 4460 tertia
2517 4406 2727 4476 peccati
2767 4407 2959 4463 anima:
2989 4409 3222 4482 dicatur)
3247 4414 3429 4484 prima
3457 4424 3511 4471 et
3554 4402 3862 4471 secunda;sed

2341 4488 2515 4566 prima
2542 4511 2663 4564 qua:
2677 4499 3040 4568 estcorporis,
3067 4509 3259 4570 gustus
3288 4505 3489 4561 mortis
3502 4505 3706 4566 dicitur,
3727 4509 3862 4555 secun-

2341 4574 2406 4641 da
2423 4603 2552 4642 vero
2574 4601 2701 4641 vera
2725 4605 2891 4656 mors,
2920 4607 3026 4660 qua
3049 4591 3104 4646 in
3118 4603 3388 4652 mternum
3411 4598 3721 4652 damnantur
3736 4585 3864 4645 homi-

2337 4694 2456 4745 nes.
2488 4680 2813 4750 appellatur.
2843 4682 2998 4751 Quod
3028 4686 3073 4740 si
3097 4685 3164 4741 de
3188 4687 3297 4744 hac
3322 4697 3506 4746 morte
3529 4679 3863 4755 intelligatde

2333 4780 2438 4840 051:
2488 4774 2632 4844 quod
2690 4790 2798 4831 non
2848 4787 3205 4848 gustaverunt
3252 4792 3496 4838 mortem
3548 4781 3653 4838 illic
3693 4780 3867 4831 stantes.

2333 4863 2505 4920 donec
2536 4865 2780 4921 viderent
2818 4867 2985 4923 ﬁlium
3018 4869 3256 4928 hominis
3303 4875 3616 4929 venientem
3657 4871 3706 4926 in
3747 4874 3868 4932 “38"”

2334 4973 2452 5023 suo,
2496 4973 2834 5029 consequens
2871 4971 2973 5028 est,
3005 4973 3065 5018 ut
3101 4975 3291 5036 postea
3337 4968 3692 5039 gustaverint,
3718 4961 3872 5026 3N“

2332 5051 2603 5121 ambiguo,
2648 5055 2838 5108 mortis
2912 5068 3154 5125 gustum,
3203 5061 3337 5129 quia
3395 5063 3505 5117 hac
3556 5061 3872 5116 momentanea

2333 5153 2506 5198 morte
2555 5145 2750 5199 u‘iortui
2802 5155 2946 5202 sunt.
2997 5147 3055 5204 Si
3101 5160 3281 5206 autem
3317 5154 3389 5208 de
3413 5155 3506 5208 illa
3532 5163 3720 5208 :eterna
3743 5150 3876 5202 morte

2333 5236 2718 5306 repromissum
2779 5249 2882 5307 est,
2938 5242 3080 5312 quod
3123 5243 3178 5298 hi
3232 5247 3330 5314 qui
3397 5247 3558 5318 juxta
3603 5245 3754 5299 vitam
3788 5248 3874 5307 qua?

2335 5325 2582 5383 Christus
2620 5339 2703 5384 est
2753 5333 3112 5400 persﬁterint,
3167 5351 3274 5391 non
3320 5339 3542 5408 possint
3595 5327 3876 5415 mori,lqui3

2335 5427 2595 5476 tetemam
2625 5422 2792 5478 vitam
2823 5425 2934 5492 jam
2969 5427 3188 5495 habent,
3215 5444 3348 5484 cum
3397 5430 3675 5486 Christum
3700 5421 3876 5478 venien-

2332 5521 2440 5565 tem
2468 5512 2519 5566 in
2549 5527 2712 5585 regno
2737 5530 2832 5571 suo
2861 5517 3065 5584 vident,
3088 5521 3213 5590 quia
3243 5521 3587 5594 intelligunt,
3622 5519 3820 5578 credunt
3842 5517 3882 5564 el

2331 5601 2676 5671 conﬁtentur,
2695 5619 3020 5664 venerantur
3043 5620 3097 5666 et
3120 5613 3360 5669 adorant
3377 5633 3391 5669 :
3408 5612 3879 5670 etideodictumesb

2331 5695 2456 5766 quia
2481 5712 2585 5750 non
2612 5699 2904 5768 gustabunt
2927 5710 3154 5758 mortem
3187 5703 3238 5758 hi
3271 5705 3437 5773 tales,
3467 5721 3534 5762 eo
3577 5703 3716 5777 quod
3745 5692 3884 5771 ρθτΐθσ

2332 5787 2469 5842 ctius
2497 5787 2660 5860 693
2702 5799 2844 5846 stent
2871 5793 3014 5864 apud
3044 5810 3167 5850 eum
3208 5795 3306 5862 qui
3357 5806 3447 5852 est
3485 5797 3619 5852 vita.
3674 5789 3806 5849 Unde
3844 5789 3885 5836 θι
