4008 6354
163 362 258 422 577

938 351 1298 412 EXPOSITIO
1337 351 1402 407 IN
1438 349 1879 408 ΜΔΤΤΗίΕυΜ.
1917 378 1985 389 -
2021 349 2149 405 LIB.
2192 348 2328 416 VIII,
2365 348 2518 405 CAP.
2558 348 2726 406 XVII.

3329 350 3434 410 578

162 478 322 541 portae
347 467 645 524 inferorum
683 480 789 522 non
812 467 1181 538 praavalebunt
1208 467 1469 524 adversus
1495 481 1610 532 eos,
1641 461 1733 534 qui
1761 463 1816 524 Α
1839 461 2124 534 magniﬁce
2152 462 2219 516 ad
2247 477 2342 518 eos
2366 462 2582 518 caelitus
2612 461 2920 528 clamantis,
2964 457 3146 516 Venite
3194 471 3311 532 post
3350 479 3437 522 tu

166 569 383 616 mortem
422 559 687 631 gustaturi
721 575 829 614 non
878 568 1006 615 sunt
1035 559 1090 614 in
1127 569 1426 626 aeternum,
1464 558 1568 613 nisi
1596 556 1738 612 forte

163 651 292 722 quod
334 650 415 705 ait
444 651 654 716 donec,
694 651 850 721 quasi
895 658 1081 722 postea
1121 649 1388 722 gustaturi
1440 649 1566 714 sint,
1613 661 1736 704 cum

164 742 382 799 viderint
427 742 599 798 ﬁlium
646 741 882 797 hominis
924 742 1234 798 venientem
1282 743 1337 796 in
1385 754 1553 812 regno
1615 754 1734 796 suo.

167 836 544 904 Quodomnino
593 835 815 892 credere
859 835 927 891 de
957 836 1162 891 sanctis
1200 834 1578 907 impiissimum
1629 841 1733 898 est,

166 928 274 998 quia
301 942 410 983 non
437 926 628 984 diﬁinit
651 937 885 996 tempus,
903 935 965 982 ut
987 935 1277 997 postquam
1305 924 1585 981 transierit
1605 923 1736 980 illud

166 1020 315 1075 donec
344 1019 461 1084 ﬁat,
495 1019 640 1088 quod
665 1027 793 1074 ante
826 1033 935 1074 non
975 1017 1155 1074 fuerat
1180 1016 1402 1083 factum,
1460 1016 1555 1072 sed
1596 1031 1733 1083 rem,

165 1128 268 1184 qua:
284 1113 597 1168 necessaria
621 1122 727 1180 est,
757 1112 997 1182 exponit.
1027 1111 1206 1167 Simili
1231 1110 1392 1168 modo
1435 1110 1564 1166 alibi
1594 1110 1733 1166 dici-

165 1213 239 1258 tur
258 1204 322 1258 ad
351 1203 674 1275 discipulos,
699 1203 813 1276 Ego
841 1204 1105 1260 vobiscum
1135 1221 1254 1259 sum
1275 1203 1514 1258 omnibus
1550 1203 1734 1258 diebus

161 1296 384 1368 usquead
414 1298 918 1353 consummationem
947 1297 1129 1353 διεσαιὶ
1171 1295 1385 1368 (Matth.
1412 1313 1563 1364 xxrv,
1619 1297 1730 1370 Id).

161 1385 305 1453 Quasi
329 1385 442 1455 jam
469 1402 577 1442 non
607 1387 824 1463 sitcum
866 1387 972 1444 illis
1025 1386 1239 1444 futurus
1276 1377 1562 1460 postquam
1603 1403 1734 1444 con-

158 1486 470 1532 summatum
492 1477 658 1534 fuerit
691 1478 969 1545 saeculum,
998 1479 1073 1535 ita
1104 1488 1165 1534 ut
1185 1480 1377 1536 melius
1402 1488 1545 1537 esset
1570 1480 1731 1537 disci-

117 1625 120 1628 .
156 1569 291 1637 pulis
334 1571 435 1626 hoc
463 1579 671 1640 tempus
704 1571 849 1642 quod
897 1581 982 1628 est
1009 1581 1136 1628 ante
1166 1573 1730 1629 consummationnem

155 1661 348 1725 saeculi,
373 1677 530 1732 quam
555 1661 690 1716 illud
712 1660 978 1728 futurum,
1021 1663 1075 1718 in
1104 1679 1212 1733 quo
1235 1678 1329 1719 eos
1358 1679 1480 1720 cum
1511 1662 1730 1718 Christo

156 1762 456 1822 regnaturos
488 1754 740 1809 dicimus.
768 1753 975 1811 Idcirco
1014 1757 1488 1826 pernecessarium
1527 1763 1612 1812 est
1639 1770 1728 1810 co-

1843 554 2040 629 (Marc.
2092 572 2136 622 ι,
2187 555 2298 627 I7).
2331 555 2540 612 Idcirco
2568 565 2870 626 sequuntur
2905 570 3050 610 eum.
3082 553 3340 622 Quamvis
3379 562 3439 613 et

1840 649 2072 706 Andreae
2098 648 2215 706 haec
2236 649 2351 719 ipsa
2383 649 2528 705 dicta
2558 649 2868 714 videantur,
2893 657 3075 704 tamen
3104 647 3196 704 hic
3217 646 3315 704 soli
3336 647 3435 704 eli-

1839 751 2059 814 guntur,
2083 751 2142 796 ut
2169 742 2437 798 ducantur
2462 742 2530 797 ad
2574 741 2821 805 excelsa;
2868 755 2977 795 non
3005 741 3148 810 quod
3185 739 3432 796 Andreas

1840 833 2066 890 inferior
2085 835 2388 891 censendus
2413 835 2505 900 sit,
2536 835 2628 905 qui
2652 843 2708 890 et
2736 834 3072 906 praeponitur
3105 833 3160 889 in
3185 833 3431 906 catalogo

1838 925 2208 998 apostolorum
2234 926 2339 982 illis
2363 925 2592 991 duobus,
2622 925 2714 981 sed
2751 925 2822 981 ob
2865 925 3205 997 mysterium,
3239 933 3300 979 ut
3349 925 3432 979 in-

1839 1018 2146 1090 telligamus
2194 1019 2336 1089 quod
2365 1017 2422 1072 hi
2449 1016 2547 1072 soli
2578 1031 2684 1072 non
2708 1017 3006 1088 gustabunt
3043 1027 3292 1080 mortem,
3334 1014 3427 1088 qui

1837 1126 1961 1167 cum
1985 1110 2140 1166 Petro
2177 1110 2461 1165 ﬁrmantur
2506 1108 2560 1162 in
2603 1117 2756 1178 petra
2785 1123 2908 1178 quae
2949 1106 3196 1162 Christus
3233 1115 3339 1173 est,
3376 1115 3434 1162 et

1836 1200 1966 1257 solis
1985 1200 2145 1255 datur
2172 1209 2231 1255 ut
2259 1197 2483 1255 stabiles
2508 1207 2889 1268 permaneant.
2927 1196 3142 1268 Ipsique
3183 1208 3308 1254 sunt
3334 1195 3430 1254 ﬁlii

1836 1293 2084 1360 tonitrui,
2115 1294 2242 1364 quia
2287 1310 2394 1349 non
2430 1293 2647 1348 aliunde
2696 1300 3058 1367 perceperunt
3106 1292 3428 1359 doctrinam,

1834 1403 1998 1457 quam
2029 1388 2097 1442 de
2125 1386 2283 1453 caelo,
2315 1401 2383 1442 ex
2410 1402 2542 1442 voce
2586 1387 2827 1442 tonantis
2856 1386 3107 1442 altissimi
3143 1387 3260 1442 Dei.
3293 1387 3428 1456 Qui-

1834 1476 1938 1532 bus
1965 1477 2210 1547 profecto
2234 1477 2436 1532 clamat
2459 1475 2636 1543 Jesus,
2666 1485 2722 1532 et
2774 1478 2990 1533 intonat
3035 1479 3298 1548 quotidie,
3355 1480 3430 1535 ita

1833 1567 2046 1634 dicens,
2081 1568 2185 1634 Qui
2210 1569 2362 1622 habet
2390 1585 2544 1623 aures
2583 1569 2836 1623 audiendi
2859 1569 3041 1623 audiat
3079 1567 3297 1640 (Matth.
3349 1585 3426 1634 xx,

1835 1661 1946 1734 15).
1989 1663 2124 1717 Tres
2153 1677 2388 1732 namque
2413 1663 2792 1717 tantummodo
2838 1662 2960 1718 ideo
2986 1669 3341 1717 assumuntur
3368 1661 3424 1716 in

1834 1763 2040 1818 monte,
2070 1753 2196 1823 quia
2224 1754 2278 1808 in
2305 1753 2390 1808 his
2417 1753 2566 1824 regni
2589 1753 2831 1810 cmlestis
2860 1755 3015 1819 ordo,
3063 1761 3120 1809 et
3167 1768 3429 1808 numerus

156 1858 414 1913 gnoscere,
443 1845 496 1900 si
525 1861 626 1902 nos
657 1861 828 1916 usque
869 1846 937 1902 ad
984 1847 1146 1902 ﬁnem
1177 1848 1360 1904 saeculi
1399 1864 1505 1901 non
1529 1855 1613 1904 est
1641 1863 1728 1902 re-
1755 1836 1804 1898 Β
1831 1850 2239 1920 praeﬁguratur,
2263 1848 2405 1917 quod
2434 1863 2501 1902 ex
2530 1848 2742 1916 origine
2796 1847 2960 1902 trium
3012 1846 3248 1902 ﬁliorum
3306 1844 3429 1900 Noe

157 1935 376 2002 licturus,
425 1953 503 1993 ne
553 1938 836 1994 nobiscum
875 1939 946 1995 sit
995 1941 1246 1995 omnibus
1287 1940 1477 1997 diebus
1521 1939 1725 2006 saeculi,

154 2028 274 2098 quod
295 2029 468 2083 multo
503 2031 676 2100 magis
698 2030 978 2086 nobiscum
1009 2033 1115 2086 erit
1141 2040 1267 2103 post
1315 2032 1476 2088 ﬁnem
1521 2032 1725 2095 saeculi,

154 2119 340 2190 quando
368 2121 695 2192 plenissime
725 2123 1052 2179 mortalitate
1098 2124 1268 2189 exuti,
1311 2124 1485 2179 sancti
1535 2138 1728 2195 regna-

152 2208 263 2263 bunt
281 2225 397 2264 cum
425 2211 684 2266 Domino.
723 2211 791 2265 Et
813 2212 936 2267 ideo
961 2211 1065 2267 hoc
1100 2212 1239 2278 loco,
1265 2213 1459 2279 donec,
1490 2229 1596 2268 non
1625 2228 1726 2284 pro

154 2299 280 2352 ﬁnito
307 2301 537 2370 ponitur
566 2301 821 2367 termino,
843 2304 939 2358 sed
972 2319 1071 2373 pro
1097 2303 1328 2358 inﬁnito.
1355 2304 1583 2371 Quando
1632 2303 1724 2376 qui

153 2392 292 2445 semel
319 2393 525 2449 viderit
547 2393 717 2448 ﬁlium
743 2394 978 2449 hominis
1000 2396 1305 2450 venientem
1340 2396 1393 2450 in
1431 2412 1594 2467 regno
1626 2411 1724 2451 suo

154 2485 257 2536 etin
282 2484 455 2554 gloria
482 2500 603 2548 sua,
637 2493 690 2541 et
713 2486 908 2541 viderit
935 2486 1240 2542 venientem
1262 2487 1314 2541 in
1339 2503 1561 2559 regnum
1582 2486 1721 2557 ejus,

153 2575 192 2628 in
216 2579 423 2645 virtute,
448 2579 570 2648 jam
600 2595 941 2652 nequaquam
963 2581 1201 2653 gustabit
1228 2590 1460 2638 mortem
1491 2582 1544 2636 in
1567 2591 1724 2638 aeter-

154 2685 274 2724 num.
311 2671 471 2738 Quod
503 2672 550 2727 si
592 2671 785 2744 aliquis
806 2689 1052 2744 quaerere
1083 2675 1314 2731 voluerit
1343 2675 1473 2746 quid
1516 2676 1586 2731 sit
1635 2677 1721 2731 in-

152 2767 216 2812 ter
243 2766 470 2819 mortem
501 2772 724 2833 gustare
752 2773 809 2819 et
864 2773 1093 2821 mortem
1137 2765 1360 2821 videre?
1387 2767 1522 2834 Quia
1574 2766 1724 2823 Scri-

150 2863 283 2922 ptura
321 2855 511 2911 divina
557 2856 614 2911 in
652 2857 738 2912 his
791 2858 972 2914 verbis
1025 2859 1238 2914 variare
1298 2860 1548 2925 videtur;
1589 2861 1722 2917 dicit

150 2947 270 3001 enim
293 2957 344 3004 et
381 2959 626 3006 mortem
668 2950 855 3006 venire
898 2966 1062 3021 super
1116 2951 1350 3022 aliquos,
1400 2961 1456 3008 et
1490 2961 1720 3008 mortem

150 3039 406 3097 nonnullos
457 3042 641 3112 sequi,
691 3056 787 3098 seu
847 3052 1076 3100 mortem
1146 3045 1440 3100 absorbere
1488 3046 1715 3116 aliquos.

151 3128 328 3196 Quzerit
346 3144 537 3199 autem
568 3135 762 3190 harum
793 3134 1052 3204 Origenes
1079 3135 1430 3203 diﬁ‘erentias,
1478 3153 1545 3192 ne
1575 3138 1716 3194 forte

150 3225 341 3290 gravius
365 3227 440 3282 sit
492 3237 715 3299 gustare
765 3238 995 3284 mortem
1024 3245 1186 3300 quam
1225 3230 1426 3306 videre,
1464 3240 1518 3286 et
1567 3231 1719 3302 pejus

151 3313 210 3366 sit
227 3317 367 3386 sequi
387 3332 534 3383 eam,
566 3334 730 3389 quam
753 3329 990 3391 gustare.
1020 3321 1126 3377 Sed
1163 3331 1218 3377 et
1246 3330 1304 3377 ut
1331 3323 1515 3377 veniat
1555 3339 1719 3394 super

150 3423 233 3463 eos
260 3425 392 3479 quos
426 3412 784 3484 sequebatur,
812 3423 868 3469 et
895 3417 1344 3487 comprehendat,
1367 3417 1718 3474 nihilominus

145 3500 357 3568 gravius
379 3517 500 3558 esse
525 3504 768 3570 videtur;
796 3505 1017 3562 absorbi
1049 3522 1178 3563 vero
1200 3523 1231 3562 a
1263 3515 1456 3572 morte,
1488 3508 1565 3563 illi
1590 3524 1718 3580 gra-

145 3592 418 3650 vissimum
447 3611 564 3652 esse
597 3599 830 3654 videtur.
872 3599 941 3655 Et
967 3600 1110 3667 ideo,
1162 3611 1224 3656 ut
1250 3616 1412 3671 supra
1451 3601 1716 3670 dixeram,

147 3702 240 3740 non
268 3699 489 3758 gustare
513 3702 768 3759 mortem,
802 3693 868 3747 de
917 3693 1021 3748 hac
1061 3694 1346 3766 temporali
1395 3703 1571 3750 morte
1613 3696 1718 3751 hoc

148 3776 248 3834 loco
275 3783 440 3854 magis
466 3784 672 3838 dictum
695 3801 816 3840 esse
843 3785 1075 3842 videtur.

210 3870 344 3940 (CAP.
371 3872 562 3946 XVII.)
605 3873 733 3929 Post
761 3875 873 3929 dies
896 3886 1073 3930 autem
1119 3894 1211 3932 sea:
1245 3877 1527 3949 assumpsit
1563 3877 1718 3934 Jesus

151 3956 359 4028 Petrum,
390 3974 442 4019 et
486 3963 773 4032 Iacobum,
817 3977 864 4021 et
914 3966 1174 4023 Joannem
1224 3969 1442 4038 fratrem
1490 3971 1718 4040 ejus:et

147 4051 274 4105 duxit
300 4054 415 4111 illos
451 4074 616 4127 super
641 4068 869 4112 montem
895 4059 1158 4114 excelsum
1186 4078 1443 4128 seorsum,
1471 4072 1518 4116 et
1545 4073 1720 4117 trans-

150 4143 383 4213 ﬁguratus
428 4159 514 4203 est
538 4160 661 4204 ante
690 4167 794 4205 eos.
830 4151 1008 4218 Quare
1035 4161 1216 4208 autem
1237 4153 1452 4221 Petrus,
1481 4164 1537 4209 et
1562 4155 1718 4212 Jaco-

149 4235 249 4302 ltus,
275 4250 325 4294 et
361 4240 637 4309 Joannes,
662 4244 717 4298 in
747 4244 1070 4314 quibusdam
1118 4246 1535 4319 Evangeliorum
1564 4248 1714 4316 locis,

145 4343 543 4400 sequestrantur
564 4353 594 4391 a
613 4340 850 4403 caeteris,
882 4349 974 4394 aut
1005 4341 1133 4410 quid
1159 4341 1430 4413 privilegii
1460 4342 1715 4407 habeant,

149 4426 294 4480 resin
316 4437 519 4500 aperto
543 4437 648 4495 est,
703 4430 748 4485 si
800 4430 946 4486 Petri
993 4432 1230 4502 dignitas
1292 4433 1716 4503 meritorumque

146 4514 260 4584 eius,
307 4531 361 4577 et
409 4523 656 4577 ﬁrmitas
697 4524 957 4579 virtutum
1017 4525 1716 4596 compensatur;quoniam

147 4608 229 4677 ipsi
262 4623 382 4668 sunt
422 4615 527 4685 qui
561 4615 880 4670 videbantur
919 4617 1186 4672 columnae
1227 4633 1370 4684 esse,
1419 4619 1486 4673 de
1524 4619 1719 4688 quibus
1752 4608 1767 4630 ⁵

148 4699 348 4770 dixerat,
364 4706 516 4763 Sunt
538 4706 706 4780 694
724 4708 788 4761 de
805 4709 889 4762 hic
903 4710 1187 4774 stantibus,
1202 4711 1292 4780 qui
1311 4727 1413 4763 non
1434 4710 1716 4780 gustabunt

105 4847 116 4854 _
146 4801 554 4860 mortem,donec
583 4799 788 4852 videant
813 4799 984 4868 ﬁlium
1009 4799 1236 4854 hominis
1261 4801 1540 4855 venientem
1558 4800 1613 4854 in
1635 4817 1718 4855 re-

145 4900 228 4953 gno
239 4906 329 4943 suo
343 4890 577 4961 (Matth.
591 4890 723 4962 xw).
743 4891 950 4947 Interea
972 4907 1176 4962 quzeso,
1193 4892 1383 4956 lector,
1402 4907 1509 4947 non
1527 4907 1718 4963 parum

148 4975 224 5031 tibi
251 4979 508 5036 videatur
530 4990 678 5037 stare
704 4999 828 5038 cum
857 4983 1016 5048 Jesu;
1051 4984 1177 5054 quia
1201 4984 1307 5039 nisi
1332 4984 1483 5055 prius
1515 4983 1719 5040 stabili-

147 5080 312 5128 rentur
331 5083 391 5130 ut
411 5085 629 5132 starent
651 5076 881 5132 ﬁrmiter
913 5092 1076 5146 supra
1113 5085 1345 5148 petram,
1377 5091 1718 5146 nequaquam

147 5175 250 5218 eum
289 5169 448 5237 sequi
511 5177 758 5237 possent,
807 5169 1206 5238 praecedentem
1254 5176 1311 5223 et
1339 5168 1719 5224 ascendentem

147 5265 288 5324 super
310 5257 600 5314 excelsum
645 5260 984 5331 ascensionis
1028 5277 1142 5316 sua:
1196 5269 1459 5326 montem,
1499 5269 1555 5316 et
1596 5275 1721 5315 con-

146 5347 434 5416 templando
449 5350 971 5408 introrsusdivinam
986 5353 1340 5425 introspicere
1355 5352 1580 5422 majesta
1589 5361 1716 5408 tem.

146 5432 200 5488 Et
223 5437 340 5496 ideo
362 5441 500 5497 licet.
533 5441 624 5496 alii
660 5443 889 5514 apostoli
923 5444 1111 5500 eadem
1142 5445 1363 5515 vigeant
1417 5446 1467 5499 in
1502 5443 1721 5500 Christo

146 5526 412 5601 ﬁrmitate,
444 5536 532 5591 isti
557 5544 736 5592 tamen
774 5538 844 5593 ob
881 5537 1301 5609 dispensationis
1332 5539 1588 5610 gratiam,
1622 5537 1719 5593 eli-

144 5636 329 5695 guntur
355 5630 429 5685 ab
459 5644 524 5686 eo
569 5631 662 5702 qui
713 5646 807 5686 cor
858 5631 1076 5703 inspicit
1118 5631 1470 5702 singulorum.
1498 5629 1632 5686 Nam
1662 5629 1718 5686 hi

146 5717 259 5787 duo,
284 5720 527 5780 Iacobus
554 5726 763 5782 scilicet
785 5736 843 5782 et
868 5725 1126 5790 Joannes,
1160 5725 1262 5794 ﬁlii
1292 5724 1511 5779 tonitrui
1537 5725 1720 5780 dicun-

149 5813 245 5878 tur,
274 5817 406 5888 quia
437 5819 547 5874 nati
594 5828 813 5876 suntex
847 5819 1215 5892 magniloquio
1249 5819 1340 5876 Dei
1373 5821 1631 5887 tonantis,
1664 5829 1720 5875 et

1749 4571 1797 4628 ε)

1834 1939 2134 2010 colligenda
2173 1947 2257 1993 est
2285 1938 2464 1993 omnis
2511 1937 2773 2002 Ecclesia,
2803 1945 2856 1993 et
2887 1935 3066 1992 futura
3096 1953 3162 1992 ex
3193 1937 3278 1992 his
3307 1951 3426 1992 om-

1830 2030 1918 2086 nis
1944 2030 2140 2086 electio
2161 2044 2371 2095 eorum,
2403 2028 2495 2098 qui
2520 2044 2644 2084 cum
2668 2027 2885 2083 Christo
2907 2029 2962 2083 in
2986 2027 3140 2084 caelis
3165 2042 3420 2084 ascensu-

1831 2124 1879 2180 ri
1909 2132 2056 2179 sunt.
2087 2123 2328 2190 Quorum
2360 2123 2590 2178 ﬁrmitas
2630 2132 2686 2178 et
2730 2120 2992 2178 fortitudo
3035 2122 3286 2178 Christus
3317 2129 3422 2186 est,

1830 2231 2062 2287 quorum
2089 2216 2335 2271 doctrina
2362 2215 2416 2269 in
2449 2231 2583 2271 voce
2612 2215 2839 2270 tonitrui
2863 2217 2930 2271 de
2957 2215 3097 2272 caelo
3122 2215 3326 2282 sonuit,
3362 2221 3422 2270 et

1831 2305 2129 2380 perterruit
2153 2308 2438 2363 universos
2491 2322 2724 2364 corusco
2778 2304 3180 2378 praedicationis
3203 2307 3256 2363 in
3281 2314 3422 2373 rota,

1835 2403 1908 2457 ita
1945 2411 2007 2457 ut
2037 2417 2315 2458 concussa:
2345 2401 2453 2456 sint
2477 2400 2702 2471 singula:
2747 2411 2930 2472 partes
2953 2411 3225 2456 terrarum
3246 2441 3261 2467 ,
3305 2417 3426 2471 quae

1827 2491 1928 2547 sub
1957 2493 2128 2547 tribus
2151 2491 2535 2547 describuntur
2555 2491 2888 2558 nominibus,
2924 2507 2993 2547 ne
3031 2501 3124 2547 aut
3149 2492 3279 2546 Asia
3307 2491 3423 2548 sola

1827 2585 2127 2641 credidisse
2154 2584 2390 2649 dicatur,
2428 2597 2618 2639 verum
2646 2591 2702 2639 et
2725 2582 2909 2640 Africa
2935 2583 3096 2638 simul
3126 2593 3288 2654 atque
3317 2583 3425 2639 Eu-

1824 2690 1956 2746 ropa
1987 2674 2188 2730 Christi
2217 2674 2480 2745 sanguine
2509 2675 2822 2753 redempta,
2852 2675 2918 2730 de
2940 2674 3066 2730 imis
3091 2675 3157 2730 ad
3191 2691 3424 2746 superna

1823 2767 2156 2836 perducitur.
2183 2767 2248 2822 Et
2272 2776 2396 2836 post
2431 2779 2528 2822 sex
2565 2767 2717 2833 dies,
2751 2775 2845 2821 aut
2897 2775 3020 2822 octo
3068 2767 3209 2823 sicut
3249 2765 3424 2822 Lucas

1826 2870 2074 2917 testatur.
2105 2862 2241 2930 Quia
2273 2862 2326 2916 in
2351 2861 2454 2916 hoc
2477 2860 2598 2917 loco
2627 2861 2721 2918 ubi
2749 2860 3035 2916 Matthzeus
3065 2860 3142 2915 ait
3166 2868 3289 2932 post
3327 2875 3422 2916 sex

1823 2953 1958 3019 dies,
1989 2953 2167 3008 Lucas
2207 2961 2330 3024 post
2348 2961 2471 3007 octo
2503 2952 2708 3008 dixisse
2758 2951 2976 3024 legitur.
3027 2949 3288 3007 Neutrum
3343 2959 3422 3006 ta-

1822 3059 1948 3100 men
1978 3060 2167 3101 eorum
2193 3058 2224 3098 a
2255 3041 2558 3112 verojuxta
2594 3043 2834 3099 litteram
2857 3043 3201 3113 discrepasse
3240 3042 3423 3098 credi-

1822 3143 1931 3199 tur.
1961 3152 2188 3206 nequea
2218 3137 2450 3192 veritate
2506 3135 2792 3208 quisquam
2826 3134 3081 3192 dissentit
3128 3134 3254 3188 dum
3316 3133 3424 3189 sibi

1745 3205 1791 3268 Ο
1821 3230 1890 3284 ad
1920 3205 2155 3285 invicem
2181 3229 2338 3300 quasi
2390 3205 2584 3284 neuter
2630 3205 2924 3284 consentit.
2982 3227 3090 3283 Sed
3142 3227 3420 3282 sciendum

1828 3323 1954 3393 quia
1982 3322 2266 3378 Matthaeus
2286 3322 2498 3377 dierum
2525 3321 2667 3377 facta
2693 3323 2993 3388 mentione,
3033 3337 3062 3375 a
3096 3329 3209 3375 toto
3251 3329 3422 3376 totum

1823 3417 1978 3483 dixit,
1995 3426 2050 3472 et
2071 3416 2250 3472 Lucas
2273 3432 2303 3470 a
2323 3424 2438 3471 toto
2455 3423 2664 3485 partem
2689 3415 2990 3486 expressit;
3018 3413 3146 3484 quia
3170 3413 3222 3466 in
3246 3428 3308 3468 ea
3338 3414 3421 3468 die

1823 3522 1933 3577 qua
1970 3508 2174 3563 dictum
2199 3515 2302 3571 est,
2337 3505 2470 3561 Sunt
2516 3505 2734 3577 quidam
2774 3505 2838 3559 de
2867 3506 2951 3559 hic
2973 3504 3230 3559 stantibus
3252 3503 3416 3575 695

1820 3600 1910 3669 qui
1935 3614 2041 3653 non
2067 3598 2355 3668 gustabunt
2387 3604 2625 3650 mortem.
2650 3593 2770 3650 Jam
2806 3609 2936 3664 pars
2963 3601 3335 3665 praecesserat,
3368 3602 3424 3648 et

1822 3688 1878 3744 in
1927 3703 1992 3744 ea
2040 3687 2128 3743 die
2183 3686 2402 3758 quando
2458 3701 2552 3741 eos
2608 3693 3018 3756 assumpserat,
3072 3691 3421 3753 montemque

1822 3779 2167 3844 ascenderat,
2206 3793 2335 3848 pars
2363 3777 2608 3847 quaedam
2651 3775 2760 3830 diei
2807 3775 3070 3831 restabat.
3123 3772 3419 3844 Propterea

1821 3883 2005 3946 partes
2029 3873 2150 3928 illas
2175 3887 2312 3943 quas
2327 3870 2613 3927 Matthaeus
2631 3870 2815 3926 omisit
2837 3877 3083 3940 tangere,
3103 3867 3260 3940 quasi
3283 3867 3420 3922 dua-

1822 3983 1946 4023 rum
1966 3965 2369 4028 extremitatem
2394 3963 2650 4034 partium,
2673 3960 2850 4017 Lucas
2862 3975 2961 4030 pro
2981 3968 3092 4014 tota
3115 3957 3204 4014 die
3235 3966 3416 4013 utras-

1821 4077 1926 4132 que
1965 4058 2302 4130 computavit
2345 4064 2549 4129 partes,
2600 4065 2664 4111 ut
2712 4065 2836 4111 octo
2894 4055 3087 4109 tierent
3127 4052 3262 4107 dies.
3314 4049 3420 4108 Ubi

1822 4163 2015 4224 tropus
2071 4157 2347 4208 consuetae
2386 4147 2676 4204 locutionis
2725 4145 3068 4218 intelligitur,
3101 4143 3193 4214 qui
3227 4142 3416 4198 Graece

1820 4246 2158 4321 synecdoche
2196 4243 2518 4316 appellatur,
2547 4242 2692 4314 quod
2719 4241 2914 4296 Latine
2938 4239 3045 4294 dici
3073 4245 3269 4309 potest,
3320 4236 3412 4310 vel

1823 4358 1853 4396 a
1875 4350 2029 4412 parte
2057 4348 2250 4404 totum,
2278 4338 2364 4392 vel
2393 4353 2521 4408 pars
2540 4351 2640 4406 pro
2672 4344 2804 4390 toto.
2838 4335 2940 4403 Qui
2963 4331 3208 4404 profecto
3225 4341 3412 4402 tropus

1830 4436 1883 4490 in
1938 4432 2237 4503 Scripturis
2291 4431 2465 4486 sacris
2489 4445 2652 4500 quam
2679 4444 2821 4498 saepe
2868 4428 3160 4483 invenitur.
3203 4425 3272 4482 Et
3328 4425 3417 4481 hic

1823 4537 2052 4598 uterque
2082 4525 2536 4597 evangelistarum
2562 4539 2685 4579 eum
2725 4538 2834 4577 non
2869 4519 3073 4590 absque
3101 4536 3292 4591 magno
3323 4535 3412 4574 re—

1826 4635 1948 4674 rum
1978 4617 2240 4690 mysterio
2265 4614 2690 4685 signiﬁcatarum
2721 4612 2922 4683 posuit.
2972 4610 3240 4679 Quoniam
3290 4625 3412 4664 cum

1825 4710 2054 4765 dixisset
2071 4706 2252 4772 Jesus,
2289 4704 2423 4761 Sunt
2465 4705 2530 4759 de
2555 4705 2638 4758 hic
2659 4705 2940 4768 stantibus,
2964 4703 3056 4773 qui
3095 4718 3198 4757 non
3232 4711 3414 4772 gusta-

1825 4803 1951 4856 bunt
1976 4811 2218 4866 mortem,
2244 4816 2386 4856 unus
2411 4815 2601 4855 eorum
2622 4807 2746 4874 post
2768 4813 2862 4854 sex
2905 4797 3022 4852 dies
3063 4796 3220 4864 dixit,
3276 4795 3416 4852 alter

1823 4913 1954 4953 vero
1983 4905 2105 4968 post
2137 4904 2281 4952 octo.
2316 4896 2452 4966 Quia
2483 4911 2622 4950 unus
2651 4895 3129 4964 evangelistarum,
3172 4892 3410 4964 primum

1823 4999 1880 5046 et
1912 4991 2294 5053 novissimum,
2316 4997 2376 5044 ut
2401 4997 2526 5044 octo
2557 4987 2771 5055 ﬁerent,
2812 4985 3245 5050 connumeravit,
3275 4983 3412 5040 alter
3445 5023 3449 5028 ς

1825 5101 1958 5142 vero
1983 5099 2079 5140 sex
2122 5090 2337 5136 tantum
2384 5081 2439 5136 in
2485 5080 2668 5136 medio
2719 5088 2932 5144 tenens,
2959 5077 3092 5133 duos
3137 5085 3411 5130 extremos

1824 5175 2206 5248 praetermisit;
2239 5181 2300 5228 ut
2329 5173 2497 5229 ﬁnitis
2525 5187 2622 5229 sex
2656 5172 2911 5228 aetatibus
2958 5168 3162 5234 saeculi,
3190 5167 3410 5223 claritas

1825 5270 1944 5336 Dei,
1976 5284 2098 5340 quae
2123 5269 2178 5324 in
2205 5267 2458 5338 septima,
2482 5266 2538 5321 id
2562 5273 2648 5322 est
2668 5267 2724 5322 in
2753 5265 2915 5321 ﬁnem
2941 5263 3066 5319 vitae
3101 5260 3406 5332 apparebit,

1821 5361 2234 5436 praedicaretur.
2266 5360 2442 5417 Lucas
2470 5373 2624 5424 vero,
2653 5358 2746 5429 qui
2788 5372 2883 5412 eos
2929 5363 3234 5425 assumptos
3287 5360 3413 5424 post

1824 5455 1940 5511 dies
1968 5465 2094 5510 octo
2119 5452 2276 5519 dicit,
2311 5452 2575 5518 insinuat,
2605 5450 2915 5519 quicunque
2961 5454 3083 5517 post
3132 5445 3408 5502 Christum

1825 5545 1970 5614 ierit,
2022 5555 2078 5602 et
2133 5560 2352 5601 crucem
2419 5541 2538 5612 ejus
2601 5541 2805 5608 tulerit,
2857 5540 3207 5612 animamque
3253 5551 3407 5593 suam

1824 5646 2045 5710 propter
2073 5652 2198 5693 eum
2228 5634 2546 5708 perdiderit,
2568 5633 2864 5704 persistens
2889 5633 2942 5688 in
2967 5631 3091 5697 ﬁde,
3135 5631 3236 5688 iste
3262 5645 3410 5687 mor-

1826 5737 1934 5786 tem
1958 5747 2064 5786 non
2088 5729 2324 5802 gustabit
2345 5728 2400 5782 in
2417 5734 2704 5794 aeternum,
2732 5727 2905 5782 donec
2941 5723 3166 5795 gloriam
3201 5730 3408 5780 octavae

1825 5819 2244 5878 resurrectionis
2278 5817 2474 5882 videat,
2535 5825 2590 5873 et
2637 5816 2898 5889 glorietur
2939 5830 3058 5870 cum
3098 5813 3326 5871 Domino
3352 5813 3408 5866 et
