4008 6354
656 350 767 450 δή

1406 351 1417 359 ’
1474 396 1533 454 s.
1574 354 1930 453 PASCHASIl
1964 390 2314 451 nauseam
2349 386 2643 451 ABBATIS
2669 392 3120 451 commensus
3778 406 3857 465 530

658 505 773 575 ipse
823 512 1132 575 assumptus
1162 505 1215 559 in
1246 513 1448 562 monte.
1480 505 1617 561 Nam
1644 506 1734 577 qui
1772 507 1861 562 hic
1891 508 2058 562 verba
2082 504 2241 562 Chri-
2269 512 2314 570 Α
2344 506 2616 577 expedire,
2648 508 2997 577 semetipsum
3027 505 3286 563 ostendit.
3318 504 3423 563 Sed
3469 518 3583 578 post
3608 527 3691 566 sex
3713 517 3856 584 exple-

659 601 727 652 sti
759 599 905 652 audit
930 596 997 655 de
1025 598 1161 655 cmlo
1189 599 1244 654 in
1266 615 1398 655 voce
1426 601 1645 655 tonitrui
1670 600 1943 665 sonantia,
1976 609 2031 655 et
2065 599 2245 653 ﬁrmat

661 705 883 760 gressus
913 705 1041 744 suos
1071 689 1124 743 in
1155 699 1309 760 petra
1338 706 1456 759 quze
1470 689 1721 745 Christus
1751 699 1853 756 est,
1875 690 1988 760 ipse
2017 684 2243 761 gloriam

662 777 864 837 Christi
896 778 1120 845 videbit,
1147 795 1266 849 qua:
1297 791 1491 835 octavo
1536 781 1623 835 die
1652 779 1798 835 facta
1846 789 1929 835 est
1954 795 2050 850 per
2072 793 2247 833 resur-

661 872 925 926 rectionis
980 872 1231 942 gratiam.
1286 871 1439 928 Unde
1492 881 1546 927 et
1593 872 1837 943 plerique
1876 871 2091 942 psalmi,
2149 884 2247 941 pro

660 975 873 1032 octava,
904 966 1235 1021 scribuntur.
1260 964 1397 1034 Quia
1427 966 1473 1020 is
1501 965 1592 1036 qui
1625 977 1845 1037 propter
1880 966 1970 1020 Dei
2023 966 2246 1020 verbum

663 1056 902 1112 animam
934 1074 1087 1114 suam
1112 1058 1428 1130 perdiderit,
1481 1057 1685 1113 salvam
1738 1056 1896 1111 faciet
1936 1072 2077 1121 eam,
2124 1071 2248 1110 cum

662 1147 912 1205 Christus
938 1151 1205 1221 promissa
1234 1165 1330 1205 sua
1370 1150 1423 1205 in
1455 1158 1646 1205 octava
1682 1147 2099 1204 resurrectionis
2139 1160 2250 1201 sua:

662 1244 749 1299 die
777 1245 1149 1317 compleverit.
1180 1245 1335 1301 Sicut
1378 1254 1433 1301 et
1458 1253 1581 1315 post
1626 1260 1721 1299 sex
1770 1243 1903 1307 dies,
1953 1244 2003 1296 in
2056 1241 2251 1310 quibus

662 1335 849 1390 mundi
879 1351 1043 1407 Opera
1092 1345 1220 1391 sunt
1261 1343 1464 1399 creata,
1500 1344 1559 1390 ut
1598 1350 1695 1406 per
1749 1334 1864 1389 dies
1913 1343 1966 1387 et
2007 1342 2250 1402 tempora

664 1431 1033 1499 mundumque
1095 1429 1462 1502 intelligamus
1532 1427 1708 1483 ﬁnire.
1764 1423 1972 1494 Quibus
2022 1424 2251 1495 expletis

664 1521 992 1577 resurrectio
1021 1519 1203 1576 futura
1231 1519 1638 1576 monstrabitur.
1665 1516 1734 1572 Et
1763 1517 1854 1586 qui
1882 1514 2082 1570 fuerint
2127 1529 2249 1569 cum

564 1672 567 1677 ,
663 1614 751 1671 his
779 1616 949 1670 tribus
972 1615 1150 1670 educti
1178 1613 1245 1669 de
1266 1613 1486 1679 saeculo,
1537 1612 1609 1667 ita
1660 1620 1719 1666 ut
1764 1626 1926 1681 supra
1990 1607 2252 1664 mundum

662 1706 979 1771 ascendant,
1009 1715 1066 1761 et
1099 1705 1259 1776 hujus
1284 1705 1467 1761 saeculi
1500 1702 1775 1762 volumina
1792 1711 1846 1758 et
1874 1709 2250 1758 momentanea

663 1800 792 1855 vita:
834 1797 1105 1854 curricula
1134 1796 1543 1862 transcendant,
1572 1794 1719 1851 velut
1747 1794 1800 1849 in
1844 1792 2061 1848 sublimi
2085 1789 2251 1845 collo-

2348 602 2417 654 tis
2445 601 2631 656 diebus
2657 602 2743 657 die
2764 611 3097 669 octavaqam
3117 614 3283 671 supra
3306 612 3533 656 montem
3558 606 3857 672 excelsum,ct

2347 692 2539 749 solium
2571 692 2859 758 elevatum,
2890 708 2993 747 non
3022 693 3126 748 nisi
3169 692 3225 747 in
3272 693 3441 750 forma
3471 695 3557 750 Dei
3597 695 3855 757 clariﬁcatus

2348 781 2626 852 apparebit
2672 774 2877 838 electis.
2928 780 3113 853 Neque
3158 784 3302 838 enim
3347 785 3647 855 simpliciter
3685 786 3855 857 dictum,

2350 872 2492 943 quod
2513 871 2923 944 transﬁguratus
2936 883 3038 939 est,
3051 874 3176 944 quia
3189 875 3440 945 transﬁgu
3448 888 3584 931 ratus
3594 887 3660 931 est
3674 891 3770 934 ante
3779 899 3857 947 eos,

2351 965 2536 1035 utique
2561 966 2654 1037 qui
2684 968 3048 1022 ascenderunt
3068 981 3191 1021 cum
3215 981 3281 1022 eo
3308 982 3469 1037 super
3492 979 3705 1025 montem
3729 973 3859 1027 excel-

2351 1075 2469 1116 sum
2502 1069 2733 1126 secreto,
2766 1070 2822 1115 et
2846 1074 3112 1125 seorsum,
3142 1060 3211 1115 ab
3238 1060 3381 1115 omni
3408 1058 3688 1129 frequentia
3723 1063 3857 1119 seculi

2353 1164 2415 1205 ac
2460 1152 2689 1223 strepitu
2734 1159 2968 1207 terrenae
3009 1150 3431 1221 perturbationis
3480 1155 3735 1224 segregati.
3758 1154 3859 1222 Quia

2352 1243 2516 1315 697
2538 1245 2663 1299 licet
2691 1240 2847 1300 Iesus
2870 1246 2927 1300 iu
2968 1245 3106 1301 valle
3139 1240 3460 1300 humilitatis
3490 1246 3700 1311 venerit,
3727 1256 3858 1301 tamen

2356 1346 2522 1401 recte,
2552 1352 2657 1392 non
2689 1339 2791 1393 nisi
2822 1353 2982 1409 supra
3026 1347 3263 1393 montem
3292 1338 3452 1392 etiam
3488 1336 3748 1394 cruciﬁxus
3768 1354 3860 1395 cun-

2356 1427 2601 1498 spicitur.
2646 1426 2780 1483 Nam
2806 1438 2864 1484 et
2896 1427 3049 1484 Isaac
3090 1428 3144 1482 in
3191 1427 3362 1500 ﬁgura
3393 1428 3586 1483 Christi
3618 1444 3723 1484 cum
3746 1428 3860 1484 oder-

2355 1534 2465 1587 tur,
2497 1536 2604 1576 non
2634 1521 2738 1577 nisi
2780 1521 2836 1575 in
2866 1528 3052 1576 munte
3088 1519 3299 1575 oblatus
3346 1518 3560 1590 legitur.
3583 1518 3761 1576 ideirco
3786 1520 3861 1576 hoc

2357 1613 2477 1669 loco
2519 1612 2661 1684 quod
2704 1614 2892 1685 gessit,
2939 1619 2994 1667 et
3022 1608 3370 1667 miraculum
3414 1624 3590 1666 coram
3627 1610 3861 1667 videntibus

2358 1703 2500 1774 quod
2541 1702 2772 1770 refulsit,
2816 1702 2931 1773 ipsa
2957 1706 3049 1758 res
3092 1714 3244 1774 geSta
3269 1700 3431 1773 longe
3459 1694 3611 1756 altius
3637 1716 3768 1771 quam
3790 1700 3859 1771 ipsi

2357 1794 2623 1858 viderant,
2644 1792 2814 1848 multa
2839 1793 3166 1866 designavit,
3196 1794 3270 1848 ita
3298 1803 3359 1848 ut
3382 1791 3530 1847 locus
3550 1799 3602 1847 et
3624 1792 3719 1862 ipsa
3736 1800 3863 1845 trans-

662 1892 793 1957 cati,
822 1891 1016 1947 futurae
1058 1891 1475 1947 resurrectionis
1521 1888 1825 1945 claritatem
1879 1886 2158 1949 videbunt,
2200 1890 2255 1938 et
2282 1876 2330 1938 Β
2360 1886 2609 1957 ﬁguratio
2646 1885 2985 1941 altitudinem
3018 1885 3258 1941 insinuet
3298 1884 3539 1949 Deitatis,
3567 1893 3619 1939 ut
3646 1883 3708 1939 ibi
3738 1893 3863 1937 trans-

666 1986 901 2041 fructum
949 1985 1252 2056 percipient
1297 1984 1644 2055 sempiterna:
1690 1982 1834 2035 vitae.
1891 1978 1956 2032 Et
2004 1979 2121 2034 haec
2169 1985 2255 2033 est

663 2078 1115 2149 evangelistarum
1146 2076 1297 2131 varia
1326 2076 1717 2131 sententiarum
1757 2072 2057 2137 eontextio,
2106 2071 2255 2124 varia

666 2169 957 2224 verborum
984 2168 1362 2233 commutatio,
1390 2175 1445 2222 et
1474 2165 1731 2220 nonnulla
1775 2162 2043 2217 factorum
2090 2161 2255 2215 inter-

666 2259 889 2331 positio,
913 2269 969 2313 et
998 2259 1152 2329 quasi
1183 2259 1451 2328 quietiam,
1504 2258 1556 2312 in
1609 2254 1933 2326 quihusdam
1966 2252 2124 2318 locis,
2174 2268 2259 2325 re;

669 2350 934 2406 cordatio.
962 2349 1098 2418 Quia
1122 2351 1271 2403 varia
1298 2346 1585 2403 conﬁcitur
1606 2348 1773 2402 vestis
1790 2345 1958 2418 696
1977 2344 2179 2400 Christi
2203 2345 2257 2399 in

667 2442 979 2514 Evangelio,
1008 2450 1062 2498 et
1086 2442 1396 2513 depingitur
1426 2442 1630 2496 caelesti
1664 2449 1900 2505 textura,
1956 2452 2167 2495 necnon
2204 2447 2260 2493 et

668 2534 949 2606 multiplici
981 2536 1375 2592 sententiarum
1403 2533 1779 2605 intelligentia,
1824 2541 1986 2603 atque
2033 2539 2261 2586 ornatur

666 2628 820 2699 quasi
846 2643 1182 2699 gemmarum
1216 2626 1472 2698 insignita
1508 2624 2031 2696 pretiosissimarum
2060 2619 2258 2690 lapidi-

668 2719 790 2783 bus,
848 2720 921 2774 ita
953 2728 1014 2776 ut
1046 2727 1300 2775 contexta
1347 2718 1581 2788 desuper
1619 2717 1865 2771 videatur
1920 2729 2020 2786 per
2058 2721 2258 2776 totum,

668 2802 813 2884 quod
838 2828 944 2867 una
973 2812 1045 2867 sit
1076 2811 1256 2867 tunica
1289 2801 1575 2866 de'vellere
1603 2809 1827 2876 Christi,
1866 2823 1987 2879 qua:
2039 2808 2264 2862 decora-

672 2913 759 2959 tur
785 2903 1017 2959 diversis
1046 2915 1212 2973 atque
1232 2901 1535 2956 innumeris
1561 2901 1823 2955 virtutum
1869 2909 1924 2954 et
1969 2895 2261 2953 miraculo-

672 3010 790 3049 rum
818 2991 1058 3048 ﬁoribus.
1086 2992 1252 3062 Cujus
1273 2992 1328 3047 in
1351 2993 1551 3062 specie,
1580 2991 1708 3062 quid
1732 2991 1968 3060 primum
1998 2985 2263 3043 admirari

672 3083 896 3148 debeas,
921 3082 1153 3155 diligens
1189 3082 1381 3149 lector,
1408 3082 1492 3136 vix
1516 3082 1778 3136 invenies.
1803 3079 1871 3136 Et
1905 3080 2027 3135 ideo
2077 3078 2259 3148 longe,

674 3187 733 3231 ut
759 3193 921 3247 supra
941 3175 1053 3246 jam
1084 3177 1219 3242 dixi,
1248 3191 1352 3231 non
1401 3174 1641 3248 syllabae,
1673 3191 1778 3228 non
1826 3173 2136 3236 verborum,
2178 3166 2267 3227 vel

674 3243 1062 3324 sententiarum
1096 3268 1202 3322 ulla
1226 3243 1546 3339 compositio
1569 3267 1621 3320 in
1646 3263 1960 3334 Evangelio,
1982 3262 2067 3317 vel
2093 3262 2263 3317 dicto-
2291 3243 2337 3307 (ἶ

673 3379 791 3417 rum
818 3359 922 3416 ulla
955 3354 1281 3432 permutatio
1304 3360 1357 3415 in
1396 3358 1627 3413 transitu
1646 3356 1878 3425 legenda
1902 3363 2015 3420 est;
2043 3355 2169 3424 quia
2205 3354 2264 3409 in

675 3455 760 3510 his
785 3452 920 3508 nihil
955 3460 1110 3507 vacat
1135 3469 1165 3505 a
1197 3451 1478 3523 mysterio,
1502 3449 1597 3503 sed
1617 3446 1801 3501 omnia
1833 3445 1989 3516 plena
2024 3452 2149 3500 sunt
2176 3454 2266 3498 sa-

676 3546 989 3603 cramentis.
1048 3542 1285 3598 Maxime
1338 3543 1391 3596 in
1439 3542 1542 3595 bac
1593 3538 2095 3601 transformatione,
2146 3549 2267 3606 quae

672 3638 813 3693 facta
832 3645 915 3691 cst
943 3637 996 3691 in
1030 3643 1210 3690 monte
1237 3641 1451 3697 sancto,
1480 3632 1572 3687 ubi
1597 3639 1710 3684 tres
1739 3636 1946 3683 tantum
1974 3634 2124 3690 sunt,
2172 3623 2267 3695 qui

673 3729 921 3784 viderent
962 3726 1120 3783 electi
1162 3724 1435 3795 discipuli,
1482 3723 1622 3789 Quia
1662 3722 1719 3775 in
1774 3737 1863 3774 ore
1910 3720 2137 3772 duorum
2194 3716 2269 3771 vel

676 3824 839 3877 trium
878 3822 1109 3885 testium,
1132 3830 1233 3873 stat
1278 3835 1431 3874 autne
1460 3816 1671 3871 verbum
1716 3813 1938 3886 (Matth.
1961 3827 2118 3875 xvm,
2153 3808 2266 3881 l6).

678 3911 746 3967 Et
774 3913 881 3964 duo
928 3925 992 3963 ex
1023 3906 1275 3964 erunibus
1320 3906 1645 3978 patriarcltis
1689 3903 1978 3974 eliguntur,
2022 3901 2270 3971 quicum

680 4001 906 4057 Domino
935 4000 1004 4055 ab
1032 4000 1237 4053 eisdem
1266 3998 1437 4052 tribus
1462 3997 1752 4051 videantur
1795 3994 1848 4048 in
1880 3991 2268 4048 testiumium.

679 4095 919 4162 Quorum
976 4103 1204 4162 uterque
1258 4104 1516 4145 numerus
1548 4096 1611 4143 'et
1657 4087 1852 4143 electio
1892 4096 2272 4155 personarum,

677 4201 934 4255 magnum
969 4192 1052 4238 est
1096 4170 1448 4239 exhibitionis
1477 4188 1901 4236 sacramentum.
1932 4176 2068 4232 Tres
2104 4176 2275 4246 siqui-

658 4282 825 4345 ‘dem,
858 4280 923 4335 de
953 4279 1148 4349 quibus
1188 4276 1301 4349 jam
1329 4276 1583 4340 diximus,
1612 4274 1686 4328 ob
1709 4273 1811 4327 hoc
1834 4272 1999 4327 etiam
2028 4269 2276 4326 fortassis

680 4382 1052 4437 assumuntur,
1084 4373 1209 4441 quia
1248 4384 1409 4425 nemo
1438 4376 1616 4439 potest
1657 4365 2068 4422 resurrectiOnis
2092 4363 2277 4419 videre

681 4463 928 4535 gloriam,
960 4462 1060 4517 nisi
1091 4461 1183 4532 qui
1213 4460 1479 4531 integrum
1510 4458 1827 4529 mysterium
1854 4454 2163 4520 Trinitatis,
2194 4454 2278 4508 in-

683 4565 936 4627 corrupta
990 4554 1110 4609 fidei
1162 4553 1480 4608 sinceritate
1531 4551 1852 4616 servaverit,
1908 4566 1974 4605 ex
2024 4550 2276 4606 omnibus

684 4647 858 4701 tribus
890 4647 1131 4715 partibus
1151 4645 1343 4700 'muudi
1374 4645 1427 4700 in
1455 4645 1556 4700 hoc
1603 4643 1829 4714 collegio
1858 4641 1979 4697 ﬁdei
2009 4657 2272 4714 aggrega-

684 4746 791 4793 tus.
832 4736 1072 4804 Quorum
1128 4737 1358 4807 primus,
1416 4750 1517 4791 nec
1554 4736 1824 4791 immerito
1878 4734 2089 4801 Petrus,
2136 4750 2275 4804 quo-

685 4831 829 4886 niam
862 4832 974 4901 ipse
998 4832 1144 4902 prior
1160 4829 1341 4885 claves
1362 4829 1510 4900 regni
1533 4829 1793 4885 caelorum
1819 4828 2057 4899 accepit;
2082 4827 2278 4883 deinde

685 4936 763 4980 est
791 4923 1027 4979 Joannes
1050 4923 1136 4978 cui
1170 4932 1339 4977 mater
1362 4919 1523 4992 Virgo
1551 4922 1930 4987 committitur,
1959 4922 2028 4974 ob
2054 4920 2275 4990 privile-

686 5019 830 5090 gium
878 5016 1243 5087 virginitatis;
1280 5014 1511 5069 .lat'obus
1553 5028 1768 5086 quoque
1820 5014 1910 5084 qui
1960 5014 2165 5083 primus
2210 5027 2277 5065 ex

688 5110 913 5179 collegio
933 5108 1300 5179 apostolorum
1327 5106 1518 5161 solium
1548 5105 1883 5161 sacerdotale
1910 5103 2130 5174 proprio
2157 5117 2279 5171 pur-

689 5213 914 5271 puratus
968 5201 1249 5270 sanguine,
1303 5208 1357 5253 ct
1406 5197 1689 5253 dealbatus
1738 5199 1790 5251 in
1839 5196 2058 5250 Christo
2106 5195 2281 5249 victor

690 5294 953 5349 ascendit.
1002 5290 1109 5348 Pro
1156 5292 1355 5347 talibus
1405 5291 1568 5359 igitur
1617 5298 1674 5345 et
1723 5288 2028 5359 hujusmodi
2075 5286 2277 5351 causis,

690 5398 828 5455 quas
874 5399 1034 5455 supra
1078 5384 1263 5455 paucis
1312 5381 1644 5444 enumeravi,
1673 5381 1727 5434 hi
1772 5389 1883 5435 tres
1927 5380 1993 5432 ad
2022 5378 2276 5432 sublimia

690 5476 983 5540 ducuntur,
1007 5475 1261 5544 quoniam
1290 5482 1346 5527 et
1371 5473 1472 5543 ipsi
1492 5471 1602 5541 jam
1624 5486 1787 5542 supra
1816 5470 2072 5525 mundum
2096 5477 2275 5536 erant,

693 5576 753 5622 ut
778 5567 1027 5622 viderent
1061 5566 1359 5630 Christum,
1409 5580 1517 5619 non
1574 5564 1627 5617 in
1661 5562 1835 5618 forma
1885 5561 2047 5623 servi,
2082 5561 2177 5615 sed
2224 5560 2277 5614 in

696 5660 867 5715 forma
884 5659 1147 5714 claritatis
1160 5652 1288 5725 'Dei,
1314 5658 1570 5729 quoniam
1597 5657 1686 5727 qui
1718 5658 1967 5712 deorsum
1995 5663 2141 5719 sunt,
2169 5668 2280 5709 non

696 5742 923 5825 possunt
944 5767 1066 5807 eum
1086 5753 1271 5807 videre
1300 5753 1353 5806 in
1382 5750 1556 5808 forma
1579 5751 1696 5816 Dei,
1724 5752 1817 5807 sed
1840 5751 1899 5804 in
1920 5748 2092 5806 forma
2114 5749 2276 5804 servi.

656 5838 989 5915 'PrOpterca
1019 5852 1071 5899 et
1110 5844 1221 5913 ipse
1266 5843 1573 5913 unicuique,
1618 5843 1909 5899 secundum
1954 5842 2094 5913 quod
2136 5844 2282 5901 videt

2361 1978 2613 2033 formatio
2652 1978 2829 2044 ﬁeret,
2882 1977 2973 2032 ubi
3016 1976 3243 2032 altitudo
3274 1974 3464 2045 iudicii
3506 1973 3797 2045 ﬁguraretur,
3827 1980 3863 2025 et

2358 2068 2743 2140 contemplatio
2784 2068 3030 2123 veritatis
3078 2075 3387 2139 appareret.
3448 2066 3696 2135 Quaeritur
3735 2075 3862 2119 tamen

2360 2164 2465 2219 ista
2499 2162 2901 2218 transformatio
2929 2160 3105 2232 qualis
3149 2161 3237 2226 sit,
3290 2168 3471 2214 utrum
3516 2159 3760 2231 pristinam
3792 2155 3864 2209 ior-

2362 2272 2504 2310 mam
2551 2254 2797 2310 amiserit
2830 2261 2885 2310 et
2935 2254 3216 2309 veritatem
3269 2252 3551 2323 corporis,
3592 2254 3652 2305 ab
3688 2247 3863 2320 spiritale

2363 2362 2559 2417 corpus
2585 2344 2745 2400 fuerit
2772 2345 2915 2416 quod
2951 2345 3221 2416 apparuit,
3249 2344 3336 2399 vel
3378 2343 3609 2400 acrium?
3630 2342 3753 2408 Quod
3776 2354 3864 2393 neu-

2364 2452 2506 2497 trutn
2546 2443 2739 2497 horum
2771 2441 2957 2505 credo,
2996 2448 3057 2494 ut
3095 2448 3187 2493 aut
3230 2438 3521 2509 pristinam
3550 2434 3756 2506 corporis
3791 2430 3864 2485 for.

2365 2551 2507 2590 mam
2556 2551 2651 2590 seu
2684 2534 2879 2589 faciem
2915 2533 3229 2604 perdiderit,
3274 2540 3372 2586 aut
3416 2532 3610 2585 aerium
3636 2542 3791 2598 corpus
3809 2522 3863 2577 ιεΙ

2363 2628 2605 2699 spiritale
2644 2629 2709 2683 ad
2744 2641 2982 2698 praesens
3021 2626 3151 2681 illud
3190 2628 3620 2682 commutaverit.
3660 2620 3746 2679 Sed
3774 2636 3863 2691 quo-

2366 2722 2527 2778 modo
2558 2719 2973 2775 transformatus
3000 2719 3089 2785 sit,
3122 2719 3472 2789 Evangeliéta
3512 2720 3792 2774 demonstrat
3808 2712 3861 2764 di-

2366 2827 2516 2877 cens,
2554 2812 2678 2881 quia
2729 2810 3067 2882 Resplenduit
3108 2810 3272 2880 facies
3315 2812 3430 2881 ejus
3470 2811 3592 2865 sicut
3626 2805 3721 2871 sol,
3759 2803 3861 2859 resti-

2367 2914 2543 2959 menta
2570 2912 2747 2957 autem
2773 2902 2887 2972 ejus
2915 2902 3056 2971 facta
3081 2911 3203 2955 sunt
3232 2899 3361 2956 alba
3383 2902 3515 2956 sicut
3536 2900 3634 2954 nix.
3656 2894 3749 2952 Non
3767 2896 3862 2949 enim

2367 3008 2435 3053 ex
2460 2996 2546 3050 his
2569 2994 2749 3050 verbis
2779 2993 2922 3048 aliud
2948 2992 3296 3064 prtedicatur,
3331 3007 3492 3062 quam
3523 2990 3737 3062 Splendor
3757 2980 3863 3038 faciei

2367 3091 2486 3162 ejus
2512 3101 2567 3144 et
2599 3090 2803 3143 candor
2833 3086 3309 3142 vestimentorum.
3358 3086 3556 3141 idcirco
3580 3082 3661 3138 ubi
3686 3077 3864 3149 splendor

2370 3182 2674 3240 ostenditur
2708 3183 2861 3238 faciei
2907 3191 2961 3237 et
2985 3183 3187 3237 candor
3213 3181 3540 3237 describitur
3566 3174 3771 3240 vestium,
3795 3180 3863 3226 uua

2369 3276 2673 3334 substantia
2701 3278 2997 3348 denegatur
3016 3286 3112 3331 aut
3146 3274 3379 3343 tollitur,
3407 3272 3497 3331 sed
3519 3274 3671 3347 gloria
3696 3279 3737 3324 et
3756 3265 3865 3323 clari-

2370 3377 2454 3424 tas
2479 3369 2911 3435 commendatur,
2953 3378 3205 3440 augetur,
3228 3374 3365 3437 ‘quse
3395 3366 3541 3422 fulsit
3573 3381 3630 3421 ac
3660 3364 3696 3418 si
3715 3362 3763 3415 de
3782 3358 3863 3411 the.

2370 3459 2546 3515 sauris
2572 3458 2666 3513 Dei
2692 3475 2705 3523 ;
2729 3458 2802 3513 ita
2826 3467 2886 3512 ut
2919 3469 2972 3514 et
3006 3459 3210 3515 veritas
3238 3470 3356 3516 non
3399 3458 3764 3515 subtraheretur
3784 3461 3864 3503 cor-

2372 3550 2539 3621 poris,
2568 3558 2621 3603 et
2659 3549 2827 3619 gloria
2855 3563 2975 3618 quae
3003 3547 3180 3603 futura
3208 3559 3336 3604 erat
3366 3550 3422 3604 in
3454 3549 3670 3610 Christo,
3701 3556 3781 3599 non
3802 3551 3862 3592 ee-

2365 3643 2595 3697 laretur.
2638 3640 2789 3696 Unde
2836 3640 3004 3712 liquet
3053 3638 3199 3711 quod
3242 3642 3490 3707 claritas,
3535 3650 3643 3711 quae
3676 3635 3779 3691 loris
3804 3642 3866 3700 per

2373 3735 2692 3789 vestimenta
2735 3730 2934 3786 Christi
2978 3733 3241 3798 manavit,
3294 3734 3366 3789 ab
3420 3730 3507 3788 illa
3545 3731 3648 3800 ejus
3684 3721 3866 3781 interiore

2375 3825 2492 3881 luce
2529 3824 2818 3894 processit,
2846 3839 3008 3892 quam
3050 3823 3227 3878 nullus
3263 3825 3489 3879 humani
3528 3821 3715 3895 generis
3734 3826 3867 3882 corpo-

2370 3934 2501 3975 reus
2522 3917 2710 3973 oculus
2744 3916 3165 3987 potestintueri,
3196 3917 3346 3974 sicut
3373 3919 3622 3989 scriptum
3648 3922 3735 3974 est.
3756 3908 3867 3961 De“

2376 4027 2525 4064 nemo
2547 4011 2673 4064 vidit
2698 4020 2929 4080 unquam
2961 4009 3011 4078 (1
3028 4009 3191 4065 Joan.
3220 4022 3297 4076 tv,
3333 4012 3444 4083 l2).
3475 4010 3616 4067 Unde
3644 4008 3711 4061 sic
3730 4012 3870 4066 ιοιιίρι⁸⁴

2377 4102 2516 4156 ravit
2549 4101 2729 4156 divina
2780 4100 3033 4170 maiestas
3060 4100 3222 4171 hujus
3266 4103 3496 4159 visionis
3524 4101 3742 4156 formam,
3764 4098 3805 4143 ut
3836 4091 3871 4137 el

2379 4193 2643 4249 mirabilis
2681 4202 2826 4249 esset
2864 4194 3000 4248 visio
3032 4208 3140 4263 qua
3189 4193 3450 4250 divinitas
3487 4190 3813 4263 praedicaretur
3838 4175 3872 4227 in

2372 4283 2616 4351 Christo,
2651 4295 2706 4340 et
2728 4286 3000 4341 humanus
3025 4300 3143 4339 eam
3178 4285 3499 4341 mortalium
3526 4283 3657 4338 ferre
3674 4273 3804 4348 possit
3823 4266 3873 4318 ri-

2380 4392 2491 4434 sus.
2523 4377 2631 4433 Sed
2654 4377 2819 4432 altera
2848 4376 2951 4432 fuit
2977 4378 3147 4447 ﬁgura
3177 4377 3231 4432 in
3258 4378 3525 4443 vestibus,
3562 4375 3706 4429 altera
3730 4360 3875 4435 species

2381 4469 2434 4524 in
2464 4469 2637 4533 vultu,
2668 4479 2898 4538 utraque
2936 4482 3122 4525 tamen
3153 4471 3442 4527 mirabilis.
3478 4470 3616 4533 Ideo,
3642 4459 3777 4530 utqui
3797 4456 3875 4509 erat

2383 4561 2435 4615 in
2477 4576 2643 4615 carne
2687 4562 3036 4631 conspicuus,
3081 4562 3261 4617 subito
3299 4572 3579 4633 appareret
3619 4568 3770 4613 coram
3800 4541 3877 4599 δαῖε

2384 4667 2663 4708 coruscus.
2700 4653 2805 4708 Sed
2832 4668 2941 4709 non
2976 4655 3249 4709 immerito
3280 4657 3563 4725 quaeritur,
3594 4663 3699 4705 cum
3723 4645 3774 4696 de
3796 4650 3879 4692 sm-

2385 4745 2489 4799 ctis
2524 4744 2782 4814 scriptum
2826 4747 3154 4811 noverimus,
3184 4748 3329 4815 quod
3366 4747 3509 4801 Tunc
3536 4742 3660 4813 justi
3687 4732 3879 4808 [Μίθρην

2384 4839 2519 4892 sicut
2547 4836 2627 4891 sol
2672 4840 2726 4893 in
2768 4839 2953 4893 virtute
2989 4855 3085 4893 sua
3116 4837 3333 4909 (Matth.
3363 4855 3485 4903 xm,
3510 4837 3617 4908 43),
3645 4835 3688 4886 in
3720 4830 3879 4909 regit"?

2384 4927 2563 4982 Patris
2602 4944 2813 4993 eorum,
2846 4944 2942 4983 cur
2963 4930 3066 4984 hoc
3086 4928 3207 4984 loco
3234 4929 3403 4985 facies
3425 4906 3615 4983 Christi
3645 4921 3750 4977 solis
3773 4906 3882 4967 clari—

2389 5023 2482 5075 tati
2517 5031 2663 5076 rccte
2690 5024 3070 5092 comparetur?
3101 5024 3351 5094 Nunquid
3390 5025 3552 5095 igitur
3572 5028 3747 5074 tantum
3773 4999 3883 5059 rimi“

2387 5121 2553 5167 tatem
2578 5112 2743 5183 (quod
2774 5115 2925 5168 nefas
2946 5124 3031 5169 est
3058 5116 3302 5187 credere)
3334 5117 3387 5170 in
3413 5129 3575 5187 regno
3596 5106 3748 5165 Patris
3767 5098 3882 5187 inde:

2383 5201 2519 5256 bunt
2548 5179 2744 5268 sancti,
2783 5212 3038 5273 quantum
3064 5206 3111 5260 is
3141 5208 3231 5275 qui
3268 5179 3321 5260 in
3366 5222 3427 5261 se
3471 5179 3585 5258 illos
3610 5179 3884 5269 justiiieulut?

2383 5295 2519 5364 Quis
2566 5314 2697 5369 ergo
2742 5300 2843 5355 hoc
2886 5300 2991 5355 nisi
3041 5302 3328 5358 haereticus
3359 5297 3587 5357 dixerit?
3622 5290 3885 5361 Quame

2381 5390 2549 5462 698
2578 5393 2705 5475 quia
2734 5394 2971 5448 divinum
2997 5403 3079 5450 est
3104 5406 3159 5451 et
3186 5395 3456 5460 mirabile,
3487 5390 3689 5463 quodin
3726 5383 3882 5475 dispen'

2388 5485 2597 5539 satione
2624 5466 2813 5539 salutis
2860 5487 3111 5541 humanae
3148 5487 3346 5557 agitur,
3398 5485 3597 5541 idcirco
3634 5466 3884 5533 credendum

2387 5579 2529 5648 quod
2556 5594 2659 5633 non
2700 5580 2905 5650 absque
2940 5596 3137 5652 magno
3180 5582 3505 5637 documento
3537 5577 3612 5632 sic
3636 5562 3883 5652 ostenditur-

2386 5668 2541 5735 Quod
2566 5669 2696 5723 mihi
2722 5669 2936 5725 videtur
2964 5671 3103 5726 inter
3126 5682 3323 5729 caetera
3348 5680 3577 5741 quatuor
3593 5680 3653 5721 ex
3673 5654 3815 5717 causis
3832 5644 3885 5700 τι·

2389 5768 2535 5813 ctum
2558 5758 2763 5826 fuisse;
2796 5761 3067 5829 videlicet,
3099 5762 3180 5820 vel
3205 5765 3329 5834 quia
3350 5763 3524 5818 adhuc
3552 5748 3766 5813 mortalis
3786 5744 3883 5834 cf“,

2392 5860 2445 5907 et
2487 5852 2600 5925 ipsa
2631 5853 2813 5911 carnis
2846 5855 3147 5914 mortalitas
3178 5831 3474 5915 claritatem
3507 5841 3767 5910 ditini'lﬂil
3786 5831 3881 5906 θέων
