  <div class='ocr_page' id='page_1' title='image "/cluster/home/n/w/nwhite01/storage/ocr_20150623/120/hvd.32044015466923/296.png"; bbox 0 0 4008 6354; ppageno 0'>
   <div class='ocr_carea' id='block_1_1' title="bbox 219 392 1787 461">
    <p class='ocr_par' dir='ltr' id='par_1_1' title="bbox 219 394 1787 461">
     <span class='ocr_line' id='line_1_1' title="bbox 219 394 1787 461; baseline -0.007 0"><span class='ocrx_word' id='word_1_1' title='bbox 219 402 291 461; x_wconf 60' lang='grc'><strong>31</strong></span> <span class='ocrx_word' id='word_1_2' title='bbox 953 397 1318 455; x_wconf 79' lang='lat' dir='ltr'><strong>EXPOSITIO</strong></span> <span class='ocrx_word' id='word_1_3' title='bbox 1352 396 1419 453; x_wconf 82' lang='grc' dir='ltr'><strong>ΙΝ</strong></span> <span class='ocrx_word' id='word_1_4' title='bbox 1460 394 1787 452; x_wconf 53' lang='grc' dir='ltr'><strong>ΜΔΤἸῊᾸΞ1</strong></span> 
     </span>
    </p>
   </div>
   <div class='ocr_carea' id='block_1_2' title="bbox 1892 392 2745 461">
    <p class='ocr_par' dir='ltr' id='par_1_2' title="bbox 1892 392 2745 461">
     <span class='ocr_line' id='line_1_2' title="bbox 1892 392 2745 461; baseline -0.001 -13"><span class='ocrx_word' id='word_1_5' title='bbox 1892 433 1902 448; x_wconf 96' lang='grc'><em>.</em></span> <span class='ocrx_word' id='word_1_6' title='bbox 1942 422 2013 435; x_wconf 93' lang='lat'><strong>-</strong></span> <span class='ocrx_word' id='word_1_7' title='bbox 2049 393 2179 450; x_wconf 78' lang='lat' dir='ltr'><strong>LIB.</strong></span> <span class='ocrx_word' id='word_1_8' title='bbox 2222 393 2359 461; x_wconf 79' lang='lat' dir='ltr'>VIII,</span> <span class='ocrx_word' id='word_1_9' title='bbox 2392 393 2543 450; x_wconf 84' lang='lat' dir='ltr'><strong>CAP.</strong></span> <span class='ocrx_word' id='word_1_10' title='bbox 2586 392 2745 449; x_wconf 75' lang='lat' dir='ltr'><strong>XVII.</strong></span> 
     </span>
    </p>
   </div>
   <div class='ocr_carea' id='block_1_3' title="bbox 3355 397 3465 456">
    <p class='ocr_par' dir='ltr' id='par_1_3' title="bbox 3355 397 3465 456">
     <span class='ocr_line' id='line_1_3' title="bbox 3355 397 3465 456; baseline 0 -2"><span class='ocrx_word' id='word_1_11' title='bbox 3355 397 3465 456; x_wconf 72' lang='lat'><strong>582</strong></span> 
     </span>
    </p>
   </div>
   <div class='ocr_carea' id='block_1_4' title="bbox 209 503 3462 593">
    <p class='ocr_par' dir='ltr' id='par_1_4' title="bbox 209 503 3462 593">
     <span class='ocr_line' id='line_1_4' title="bbox 209 503 3462 593; baseline -0.002 -20"><span class='ocrx_word' id='word_1_12' title='bbox 209 522 406 579; x_wconf 79' lang='lat' dir='ltr'><strong>utet&#39;at,</strong></span> <span class='ocrx_word' id='word_1_13' title='bbox 439 511 732 567; x_wconf 85' lang='lat' dir='ltr'><strong>ostendere</strong></span> <span class='ocrx_word' id='word_1_14' title='bbox 765 525 872 565; x_wconf 89' lang='lat' dir='ltr'><strong>non</strong></span> <span class='ocrx_word' id='word_1_15' title='bbox 902 509 1137 575; x_wconf 89' lang='lat' dir='ltr'><strong>sinebat,</strong></span> <span class='ocrx_word' id='word_1_16' title='bbox 1167 509 1247 563; x_wconf 98' lang='lat' dir='ltr'><strong>vel</strong></span> <span class='ocrx_word' id='word_1_17' title='bbox 1275 509 1402 593; x_wconf 77' lang='lat' dir='ltr'><strong>quia</strong></span> <span class='ocrx_word' id='word_1_18' title='bbox 1438 519 1564 564; x_wconf 87' lang='lat' dir='ltr'><strong>ante</strong></span> <span class='ocrx_word' id='word_1_19' title='bbox 1591 508 1776 563; x_wconf 91' lang='lat' dir='ltr'><strong>viden-</strong></span> <span class='ocrx_word' id='word_1_20' title='bbox 1804 515 1857 575; x_wconf 73' lang='grc' dir='ltr'>Α</span> <span class='ocrx_word' id='word_1_21' title='bbox 1882 504 1947 559; x_wconf 89' lang='lat' dir='ltr'><strong>Iis</strong></span> <span class='ocrx_word' id='word_1_22' title='bbox 1977 512 2263 574; x_wconf 88' lang='lat' dir='ltr'><strong>tantusque</strong></span> <span class='ocrx_word' id='word_1_23' title='bbox 2290 520 2396 558; x_wconf 91' lang='lat' dir='ltr'><strong>non</strong></span> <span class='ocrx_word' id='word_1_24' title='bbox 2437 504 2562 558; x_wconf 83' lang='lat' dir='ltr'><strong>alibi</strong></span> <span class='ocrx_word' id='word_1_25' title='bbox 2593 519 2755 573; x_wconf 86' lang='lat' dir='ltr'><strong>quam</strong></span> <span class='ocrx_word' id='word_1_26' title='bbox 2797 503 2851 558; x_wconf 91' lang='lat' dir='ltr'><strong>in</strong></span> <span class='ocrx_word' id='word_1_27' title='bbox 2881 512 3065 559; x_wconf 92' lang='lat' dir='ltr'><strong>monte</strong></span> <span class='ocrx_word' id='word_1_28' title='bbox 3090 506 3310 563; x_wconf 73' lang='lat' dir='ltr'><strong>excelso</strong></span> <span class='ocrx_word' id='word_1_29' title='bbox 3335 524 3462 565; x_wconf 87' lang='lat' dir='ltr'><strong>con-</strong></span> 
     </span>
    </p>
   </div>
   <div class='ocr_carea' id='block_1_5' title="bbox 204 600 1777 673">
    <p class='ocr_par' dir='ltr' id='par_1_5' title="bbox 204 600 1777 673">
     <span class='ocr_line' id='line_1_5' title="bbox 204 600 1777 673; baseline -0.004 -12"><span class='ocrx_word' id='word_1_30' title='bbox 204 610 319 666; x_wconf 83' lang='lat' dir='ltr'><strong>u‘um</strong></span> <span class='ocrx_word' id='word_1_31' title='bbox 366 604 581 669; x_wconf 89' lang='lat' dir='ltr'><strong>oculos,</strong></span> <span class='ocrx_word' id='word_1_32' title='bbox 619 612 677 659; x_wconf 91' lang='lat' dir='ltr'><strong>ut</strong></span> <span class='ocrx_word' id='word_1_33' title='bbox 726 603 923 659; x_wconf 89' lang='lat' dir='ltr'><strong>intueri</strong></span> <span class='ocrx_word' id='word_1_34' title='bbox 972 612 1158 672; x_wconf 86' lang='lat' dir='ltr'><strong>posset</strong></span> <span class='ocrx_word' id='word_1_35' title='bbox 1208 604 1381 672; x_wconf 88' lang='lat' dir='ltr'><strong>ipsam</strong></span> <span class='ocrx_word' id='word_1_36' title='bbox 1424 601 1649 673; x_wconf 76' lang='lat' dir='ltr'><strong>fulgoris</strong></span> <span class='ocrx_word' id='word_1_37' title='bbox 1693 600 1777 656; x_wconf 89' lang='lat' dir='ltr'><strong>sui</strong></span> 
     </span>
    </p>
   </div>
   <div class='ocr_carea' id='block_1_6' title="bbox 197 693 1777 769">
    <p class='ocr_par' dir='ltr' id='par_1_6' title="bbox 197 693 1777 769">
     <span class='ocr_line' id='line_1_6' title="bbox 197 693 1777 769; baseline -0.006 -12"><span class='ocrx_word' id='word_1_38' title='bbox 197 698 640 769; x_wconf 81' lang='lat' dir='ltr'><strong>magnitudinem,</strong></span> <span class='ocrx_word' id='word_1_39' title='bbox 686 696 1049 766; x_wconf 73' lang='lat' dir='ltr'><strong>temperabat,</strong></span> <span class='ocrx_word' id='word_1_40' title='bbox 1098 710 1167 751; x_wconf 93' lang='lat' dir='ltr'><strong>ne</strong></span> <span class='ocrx_word' id='word_1_41' title='bbox 1218 695 1643 765; x_wconf 83' lang='lat' dir='ltr'><strong>septetnpliciter</strong></span> <span class='ocrx_word' id='word_1_42' title='bbox 1686 693 1777 747; x_wconf 78' lang='lat' dir='ltr'><strong>lux</strong></span> 
     </span>
    </p>
   </div>
   <div class='ocr_carea' id='block_1_7' title="bbox 194 776 1777 861">
    <p class='ocr_par' dir='ltr' id='par_1_7' title="bbox 194 776 1777 861">
     <span class='ocr_line' id='line_1_7' title="bbox 194 776 1777 861; baseline -0.006 -10"><span class='ocrx_word' id='word_1_43' title='bbox 194 793 311 851; x_wconf 83' lang='lat' dir='ltr'><strong>solis</strong></span> <span class='ocrx_word' id='word_1_44' title='bbox 345 793 403 847; x_wconf 88' lang='lat' dir='ltr'><strong>in</strong></span> <span class='ocrx_word' id='word_1_45' title='bbox 452 807 540 854; x_wconf 81' lang='lat' dir='ltr'><strong>eo,</strong></span> <span class='ocrx_word' id='word_1_46' title='bbox 585 806 752 861; x_wconf 85' lang='lat' dir='ltr'><strong>quam</strong></span> <span class='ocrx_word' id='word_1_47' title='bbox 796 776 941 844; x_wconf 88' lang='lat' dir='ltr'><strong>nunc</strong></span> <span class='ocrx_word' id='word_1_48' title='bbox 979 798 1082 852; x_wconf 88' lang='lat' dir='ltr'><strong>est,</strong></span> <span class='ocrx_word' id='word_1_49' title='bbox 1129 800 1434 860; x_wconf 78' lang='lat' dir='ltr'><strong>appareret.</strong></span> <span class='ocrx_word' id='word_1_50' title='bbox 1486 787 1580 844; x_wconf 79' lang='lat' dir='ltr'><strong>Vel</strong></span> <span class='ocrx_word' id='word_1_51' title='bbox 1610 789 1777 843; x_wconf 88' lang='lat' dir='ltr'><strong>etiam</strong></span> 
     </span>
    </p>
   </div>
   <div class='ocr_carea' id='block_1_8' title="bbox 193 881 1778 950">
    <p class='ocr_par' dir='ltr' id='par_1_8' title="bbox 193 881 1778 950">
     <span class='ocr_line' id='line_1_8' title="bbox 193 881 1778 950; baseline -0.004 -7"><span class='ocrx_word' id='word_1_52' title='bbox 193 894 234 943; x_wconf 84' lang='lat' dir='ltr'><strong>et</strong></span> <span class='ocrx_word' id='word_1_53' title='bbox 254 885 384 939; x_wconf 81' lang='lat' dir='ltr'><strong>ideo</strong></span> <span class='ocrx_word' id='word_1_54' title='bbox 411 883 505 937; x_wconf 76' lang='lat' dir='ltr'><strong>lux</strong></span> <span class='ocrx_word' id='word_1_55' title='bbox 537 883 804 937; x_wconf 70' lang='lat' dir='ltr'><strong>claritatis</strong></span> <span class='ocrx_word' id='word_1_56' title='bbox 832 881 952 950; x_wconf 90' lang='lat' dir='ltr'><strong>ejus</strong></span> <span class='ocrx_word' id='word_1_57' title='bbox 989 884 1070 937; x_wconf 90' lang='lat' dir='ltr'><strong>sic</strong></span> <span class='ocrx_word' id='word_1_58' title='bbox 1114 882 1425 937; x_wconf 48' lang='lat' dir='ltr'><strong>modificata</strong></span> <span class='ocrx_word' id='word_1_59' title='bbox 1454 884 1506 936; x_wconf 92' lang='lat' dir='ltr'><strong>in</strong></span> <span class='ocrx_word' id='word_1_60' title='bbox 1544 897 1610 937; x_wconf 93' lang='lat' dir='ltr'><strong>eo</strong></span> <span class='ocrx_word' id='word_1_61' title='bbox 1650 892 1778 937; x_wconf 91' lang='lat' dir='ltr'><strong>tunc</strong></span> 
     </span>
    </p>
   </div>
   <div class='ocr_carea' id='block_1_9' title="bbox 192 974 1775 1043">
    <p class='ocr_par' dir='ltr' id='par_1_9' title="bbox 192 974 1775 1043">
     <span class='ocr_line' id='line_1_9' title="bbox 192 974 1775 1043; baseline -0.002 -14"><span class='ocrx_word' id='word_1_62' title='bbox 192 986 279 1042; x_wconf 77' lang='lat' dir='ltr'><strong>est,</strong></span> <span class='ocrx_word' id='word_1_63' title='bbox 304 986 372 1031; x_wconf 88' lang='lat' dir='ltr'><strong>ut</strong></span> <span class='ocrx_word' id='word_1_64' title='bbox 394 975 629 1031; x_wconf 82' lang='lat' dir='ltr'><strong>formam</strong></span> <span class='ocrx_word' id='word_1_65' title='bbox 650 974 795 1029; x_wconf 84' lang='lat' dir='ltr'><strong>illam</strong></span> <span class='ocrx_word' id='word_1_66' title='bbox 816 974 1189 1029; x_wconf 88' lang='lat' dir='ltr'><strong>tantummodo</strong></span> <span class='ocrx_word' id='word_1_67' title='bbox 1207 974 1587 1043; x_wconf 62' lang='lat' dir='ltr'><strong>prattenderet,</strong></span> <span class='ocrx_word' id='word_1_68' title='bbox 1612 988 1775 1042; x_wconf 89' lang='lat' dir='ltr'><strong>quam</strong></span> 
     </span>
    </p>
   </div>
   <div class='ocr_carea' id='block_1_10' title="bbox 196 1067 1779 1140">
    <p class='ocr_par' dir='ltr' id='par_1_10' title="bbox 196 1067 1779 1140">
     <span class='ocr_line' id='line_1_10' title="bbox 196 1067 1779 1140; baseline -0.003 -14"><span class='ocrx_word' id='word_1_69' title='bbox 196 1075 234 1126; x_wconf 85' lang='lat' dir='ltr'><strong>in</strong></span> <span class='ocrx_word' id='word_1_70' title='bbox 265 1072 359 1125; x_wconf 75' lang='lat' dir='ltr'><strong>die</strong></span> <span class='ocrx_word' id='word_1_71' title='bbox 389 1068 586 1140; x_wconf 88' lang='lat' dir='ltr'><strong>judicii</strong></span> <span class='ocrx_word' id='word_1_72' title='bbox 619 1067 809 1122; x_wconf 82' lang='lat' dir='ltr'><strong>electis</strong></span> <span class='ocrx_word' id='word_1_73' title='bbox 834 1077 889 1122; x_wconf 92' lang='lat' dir='ltr'><strong>et</strong></span> <span class='ocrx_word' id='word_1_74' title='bbox 916 1068 1163 1138; x_wconf 84' lang='lat' dir='ltr'><strong>reprobis</strong></span> <span class='ocrx_word' id='word_1_75' title='bbox 1189 1075 1535 1121; x_wconf 85' lang='lat' dir='ltr'><strong>ostensurum</strong></span> <span class='ocrx_word' id='word_1_76' title='bbox 1574 1082 1635 1121; x_wconf 89' lang='lat' dir='ltr'><strong>se</strong></span> <span class='ocrx_word' id='word_1_77' title='bbox 1657 1082 1779 1121; x_wconf 85' lang='lat' dir='ltr'><strong>esse</strong></span> 
     </span>
    </p>
   </div>
   <div class='ocr_carea' id='block_1_11' title="bbox 197 1158 1773 1235">
    <p class='ocr_par' dir='ltr' id='par_1_11' title="bbox 197 1158 1773 1235">
     <span class='ocr_line' id='line_1_11' title="bbox 197 1158 1773 1235; baseline -0.004 -17"><span class='ocrx_word' id='word_1_78' title='bbox 197 1164 528 1235; x_wconf 55' lang='lat' dir='ltr'><strong>Nesciebat.</strong></span> <span class='ocrx_word' id='word_1_79' title='bbox 559 1161 626 1215; x_wconf 87' lang='lat' dir='ltr'><strong>Et</strong></span> <span class='ocrx_word' id='word_1_80' title='bbox 656 1169 711 1215; x_wconf 90' lang='lat' dir='ltr'><strong>ut</strong></span> <span class='ocrx_word' id='word_1_81' title='bbox 736 1159 968 1229; x_wconf 79' lang='lat' dir='ltr'><strong>amplius</strong></span> <span class='ocrx_word' id='word_1_82' title='bbox 1008 1160 1199 1229; x_wconf 89' lang='lat' dir='ltr'><strong>loquar</strong></span> <span class='ocrx_word' id='word_1_83' title='bbox 1228 1168 1391 1228; x_wconf 85' lang='lat' dir='ltr'><strong>atque</strong></span> <span class='ocrx_word' id='word_1_84' title='bbox 1415 1158 1773 1222; x_wconf 80' lang='lat' dir='ltr'><strong>commodius,</strong></span> 
     </span>
    </p>
   </div>
   <div class='ocr_carea' id='block_1_12' title="bbox 201 1252 1776 1327">
    <p class='ocr_par' dir='ltr' id='par_1_12' title="bbox 201 1252 1776 1327">
     <span class='ocr_line' id='line_1_12' title="bbox 201 1252 1776 1327; baseline -0.002 -19"><span class='ocrx_word' id='word_1_85' title='bbox 201 1259 349 1327; x_wconf 70' lang='lat' dir='ltr'><strong>ipsam</strong></span> <span class='ocrx_word' id='word_1_86' title='bbox 383 1254 615 1325; x_wconf 81' lang='lat' dir='ltr'><strong>liguram</strong></span> <span class='ocrx_word' id='word_1_87' title='bbox 635 1252 999 1307; x_wconf 79' lang='lat' dir='ltr'><strong>membrorum</strong></span> <span class='ocrx_word' id='word_1_88' title='bbox 1022 1267 1266 1317; x_wconf 89' lang='lat' dir='ltr'><strong>suorum,</strong></span> <span class='ocrx_word' id='word_1_89' title='bbox 1288 1252 1434 1322; x_wconf 88' lang='lat' dir='ltr'><strong>quali</strong></span> <span class='ocrx_word' id='word_1_90' title='bbox 1461 1261 1776 1322; x_wconf 81' lang='lat' dir='ltr'><strong>quantaque</strong></span> 
     </span>
    </p>
   </div>
   <div class='ocr_carea' id='block_1_13' title="bbox 204 1342 1778 1419">
    <p class='ocr_par' dir='ltr' id='par_1_13' title="bbox 204 1342 1778 1419">
     <span class='ocr_line' id='line_1_13' title="bbox 204 1342 1778 1419; baseline -0.003 -19"><span class='ocrx_word' id='word_1_91' title='bbox 204 1347 351 1419; x_wconf 79' lang='lat' dir='ltr'><strong>gloria</strong></span> <span class='ocrx_word' id='word_1_92' title='bbox 392 1346 446 1399; x_wconf 89' lang='lat' dir='ltr'><strong>in</strong></span> <span class='ocrx_word' id='word_1_93' title='bbox 489 1343 677 1398; x_wconf 82' lang='lat' dir='ltr'><strong>futuro</strong></span> <span class='ocrx_word' id='word_1_94' title='bbox 714 1344 815 1412; x_wconf 81' lang='lat' dir='ltr'><strong>ipsi</strong></span> <span class='ocrx_word' id='word_1_95' title='bbox 863 1342 1145 1413; x_wconf 85' lang='lat' dir='ltr'><strong>fulgebunt</strong></span> <span class='ocrx_word' id='word_1_96' title='bbox 1180 1344 1353 1397; x_wconf 83' lang='lat' dir='ltr'><strong>sancti</strong></span> <span class='ocrx_word' id='word_1_97' title='bbox 1392 1343 1445 1396; x_wconf 89' lang='lat' dir='ltr'><strong>itt</strong></span> <span class='ocrx_word' id='word_1_98' title='bbox 1477 1358 1575 1397; x_wconf 87' lang='lat' dir='ltr'><strong>sua</strong></span> <span class='ocrx_word' id='word_1_99' title='bbox 1621 1342 1778 1397; x_wconf 85' lang='lat' dir='ltr'><strong>clari-</strong></span> 
     </span>
    </p>
   </div>
   <div class='ocr_carea' id='block_1_14' title="bbox 207 1434 1777 1507">
    <p class='ocr_par' dir='ltr' id='par_1_14' title="bbox 207 1434 1777 1507">
     <span class='ocr_line' id='line_1_14' title="bbox 207 1434 1777 1507; baseline -0.004 -15"><span class='ocrx_word' id='word_1_100' title='bbox 207 1446 315 1502; x_wconf 81' lang='lat' dir='ltr'><strong>tate,</strong></span> <span class='ocrx_word' id='word_1_101' title='bbox 337 1438 452 1507; x_wconf 87' lang='lat' dir='ltr'><strong>jam</strong></span> <span class='ocrx_word' id='word_1_102' title='bbox 476 1435 949 1507; x_wconf 59' lang='lat' dir='ltr'><strong>monstrabat.</strong></span> <span class='ocrx_word' id='word_1_103' title='bbox 982 1434 1120 1500; x_wconf 92' lang='lat' dir='ltr'><strong>Quia</strong></span> <span class='ocrx_word' id='word_1_104' title='bbox 1147 1434 1237 1503; x_wconf 83' lang='lat' dir='ltr'><strong>qui</strong></span> <span class='ocrx_word' id='word_1_105' title='bbox 1261 1443 1405 1487; x_wconf 83' lang='lat' dir='ltr'><strong>vocat</strong></span> <span class='ocrx_word' id='word_1_106' title='bbox 1429 1449 1490 1486; x_wconf 90' lang='lat' dir='ltr'><strong>ea</strong></span> <span class='ocrx_word' id='word_1_107' title='bbox 1515 1449 1632 1503; x_wconf 73' lang='lat' dir='ltr'><strong>qua:</strong></span> <span class='ocrx_word' id='word_1_108' title='bbox 1671 1449 1777 1486; x_wconf 81' lang='lat' dir='ltr'><strong>non</strong></span> 
     </span>
    </p>
   </div>
   <div class='ocr_carea' id='block_1_15' title="bbox 207 1523 1773 1597">
    <p class='ocr_par' dir='ltr' id='par_1_15' title="bbox 207 1523 1773 1597">
     <span class='ocr_line' id='line_1_15' title="bbox 207 1523 1773 1597; baseline -0.003 -14"><span class='ocrx_word' id='word_1_109' title='bbox 207 1540 327 1591; x_wconf 72' lang='lat' dir='ltr'><strong>sunt,</strong></span> <span class='ocrx_word' id='word_1_110' title='bbox 356 1539 605 1597; x_wconf 70' lang='lat' dir='ltr'><strong>unquam</strong></span> <span class='ocrx_word' id='word_1_111' title='bbox 628 1543 692 1580; x_wconf 86' lang='lat' dir='ltr'><strong>ea</strong></span> <span class='ocrx_word' id='word_1_112' title='bbox 719 1542 837 1595; x_wconf 81' lang='lat' dir='ltr'><strong>qua:</strong></span> <span class='ocrx_word' id='word_1_113' title='bbox 865 1535 987 1580; x_wconf 81' lang='lat' dir='ltr'><strong>sunt</strong></span> <span class='ocrx_word' id='word_1_114' title='bbox 1018 1523 1192 1595; x_wconf 82' lang='lat' dir='ltr'><strong>(Rom.</strong></span> <span class='ocrx_word' id='word_1_115' title='bbox 1224 1541 1300 1590; x_wconf 90' lang='lat' dir='ltr'><strong>tv,</strong></span> <span class='ocrx_word' id='word_1_116' title='bbox 1328 1524 1440 1595; x_wconf 82' lang='lat' dir='ltr'><strong>l7),</strong></span> <span class='ocrx_word' id='word_1_117' title='bbox 1470 1524 1599 1581; x_wconf 88' lang='lat' dir='ltr'><strong>fecit</strong></span> <span class='ocrx_word' id='word_1_118' title='bbox 1625 1540 1689 1580; x_wconf 82' lang='lat' dir='ltr'><strong>ea</strong></span> <span class='ocrx_word' id='word_1_119' title='bbox 1719 1526 1773 1580; x_wconf 87' lang='lat' dir='ltr'><strong>in</strong></span> 
     </span>
    </p>
   </div>
   <div class='ocr_carea' id='block_1_16' title="bbox 210 1616 1778 1690">
    <p class='ocr_par' dir='ltr' id='par_1_16' title="bbox 210 1616 1778 1690">
     <span class='ocr_line' id='line_1_16' title="bbox 210 1616 1778 1690; baseline -0.003 -14"><span class='ocrx_word' id='word_1_120' title='bbox 210 1622 412 1677; x_wconf 82' lang='lat' dir='ltr'><strong>Christo</strong></span> <span class='ocrx_word' id='word_1_121' title='bbox 434 1634 712 1690; x_wconf 73' lang='lat' dir='ltr'><strong>apparere,</strong></span> <span class='ocrx_word' id='word_1_122' title='bbox 742 1634 864 1688; x_wconf 64' lang='lat' dir='ltr'><strong>qua:</strong></span> <span class='ocrx_word' id='word_1_123' title='bbox 892 1616 1129 1672; x_wconf 89' lang='lat' dir='ltr'><strong>nondum</strong></span> <span class='ocrx_word' id='word_1_124' title='bbox 1170 1626 1348 1681; x_wconf 86' lang='lat' dir='ltr'><strong>erant,</strong></span> <span class='ocrx_word' id='word_1_125' title='bbox 1377 1625 1438 1671; x_wconf 88' lang='lat' dir='ltr'><strong>ut</strong></span> <span class='ocrx_word' id='word_1_126' title='bbox 1464 1632 1535 1672; x_wconf 77' lang='lat' dir='ltr'><strong>ex</strong></span> <span class='ocrx_word' id='word_1_127' title='bbox 1562 1632 1628 1672; x_wconf 88' lang='lat' dir='ltr'><strong>eo</strong></span> <span class='ocrx_word' id='word_1_128' title='bbox 1659 1633 1778 1672; x_wconf 87' lang='lat' dir='ltr'><strong>cer-</strong></span> 
     </span>
    </p>
   </div>
   <div class='ocr_carea' id='block_1_17' title="bbox 215 1708 1776 1784">
    <p class='ocr_par' dir='ltr' id='par_1_17' title="bbox 215 1708 1776 1784">
     <span class='ocr_line' id='line_1_17' title="bbox 215 1708 1776 1784; baseline -0.002 -16"><span class='ocrx_word' id='word_1_129' title='bbox 215 1714 303 1768; x_wconf 84' lang='lat' dir='ltr'><strong>tius</strong></span> <span class='ocrx_word' id='word_1_130' title='bbox 329 1720 786 1784; x_wconf 85' lang='lat' dir='ltr'><strong>cognoscerentur</strong></span> <span class='ocrx_word' id='word_1_131' title='bbox 812 1725 879 1764; x_wconf 88' lang='lat' dir='ltr'><strong>ea</strong></span> <span class='ocrx_word' id='word_1_132' title='bbox 908 1724 1029 1779; x_wconf 60' lang='lat' dir='ltr'><strong>qua;</strong></span> <span class='ocrx_word' id='word_1_133' title='bbox 1070 1710 1185 1766; x_wconf 88' lang='lat' dir='ltr'><strong>visa</strong></span> <span class='ocrx_word' id='word_1_134' title='bbox 1228 1710 1438 1765; x_wconf 89' lang='lat' dir='ltr'><strong>suntin</strong></span> <span class='ocrx_word' id='word_1_135' title='bbox 1475 1724 1560 1773; x_wconf 86' lang='lat' dir='ltr'><strong>eo,</strong></span> <span class='ocrx_word' id='word_1_136' title='bbox 1603 1719 1661 1764; x_wconf 88' lang='lat' dir='ltr'><strong>et</strong></span> <span class='ocrx_word' id='word_1_137' title='bbox 1688 1708 1776 1765; x_wconf 90' lang='lat' dir='ltr'><strong>fu-</strong></span> 
     </span>
    </p>
   </div>
   <div class='ocr_carea' id='block_1_18' title="bbox 215 1800 1774 1875">
    <p class='ocr_par' dir='ltr' id='par_1_18' title="bbox 215 1800 1774 1875">
     <span class='ocr_line' id='line_1_18' title="bbox 215 1800 1774 1875; baseline -0.002 -16"><span class='ocrx_word' id='word_1_138' title='bbox 215 1814 310 1859; x_wconf 89' lang='lat' dir='ltr'><strong>tura</strong></span> <span class='ocrx_word' id='word_1_139' title='bbox 346 1815 517 1861; x_wconf 80' lang='lat' dir='ltr'><strong>erant.</strong></span> <span class='ocrx_word' id='word_1_140' title='bbox 558 1803 765 1875; x_wconf 84' lang='lat' dir='ltr'><strong>Sicque</strong></span> <span class='ocrx_word' id='word_1_141' title='bbox 818 1800 1242 1858; x_wconf 83' lang='lat' dir='ltr'><strong>transformatus</strong></span> <span class='ocrx_word' id='word_1_142' title='bbox 1285 1810 1369 1857; x_wconf 89' lang='lat' dir='ltr'><strong>est</strong></span> <span class='ocrx_word' id='word_1_143' title='bbox 1410 1800 1676 1857; x_wconf 84' lang='lat' dir='ltr'><strong>Dominus</strong></span> <span class='ocrx_word' id='word_1_144' title='bbox 1719 1802 1774 1857; x_wconf 89' lang='lat' dir='ltr'><strong>in</strong></span> 
     </span>
    </p>
   </div>
   <div class='ocr_carea' id='block_1_19' title="bbox 1878 596 3463 668">
    <p class='ocr_par' dir='ltr' id='par_1_19' title="bbox 1878 596 3463 668">
     <span class='ocr_line' id='line_1_19' title="bbox 1878 596 3463 668; baseline 0.002 -14"><span class='ocrx_word' id='word_1_145' title='bbox 1878 598 2101 668; x_wconf 89' lang='lat' dir='ltr'><strong>spicitur</strong></span> <span class='ocrx_word' id='word_1_146' title='bbox 2121 598 2189 652; x_wconf 88' lang='lat' dir='ltr'><strong>ab</strong></span> <span class='ocrx_word' id='word_1_147' title='bbox 2227 596 2331 660; x_wconf 89' lang='lat' dir='ltr'><strong>his,</strong></span> <span class='ocrx_word' id='word_1_148' title='bbox 2358 599 2449 666; x_wconf 90' lang='lat' dir='ltr'><strong>qui</strong></span> <span class='ocrx_word' id='word_1_149' title='bbox 2481 612 2605 652; x_wconf 86' lang='lat' dir='ltr'><strong>cum</strong></span> <span class='ocrx_word' id='word_1_150' title='bbox 2631 611 2696 651; x_wconf 90' lang='lat' dir='ltr'><strong>eo</strong></span> <span class='ocrx_word' id='word_1_151' title='bbox 2729 597 3026 652; x_wconf 87' lang='lat' dir='ltr'><strong>meruerint</strong></span> <span class='ocrx_word' id='word_1_152' title='bbox 3070 602 3366 654; x_wconf 79' lang='lat' dir='ltr'><strong>ascendere</strong></span> <span class='ocrx_word' id='word_1_153' title='bbox 3394 601 3463 657; x_wconf 88' lang='lat' dir='ltr'><strong>ad</strong></span> 
     </span>
    </p>
   </div>
   <div class='ocr_carea' id='block_1_20' title="bbox 1878 689 3463 760">
    <p class='ocr_par' dir='ltr' id='par_1_20' title="bbox 1878 689 3463 760">
     <span class='ocr_line' id='line_1_20' title="bbox 1878 689 3463 760; baseline 0.005 -18"><span class='ocrx_word' id='word_1_154' title='bbox 1878 703 2130 758; x_wconf 88' lang='lat' dir='ltr'><strong>superna,</strong></span> <span class='ocrx_word' id='word_1_155' title='bbox 2166 697 2222 744; x_wconf 92' lang='lat' dir='ltr'><strong>et</strong></span> <span class='ocrx_word' id='word_1_156' title='bbox 2265 689 2567 760; x_wconf 77' lang='lat' dir='ltr'><strong>intelligere</strong></span> <span class='ocrx_word' id='word_1_157' title='bbox 2615 704 2736 758; x_wconf 70' lang='lat' dir='ltr'><strong>quae</strong></span> <span class='ocrx_word' id='word_1_158' title='bbox 2773 689 2957 743; x_wconf 89' lang='lat' dir='ltr'><strong>divina</strong></span> <span class='ocrx_word' id='word_1_159' title='bbox 2988 699 3118 745; x_wconf 85' lang='lat' dir='ltr'><strong>sunt</strong></span> <span class='ocrx_word' id='word_1_160' title='bbox 3157 692 3211 745; x_wconf 92' lang='lat' dir='ltr'><strong>in</strong></span> <span class='ocrx_word' id='word_1_161' title='bbox 3243 691 3463 750; x_wconf 83' lang='lat' dir='ltr'><strong>Christo</strong></span> 
     </span>
    </p>
   </div>
   <div class='ocr_carea' id='block_1_21' title="bbox 1878 782 3462 859">
    <p class='ocr_par' dir='ltr' id='par_1_21' title="bbox 1878 782 3462 859">
     <span class='ocr_line' id='line_1_21' title="bbox 1878 782 3462 859; baseline 0.004 -23"><span class='ocrx_word' id='word_1_162' title='bbox 1878 790 1936 836; x_wconf 91' lang='lat' dir='ltr'><strong>et</strong></span> <span class='ocrx_word' id='word_1_163' title='bbox 1967 782 2224 839; x_wconf 86' lang='lat' dir='ltr'><strong>humana.</strong></span> <span class='ocrx_word' id='word_1_164' title='bbox 2250 782 2516 849; x_wconf 82' lang='lat' dir='ltr'><strong>Quoniam</strong></span> <span class='ocrx_word' id='word_1_165' title='bbox 2544 791 2774 853; x_wconf 83' lang='lat' dir='ltr'><strong>utraque</strong></span> <span class='ocrx_word' id='word_1_166' title='bbox 2805 792 2997 859; x_wconf 87' lang='lat' dir='ltr'><strong>natura</strong></span> <span class='ocrx_word' id='word_1_167' title='bbox 3044 784 3099 838; x_wconf 92' lang='lat' dir='ltr'><strong>in</strong></span> <span class='ocrx_word' id='word_1_168' title='bbox 3129 799 3194 840; x_wconf 88' lang='lat' dir='ltr'><strong>eo</strong></span> <span class='ocrx_word' id='word_1_169' title='bbox 3233 787 3462 842; x_wconf 83' lang='lat' dir='ltr'><strong>Candida</strong></span> 
     </span>
    </p>
   </div>
   <div class='ocr_carea' id='block_1_22' title="bbox 1877 870 3527 950">
    <p class='ocr_par' dir='ltr' id='par_1_22' title="bbox 1877 870 3527 950">
     <span class='ocr_line' id='line_1_22' title="bbox 1877 870 3527 950; baseline 0.005 -22"><span class='ocrx_word' id='word_1_170' title='bbox 1877 884 1962 929; x_wconf 91' lang='lat' dir='ltr'><strong>est</strong></span> <span class='ocrx_word' id='word_1_171' title='bbox 1988 884 2044 930; x_wconf 89' lang='lat' dir='ltr'><strong>et</strong></span> <span class='ocrx_word' id='word_1_172' title='bbox 2071 876 2353 946; x_wconf 71' lang='lat' dir='ltr'><strong>praeclara.</strong></span> <span class='ocrx_word' id='word_1_173' title='bbox 2384 875 2492 931; x_wconf 88' lang='lat' dir='ltr'><strong>Sed</strong></span> <span class='ocrx_word' id='word_1_174' title='bbox 2523 875 2690 930; x_wconf 90' lang='lat' dir='ltr'><strong>altera</strong></span> <span class='ocrx_word' id='word_1_175' title='bbox 2720 891 2845 945; x_wconf 89' lang='lat' dir='ltr'><strong>pars</strong></span> <span class='ocrx_word' id='word_1_176' title='bbox 2882 877 2950 931; x_wconf 87' lang='lat' dir='ltr'><strong>de</strong></span> <span class='ocrx_word' id='word_1_177' title='bbox 2970 878 3110 933; x_wconf 62' lang='lat' dir='ltr'><strong>coelo</strong></span> <span class='ocrx_word' id='word_1_178' title='bbox 3132 878 3465 950; x_wconf 76' lang='lat' dir='ltr'><strong>Splendidior</strong></span> <span class='ocrx_word' id='word_1_179' title='bbox 3522 870 3527 877; x_wconf 67' lang='grc'><em>’</em></span> 
     </span>
    </p>
   </div>
   <div class='ocr_carea' id='block_1_23' title="bbox 1879 965 3473 1043">
    <p class='ocr_par' dir='ltr' id='par_1_23' title="bbox 1879 965 3473 1043">
     <span class='ocr_line' id='line_1_23' title="bbox 1879 965 3473 1043; baseline 0.004 -24"><span class='ocrx_word' id='word_1_180' title='bbox 1879 965 1990 1019; x_wconf 87' lang='lat' dir='ltr'><strong>sole</strong></span> <span class='ocrx_word' id='word_1_181' title='bbox 2026 967 2270 1021; x_wconf 87' lang='lat' dir='ltr'><strong>cernitur</strong></span> <span class='ocrx_word' id='word_1_182' title='bbox 2292 968 2362 1022; x_wconf 90' lang='lat' dir='ltr'><strong>ab</strong></span> <span class='ocrx_word' id='word_1_183' title='bbox 2394 968 2477 1023; x_wconf 90' lang='lat' dir='ltr'><strong>his</strong></span> <span class='ocrx_word' id='word_1_184' title='bbox 2513 967 2606 1037; x_wconf 86' lang='lat' dir='ltr'><strong>qui</strong></span> <span class='ocrx_word' id='word_1_185' title='bbox 2635 983 2699 1022; x_wconf 90' lang='lat' dir='ltr'><strong>ea</strong></span> <span class='ocrx_word' id='word_1_186' title='bbox 2725 978 2933 1022; x_wconf 84' lang='lat' dir='ltr'><strong>tantum</strong></span> <span class='ocrx_word' id='word_1_187' title='bbox 2962 969 3179 1039; x_wconf 86' lang='lat' dir='ltr'><strong>sapiunt</strong></span> <span class='ocrx_word' id='word_1_188' title='bbox 3198 988 3317 1043; x_wconf 68' lang='lat' dir='ltr'><strong>qua:</strong></span> <span class='ocrx_word' id='word_1_189' title='bbox 3339 988 3473 1027; x_wconf 74' lang='grc' dir='ltr'><strong>ειη-ο.</strong></span> 
     </span>
    </p>
   </div>
   <div class='ocr_carea' id='block_1_24' title="bbox 1879 1066 3464 1137">
    <p class='ocr_par' dir='ltr' id='par_1_24' title="bbox 1879 1066 3464 1137">
     <span class='ocr_line' id='line_1_24' title="bbox 1879 1066 3464 1137; baseline 0.004 -18"><span class='ocrx_word' id='word_1_190' title='bbox 1879 1080 1996 1120; x_wconf 89' lang='lat' dir='ltr'><strong>sum</strong></span> <span class='ocrx_word' id='word_1_191' title='bbox 2027 1074 2184 1131; x_wconf 87' lang='lat' dir='ltr'><strong>sunt;</strong></span> <span class='ocrx_word' id='word_1_192' title='bbox 2230 1066 2398 1121; x_wconf 87' lang='lat' dir='ltr'><strong>altera</strong></span> <span class='ocrx_word' id='word_1_193' title='bbox 2435 1080 2565 1120; x_wconf 89' lang='lat' dir='ltr'><strong>vero</strong></span> <span class='ocrx_word' id='word_1_194' title='bbox 2595 1067 2877 1121; x_wconf 81' lang='lat' dir='ltr'><strong>candidior</strong></span> <span class='ocrx_word' id='word_1_195' title='bbox 2905 1067 3027 1122; x_wconf 88' lang='lat' dir='ltr'><strong>nive</strong></span> <span class='ocrx_word' id='word_1_196' title='bbox 3055 1083 3177 1137; x_wconf 70' lang='lat' dir='ltr'><strong>qua:</strong></span> <span class='ocrx_word' id='word_1_197' title='bbox 3216 1070 3285 1126; x_wconf 91' lang='lat' dir='ltr'><strong>de</strong></span> <span class='ocrx_word' id='word_1_198' title='bbox 3320 1080 3464 1125; x_wconf 85' lang='lat' dir='ltr'><strong>terra</strong></span> 
     </span>
    </p>
   </div>
   <div class='ocr_carea' id='block_1_25' title="bbox 1878 1157 3467 1228">
    <p class='ocr_par' dir='ltr' id='par_1_25' title="bbox 1878 1157 3467 1228">
     <span class='ocr_line' id='line_1_25' title="bbox 1878 1157 3467 1228; baseline 0.004 -18"><span class='ocrx_word' id='word_1_199' title='bbox 1878 1167 1981 1219; x_wconf 89' lang='lat' dir='ltr'><strong>est,</strong></span> <span class='ocrx_word' id='word_1_200' title='bbox 2028 1160 2156 1210; x_wconf 90' lang='lat' dir='ltr'><strong>dum</strong></span> <span class='ocrx_word' id='word_1_201' title='bbox 2196 1158 2545 1225; x_wconf 84' lang='lat' dir='ltr'><strong>cognoscitur</strong></span> <span class='ocrx_word' id='word_1_202' title='bbox 2581 1157 2700 1228; x_wconf 84' lang='lat' dir='ltr'><strong>ejus</strong></span> <span class='ocrx_word' id='word_1_203' title='bbox 2746 1157 2913 1227; x_wconf 81' lang='lat' dir='ltr'><strong>gloria</strong></span> <span class='ocrx_word' id='word_1_204' title='bbox 2964 1170 3021 1213; x_wconf 89' lang='lat' dir='ltr'><strong>et</strong></span> <span class='ocrx_word' id='word_1_205' title='bbox 3066 1160 3278 1215; x_wconf 89' lang='lat' dir='ltr'><strong>videtur</strong></span> <span class='ocrx_word' id='word_1_206' title='bbox 3326 1178 3467 1218; x_wconf 87' lang='lat' dir='ltr'><strong>unus</strong></span> 
     </span>
    </p>
   </div>
   <div class='ocr_carea' id='block_1_26' title="bbox 1879 1249 3465 1324">
    <p class='ocr_par' dir='ltr' id='par_1_26' title="bbox 1879 1249 3465 1324">
     <span class='ocr_line' id='line_1_26' title="bbox 1879 1249 3465 1324; baseline 0.004 -21"><span class='ocrx_word' id='word_1_207' title='bbox 1879 1251 2128 1319; x_wconf 89' lang='lat' dir='ltr'><strong>idemque</strong></span> <span class='ocrx_word' id='word_1_208' title='bbox 2161 1249 2411 1305; x_wconf 88' lang='lat' dir='ltr'><strong>Christus</strong></span> <span class='ocrx_word' id='word_1_209' title='bbox 2457 1251 2768 1322; x_wconf 82' lang='lat' dir='ltr'><strong>unigenitus</strong></span> <span class='ocrx_word' id='word_1_210' title='bbox 2801 1268 2831 1304; x_wconf 88' lang='lat' dir='ltr'><strong>a</strong></span> <span class='ocrx_word' id='word_1_211' title='bbox 2859 1251 3040 1317; x_wconf 81' lang='lat' dir='ltr'><strong>Patre,</strong></span> <span class='ocrx_word' id='word_1_212' title='bbox 3072 1252 3256 1322; x_wconf 78' lang='lat' dir='ltr'><strong>plenus</strong></span> <span class='ocrx_word' id='word_1_213' title='bbox 3272 1256 3465 1324; x_wconf 68' lang='lat' dir='ltr'><strong>gratim</strong></span> 
     </span>
    </p>
   </div>
   <div class='ocr_carea' id='block_1_27' title="bbox 1878 1343 3466 1417">
    <p class='ocr_par' dir='ltr' id='par_1_27' title="bbox 1878 1343 3466 1417">
     <span class='ocr_line' id='line_1_27' title="bbox 1878 1343 3466 1417; baseline 0.004 -21"><span class='ocrx_word' id='word_1_214' title='bbox 1878 1353 1925 1396; x_wconf 90' lang='lat' dir='ltr'><strong>et</strong></span> <span class='ocrx_word' id='word_1_215' title='bbox 1962 1345 2190 1399; x_wconf 76' lang='lat' dir='ltr'><strong>veritatis</strong></span> <span class='ocrx_word' id='word_1_216' title='bbox 2238 1343 2420 1416; x_wconf 84' lang='lat' dir='ltr'><strong>(Joau.</strong></span> <span class='ocrx_word' id='word_1_217' title='bbox 2466 1360 2505 1407; x_wconf 89' lang='grc' dir='ltr'>ι,</span> <span class='ocrx_word' id='word_1_218' title='bbox 2558 1344 2666 1415; x_wconf 65' lang='lat' dir='ltr'><strong>ll).</strong></span> <span class='ocrx_word' id='word_1_219' title='bbox 2712 1344 2817 1397; x_wconf 90' lang='lat' dir='ltr'><strong>Sed</strong></span> <span class='ocrx_word' id='word_1_220' title='bbox 2858 1345 3039 1399; x_wconf 77' lang='lat' dir='ltr'><strong>omnia</strong></span> <span class='ocrx_word' id='word_1_221' title='bbox 3084 1345 3138 1399; x_wconf 87' lang='lat' dir='ltr'><strong>in</strong></span> <span class='ocrx_word' id='word_1_222' title='bbox 3178 1346 3466 1417; x_wconf 79' lang='lat' dir='ltr'><strong>Evangelia</strong></span> 
     </span>
    </p>
   </div>
   <div class='ocr_carea' id='block_1_28' title="bbox 1880 1439 3465 1510">
    <p class='ocr_par' dir='ltr' id='par_1_28' title="bbox 1880 1439 3465 1510">
     <span class='ocr_line' id='line_1_28' title="bbox 1880 1439 3465 1510; baseline 0.006 -23"><span class='ocrx_word' id='word_1_223' title='bbox 1880 1440 2323 1495; x_wconf 76' lang='lat' dir='ltr'><strong>vestimentorum</strong></span> <span class='ocrx_word' id='word_1_224' title='bbox 2366 1441 2484 1510; x_wconf 86' lang='lat' dir='ltr'><strong>ejus</strong></span> <span class='ocrx_word' id='word_1_225' title='bbox 2526 1455 2648 1510; x_wconf 71' lang='lat' dir='ltr'><strong>quae</strong></span> <span class='ocrx_word' id='word_1_226' title='bbox 2676 1441 2745 1495; x_wconf 89' lang='lat' dir='ltr'><strong>de</strong></span> <span class='ocrx_word' id='word_1_227' title='bbox 2788 1440 2879 1494; x_wconf 90' lang='lat' dir='ltr'><strong>illo</strong></span> <span class='ocrx_word' id='word_1_228' title='bbox 2904 1450 2964 1493; x_wconf 85' lang='lat' dir='ltr'><strong>et</strong></span> <span class='ocrx_word' id='word_1_229' title='bbox 3000 1456 3098 1510; x_wconf 88' lang='lat' dir='ltr'><strong>per</strong></span> <span class='ocrx_word' id='word_1_230' title='bbox 3138 1439 3287 1496; x_wconf 88' lang='lat' dir='ltr'><strong>illum</strong></span> <span class='ocrx_word' id='word_1_231' title='bbox 3315 1453 3465 1509; x_wconf 88' lang='lat' dir='ltr'><strong>sunt,</strong></span> 
     </span>
    </p>
   </div>
   <div class='ocr_carea' id='block_1_29' title="bbox 1878 1530 3471 1603">
    <p class='ocr_par' dir='ltr' id='par_1_29' title="bbox 1878 1530 3471 1603">
     <span class='ocr_line' id='line_1_29' title="bbox 1878 1530 3471 1603; baseline 0.005 -20"><span class='ocrx_word' id='word_1_232' title='bbox 1878 1530 2023 1586; x_wconf 89' lang='lat' dir='ltr'><strong>hunc</strong></span> <span class='ocrx_word' id='word_1_233' title='bbox 2062 1532 2264 1587; x_wconf 87' lang='lat' dir='ltr'><strong>habent</strong></span> <span class='ocrx_word' id='word_1_234' title='bbox 2309 1532 2652 1603; x_wconf 87' lang='lat' dir='ltr'><strong>splendorem</strong></span> <span class='ocrx_word' id='word_1_235' title='bbox 2705 1533 2757 1586; x_wconf 92' lang='lat' dir='ltr'><strong>in</strong></span> <span class='ocrx_word' id='word_1_236' title='bbox 2796 1532 2954 1595; x_wconf 87' lang='lat' dir='ltr'><strong>facie,</strong></span> <span class='ocrx_word' id='word_1_237' title='bbox 3002 1534 3146 1589; x_wconf 89' lang='lat' dir='ltr'><strong>hunc</strong></span> <span class='ocrx_word' id='word_1_238' title='bbox 3177 1543 3234 1589; x_wconf 90' lang='lat' dir='ltr'><strong>et</strong></span> <span class='ocrx_word' id='word_1_239' title='bbox 3277 1536 3471 1590; x_wconf 83' lang='lat' dir='ltr'><strong>cando-</strong></span> 
     </span>
    </p>
   </div>
   <div class='ocr_carea' id='block_1_30' title="bbox 1880 1623 3467 1692">
    <p class='ocr_par' dir='ltr' id='par_1_30' title="bbox 1880 1623 3467 1692">
     <span class='ocr_line' id='line_1_30' title="bbox 1880 1623 3467 1692; baseline 0.002 -16"><span class='ocrx_word' id='word_1_240' title='bbox 1880 1636 1994 1677; x_wconf 89' lang='lat' dir='ltr'><strong>rem</strong></span> <span class='ocrx_word' id='word_1_241' title='bbox 2032 1623 2088 1678; x_wconf 90' lang='lat' dir='ltr'><strong>in</strong></span> <span class='ocrx_word' id='word_1_242' title='bbox 2130 1624 2280 1679; x_wconf 88' lang='lat' dir='ltr'><strong>omni</strong></span> <span class='ocrx_word' id='word_1_243' title='bbox 2324 1625 2614 1679; x_wconf 79' lang='lat' dir='ltr'><strong>verborum</strong></span> <span class='ocrx_word' id='word_1_244' title='bbox 2655 1639 2721 1679; x_wconf 90' lang='lat' dir='ltr'><strong>ac</strong></span> <span class='ocrx_word' id='word_1_245' title='bbox 2753 1625 3144 1679; x_wconf 80' lang='lat' dir='ltr'><strong>sententiarum</strong></span> <span class='ocrx_word' id='word_1_246' title='bbox 3183 1634 3467 1692; x_wconf 68' lang='lat' dir='ltr'><strong>contextu,</strong></span> 
     </span>
    </p>
   </div>
   <div class='ocr_carea' id='block_1_31' title="bbox 1878 1715 3468 1783">
    <p class='ocr_par' dir='ltr' id='par_1_31' title="bbox 1878 1715 3468 1783">
     <span class='ocr_line' id='line_1_31' title="bbox 1878 1715 3468 1783; baseline 0.003 -15"><span class='ocrx_word' id='word_1_247' title='bbox 1878 1715 2003 1783; x_wconf 90' lang='lat' dir='ltr'><strong>quia</strong></span> <span class='ocrx_word' id='word_1_248' title='bbox 2058 1716 2173 1771; x_wconf 80' lang='lat' dir='ltr'><strong>haec</strong></span> <span class='ocrx_word' id='word_1_249' title='bbox 2209 1717 2465 1773; x_wconf 86' lang='lat' dir='ltr'><strong>universa</strong></span> <span class='ocrx_word' id='word_1_250' title='bbox 2512 1718 2580 1773; x_wconf 86' lang='lat' dir='ltr'><strong>de</strong></span> <span class='ocrx_word' id='word_1_251' title='bbox 2623 1730 2689 1773; x_wconf 82' lang='lat' dir='ltr'><strong>eo</strong></span> <span class='ocrx_word' id='word_1_252' title='bbox 2730 1728 2838 1772; x_wconf 91' lang='lat' dir='ltr'><strong>tam</strong></span> <span class='ocrx_word' id='word_1_253' title='bbox 2876 1718 3106 1773; x_wconf 84' lang='lat' dir='ltr'><strong>candida</strong></span> <span class='ocrx_word' id='word_1_254' title='bbox 3154 1727 3300 1783; x_wconf 82' lang='lat' dir='ltr'><strong>sunt,</strong></span> <span class='ocrx_word' id='word_1_255' title='bbox 3358 1727 3468 1773; x_wconf 91' lang='lat' dir='ltr'><strong>tam</strong></span> 
     </span>
    </p>
   </div>
   <div class='ocr_carea' id='block_1_32' title="bbox 1878 1807 3469 1879">
    <p class='ocr_par' dir='ltr' id='par_1_32' title="bbox 1878 1807 3469 1879">
     <span class='ocr_line' id='line_1_32' title="bbox 1878 1807 3469 1879; baseline 0.001 -17"><span class='ocrx_word' id='word_1_256' title='bbox 1878 1807 2182 1878; x_wconf 88' lang='lat' dir='ltr'><strong>splendida,</strong></span> <span class='ocrx_word' id='word_1_257' title='bbox 2214 1807 2412 1875; x_wconf 82' lang='lat' dir='ltr'><strong>Qualia</strong></span> <span class='ocrx_word' id='word_1_258' title='bbox 2435 1808 2570 1879; x_wconf 75' lang='lat' dir='ltr'><strong>{ulla</strong></span> <span class='ocrx_word' id='word_1_259' title='bbox 2591 1808 2769 1865; x_wconf 77' lang='lat' dir='ltr'><strong>nullus</strong></span> <span class='ocrx_word' id='word_1_260' title='bbox 2792 1819 2957 1879; x_wconf 79' lang='lat' dir='ltr'><strong>potest</strong></span> <span class='ocrx_word' id='word_1_261' title='bbox 2984 1810 3159 1879; x_wconf 72' lang='lat' dir='ltr'><strong>facere</strong></span> <span class='ocrx_word' id='word_1_262' title='bbox 3180 1826 3342 1878; x_wconf 80' lang='lat' dir='ltr'><strong>super</strong></span> <span class='ocrx_word' id='word_1_263' title='bbox 3366 1819 3469 1863; x_wconf 87' lang='lat' dir='ltr'><strong>ter-</strong></span> 
     </span>
    </p>
   </div>
   <div class='ocr_carea' id='block_1_33' title="bbox 217 1892 3467 1971">
    <p class='ocr_par' dir='ltr' id='par_1_33' title="bbox 217 1892 3467 1971">
     <span class='ocr_line' id='line_1_33' title="bbox 217 1892 3467 1971; baseline 0.001 -20"><span class='ocrx_word' id='word_1_264' title='bbox 217 1912 305 1951; x_wconf 77' lang='lat' dir='ltr'><strong>eam</strong></span> <span class='ocrx_word' id='word_1_265' title='bbox 331 1896 557 1967; x_wconf 83' lang='lat' dir='ltr'><strong>gloriam</strong></span> <span class='ocrx_word' id='word_1_266' title='bbox 582 1911 693 1966; x_wconf 89' lang='lat' dir='ltr'><strong>qua</strong></span> <span class='ocrx_word' id='word_1_267' title='bbox 721 1903 981 1950; x_wconf 87' lang='lat' dir='ltr'><strong>venturus</strong></span> <span class='ocrx_word' id='word_1_268' title='bbox 1007 1903 1095 1949; x_wconf 87' lang='lat' dir='ltr'><strong>est</strong></span> <span class='ocrx_word' id='word_1_269' title='bbox 1132 1902 1321 1964; x_wconf 88' lang='lat' dir='ltr'><strong>postea</strong></span> <span class='ocrx_word' id='word_1_270' title='bbox 1357 1893 1410 1947; x_wconf 91' lang='lat' dir='ltr'><strong>in</strong></span> <span class='ocrx_word' id='word_1_271' title='bbox 1454 1910 1623 1965; x_wconf 88' lang='lat' dir='ltr'><strong>regno</strong></span> <span class='ocrx_word' id='word_1_272' title='bbox 1654 1910 1770 1959; x_wconf 86' lang='lat' dir='ltr'><strong>suo,</strong></span> <span class='ocrx_word' id='word_1_273' title='bbox 1805 1892 1854 1953; x_wconf 81' lang='grc' dir='ltr'><strong>Β</strong></span> <span class='ocrx_word' id='word_1_274' title='bbox 1882 1915 2019 1953; x_wconf 85' lang='lat' dir='ltr'><strong>ram.</strong></span> <span class='ocrx_word' id='word_1_275' title='bbox 2049 1898 2308 1956; x_wconf 88' lang='lat' dir='ltr'><strong>Fullones</strong></span> <span class='ocrx_word' id='word_1_276' title='bbox 2333 1915 2465 1971; x_wconf 87' lang='lat' dir='ltr'><strong>ergo</strong></span> <span class='ocrx_word' id='word_1_277' title='bbox 2498 1901 2655 1963; x_wconf 85' lang='lat' dir='ltr'><strong>istos.</strong></span> <span class='ocrx_word' id='word_1_278' title='bbox 2680 1908 2740 1954; x_wconf 91' lang='lat' dir='ltr'><strong>ut</strong></span> <span class='ocrx_word' id='word_1_279' title='bbox 2775 1898 3035 1971; x_wconf 76' lang='lat' dir='ltr'><strong>Origenes</strong></span> <span class='ocrx_word' id='word_1_280' title='bbox 3063 1901 3467 1971; x_wconf 78' lang='lat' dir='ltr'><strong>dogmatizavit,</strong></span> 
     </span>
    </p>
   </div>
   <div class='ocr_carea' id='block_1_34' title="bbox 220 1986 1779 2058">
    <p class='ocr_par' dir='ltr' id='par_1_34' title="bbox 220 1986 1779 2058">
     <span class='ocr_line' id='line_1_34' title="bbox 220 1986 1779 2058; baseline -0.001 -17"><span class='ocrx_word' id='word_1_281' title='bbox 220 2004 307 2058; x_wconf 70' lang='lat' dir='ltr'><strong>qua:</strong></span> <span class='ocrx_word' id='word_1_282' title='bbox 337 1998 421 2044; x_wconf 85' lang='lat' dir='ltr'><strong>est</strong></span> <span class='ocrx_word' id='word_1_283' title='bbox 452 1988 717 2043; x_wconf 85' lang='lat' dir='ltr'><strong>Ecclesia.</strong></span> <span class='ocrx_word' id='word_1_284' title='bbox 760 1987 828 2041; x_wconf 86' lang='lat' dir='ltr'><strong>Et</strong></span> <span class='ocrx_word' id='word_1_285' title='bbox 865 1987 988 2041; x_wconf 90' lang='lat' dir='ltr'><strong>ideo</strong></span> <span class='ocrx_word' id='word_1_286' title='bbox 1033 1986 1123 2041; x_wconf 90' lang='lat' dir='ltr'><strong>isti</strong></span> <span class='ocrx_word' id='word_1_287' title='bbox 1171 1993 1282 2041; x_wconf 87' lang='lat' dir='ltr'><strong>tres</strong></span> <span class='ocrx_word' id='word_1_288' title='bbox 1334 2001 1442 2041; x_wconf 92' lang='lat' dir='ltr'><strong>non</strong></span> <span class='ocrx_word' id='word_1_289' title='bbox 1489 1994 1779 2058; x_wconf 78' lang='lat' dir='ltr'><strong>gustarunt</strong></span> 
     </span>
    </p>
   </div>
   <div class='ocr_carea' id='block_1_35' title="bbox 226 2076 1777 2143">
    <p class='ocr_par' dir='ltr' id='par_1_35' title="bbox 226 2076 1777 2143">
     <span class='ocr_line' id='line_1_35' title="bbox 226 2076 1777 2143; baseline 0 -12"><span class='ocrx_word' id='word_1_290' title='bbox 226 2087 442 2143; x_wconf 82' lang='lat' dir='ltr'><strong>mortem,</strong></span> <span class='ocrx_word' id='word_1_291' title='bbox 491 2080 667 2134; x_wconf 82' lang='lat' dir='ltr'><strong>donec</strong></span> <span class='ocrx_word' id='word_1_292' title='bbox 703 2077 870 2132; x_wconf 91' lang='lat' dir='ltr'><strong>lilium</strong></span> <span class='ocrx_word' id='word_1_293' title='bbox 902 2076 1140 2132; x_wconf 85' lang='lat' dir='ltr'><strong>hominis</strong></span> <span class='ocrx_word' id='word_1_294' title='bbox 1181 2076 1434 2131; x_wconf 90' lang='lat' dir='ltr'><strong>viderunt</strong></span> <span class='ocrx_word' id='word_1_295' title='bbox 1471 2077 1777 2132; x_wconf 78' lang='lat' dir='ltr'><strong>venientem</strong></span> 
     </span>
    </p>
   </div>
   <div class='ocr_carea' id='block_1_36' title="bbox 227 2170 1779 2243">
    <p class='ocr_par' dir='ltr' id='par_1_36' title="bbox 227 2170 1779 2243">
     <span class='ocr_line' id='line_1_36' title="bbox 227 2170 1779 2243; baseline 0 -19"><span class='ocrx_word' id='word_1_296' title='bbox 227 2170 262 2224; x_wconf 89' lang='lat' dir='ltr'><strong>in</strong></span> <span class='ocrx_word' id='word_1_297' title='bbox 288 2187 447 2243; x_wconf 73' lang='lat' dir='ltr'><strong>regno</strong></span> <span class='ocrx_word' id='word_1_298' title='bbox 472 2186 595 2226; x_wconf 89' lang='lat' dir='ltr'><strong>suo.</strong></span> <span class='ocrx_word' id='word_1_299' title='bbox 625 2170 761 2238; x_wconf 84' lang='lat' dir='ltr'><strong>Quia</strong></span> <span class='ocrx_word' id='word_1_300' title='bbox 784 2170 889 2226; x_wconf 86' lang='lat' dir='ltr'><strong>hoc</strong></span> <span class='ocrx_word' id='word_1_301' title='bbox 917 2170 1094 2240; x_wconf 89' lang='lat' dir='ltr'><strong>ipsum</strong></span> <span class='ocrx_word' id='word_1_302' title='bbox 1117 2170 1191 2223; x_wconf 88' lang='lat' dir='ltr'><strong>ita</strong></span> <span class='ocrx_word' id='word_1_303' title='bbox 1224 2170 1574 2239; x_wconf 76' lang='lat' dir='ltr'><strong>conspexisse</strong></span> <span class='ocrx_word' id='word_1_304' title='bbox 1598 2180 1779 2224; x_wconf 81' lang='lat' dir='ltr'><strong>trans-</strong></span> 
     </span>
    </p>
   </div>
   <div class='ocr_carea' id='block_1_37' title="bbox 230 2259 1777 2334">
    <p class='ocr_par' dir='ltr' id='par_1_37' title="bbox 230 2259 1777 2334">
     <span class='ocr_line' id='line_1_37' title="bbox 230 2259 1777 2334; baseline -0.002 -15"><span class='ocrx_word' id='word_1_305' title='bbox 230 2262 475 2334; x_wconf 71' lang='lat' dir='ltr'><strong>figuratum</strong></span> <span class='ocrx_word' id='word_1_306' title='bbox 501 2263 557 2319; x_wconf 90' lang='lat' dir='ltr'><strong>in</strong></span> <span class='ocrx_word' id='word_1_307' title='bbox 594 2263 824 2319; x_wconf 85' lang='lat' dir='ltr'><strong>formam</strong></span> <span class='ocrx_word' id='word_1_308' title='bbox 854 2262 1142 2327; x_wconf 87' lang='lat' dir='ltr'><strong>claritatis,</strong></span> <span class='ocrx_word' id='word_1_309' title='bbox 1164 2259 1278 2329; x_wconf 88' lang='lat' dir='ltr'><strong>jam</strong></span> <span class='ocrx_word' id='word_1_310' title='bbox 1305 2262 1506 2317; x_wconf 87' lang='lat' dir='ltr'><strong>vidisse</strong></span> <span class='ocrx_word' id='word_1_311' title='bbox 1528 2278 1650 2317; x_wconf 88' lang='lat' dir='ltr'><strong>eum</strong></span> <span class='ocrx_word' id='word_1_312' title='bbox 1675 2262 1777 2316; x_wconf 86' lang='lat' dir='ltr'><strong>fuit</strong></span> 
     </span>
    </p>
   </div>
   <div class='ocr_carea' id='block_1_38' title="bbox 228 2351 1780 2426">
    <p class='ocr_par' dir='ltr' id='par_1_38' title="bbox 228 2351 1780 2426">
     <span class='ocr_line' id='line_1_38' title="bbox 228 2351 1780 2426; baseline -0.001 -17"><span class='ocrx_word' id='word_1_313' title='bbox 228 2356 490 2411; x_wconf 80' lang='lat' dir='ltr'><strong>venientem</strong></span> <span class='ocrx_word' id='word_1_314' title='bbox 534 2355 589 2409; x_wconf 90' lang='lat' dir='ltr'><strong>in</strong></span> <span class='ocrx_word' id='word_1_315' title='bbox 632 2369 798 2426; x_wconf 90' lang='lat' dir='ltr'><strong>regno</strong></span> <span class='ocrx_word' id='word_1_316' title='bbox 824 2353 1010 2423; x_wconf 74' lang='lat' dir='ltr'><strong>gloria:</strong></span> <span class='ocrx_word' id='word_1_317' title='bbox 1052 2368 1183 2407; x_wconf 69' lang='lat' dir='ltr'><strong>suae.</strong></span> <span class='ocrx_word' id='word_1_318' title='bbox 1226 2351 1327 2409; x_wconf 91' lang='lat' dir='ltr'><strong>Ubi</strong></span> <span class='ocrx_word' id='word_1_319' title='bbox 1370 2353 1780 2408; x_wconf 87' lang='lat' dir='ltr'><strong>transl&#39;ormatio</strong></span> 
     </span>
    </p>
   </div>
   <div class='ocr_carea' id='block_1_39' title="bbox 218 2443 1779 2513">
    <p class='ocr_par' dir='ltr' id='par_1_39' title="bbox 218 2443 1779 2513">
     <span class='ocr_line' id='line_1_39' title="bbox 218 2443 1779 2513; baseline -0.003 -11"><span class='ocrx_word' id='word_1_320' title='bbox 218 2446 490 2503; x_wconf 83' lang='lat' dir='ltr'><strong>claritatem</strong></span> <span class='ocrx_word' id='word_1_321' title='bbox 511 2447 720 2502; x_wconf 88' lang='lat' dir='ltr'><strong>addidit</strong></span> <span class='ocrx_word' id='word_1_322' title='bbox 751 2462 816 2501; x_wconf 79' lang='lat' dir='ltr'><strong>ex</strong></span> <span class='ocrx_word' id='word_1_323' title='bbox 868 2443 1153 2513; x_wconf 83' lang='lat' dir='ltr'><strong>majestate</strong></span> <span class='ocrx_word' id='word_1_324' title='bbox 1195 2445 1529 2510; x_wconf 85' lang='lat' dir='ltr'><strong>Divinitatis,</strong></span> <span class='ocrx_word' id='word_1_325' title='bbox 1575 2446 1669 2500; x_wconf 87' lang='lat' dir='ltr'><strong>sed</strong></span> <span class='ocrx_word' id='word_1_326' title='bbox 1694 2444 1779 2499; x_wconf 87' lang='lat' dir='ltr'><strong>fa-</strong></span> 
     </span>
    </p>
   </div>
   <div class='ocr_carea' id='block_1_40' title="bbox 220 2538 1781 2610">
    <p class='ocr_par' dir='ltr' id='par_1_40' title="bbox 220 2538 1781 2610">
     <span class='ocr_line' id='line_1_40' title="bbox 220 2538 1781 2610; baseline -0.001 -16"><span class='ocrx_word' id='word_1_327' title='bbox 220 2541 334 2595; x_wconf 81' lang='lat' dir='ltr'><strong>ciem</strong></span> <span class='ocrx_word' id='word_1_328' title='bbox 363 2555 466 2596; x_wconf 92' lang='lat' dir='ltr'><strong>non</strong></span> <span class='ocrx_word' id='word_1_329' title='bbox 498 2539 771 2594; x_wconf 74' lang='lat' dir='ltr'><strong>subtraxit</strong></span> <span class='ocrx_word' id='word_1_330' title='bbox 804 2538 1180 2593; x_wconf 87' lang='lat' dir='ltr'><strong>humanitatis.</strong></span> <span class='ocrx_word' id='word_1_331' title='bbox 1220 2538 1361 2610; x_wconf 85' lang='lat' dir='ltr'><strong>Ergo</strong></span> <span class='ocrx_word' id='word_1_332' title='bbox 1403 2539 1492 2593; x_wconf 92' lang='lat' dir='ltr'><strong>ubi</strong></span> <span class='ocrx_word' id='word_1_333' title='bbox 1524 2538 1781 2606; x_wconf 87' lang='lat' dir='ltr'><strong>splendor</strong></span> 
     </span>
    </p>
   </div>
   <div class='ocr_carea' id='block_1_41' title="bbox 221 2628 1782 2699">
    <p class='ocr_par' dir='ltr' id='par_1_41' title="bbox 221 2628 1782 2699">
     <span class='ocr_line' id='line_1_41' title="bbox 221 2628 1782 2699; baseline 0.001 -17"><span class='ocrx_word' id='word_1_334' title='bbox 221 2628 349 2685; x_wconf 80' lang='lat' dir='ltr'><strong>faciei</strong></span> <span class='ocrx_word' id='word_1_335' title='bbox 385 2628 502 2699; x_wconf 85' lang='lat' dir='ltr'><strong>ejus</strong></span> <span class='ocrx_word' id='word_1_336' title='bbox 526 2640 583 2686; x_wconf 88' lang='lat' dir='ltr'><strong>et</strong></span> <span class='ocrx_word' id='word_1_337' title='bbox 624 2632 830 2686; x_wconf 87' lang='lat' dir='ltr'><strong>candor</strong></span> <span class='ocrx_word' id='word_1_338' title='bbox 864 2630 1314 2685; x_wconf 82' lang='lat' dir='ltr'><strong>vestimentorum</strong></span> <span class='ocrx_word' id='word_1_339' title='bbox 1346 2630 1675 2693; x_wconf 85' lang='lat' dir='ltr'><strong>ostenditur,</strong></span> <span class='ocrx_word' id='word_1_340' title='bbox 1722 2638 1782 2684; x_wconf 87' lang='lat' dir='ltr'><strong>ut</strong></span> 
     </span>
    </p>
   </div>
   <div class='ocr_carea' id='block_1_42' title="bbox 223 2724 1779 2786">
    <p class='ocr_par' dir='ltr' id='par_1_42' title="bbox 223 2724 1779 2786">
     <span class='ocr_line' id='line_1_42' title="bbox 223 2724 1779 2786; baseline 0 -8"><span class='ocrx_word' id='word_1_341' title='bbox 223 2726 329 2786; x_wconf 80' lang='lat' dir='ltr'><strong>dixi,</strong></span> <span class='ocrx_word' id='word_1_342' title='bbox 353 2741 448 2780; x_wconf 91' lang='lat' dir='ltr'><strong>nec</strong></span> <span class='ocrx_word' id='word_1_343' title='bbox 490 2725 658 2781; x_wconf 86' lang='lat' dir='ltr'><strong>facies</strong></span> <span class='ocrx_word' id='word_1_344' title='bbox 709 2741 810 2780; x_wconf 91' lang='lat' dir='ltr'><strong>nec</strong></span> <span class='ocrx_word' id='word_1_345' title='bbox 853 2725 1239 2779; x_wconf 88' lang='lat' dir='ltr'><strong>vestimentum</strong></span> <span class='ocrx_word' id='word_1_346' title='bbox 1291 2739 1480 2779; x_wconf 87' lang='lat' dir='ltr'><strong>verum</strong></span> <span class='ocrx_word' id='word_1_347' title='bbox 1528 2724 1779 2778; x_wconf 80' lang='lat' dir='ltr'><strong>habuisse</strong></span> 
     </span>
    </p>
   </div>
   <div class='ocr_carea' id='block_1_43' title="bbox 224 2814 1783 2885">
    <p class='ocr_par' dir='ltr' id='par_1_43' title="bbox 224 2814 1783 2885">
     <span class='ocr_line' id='line_1_43' title="bbox 224 2814 1783 2885; baseline 0.003 -19"><span class='ocrx_word' id='word_1_348' title='bbox 224 2825 439 2883; x_wconf 81' lang='lat' dir='ltr'><strong>negatur,</strong></span> <span class='ocrx_word' id='word_1_349' title='bbox 467 2816 561 2870; x_wconf 87' lang='lat' dir='ltr'><strong>sed</strong></span> <span class='ocrx_word' id='word_1_350' title='bbox 586 2830 821 2885; x_wconf 90' lang='lat' dir='ltr'><strong>quorum</strong></span> <span class='ocrx_word' id='word_1_351' title='bbox 847 2815 921 2869; x_wconf 86' lang='lat' dir='ltr'><strong>sit</strong></span> <span class='ocrx_word' id='word_1_352' title='bbox 938 2814 1201 2885; x_wconf 85' lang='lat' dir='ltr'><strong>splendor</strong></span> <span class='ocrx_word' id='word_1_353' title='bbox 1227 2823 1323 2868; x_wconf 91' lang='lat' dir='ltr'><strong>aut</strong></span> <span class='ocrx_word' id='word_1_354' title='bbox 1347 2816 1552 2869; x_wconf 91' lang='lat' dir='ltr'><strong>candor</strong></span> <span class='ocrx_word' id='word_1_355' title='bbox 1577 2815 1669 2884; x_wconf 88' lang='lat' dir='ltr'><strong>qui</strong></span> <span class='ocrx_word' id='word_1_356' title='bbox 1696 2830 1783 2870; x_wconf 84' lang='lat' dir='ltr'><strong>re-</strong></span> 
     </span>
    </p>
   </div>
   <div class='ocr_carea' id='block_1_44' title="bbox 225 2902 1783 2975">
    <p class='ocr_par' dir='ltr' id='par_1_44' title="bbox 225 2902 1783 2975">
     <span class='ocr_line' id='line_1_44' title="bbox 225 2902 1783 2975; baseline 0.002 -18"><span class='ocrx_word' id='word_1_357' title='bbox 225 2902 348 2959; x_wconf 82' lang='lat' dir='ltr'><strong>fulsit</strong></span> <span class='ocrx_word' id='word_1_358' title='bbox 386 2906 504 2961; x_wconf 88' lang='lat' dir='ltr'><strong>luee</strong></span> <span class='ocrx_word' id='word_1_359' title='bbox 532 2906 738 2961; x_wconf 89' lang='lat' dir='ltr'><strong>clarius</strong></span> <span class='ocrx_word' id='word_1_360' title='bbox 773 2906 1098 2961; x_wconf 84' lang='lat' dir='ltr'><strong>declaratur.</strong></span> <span class='ocrx_word' id='word_1_361' title='bbox 1149 2906 1301 2961; x_wconf 85' lang='lat' dir='ltr'><strong>Unde</strong></span> <span class='ocrx_word' id='word_1_362' title='bbox 1344 2907 1565 2975; x_wconf 89' lang='lat' dir='ltr'><strong>quidam</strong></span> <span class='ocrx_word' id='word_1_363' title='bbox 1596 2906 1783 2961; x_wconf 85' lang='lat' dir='ltr'><strong>volunt</strong></span> 
     </span>
    </p>
   </div>
   <div class='ocr_carea' id='block_1_45' title="bbox 223 2998 1782 3069">
    <p class='ocr_par' dir='ltr' id='par_1_45' title="bbox 223 2998 1782 3069">
     <span class='ocr_line' id='line_1_45' title="bbox 223 2998 1782 3069; baseline 0.004 -22"><span class='ocrx_word' id='word_1_364' title='bbox 223 3007 438 3054; x_wconf 79' lang='lat' dir='ltr'><strong>astruere</strong></span> <span class='ocrx_word' id='word_1_365' title='bbox 482 2998 538 3052; x_wconf 90' lang='lat' dir='ltr'><strong>in</strong></span> <span class='ocrx_word' id='word_1_366' title='bbox 588 2999 988 3054; x_wconf 85' lang='lat' dir='ltr'><strong>resurrectione</strong></span> <span class='ocrx_word' id='word_1_367' title='bbox 1030 2998 1223 3069; x_wconf 89' lang='lat' dir='ltr'><strong>judicii</strong></span> <span class='ocrx_word' id='word_1_368' title='bbox 1271 2998 1488 3063; x_wconf 63' lang='lat' dir='ltr'><strong>aeterni,</strong></span> <span class='ocrx_word' id='word_1_369' title='bbox 1533 3013 1638 3053; x_wconf 91' lang='lat' dir='ltr'><strong>non</strong></span> <span class='ocrx_word' id='word_1_370' title='bbox 1683 3014 1782 3055; x_wconf 90' lang='lat' dir='ltr'><strong>nos</strong></span> 
     </span>
    </p>
   </div>
   <div class='ocr_carea' id='block_1_46' title="bbox 224 3086 1781 3162">
    <p class='ocr_par' dir='ltr' id='par_1_46' title="bbox 224 3086 1781 3162">
     <span class='ocr_line' id='line_1_46' title="bbox 224 3086 1781 3162; baseline 0.004 -21"><span class='ocrx_word' id='word_1_371' title='bbox 224 3086 344 3143; x_wconf 78' lang='lat' dir='ltr'><strong>nuda</strong></span> <span class='ocrx_word' id='word_1_372' title='bbox 389 3106 645 3161; x_wconf 83' lang='lat' dir='ltr'><strong>corpora,</strong></span> <span class='ocrx_word' id='word_1_373' title='bbox 679 3092 926 3162; x_wconf 88' lang='lat' dir='ltr'><strong>quamvis</strong></span> <span class='ocrx_word' id='word_1_374' title='bbox 948 3092 1377 3161; x_wconf 90' lang='lat' dir='ltr'><strong>incorruptibilia</strong></span> <span class='ocrx_word' id='word_1_375' title='bbox 1422 3092 1602 3147; x_wconf 82' lang='lat' dir='ltr'><strong>futura</strong></span> <span class='ocrx_word' id='word_1_376' title='bbox 1648 3093 1781 3159; x_wconf 83' lang='lat' dir='ltr'><strong>sint,</strong></span> 
     </span>
    </p>
   </div>
   <div class='ocr_carea' id='block_1_47' title="bbox 221 3183 1779 3253">
    <p class='ocr_par' dir='ltr' id='par_1_47' title="bbox 221 3183 1779 3253">
     <span class='ocr_line' id='line_1_47' title="bbox 221 3183 1779 3253; baseline 0.004 -17"><span class='ocrx_word' id='word_1_377' title='bbox 221 3183 503 3253; x_wconf 85' lang='lat' dir='ltr'><strong>habituros,</strong></span> <span class='ocrx_word' id='word_1_378' title='bbox 555 3187 653 3242; x_wconf 91' lang='lat' dir='ltr'><strong>sed</strong></span> <span class='ocrx_word' id='word_1_379' title='bbox 722 3187 1069 3242; x_wconf 85' lang='lat' dir='ltr'><strong>lineamentis</strong></span> <span class='ocrx_word' id='word_1_380' title='bbox 1133 3188 1364 3241; x_wconf 87' lang='lat' dir='ltr'><strong>vestium</strong></span> <span class='ocrx_word' id='word_1_381' title='bbox 1427 3188 1779 3243; x_wconf 78' lang='lat' dir='ltr'><strong>circumiecta</strong></span> 
     </span>
    </p>
   </div>
   <div class='ocr_carea' id='block_1_48' title="bbox 1880 1989 3471 2061">
    <p class='ocr_par' dir='ltr' id='par_1_48' title="bbox 1880 1989 3471 2061">
     <span class='ocr_line' id='line_1_48' title="bbox 1880 1989 3471 2061; baseline 0.003 -19"><span class='ocrx_word' id='word_1_382' title='bbox 1880 1990 1971 2059; x_wconf 90' lang='lat' dir='ltr'><strong>qni</strong></span> <span class='ocrx_word' id='word_1_383' title='bbox 2015 1989 2147 2044; x_wconf 90' lang='lat' dir='ltr'><strong>talia</strong></span> <span class='ocrx_word' id='word_1_384' title='bbox 2189 2006 2296 2045; x_wconf 86' lang='lat' dir='ltr'><strong>non</strong></span> <span class='ocrx_word' id='word_1_385' title='bbox 2344 1999 2573 2061; x_wconf 87' lang='lat' dir='ltr'><strong>possunt</strong></span> <span class='ocrx_word' id='word_1_386' title='bbox 2617 1990 2800 2046; x_wconf 87' lang='lat' dir='ltr'><strong>facere</strong></span> <span class='ocrx_word' id='word_1_387' title='bbox 2847 1992 3172 2046; x_wconf 85' lang='lat' dir='ltr'><strong>vestimenta</strong></span> <span class='ocrx_word' id='word_1_388' title='bbox 3198 1991 3471 2048; x_wconf 82' lang='lat' dir='ltr'><strong>doctrina-</strong></span> 
     </span>
    </p>
   </div>
   <div class='ocr_carea' id='block_1_49' title="bbox 1882 2081 3471 2153">
    <p class='ocr_par' dir='ltr' id='par_1_49' title="bbox 1882 2081 3471 2153">
     <span class='ocr_line' id='line_1_49' title="bbox 1882 2081 3471 2153; baseline 0.003 -18"><span class='ocrx_word' id='word_1_389' title='bbox 1882 2096 2022 2147; x_wconf 89' lang='lat' dir='ltr'><strong>rum,</strong></span> <span class='ocrx_word' id='word_1_390' title='bbox 2057 2081 2208 2136; x_wconf 86' lang='lat' dir='ltr'><strong>salvo</strong></span> <span class='ocrx_word' id='word_1_391' title='bbox 2251 2081 2431 2136; x_wconf 89' lang='lat' dir='ltr'><strong>altiori</strong></span> <span class='ocrx_word' id='word_1_392' title='bbox 2462 2082 2754 2146; x_wconf 85' lang='lat' dir='ltr'><strong>intellectu,</strong></span> <span class='ocrx_word' id='word_1_393' title='bbox 2788 2084 3061 2153; x_wconf 82' lang='lat' dir='ltr'><strong>sapientes</strong></span> <span class='ocrx_word' id='word_1_394' title='bbox 3086 2083 3266 2140; x_wconf 67' lang='lat' dir='ltr'><strong>saeculi</strong></span> <span class='ocrx_word' id='word_1_395' title='bbox 3310 2082 3471 2153; x_wconf 84' lang='lat' dir='ltr'><strong>hujus</strong></span> 
     </span>
    </p>
   </div>
   <div class='ocr_carea' id='block_1_50' title="bbox 1880 2174 3471 2246">
    <p class='ocr_par' dir='ltr' id='par_1_50' title="bbox 1880 2174 3471 2246">
     <span class='ocr_line' id='line_1_50' title="bbox 1880 2174 3471 2246; baseline 0.003 -19"><span class='ocrx_word' id='word_1_396' title='bbox 1880 2188 2166 2242; x_wconf 88' lang='lat' dir='ltr'><strong>possumus</strong></span> <span class='ocrx_word' id='word_1_397' title='bbox 2214 2174 2539 2246; x_wconf 73' lang='lat' dir='ltr'><strong>intelligere,</strong></span> <span class='ocrx_word' id='word_1_398' title='bbox 2585 2176 2679 2246; x_wconf 85' lang='lat' dir='ltr'><strong>qui</strong></span> <span class='ocrx_word' id='word_1_399' title='bbox 2728 2176 3083 2246; x_wconf 62' lang='lat' dir='ltr'><strong>philosophiae</strong></span> <span class='ocrx_word' id='word_1_400' title='bbox 3122 2186 3182 2233; x_wconf 89' lang='lat' dir='ltr'><strong>et</strong></span> <span class='ocrx_word' id='word_1_401' title='bbox 3228 2177 3471 2232; x_wconf 87' lang='lat' dir='ltr'><strong>omnium</strong></span> 
     </span>
    </p>
   </div>
   <div class='ocr_carea' id='block_1_51' title="bbox 1881 2265 3471 2340">
    <p class='ocr_par' dir='ltr' id='par_1_51' title="bbox 1881 2265 3471 2340">
     <span class='ocr_line' id='line_1_51' title="bbox 1881 2265 3471 2340; baseline 0.003 -20"><span class='ocrx_word' id='word_1_402' title='bbox 1881 2265 2186 2340; x_wconf 88' lang='lat' dir='ltr'><strong>liberalium</strong></span> <span class='ocrx_word' id='word_1_403' title='bbox 2229 2270 2431 2322; x_wconf 88' lang='lat' dir='ltr'><strong>artium</strong></span> <span class='ocrx_word' id='word_1_404' title='bbox 2459 2268 2665 2324; x_wconf 87' lang='lat' dir='ltr'><strong>habent</strong></span> <span class='ocrx_word' id='word_1_405' title='bbox 2703 2269 3065 2340; x_wconf 76' lang='lat' dir='ltr'><strong>diligentiam,</strong></span> <span class='ocrx_word' id='word_1_406' title='bbox 3090 2279 3146 2324; x_wconf 89' lang='lat' dir='ltr'><strong>et</strong></span> <span class='ocrx_word' id='word_1_407' title='bbox 3172 2270 3393 2325; x_wconf 87' lang='lat' dir='ltr'><strong>student</strong></span> <span class='ocrx_word' id='word_1_408' title='bbox 3416 2270 3471 2325; x_wconf 89' lang='lat' dir='ltr'><strong>in</strong></span> 
     </span>
    </p>
   </div>
   <div class='ocr_carea' id='block_1_52' title="bbox 1864 2336 3475 2429">
    <p class='ocr_par' dir='ltr' id='par_1_52' title="bbox 1864 2336 3475 2429">
     <span class='ocr_line' id='line_1_52' title="bbox 1864 2336 3475 2429; baseline 0.003 -17"><span class='ocrx_word' id='word_1_409' title='bbox 1864 2336 1967 2412; x_wconf 81' lang='lat' dir='ltr'><strong>Ihis</strong></span> <span class='ocrx_word' id='word_1_410' title='bbox 1994 2358 2237 2427; x_wconf 83' lang='lat' dir='ltr'><strong>quotidie</strong></span> <span class='ocrx_word' id='word_1_411' title='bbox 2271 2368 2327 2415; x_wconf 84' lang='lat' dir='ltr'><strong>et</strong></span> <span class='ocrx_word' id='word_1_412' title='bbox 2352 2358 2711 2423; x_wconf 87' lang='lat' dir='ltr'><strong>delectantur,</strong></span> <span class='ocrx_word' id='word_1_413' title='bbox 2749 2336 2830 2414; x_wconf 31' lang='lat' dir='ltr'><strong>ut.</strong></span> <span class='ocrx_word' id='word_1_414' title='bbox 2851 2376 2946 2413; x_wconf 88' lang='lat' dir='ltr'><strong>sua</strong></span> <span class='ocrx_word' id='word_1_415' title='bbox 2972 2359 3223 2415; x_wconf 75' lang='lat' dir='ltr'><strong>facundia</strong></span> <span class='ocrx_word' id='word_1_416' title='bbox 3262 2359 3475 2429; x_wconf 77' lang='lat' dir='ltr'><strong>possint</strong></span> 
     </span>
    </p>
   </div>
   <div class='ocr_carea' id='block_1_53' title="bbox 1880 2450 3470 2522">
    <p class='ocr_par' dir='ltr' id='par_1_53' title="bbox 1880 2450 3470 2522">
     <span class='ocr_line' id='line_1_53' title="bbox 1880 2450 3470 2522; baseline -0.001 -16"><span class='ocrx_word' id='word_1_417' title='bbox 1880 2452 2210 2522; x_wconf 86' lang='lat' dir='ltr'><strong>persuadere</strong></span> <span class='ocrx_word' id='word_1_418' title='bbox 2238 2452 2490 2507; x_wconf 88' lang='lat' dir='ltr'><strong>homines</strong></span> <span class='ocrx_word' id='word_1_419' title='bbox 2527 2450 2594 2506; x_wconf 83' lang='lat' dir='ltr'><strong>ad</strong></span> <span class='ocrx_word' id='word_1_420' title='bbox 2634 2466 2788 2507; x_wconf 89' lang='lat' dir='ltr'><strong>suam</strong></span> <span class='ocrx_word' id='word_1_421' title='bbox 2840 2452 3166 2516; x_wconf 86' lang='lat' dir='ltr'><strong>doctrinam,</strong></span> <span class='ocrx_word' id='word_1_422' title='bbox 3213 2460 3268 2507; x_wconf 91' lang='lat' dir='ltr'><strong>et</strong></span> <span class='ocrx_word' id='word_1_423' title='bbox 3314 2451 3470 2505; x_wconf 88' lang='lat' dir='ltr'><strong>incli-</strong></span> 
     </span>
    </p>
   </div>
   <div class='ocr_carea' id='block_1_54' title="bbox 1885 2541 3471 2612">
    <p class='ocr_par' dir='ltr' id='par_1_54' title="bbox 1885 2541 3471 2612">
     <span class='ocr_line' id='line_1_54' title="bbox 1885 2541 3471 2612; baseline -0.002 -15"><span class='ocrx_word' id='word_1_424' title='bbox 1885 2557 2018 2597; x_wconf 87' lang='lat' dir='ltr'><strong>nare</strong></span> <span class='ocrx_word' id='word_1_425' title='bbox 2043 2541 2256 2595; x_wconf 85' lang='lat' dir='ltr'><strong>animos</strong></span> <span class='ocrx_word' id='word_1_426' title='bbox 2279 2541 2614 2612; x_wconf 86' lang='lat' dir='ltr'><strong>singulorum</strong></span> <span class='ocrx_word' id='word_1_427' title='bbox 2638 2544 2706 2596; x_wconf 89' lang='lat' dir='ltr'><strong>ad</strong></span> <span class='ocrx_word' id='word_1_428' title='bbox 2727 2558 2823 2597; x_wconf 88' lang='lat' dir='ltr'><strong>sua</strong></span> <span class='ocrx_word' id='word_1_429' title='bbox 2845 2541 3075 2608; x_wconf 81' lang='lat' dir='ltr'><strong>fallacia,</strong></span> <span class='ocrx_word' id='word_1_430' title='bbox 3096 2558 3217 2611; x_wconf 72' lang='lat' dir='ltr'><strong>qua:</strong></span> <span class='ocrx_word' id='word_1_431' title='bbox 3240 2543 3471 2595; x_wconf 90' lang='lat' dir='ltr'><strong>multum</strong></span> 
     </span>
    </p>
   </div>
   <div class='ocr_carea' id='block_1_55' title="bbox 1876 2631 3471 2702">
    <p class='ocr_par' dir='ltr' id='par_1_55' title="bbox 1876 2631 3471 2702">
     <span class='ocr_line' id='line_1_55' title="bbox 1876 2631 3471 2702; baseline 0.001 -16"><span class='ocrx_word' id='word_1_432' title='bbox 1876 2631 2131 2701; x_wconf 88' lang='lat' dir='ltr'><strong>jactitant</strong></span> <span class='ocrx_word' id='word_1_433' title='bbox 2158 2647 2281 2688; x_wconf 88' lang='lat' dir='ltr'><strong>esse</strong></span> <span class='ocrx_word' id='word_1_434' title='bbox 2312 2634 2591 2702; x_wconf 58' lang='lat' dir='ltr'><strong>piaclara,</strong></span> <span class='ocrx_word' id='word_1_435' title='bbox 2626 2633 2701 2687; x_wconf 87' lang='lat' dir='ltr'><strong>ita</strong></span> <span class='ocrx_word' id='word_1_436' title='bbox 2745 2642 2805 2686; x_wconf 91' lang='lat' dir='ltr'><strong>ut</strong></span> <span class='ocrx_word' id='word_1_437' title='bbox 2847 2634 3135 2687; x_wconf 75' lang='lat' dir='ltr'><strong>vidcantur</strong></span> <span class='ocrx_word' id='word_1_438' title='bbox 3168 2650 3231 2687; x_wconf 86' lang='lat' dir='ltr'><strong>ea</strong></span> <span class='ocrx_word' id='word_1_439' title='bbox 3270 2646 3471 2687; x_wconf 83' lang='lat' dir='ltr'><strong>ornare</strong></span> 
     </span>
    </p>
   </div>
   <div class='ocr_carea' id='block_1_56' title="bbox 1884 2724 3474 2795">
    <p class='ocr_par' dir='ltr' id='par_1_56' title="bbox 1884 2724 3474 2795">
     <span class='ocr_line' id='line_1_56' title="bbox 1884 2724 3474 2795; baseline 0 -14"><span class='ocrx_word' id='word_1_440' title='bbox 1884 2725 1998 2781; x_wconf 85' lang='lat' dir='ltr'><strong>suis</strong></span> <span class='ocrx_word' id='word_1_441' title='bbox 2024 2725 2204 2791; x_wconf 87' lang='lat' dir='ltr'><strong>dictis,</strong></span> <span class='ocrx_word' id='word_1_442' title='bbox 2247 2734 2305 2779; x_wconf 94' lang='lat' dir='ltr'><strong>ut</strong></span> <span class='ocrx_word' id='word_1_443' title='bbox 2334 2725 2544 2795; x_wconf 83' lang='lat' dir='ltr'><strong>possint</strong></span> <span class='ocrx_word' id='word_1_444' title='bbox 2570 2726 2918 2782; x_wconf 78' lang='lat' dir='ltr'><strong>introducere</strong></span> <span class='ocrx_word' id='word_1_445' title='bbox 2953 2739 3065 2780; x_wconf 76' lang='lat' dir='ltr'><strong>suae</strong></span> <span class='ocrx_word' id='word_1_446' title='bbox 3093 2724 3227 2780; x_wconf 75' lang='lat' dir='ltr'><strong>artis</strong></span> <span class='ocrx_word' id='word_1_447' title='bbox 3256 2725 3474 2795; x_wconf 86' lang='lat' dir='ltr'><strong>ingenio</strong></span> 
     </span>
    </p>
   </div>
   <div class='ocr_carea' id='block_1_57' title="bbox 1885 2815 3472 2886">
    <p class='ocr_par' dir='ltr' id='par_1_57' title="bbox 1885 2815 3472 2886">
     <span class='ocr_line' id='line_1_57' title="bbox 1885 2815 3472 2886; baseline 0.001 -17"><span class='ocrx_word' id='word_1_448' title='bbox 1885 2816 2132 2870; x_wconf 88' lang='lat' dir='ltr'><strong>homines</strong></span> <span class='ocrx_word' id='word_1_449' title='bbox 2171 2816 2237 2869; x_wconf 90' lang='lat' dir='ltr'><strong>ad</strong></span> <span class='ocrx_word' id='word_1_450' title='bbox 2274 2815 2437 2886; x_wconf 82' lang='lat'><strong>700</strong></span> <span class='ocrx_word' id='word_1_451' title='bbox 2459 2825 2644 2885; x_wconf 86' lang='lat' dir='ltr'><strong>turpes</strong></span> <span class='ocrx_word' id='word_1_452' title='bbox 2689 2831 2878 2871; x_wconf 88' lang='lat' dir='ltr'><strong>eorum</strong></span> <span class='ocrx_word' id='word_1_453' title='bbox 2926 2816 3253 2881; x_wconf 84' lang='lat' dir='ltr'><strong>intellectus,</strong></span> <span class='ocrx_word' id='word_1_454' title='bbox 3296 2827 3357 2873; x_wconf 90' lang='lat' dir='ltr'><strong>et</strong></span> <span class='ocrx_word' id='word_1_455' title='bbox 3400 2816 3472 2871; x_wconf 86' lang='lat' dir='ltr'><strong>ad</strong></span> 
     </span>
    </p>
   </div>
   <div class='ocr_carea' id='block_1_58' title="bbox 1885 2908 3473 2978">
    <p class='ocr_par' dir='ltr' id='par_1_58' title="bbox 1885 2908 3473 2978">
     <span class='ocr_line' id='line_1_58' title="bbox 1885 2908 3473 2978; baseline 0.004 -17"><span class='ocrx_word' id='word_1_456' title='bbox 1885 2923 2050 2978; x_wconf 89' lang='lat' dir='ltr'><strong>prava</strong></span> <span class='ocrx_word' id='word_1_457' title='bbox 2102 2909 2355 2978; x_wconf 81' lang='lat' dir='ltr'><strong>dogmata</strong></span> <span class='ocrx_word' id='word_1_458' title='bbox 2400 2924 2518 2963; x_wconf 89' lang='lat' dir='ltr'><strong>sua.</strong></span> <span class='ocrx_word' id='word_1_459' title='bbox 2570 2908 2709 2964; x_wconf 79' lang='lat' dir='ltr'><strong>Hinc</strong></span> <span class='ocrx_word' id='word_1_460' title='bbox 2744 2919 3012 2963; x_wconf 88' lang='lat' dir='ltr'><strong>conantur</strong></span> <span class='ocrx_word' id='word_1_461' title='bbox 3054 2926 3183 2965; x_wconf 86' lang='lat' dir='ltr'><strong>suos</strong></span> <span class='ocrx_word' id='word_1_462' title='bbox 3217 2909 3473 2967; x_wconf 77' lang='lat' dir='ltr'><strong>dealbare</strong></span> 
     </span>
    </p>
   </div>
   <div class='ocr_carea' id='block_1_59' title="bbox 1887 2999 3474 3070">
    <p class='ocr_par' dir='ltr' id='par_1_59' title="bbox 1887 2999 3474 3070">
     <span class='ocr_line' id='line_1_59' title="bbox 1887 2999 3474 3070; baseline 0.001 -15"><span class='ocrx_word' id='word_1_463' title='bbox 1887 3015 2186 3066; x_wconf 87' lang='lat' dir='ltr'><strong>sermones,</strong></span> <span class='ocrx_word' id='word_1_464' title='bbox 2217 2999 2371 3070; x_wconf 84' lang='lat' dir='ltr'><strong>quasi</strong></span> <span class='ocrx_word' id='word_1_465' title='bbox 2399 3009 2517 3055; x_wconf 88' lang='lat' dir='ltr'><strong>arte</strong></span> <span class='ocrx_word' id='word_1_466' title='bbox 2557 3000 2833 3063; x_wconf 76' lang='lat' dir='ltr'><strong>fuhonica,</strong></span> <span class='ocrx_word' id='word_1_467' title='bbox 2878 3008 2937 3055; x_wconf 85' lang='lat' dir='ltr'><strong>et</strong></span> <span class='ocrx_word' id='word_1_468' title='bbox 2964 3002 3224 3057; x_wconf 83' lang='lat' dir='ltr'><strong>candidos</strong></span> <span class='ocrx_word' id='word_1_469' title='bbox 3262 3016 3360 3057; x_wconf 86' lang='lat' dir='ltr'><strong>eos</strong></span> <span class='ocrx_word' id='word_1_470' title='bbox 3388 3002 3474 3057; x_wconf 84' lang='lat' dir='ltr'><strong>fa-</strong></span> 
     </span>
    </p>
   </div>
   <div class='ocr_carea' id='block_1_60' title="bbox 1886 3092 3471 3165">
    <p class='ocr_par' dir='ltr' id='par_1_60' title="bbox 1886 3092 3471 3165">
     <span class='ocr_line' id='line_1_60' title="bbox 1886 3092 3471 3165; baseline 0.002 -17"><span class='ocrx_word' id='word_1_471' title='bbox 1886 3107 2011 3148; x_wconf 86' lang='lat' dir='ltr'><strong>cere</strong></span> <span class='ocrx_word' id='word_1_472' title='bbox 2039 3108 2138 3148; x_wconf 87' lang='lat' dir='ltr'><strong>suo</strong></span> <span class='ocrx_word' id='word_1_473' title='bbox 2164 3094 2406 3163; x_wconf 86' lang='lat' dir='ltr'><strong>eloquio.</strong></span> <span class='ocrx_word' id='word_1_474' title='bbox 2445 3092 2558 3150; x_wconf 82' lang='lat' dir='ltr'><strong>Sed</strong></span> <span class='ocrx_word' id='word_1_475' title='bbox 2595 3094 2774 3150; x_wconf 89' lang='lat' dir='ltr'><strong>nullus</strong></span> <span class='ocrx_word' id='word_1_476' title='bbox 2814 3094 3025 3151; x_wconf 81' lang='lat' dir='ltr'><strong>illorum</strong></span> <span class='ocrx_word' id='word_1_477' title='bbox 3066 3110 3233 3165; x_wconf 72' lang='lat' dir='ltr'><strong>super</strong></span> <span class='ocrx_word' id='word_1_478' title='bbox 3271 3105 3471 3151; x_wconf 84' lang='lat' dir='ltr'><strong>terram</strong></span> 
     </span>
    </p>
   </div>
   <div class='ocr_carea' id='block_1_61' title="bbox 1889 3184 3477 3259">
    <p class='ocr_par' dir='ltr' id='par_1_61' title="bbox 1889 3184 3477 3259">
     <span class='ocr_line' id='line_1_61' title="bbox 1889 3184 3477 3259; baseline 0.004 -21"><span class='ocrx_word' id='word_1_479' title='bbox 1889 3184 1993 3239; x_wconf 83' lang='lat' dir='ltr'><strong>tale</strong></span> <span class='ocrx_word' id='word_1_480' title='bbox 2043 3185 2246 3254; x_wconf 87' lang='lat' dir='ltr'><strong>aliquid</strong></span> <span class='ocrx_word' id='word_1_481' title='bbox 2286 3186 2464 3255; x_wconf 87' lang='lat' dir='ltr'><strong>potuit</strong></span> <span class='ocrx_word' id='word_1_482' title='bbox 2510 3191 2710 3241; x_wconf 87' lang='lat' dir='ltr'><strong>cudere</strong></span> <span class='ocrx_word' id='word_1_483' title='bbox 2753 3186 2835 3242; x_wconf 87' lang='lat' dir='ltr'><strong>vel</strong></span> <span class='ocrx_word' id='word_1_484' title='bbox 2880 3186 3181 3254; x_wconf 86' lang='lat' dir='ltr'><strong>fabricare,</strong></span> <span class='ocrx_word' id='word_1_485' title='bbox 3233 3190 3358 3259; x_wconf 70' lang='lat' dir='ltr'><strong>quia</strong></span> <span class='ocrx_word' id='word_1_486' title='bbox 3411 3191 3477 3245; x_wconf 84' lang='lat' dir='ltr'><strong>de</strong></span> 
     </span>
    </p>
   </div>
   <div class='ocr_carea' id='block_1_62' title="bbox 226 3253 3474 3349">
    <p class='ocr_par' dir='ltr' id='par_1_62' title="bbox 226 3253 3474 3349">
     <span class='ocr_line' id='line_1_62' title="bbox 226 3253 3474 3349; baseline 0 -17"><span class='ocrx_word' id='word_1_487' title='bbox 226 3279 515 3347; x_wconf 84' lang='lat' dir='ltr'><strong>spiritaliter</strong></span> <span class='ocrx_word' id='word_1_488' title='bbox 534 3290 703 3349; x_wconf 80' lang='lat' dir='ltr'><strong>atque</strong></span> <span class='ocrx_word' id='word_1_489' title='bbox 732 3280 1219 3349; x_wconf 84' lang='lat' dir='ltr'><strong>incorruptibiliter</strong></span> <span class='ocrx_word' id='word_1_490' title='bbox 1249 3281 1540 3335; x_wconf 79' lang='lat' dir='ltr'><strong>contextis.</strong></span> <span class='ocrx_word' id='word_1_491' title='bbox 1571 3281 1780 3336; x_wconf 86' lang='lat' dir='ltr'><strong>idcirco</strong></span> <span class='ocrx_word' id='word_1_492' title='bbox 1809 3253 1857 3319; x_wconf 65' lang='grc' dir='ltr'><strong>θ</strong></span> <span class='ocrx_word' id='word_1_493' title='bbox 1890 3283 2033 3329; x_wconf 84' lang='lat' dir='ltr'><strong>terra</strong></span> <span class='ocrx_word' id='word_1_494' title='bbox 2064 3253 2241 3340; x_wconf 81' lang='lat' dir='ltr'><strong>erant,</strong></span> <span class='ocrx_word' id='word_1_495' title='bbox 2271 3253 2325 3330; x_wconf 80' lang='lat' dir='ltr'><strong>et</strong></span> <span class='ocrx_word' id='word_1_496' title='bbox 2347 3277 2471 3332; x_wconf 90' lang='lat' dir='ltr'><strong>ideo</strong></span> <span class='ocrx_word' id='word_1_497' title='bbox 2508 3286 2721 3333; x_wconf 86' lang='lat' dir='ltr'><strong>terrena</strong></span> <span class='ocrx_word' id='word_1_498' title='bbox 2747 3278 3083 3334; x_wconf 86' lang='lat' dir='ltr'><strong>solummodo</strong></span> <span class='ocrx_word' id='word_1_499' title='bbox 3126 3253 3182 3333; x_wconf 87' lang='lat' dir='ltr'><strong>et</strong></span> <span class='ocrx_word' id='word_1_500' title='bbox 3200 3253 3474 3349; x_wconf 71' lang='lat' dir='ltr'><strong>pcrpauca</strong></span> 
     </span>
    </p>
   </div>
   <div class='ocr_carea' id='block_1_63' title="bbox 216 3368 1778 3442">
    <p class='ocr_par' dir='ltr' id='par_1_63' title="bbox 216 3368 1778 3442">
     <span class='ocr_line' id='line_1_63' title="bbox 216 3368 1778 3442; baseline 0.004 -22"><span class='ocrx_word' id='word_1_501' title='bbox 216 3371 513 3426; x_wconf 78' lang='lat' dir='ltr'><strong>vestimenta</strong></span> <span class='ocrx_word' id='word_1_502' title='bbox 533 3372 655 3439; x_wconf 84' lang='lat' dir='ltr'><strong>ejus</strong></span> <span class='ocrx_word' id='word_1_503' title='bbox 683 3371 915 3426; x_wconf 87' lang='lat' dir='ltr'><strong>candida</strong></span> <span class='ocrx_word' id='word_1_504' title='bbox 930 3370 1071 3425; x_wconf 86' lang='lat' dir='ltr'><strong>facta</strong></span> <span class='ocrx_word' id='word_1_505' title='bbox 1098 3368 1262 3427; x_wconf 84' lang='lat' dir='ltr'><strong>fuisse</strong></span> <span class='ocrx_word' id='word_1_506' title='bbox 1298 3371 1550 3442; x_wconf 86' lang='lat' dir='ltr'><strong>leguntur</strong></span> <span class='ocrx_word' id='word_1_507' title='bbox 1577 3383 1635 3427; x_wconf 92' lang='lat' dir='ltr'><strong>ut</strong></span> <span class='ocrx_word' id='word_1_508' title='bbox 1666 3373 1778 3427; x_wconf 80' lang='lat' dir='ltr'><strong>nix.</strong></span> 
     </span>
    </p>
   </div>
   <div class='ocr_carea' id='block_1_64' title="bbox 213 3456 1785 3535">
    <p class='ocr_par' dir='ltr' id='par_1_64' title="bbox 213 3456 1785 3535">
     <span class='ocr_line' id='line_1_64' title="bbox 213 3456 1785 3535; baseline 0.004 -23"><span class='ocrx_word' id='word_1_509' title='bbox 213 3456 273 3512; x_wconf 80' lang='lat' dir='ltr'><strong>Et</strong></span> <span class='ocrx_word' id='word_1_510' title='bbox 295 3468 352 3513; x_wconf 89' lang='lat' dir='ltr'><strong>ut</strong></span> <span class='ocrx_word' id='word_1_511' title='bbox 386 3460 524 3516; x_wconf 86' lang='lat' dir='ltr'><strong>alius</strong></span> <span class='ocrx_word' id='word_1_512' title='bbox 557 3461 898 3531; x_wconf 85' lang='lat' dir='ltr'><strong>Evangelista</strong></span> <span class='ocrx_word' id='word_1_513' title='bbox 927 3462 1079 3528; x_wconf 88' lang='lat' dir='ltr'><strong>dicit,</strong></span> <span class='ocrx_word' id='word_1_514' title='bbox 1110 3461 1304 3528; x_wconf 82' lang='lat' dir='ltr'><strong>Qualia</strong></span> <span class='ocrx_word' id='word_1_515' title='bbox 1336 3462 1469 3533; x_wconf 83' lang='lat' dir='ltr'><strong>[ullo</strong></span> <span class='ocrx_word' id='word_1_516' title='bbox 1495 3481 1653 3535; x_wconf 81' lang='lat' dir='ltr'><strong>super</strong></span> <span class='ocrx_word' id='word_1_517' title='bbox 1679 3475 1785 3519; x_wconf 88' lang='lat' dir='ltr'><strong>ter-</strong></span> 
     </span>
    </p>
   </div>
   <div class='ocr_carea' id='block_1_65' title="bbox 214 3553 1784 3627">
    <p class='ocr_par' dir='ltr' id='par_1_65' title="bbox 214 3553 1784 3627">
     <span class='ocr_line' id='line_1_65' title="bbox 214 3553 1784 3627; baseline 0.008 -26"><span class='ocrx_word' id='word_1_518' title='bbox 214 3567 326 3603; x_wconf 87' lang='lat' dir='ltr'><strong>mm</strong></span> <span class='ocrx_word' id='word_1_519' title='bbox 364 3569 466 3606; x_wconf 83' lang='lat' dir='ltr'><strong>non</strong></span> <span class='ocrx_word' id='word_1_520' title='bbox 488 3564 649 3621; x_wconf 82' lang='lat' dir='ltr'><strong>potest</strong></span> <span class='ocrx_word' id='word_1_521' title='bbox 677 3555 851 3625; x_wconf 80' lang='lat' dir='ltr'><strong>facere</strong></span> <span class='ocrx_word' id='word_1_522' title='bbox 881 3553 1075 3625; x_wconf 76' lang='lat' dir='ltr'><strong>(Marc.</strong></span> <span class='ocrx_word' id='word_1_523' title='bbox 1110 3571 1187 3619; x_wconf 82' lang='lat' dir='ltr'><strong>ix,</strong></span> <span class='ocrx_word' id='word_1_524' title='bbox 1209 3556 1299 3624; x_wconf 76' lang='lat'><strong>2);</strong></span> <span class='ocrx_word' id='word_1_525' title='bbox 1340 3556 1466 3627; x_wconf 85' lang='lat' dir='ltr'><strong>quia</strong></span> <span class='ocrx_word' id='word_1_526' title='bbox 1504 3573 1622 3626; x_wconf 70' lang='lat' dir='ltr'><strong>qua:</strong></span> <span class='ocrx_word' id='word_1_527' title='bbox 1653 3558 1784 3614; x_wconf 85' lang='lat' dir='ltr'><strong>fullo</strong></span> 
     </span>
    </p>
   </div>
   <div class='ocr_carea' id='block_1_66' title="bbox 212 3639 1784 3717">
    <p class='ocr_par' dir='ltr' id='par_1_66' title="bbox 212 3639 1784 3717">
     <span class='ocr_line' id='line_1_66' title="bbox 212 3639 1784 3717; baseline 0.007 -24"><span class='ocrx_word' id='word_1_528' title='bbox 212 3639 391 3697; x_wconf 84' lang='lat' dir='ltr'><strong>facere</strong></span> <span class='ocrx_word' id='word_1_529' title='bbox 415 3654 588 3713; x_wconf 60' lang='lat' dir='ltr'><strong>petat</strong></span> <span class='ocrx_word' id='word_1_530' title='bbox 622 3661 784 3715; x_wconf 81' lang='lat' dir='ltr'><strong>super</strong></span> <span class='ocrx_word' id='word_1_531' title='bbox 810 3655 1036 3711; x_wconf 75' lang='lat' dir='ltr'><strong>terram,</strong></span> <span class='ocrx_word' id='word_1_532' title='bbox 1068 3648 1352 3717; x_wconf 88' lang='lat' dir='ltr'><strong>corporale</strong></span> <span class='ocrx_word' id='word_1_533' title='bbox 1393 3657 1497 3713; x_wconf 88' lang='lat' dir='ltr'><strong>est,</strong></span> <span class='ocrx_word' id='word_1_534' title='bbox 1524 3659 1579 3703; x_wconf 92' lang='lat' dir='ltr'><strong>et</strong></span> <span class='ocrx_word' id='word_1_535' title='bbox 1615 3650 1784 3704; x_wconf 91' lang='lat' dir='ltr'><strong>tactui</strong></span> 
     </span>
    </p>
   </div>
   <div class='ocr_carea' id='block_1_67' title="bbox 210 3735 1788 3809">
    <p class='ocr_par' dir='ltr' id='par_1_67' title="bbox 210 3735 1788 3809">
     <span class='ocr_line' id='line_1_67' title="bbox 210 3735 1788 3809; baseline 0.003 -20"><span class='ocrx_word' id='word_1_536' title='bbox 210 3735 468 3806; x_wconf 84' lang='lat' dir='ltr'><strong>subjaeet,</strong></span> <span class='ocrx_word' id='word_1_537' title='bbox 510 3751 615 3792; x_wconf 89' lang='lat' dir='ltr'><strong>non</strong></span> <span class='ocrx_word' id='word_1_538' title='bbox 651 3736 895 3809; x_wconf 84' lang='lat' dir='ltr'><strong>spiritale</strong></span> <span class='ocrx_word' id='word_1_539' title='bbox 922 3746 977 3791; x_wconf 91' lang='lat' dir='ltr'><strong>et</strong></span> <span class='ocrx_word' id='word_1_540' title='bbox 1017 3754 1235 3794; x_wconf 86' lang='lat' dir='ltr'><strong>aereum</strong></span> <span class='ocrx_word' id='word_1_541' title='bbox 1265 3741 1409 3809; x_wconf 80' lang='lat' dir='ltr'><strong>quod</strong></span> <span class='ocrx_word' id='word_1_542' title='bbox 1440 3740 1630 3796; x_wconf 89' lang='lat' dir='ltr'><strong>illudat</strong></span> <span class='ocrx_word' id='word_1_543' title='bbox 1657 3756 1788 3796; x_wconf 88' lang='lat' dir='ltr'><strong>ocu-</strong></span> 
     </span>
    </p>
   </div>
   <div class='ocr_carea' id='block_1_68' title="bbox 211 3827 1791 3901">
    <p class='ocr_par' dir='ltr' id='par_1_68' title="bbox 211 3827 1791 3901">
     <span class='ocr_line' id='line_1_68' title="bbox 211 3827 1791 3901; baseline 0.004 -22"><span class='ocrx_word' id='word_1_544' title='bbox 211 3827 293 3891; x_wconf 90' lang='lat' dir='ltr'><strong>lis,</strong></span> <span class='ocrx_word' id='word_1_545' title='bbox 337 3838 392 3882; x_wconf 86' lang='lat' dir='ltr'><strong>et</strong></span> <span class='ocrx_word' id='word_1_546' title='bbox 437 3837 646 3883; x_wconf 87' lang='lat' dir='ltr'><strong>tantum</strong></span> <span class='ocrx_word' id='word_1_547' title='bbox 691 3831 743 3883; x_wconf 93' lang='lat' dir='ltr'><strong>in</strong></span> <span class='ocrx_word' id='word_1_548' title='bbox 789 3831 1171 3900; x_wconf 84' lang='lat' dir='ltr'><strong>phantasmate</strong></span> <span class='ocrx_word' id='word_1_549' title='bbox 1208 3830 1599 3901; x_wconf 86' lang='lat' dir='ltr'><strong>conspiciatur,</strong></span> <span class='ocrx_word' id='word_1_550' title='bbox 1648 3831 1791 3885; x_wconf 89' lang='lat' dir='ltr'><strong>sicut</strong></span> 
     </span>
    </p>
   </div>
   <div class='ocr_carea' id='block_1_69' title="bbox 211 3918 1789 3991">
    <p class='ocr_par' dir='ltr' id='par_1_69' title="bbox 211 3918 1789 3991">
     <span class='ocr_line' id='line_1_69' title="bbox 211 3918 1789 3991; baseline 0.004 -20"><span class='ocrx_word' id='word_1_551' title='bbox 211 3932 306 3972; x_wconf 85' lang='lat' dir='ltr'><strong>nec</strong></span> <span class='ocrx_word' id='word_1_552' title='bbox 349 3918 435 3972; x_wconf 89' lang='lat' dir='ltr'><strong>illa</strong></span> <span class='ocrx_word' id='word_1_553' title='bbox 469 3936 592 3990; x_wconf 77' lang='lat' dir='ltr'><strong>quae</strong></span> <span class='ocrx_word' id='word_1_554' title='bbox 620 3920 674 3974; x_wconf 93' lang='lat' dir='ltr'><strong>in</strong></span> <span class='ocrx_word' id='word_1_555' title='bbox 719 3919 899 3975; x_wconf 89' lang='lat' dir='ltr'><strong>futuro</strong></span> <span class='ocrx_word' id='word_1_556' title='bbox 927 3929 1087 3975; x_wconf 88' lang='lat' dir='ltr'><strong>erunt</strong></span> <span class='ocrx_word' id='word_1_557' title='bbox 1116 3929 1424 3991; x_wconf 82' lang='lat' dir='ltr'><strong>tegumenta</strong></span> <span class='ocrx_word' id='word_1_558' title='bbox 1462 3922 1707 3990; x_wconf 89' lang='lat' dir='ltr'><strong>corporis</strong></span> <span class='ocrx_word' id='word_1_559' title='bbox 1743 3921 1789 3977; x_wconf 89' lang='lat' dir='ltr'><strong>si</strong></span> 
     </span>
    </p>
   </div>
   <div class='ocr_carea' id='block_1_70' title="bbox 210 4009 1786 4084">
    <p class='ocr_par' dir='ltr' id='par_1_70' title="bbox 210 4009 1786 4084">
     <span class='ocr_line' id='line_1_70' title="bbox 210 4009 1786 4084; baseline 0.003 -21"><span class='ocrx_word' id='word_1_560' title='bbox 210 4009 340 4066; x_wconf 83' lang='lat' dir='ltr'><strong>forte</strong></span> <span class='ocrx_word' id='word_1_561' title='bbox 358 4021 542 4078; x_wconf 81' lang='lat' dir='ltr'><strong>erant,</strong></span> <span class='ocrx_word' id='word_1_562' title='bbox 571 4028 680 4068; x_wconf 84' lang='lat' dir='ltr'><strong>non</strong></span> <span class='ocrx_word' id='word_1_563' title='bbox 720 4013 824 4069; x_wconf 89' lang='lat' dir='ltr'><strong>alia</strong></span> <span class='ocrx_word' id='word_1_564' title='bbox 859 4029 1026 4084; x_wconf 88' lang='lat' dir='ltr'><strong>quam</strong></span> <span class='ocrx_word' id='word_1_565' title='bbox 1051 4013 1319 4083; x_wconf 81' lang='lat' dir='ltr'><strong>spiritalia</strong></span> <span class='ocrx_word' id='word_1_566' title='bbox 1364 4023 1419 4069; x_wconf 88' lang='lat' dir='ltr'><strong>et</strong></span> <span class='ocrx_word' id='word_1_567' title='bbox 1449 4030 1572 4069; x_wconf 85' lang='lat' dir='ltr'><strong>vera</strong></span> <span class='ocrx_word' id='word_1_568' title='bbox 1603 4024 1786 4069; x_wconf 81' lang='lat' dir='ltr'><strong>erunt.</strong></span> 
     </span>
    </p>
   </div>
   <div class='ocr_carea' id='block_1_71' title="bbox 207 4101 1792 4177">
    <p class='ocr_par' dir='ltr' id='par_1_71' title="bbox 207 4101 1792 4177">
     <span class='ocr_line' id='line_1_71' title="bbox 207 4101 1792 4177; baseline 0.002 -20"><span class='ocrx_word' id='word_1_569' title='bbox 207 4101 371 4159; x_wconf 85' lang='lat' dir='ltr'><strong>Porro</strong></span> <span class='ocrx_word' id='word_1_570' title='bbox 407 4107 554 4176; x_wconf 89' lang='lat' dir='ltr'><strong>quod</strong></span> <span class='ocrx_word' id='word_1_571' title='bbox 602 4105 818 4161; x_wconf 78' lang='lat' dir='ltr'><strong>Marcus</strong></span> <span class='ocrx_word' id='word_1_572' title='bbox 866 4107 976 4172; x_wconf 91' lang='lat' dir='ltr'><strong>ait,</strong></span> <span class='ocrx_word' id='word_1_573' title='bbox 1018 4105 1085 4159; x_wconf 84' lang='lat' dir='ltr'><strong>Et</strong></span> <span class='ocrx_word' id='word_1_574' title='bbox 1143 4107 1446 4161; x_wconf 82' lang='lat' dir='ltr'><strong>vestimenta</strong></span> <span class='ocrx_word' id='word_1_575' title='bbox 1483 4107 1598 4177; x_wconf 87' lang='lat' dir='ltr'><strong>ejus</strong></span> <span class='ocrx_word' id='word_1_576' title='bbox 1648 4107 1792 4176; x_wconf 81' lang='lat' dir='ltr'><strong>facta</strong></span> 
     </span>
    </p>
   </div>
   <div class='ocr_carea' id='block_1_72' title="bbox 206 4194 1790 4269">
    <p class='ocr_par' dir='ltr' id='par_1_72' title="bbox 206 4194 1790 4269">
     <span class='ocr_line' id='line_1_72' title="bbox 206 4194 1790 4269; baseline 0 -17"><span class='ocrx_word' id='word_1_577' title='bbox 206 4194 367 4267; x_wconf 55' lang='lat' dir='ltr'><strong>6m</strong></span> <span class='ocrx_word' id='word_1_578' title='bbox 399 4209 522 4253; x_wconf 80' lang='lat' dir='ltr'><strong>sunt</strong></span> <span class='ocrx_word' id='word_1_579' title='bbox 563 4196 915 4269; x_wconf 79' lang='lat' dir='ltr'><strong>splendentia,</strong></span> <span class='ocrx_word' id='word_1_580' title='bbox 954 4208 1002 4252; x_wconf 84' lang='lat' dir='ltr'><strong>et</strong></span> <span class='ocrx_word' id='word_1_581' title='bbox 1045 4198 1273 4252; x_wconf 79' lang='lat' dir='ltr'><strong>candida</strong></span> <span class='ocrx_word' id='word_1_582' title='bbox 1311 4199 1466 4252; x_wconf 81' lang='lat' dir='ltr'><strong>nimis</strong></span> <span class='ocrx_word' id='word_1_583' title='bbox 1499 4198 1633 4253; x_wconf 83' lang='lat' dir='ltr'><strong>velut</strong></span> <span class='ocrx_word' id='word_1_584' title='bbox 1679 4199 1790 4263; x_wconf 75' lang='lat' dir='ltr'><strong>nix,</strong></span> 
     </span>
    </p>
   </div>
   <div class='ocr_carea' id='block_1_73' title="bbox 207 4291 1790 4362">
    <p class='ocr_par' dir='ltr' id='par_1_73' title="bbox 207 4291 1790 4362">
     <span class='ocr_line' id='line_1_73' title="bbox 207 4291 1790 4362; baseline 0.003 -22"><span class='ocrx_word' id='word_1_585' title='bbox 207 4292 379 4358; x_wconf 78' lang='lat' dir='ltr'><strong>qualia</strong></span> <span class='ocrx_word' id='word_1_586' title='bbox 405 4291 540 4360; x_wconf 68' lang='lat' dir='ltr'><strong>[ulla</strong></span> <span class='ocrx_word' id='word_1_587' title='bbox 560 4307 720 4362; x_wconf 83' lang='lat' dir='ltr'><strong>super</strong></span> <span class='ocrx_word' id='word_1_588' title='bbox 756 4300 971 4354; x_wconf 84' lang='lat' dir='ltr'><strong>terram,</strong></span> <span class='ocrx_word' id='word_1_589' title='bbox 1007 4308 1110 4346; x_wconf 81' lang='lat' dir='ltr'><strong>non</strong></span> <span class='ocrx_word' id='word_1_590' title='bbox 1131 4302 1293 4362; x_wconf 85' lang='lat' dir='ltr'><strong>potest</strong></span> <span class='ocrx_word' id='word_1_591' title='bbox 1333 4292 1563 4346; x_wconf 75' lang='lat' dir='ltr'><strong>candida</strong></span> <span class='ocrx_word' id='word_1_592' title='bbox 1596 4292 1790 4361; x_wconf 79' lang='lat' dir='ltr'><strong>facere,</strong></span> 
     </span>
    </p>
   </div>
   <div class='ocr_carea' id='block_1_74' title="bbox 209 4380 1793 4453">
    <p class='ocr_par' dir='ltr' id='par_1_74' title="bbox 209 4380 1793 4453">
     <span class='ocr_line' id='line_1_74' title="bbox 209 4380 1793 4453; baseline 0.001 -22"><span class='ocrx_word' id='word_1_593' title='bbox 209 4381 447 4448; x_wconf 85' lang='lat' dir='ltr'><strong>spiritale</strong></span> <span class='ocrx_word' id='word_1_594' title='bbox 485 4381 589 4437; x_wconf 90' lang='lat' dir='ltr'><strong>loci</strong></span> <span class='ocrx_word' id='word_1_595' title='bbox 619 4380 779 4451; x_wconf 87' lang='lat' dir='ltr'><strong>hujus</strong></span> <span class='ocrx_word' id='word_1_596' title='bbox 814 4381 1054 4436; x_wconf 89' lang='lat' dir='ltr'><strong>insinuat</strong></span> <span class='ocrx_word' id='word_1_597' title='bbox 1080 4381 1514 4453; x_wconf 81' lang='lat' dir='ltr'><strong>intelligentiam,</strong></span> <span class='ocrx_word' id='word_1_598' title='bbox 1545 4394 1636 4436; x_wconf 87' lang='lat' dir='ltr'><strong>seu</strong></span> <span class='ocrx_word' id='word_1_599' title='bbox 1676 4396 1793 4434; x_wconf 87' lang='lat' dir='ltr'><strong>mo-</strong></span> 
     </span>
    </p>
   </div>
   <div class='ocr_carea' id='block_1_75' title="bbox 212 4472 1798 4543">
    <p class='ocr_par' dir='ltr' id='par_1_75' title="bbox 212 4472 1798 4543">
     <span class='ocr_line' id='line_1_75' title="bbox 212 4472 1798 4543; baseline 0.002 -21"><span class='ocrx_word' id='word_1_600' title='bbox 212 4472 396 4525; x_wconf 89' lang='lat' dir='ltr'><strong>ralem.</strong></span> <span class='ocrx_word' id='word_1_601' title='bbox 440 4472 595 4529; x_wconf 82' lang='lat' dir='ltr'><strong>Unde</strong></span> <span class='ocrx_word' id='word_1_602' title='bbox 628 4473 756 4543; x_wconf 87' lang='lat' dir='ltr'><strong>quia</strong></span> <span class='ocrx_word' id='word_1_603' title='bbox 797 4473 1117 4528; x_wconf 73' lang='lat' dir='ltr'><strong>vestimenta</strong></span> <span class='ocrx_word' id='word_1_604' title='bbox 1161 4472 1383 4536; x_wconf 84' lang='lat' dir='ltr'><strong>Christi,</strong></span> <span class='ocrx_word' id='word_1_605' title='bbox 1430 4472 1632 4541; x_wconf 86' lang='lat' dir='ltr'><strong>quibus</strong></span> <span class='ocrx_word' id='word_1_606' title='bbox 1660 4486 1798 4541; x_wconf 74' lang='lat' dir='ltr'><strong>prae-</strong></span> 
     </span>
    </p>
   </div>
   <div class='ocr_carea' id='block_1_76' title="bbox 208 4561 1797 4635">
    <p class='ocr_par' dir='ltr' id='par_1_76' title="bbox 208 4561 1797 4635">
     <span class='ocr_line' id='line_1_76' title="bbox 208 4561 1797 4635; baseline 0.001 -19"><span class='ocrx_word' id='word_1_607' title='bbox 208 4561 547 4621; x_wconf 80' lang='lat' dir='ltr'><strong>clarissimas</strong></span> <span class='ocrx_word' id='word_1_608' title='bbox 568 4566 810 4621; x_wconf 90' lang='lat' dir='ltr'><strong>induitur</strong></span> <span class='ocrx_word' id='word_1_609' title='bbox 831 4564 1014 4631; x_wconf 68' lang='lat' dir='ltr'><strong>Iesus,</strong></span> <span class='ocrx_word' id='word_1_610' title='bbox 1042 4564 1451 4635; x_wconf 85' lang='lat' dir='ltr'><strong>Evangeliorum</strong></span> <span class='ocrx_word' id='word_1_611' title='bbox 1482 4565 1649 4619; x_wconf 89' lang='lat' dir='ltr'><strong>credo</strong></span> <span class='ocrx_word' id='word_1_612' title='bbox 1675 4578 1797 4618; x_wconf 88' lang='lat' dir='ltr'><strong>esse</strong></span> 
     </span>
    </p>
   </div>
   <div class='ocr_carea' id='block_1_77' title="bbox 1887 3366 3474 3439">
    <p class='ocr_par' dir='ltr' id='par_1_77' title="bbox 1887 3366 3474 3439">
     <span class='ocr_line' id='line_1_77' title="bbox 1887 3366 3474 3439; baseline 0.001 -19"><span class='ocrx_word' id='word_1_613' title='bbox 1887 3367 2191 3436; x_wconf 88' lang='lat' dir='ltr'><strong>sapiebant.</strong></span> <span class='ocrx_word' id='word_1_614' title='bbox 2219 3368 2289 3421; x_wconf 88' lang='lat' dir='ltr'><strong>At</strong></span> <span class='ocrx_word' id='word_1_615' title='bbox 2319 3382 2449 3424; x_wconf 87' lang='lat' dir='ltr'><strong>vero</strong></span> <span class='ocrx_word' id='word_1_616' title='bbox 2484 3366 2645 3423; x_wconf 71' lang='lat' dir='ltr'><strong>Jesus</strong></span> <span class='ocrx_word' id='word_1_617' title='bbox 2693 3379 2879 3424; x_wconf 86' lang='lat' dir='ltr'><strong>noster</strong></span> <span class='ocrx_word' id='word_1_618' title='bbox 2907 3369 3326 3439; x_wconf 82' lang='lat' dir='ltr'><strong>benignissimus</strong></span> <span class='ocrx_word' id='word_1_619' title='bbox 3352 3369 3474 3423; x_wconf 87' lang='lat' dir='ltr'><strong>Sal-</strong></span> 
     </span>
    </p>
   </div>
   <div class='ocr_carea' id='block_1_78' title="bbox 1890 3458 3475 3529">
    <p class='ocr_par' dir='ltr' id='par_1_78' title="bbox 1890 3458 3475 3529">
     <span class='ocr_line' id='line_1_78' title="bbox 1890 3458 3475 3529; baseline 0.003 -20"><span class='ocrx_word' id='word_1_620' title='bbox 1890 3466 2046 3513; x_wconf 87' lang='lat' dir='ltr'><strong>vator</strong></span> <span class='ocrx_word' id='word_1_621' title='bbox 2060 3466 2116 3511; x_wconf 89' lang='lat' dir='ltr'><strong>et</strong></span> <span class='ocrx_word' id='word_1_622' title='bbox 2136 3458 2500 3527; x_wconf 78' lang='lat' dir='ltr'><strong>peritissimus</strong></span> <span class='ocrx_word' id='word_1_623' title='bbox 2524 3459 2784 3527; x_wconf 78' lang='lat' dir='ltr'><strong>magister</strong></span> <span class='ocrx_word' id='word_1_624' title='bbox 2801 3458 3137 3529; x_wconf 85' lang='lat' dir='ltr'><strong>splendentia</strong></span> <span class='ocrx_word' id='word_1_625' title='bbox 3155 3459 3475 3515; x_wconf 81' lang='lat' dir='ltr'><strong>vestimenta</strong></span> 
     </span>
    </p>
   </div>
   <div class='ocr_carea' id='block_1_79' title="bbox 1896 3549 3477 3619">
    <p class='ocr_par' dir='ltr' id='par_1_79' title="bbox 1896 3549 3477 3619">
     <span class='ocr_line' id='line_1_79' title="bbox 1896 3549 3477 3619; baseline 0.001 -16"><span class='ocrx_word' id='word_1_626' title='bbox 1896 3564 1993 3603; x_wconf 88' lang='lat' dir='ltr'><strong>sua</strong></span> <span class='ocrx_word' id='word_1_627' title='bbox 2044 3549 2460 3603; x_wconf 87' lang='lat' dir='ltr'><strong>ascendentibus</strong></span> <span class='ocrx_word' id='word_1_628' title='bbox 2512 3564 2698 3604; x_wconf 87' lang='lat' dir='ltr'><strong>secum</strong></span> <span class='ocrx_word' id='word_1_629' title='bbox 2743 3564 2907 3619; x_wconf 89' lang='lat' dir='ltr'><strong>supra</strong></span> <span class='ocrx_word' id='word_1_630' title='bbox 2951 3557 3190 3603; x_wconf 85' lang='lat' dir='ltr'><strong>montem</strong></span> <span class='ocrx_word' id='word_1_631' title='bbox 3236 3550 3477 3604; x_wconf 87' lang='lat' dir='ltr'><strong>ostendit</strong></span> 
     </span>
    </p>
   </div>
   <div class='ocr_carea' id='block_1_80' title="bbox 1891 3638 3474 3709">
    <p class='ocr_par' dir='ltr' id='par_1_80' title="bbox 1891 3638 3474 3709">
     <span class='ocr_line' id='line_1_80' title="bbox 1891 3638 3474 3709; baseline 0.001 -16"><span class='ocrx_word' id='word_1_632' title='bbox 1891 3654 1997 3693; x_wconf 92' lang='lat' dir='ltr'><strong>non</strong></span> <span class='ocrx_word' id='word_1_633' title='bbox 2024 3639 2456 3709; x_wconf 88' lang='lat' dir='ltr'><strong>quibuscunque,</strong></span> <span class='ocrx_word' id='word_1_634' title='bbox 2486 3640 2581 3693; x_wconf 90' lang='lat' dir='ltr'><strong>sed</strong></span> <span class='ocrx_word' id='word_1_635' title='bbox 2609 3639 2784 3707; x_wconf 79' lang='lat' dir='ltr'><strong>dignis</strong></span> <span class='ocrx_word' id='word_1_636' title='bbox 2806 3648 2861 3692; x_wconf 90' lang='lat' dir='ltr'><strong>et</strong></span> <span class='ocrx_word' id='word_1_637' title='bbox 2901 3638 3247 3708; x_wconf 85' lang='lat' dir='ltr'><strong>gratissimis.</strong></span> <span class='ocrx_word' id='word_1_638' title='bbox 3277 3638 3474 3696; x_wconf 84' lang='lat' dir='ltr'><strong>Osten-</strong></span> 
     </span>
    </p>
   </div>
   <div class='ocr_carea' id='block_1_81' title="bbox 1894 3729 3523 3802">
    <p class='ocr_par' dir='ltr' id='par_1_81' title="bbox 1894 3729 3523 3802">
     <span class='ocr_line' id='line_1_81' title="bbox 1894 3729 3523 3802; baseline 0.003 -16"><span class='ocrx_word' id='word_1_639' title='bbox 1894 3732 1973 3787; x_wconf 90' lang='lat' dir='ltr'><strong>dit</strong></span> <span class='ocrx_word' id='word_1_640' title='bbox 1995 3731 2159 3795; x_wconf 89' lang='lat' dir='ltr'><strong>enim,</strong></span> <span class='ocrx_word' id='word_1_641' title='bbox 2191 3731 2318 3786; x_wconf 90' lang='lat' dir='ltr'><strong>licet</strong></span> <span class='ocrx_word' id='word_1_642' title='bbox 2340 3748 2370 3785; x_wconf 87' lang='lat' dir='ltr'><strong>a</strong></span> <span class='ocrx_word' id='word_1_643' title='bbox 2395 3729 2804 3785; x_wconf 75' lang='lat' dir='ltr'><strong>fastidientibus</strong></span> <span class='ocrx_word' id='word_1_644' title='bbox 2830 3739 2887 3785; x_wconf 90' lang='lat' dir='ltr'><strong>et</strong></span> <span class='ocrx_word' id='word_1_645' title='bbox 2925 3730 3157 3786; x_wconf 79' lang='lat' dir='ltr'><strong>indoctis</strong></span> <span class='ocrx_word' id='word_1_646' title='bbox 3176 3732 3477 3802; x_wconf 86' lang='lat' dir='ltr'><strong>despician-</strong></span> <span class='ocrx_word' id='word_1_647' title='bbox 3520 3786 3523 3791; x_wconf 94' lang='lat'><strong>.</strong></span> 
     </span>
    </p>
   </div>
   <div class='ocr_carea' id='block_1_82' title="bbox 1895 3822 3479 3895">
    <p class='ocr_par' dir='ltr' id='par_1_82' title="bbox 1895 3822 3479 3895">
     <span class='ocr_line' id='line_1_82' title="bbox 1895 3822 3479 3895; baseline 0.001 -16"><span class='ocrx_word' id='word_1_648' title='bbox 1895 3833 2003 3891; x_wconf 91' lang='lat' dir='ltr'><strong>tur,</strong></span> <span class='ocrx_word' id='word_1_649' title='bbox 2029 3824 2413 3895; x_wconf 89' lang='lat' dir='ltr'><strong>splendidiora,</strong></span> <span class='ocrx_word' id='word_1_650' title='bbox 2445 3840 2609 3894; x_wconf 86' lang='lat' dir='ltr'><strong>quam</strong></span> <span class='ocrx_word' id='word_1_651' title='bbox 2640 3823 2859 3878; x_wconf 87' lang='lat' dir='ltr'><strong>illorum</strong></span> <span class='ocrx_word' id='word_1_652' title='bbox 2892 3839 2982 3879; x_wconf 88' lang='lat' dir='ltr'><strong>ars</strong></span> <span class='ocrx_word' id='word_1_653' title='bbox 3007 3822 3261 3879; x_wconf 86' lang='lat' dir='ltr'><strong>fullonica</strong></span> <span class='ocrx_word' id='word_1_654' title='bbox 3299 3823 3479 3881; x_wconf 89' lang='lat' dir='ltr'><strong>facere</strong></span> 
     </span>
    </p>
   </div>
   <div class='ocr_carea' id='block_1_83' title="bbox 1893 3915 3486 3987">
    <p class='ocr_par' dir='ltr' id='par_1_83' title="bbox 1893 3915 3486 3987">
     <span class='ocr_line' id='line_1_83' title="bbox 1893 3915 3486 3987; baseline 0.001 -16"><span class='ocrx_word' id='word_1_655' title='bbox 1893 3917 2150 3987; x_wconf 87' lang='lat' dir='ltr'><strong>potuerit.</strong></span> <span class='ocrx_word' id='word_1_656' title='bbox 2182 3916 2522 3985; x_wconf 77' lang='lat' dir='ltr'><strong>Quapropter</strong></span> <span class='ocrx_word' id='word_1_657' title='bbox 2557 3923 2616 3969; x_wconf 92' lang='lat' dir='ltr'><strong>ut</strong></span> <span class='ocrx_word' id='word_1_658' title='bbox 2642 3928 2785 3985; x_wconf 71' lang='lat' dir='ltr'><strong>saepe</strong></span> <span class='ocrx_word' id='word_1_659' title='bbox 2808 3915 3017 3981; x_wconf 89' lang='lat' dir='ltr'><strong>monui,</strong></span> <span class='ocrx_word' id='word_1_660' title='bbox 3044 3923 3099 3969; x_wconf 89' lang='lat' dir='ltr'><strong>et</strong></span> <span class='ocrx_word' id='word_1_661' title='bbox 3132 3931 3355 3971; x_wconf 77' lang='lat' dir='ltr'><strong>monete</strong></span> <span class='ocrx_word' id='word_1_662' title='bbox 3378 3916 3486 3972; x_wconf 88' lang='lat' dir='ltr'><strong>fre-</strong></span> 
     </span>
    </p>
   </div>
   <div class='ocr_carea' id='block_1_84' title="bbox 1895 4006 3485 4078">
    <p class='ocr_par' dir='ltr' id='par_1_84' title="bbox 1895 4006 3485 4078">
     <span class='ocr_line' id='line_1_84' title="bbox 1895 4006 3485 4078; baseline 0.001 -16"><span class='ocrx_word' id='word_1_663' title='bbox 1895 4016 2128 4078; x_wconf 90' lang='lat' dir='ltr'><strong>quenter</strong></span> <span class='ocrx_word' id='word_1_664' title='bbox 2175 4008 2381 4072; x_wconf 87' lang='lat' dir='ltr'><strong>debeo,</strong></span> <span class='ocrx_word' id='word_1_665' title='bbox 2427 4021 2585 4062; x_wconf 86' lang='lat' dir='ltr'><strong>nemo</strong></span> <span class='ocrx_word' id='word_1_666' title='bbox 2638 4006 2986 4078; x_wconf 83' lang='lat' dir='ltr'><strong>Evangeliqu</strong></span> <span class='ocrx_word' id='word_1_667' title='bbox 3036 4020 3131 4061; x_wconf 87' lang='lat' dir='ltr'><strong>seu</strong></span> <span class='ocrx_word' id='word_1_668' title='bbox 3174 4006 3485 4075; x_wconf 83' lang='lat' dir='ltr'><strong>Scripturas</strong></span> 
     </span>
    </p>
   </div>
   <div class='ocr_carea' id='block_1_85' title="bbox 1899 4096 3482 4169">
    <p class='ocr_par' dir='ltr' id='par_1_85' title="bbox 1899 4096 3482 4169">
     <span class='ocr_line' id='line_1_85' title="bbox 1899 4096 3482 4169; baseline -0.001 -16"><span class='ocrx_word' id='word_1_669' title='bbox 1899 4100 2114 4154; x_wconf 90' lang='lat' dir='ltr'><strong>divinas</strong></span> <span class='ocrx_word' id='word_1_670' title='bbox 2144 4098 2414 4154; x_wconf 85' lang='lat' dir='ltr'><strong>desidiose</strong></span> <span class='ocrx_word' id='word_1_671' title='bbox 2444 4098 2607 4169; x_wconf 86' lang='lat' dir='ltr'><strong>legat,</strong></span> <span class='ocrx_word' id='word_1_672' title='bbox 2635 4112 2795 4153; x_wconf 87' lang='lat' dir='ltr'><strong>nemo</strong></span> <span class='ocrx_word' id='word_1_673' title='bbox 2817 4097 3008 4152; x_wconf 84' lang='lat' dir='ltr'><strong>altiora</strong></span> <span class='ocrx_word' id='word_1_674' title='bbox 3040 4096 3482 4166; x_wconf 80' lang='lat' dir='ltr'><strong>philosophorum</strong></span> 
     </span>
    </p>
   </div>
   <div class='ocr_carea' id='block_1_86' title="bbox 1892 4189 3484 4262">
    <p class='ocr_par' dir='ltr' id='par_1_86' title="bbox 1892 4189 3484 4262">
     <span class='ocr_line' id='line_1_86' title="bbox 1892 4189 3484 4262; baseline 0 -17"><span class='ocrx_word' id='word_1_675' title='bbox 1892 4191 2101 4262; x_wconf 85' lang='lat' dir='ltr'><strong>judicet</strong></span> <span class='ocrx_word' id='word_1_676' title='bbox 2128 4192 2365 4260; x_wconf 88' lang='lat' dir='ltr'><strong>eloquia,</strong></span> <span class='ocrx_word' id='word_1_677' title='bbox 2393 4205 2624 4260; x_wconf 75' lang='lat' dir='ltr'><strong>quorum</strong></span> <span class='ocrx_word' id='word_1_678' title='bbox 2670 4205 2939 4259; x_wconf 86' lang='lat' dir='ltr'><strong>nusquam</strong></span> <span class='ocrx_word' id='word_1_679' title='bbox 2984 4190 3065 4244; x_wconf 85' lang='lat' dir='ltr'><strong>vel</strong></span> <span class='ocrx_word' id='word_1_680' title='bbox 3094 4204 3331 4258; x_wconf 81' lang='lat' dir='ltr'><strong>unquam</strong></span> <span class='ocrx_word' id='word_1_681' title='bbox 3362 4189 3484 4256; x_wconf 85' lang='lat' dir='ltr'><strong>fuit,</strong></span> 
     </span>
    </p>
   </div>
   <div class='ocr_carea' id='block_1_87' title="bbox 1898 4279 3486 4352">
    <p class='ocr_par' dir='ltr' id='par_1_87' title="bbox 1898 4279 3486 4352">
     <span class='ocr_line' id='line_1_87' title="bbox 1898 4279 3486 4352; baseline 0.001 -17"><span class='ocrx_word' id='word_1_682' title='bbox 1898 4287 1992 4351; x_wconf 69' lang='lat' dir='ltr'><strong>qui</strong></span> <span class='ocrx_word' id='word_1_683' title='bbox 2021 4281 2125 4336; x_wconf 88' lang='lat' dir='ltr'><strong>tale</strong></span> <span class='ocrx_word' id='word_1_684' title='bbox 2149 4290 2206 4336; x_wconf 92' lang='lat' dir='ltr'><strong>ut</strong></span> <span class='ocrx_word' id='word_1_685' title='bbox 2236 4282 2440 4336; x_wconf 85' lang='lat' dir='ltr'><strong>dictum</strong></span> <span class='ocrx_word' id='word_1_686' title='bbox 2463 4289 2568 4345; x_wconf 85' lang='lat' dir='ltr'><strong>est,</strong></span> <span class='ocrx_word' id='word_1_687' title='bbox 2608 4279 2813 4349; x_wconf 87' lang='lat' dir='ltr'><strong>aliquid</strong></span> <span class='ocrx_word' id='word_1_688' title='bbox 2839 4280 3018 4335; x_wconf 73' lang='lat' dir='ltr'><strong>facere</strong></span> <span class='ocrx_word' id='word_1_689' title='bbox 3063 4295 3156 4334; x_wconf 85' lang='lat' dir='ltr'><strong>seu</strong></span> <span class='ocrx_word' id='word_1_690' title='bbox 3180 4281 3364 4336; x_wconf 86' lang='lat' dir='ltr'><strong>dicere</strong></span> <span class='ocrx_word' id='word_1_691' title='bbox 3390 4297 3486 4352; x_wconf 89' lang='lat' dir='ltr'><strong>po—</strong></span> 
     </span>
    </p>
   </div>
   <div class='ocr_carea' id='block_1_88' title="bbox 1900 4373 3491 4443">
    <p class='ocr_par' dir='ltr' id='par_1_88' title="bbox 1900 4373 3491 4443">
     <span class='ocr_line' id='line_1_88' title="bbox 1900 4373 3491 4443; baseline 0 -16"><span class='ocrx_word' id='word_1_692' title='bbox 1900 4375 2086 4428; x_wconf 84' lang='lat' dir='ltr'><strong>tuerit.</strong></span> <span class='ocrx_word' id='word_1_693' title='bbox 2114 4374 2186 4429; x_wconf 82' lang='grc' dir='ltr'>Ει</span> <span class='ocrx_word' id='word_1_694' title='bbox 2219 4383 2277 4428; x_wconf 88' lang='grc' dir='ltr'><strong>ιιι</strong></span> <span class='ocrx_word' id='word_1_695' title='bbox 2306 4373 2642 4429; x_wconf 85' lang='lat' dir='ltr'><strong>mirabiliora</strong></span> <span class='ocrx_word' id='word_1_696' title='bbox 2667 4380 3123 4437; x_wconf 85' lang='lat' dir='ltr'><strong>monstrarentur,</strong></span> <span class='ocrx_word' id='word_1_697' title='bbox 3144 4388 3265 4443; x_wconf 82' lang='lat' dir='ltr'><strong>quae</strong></span> <span class='ocrx_word' id='word_1_698' title='bbox 3286 4373 3491 4427; x_wconf 81' lang='lat' dir='ltr'><strong>ﬁebant</strong></span> 
     </span>
    </p>
   </div>
   <div class='ocr_carea' id='block_1_89' title="bbox 1901 4468 2205 4523">
    <p class='ocr_par' dir='ltr' id='par_1_89' title="bbox 1901 4468 2205 4523">
     <span class='ocr_line' id='line_1_89' title="bbox 1901 4468 2205 4523; baseline -0.003 -1"><span class='ocrx_word' id='word_1_699' title='bbox 1901 4468 1957 4522; x_wconf 88' lang='lat' dir='ltr'><strong>in</strong></span> <span class='ocrx_word' id='word_1_700' title='bbox 1985 4480 2168 4523; x_wconf 87' lang='lat' dir='ltr'><strong>monte</strong></span> <span class='ocrx_word' id='word_1_701' title='bbox 2193 4486 2205 4521; x_wconf 93' lang='lat'><strong>:</strong></span> 
     </span>
    </p>
   </div>
   <div class='ocr_carea' id='block_1_90' title="bbox 1979 4556 3493 4631">
    <p class='ocr_par' dir='ltr' id='par_1_90' title="bbox 1979 4556 3493 4631">
     <span class='ocr_line' id='line_1_90' title="bbox 1979 4556 3493 4631; baseline -0.001 -17"><span class='ocrx_word' id='word_1_702' title='bbox 1979 4560 2135 4625; x_wconf 80' lang='lat' dir='ltr'><strong>Ecce,</strong></span> <span class='ocrx_word' id='word_1_703' title='bbox 2167 4560 2365 4630; x_wconf 89' lang='lat' dir='ltr'><strong>inquit,</strong></span> <span class='ocrx_word' id='word_1_704' title='bbox 2386 4560 2633 4631; x_wconf 76' lang='lat' dir='ltr'><strong>apparuit</strong></span> <span class='ocrx_word' id='word_1_705' title='bbox 2662 4557 2769 4612; x_wconf 81' lang='lat' dir='ltr'><strong>illis</strong></span> <span class='ocrx_word' id='word_1_706' title='bbox 2797 4556 3006 4628; x_wconf 77' lang='lat' dir='ltr'><strong>Moyses</strong></span> <span class='ocrx_word' id='word_1_707' title='bbox 3032 4567 3081 4612; x_wconf 89' lang='lat' dir='ltr'><strong>et</strong></span> <span class='ocrx_word' id='word_1_708' title='bbox 3113 4556 3262 4612; x_wconf 83' lang='lat' dir='ltr'><strong>Elias</strong></span> <span class='ocrx_word' id='word_1_709' title='bbox 3288 4576 3405 4613; x_wconf 87' lang='lat' dir='ltr'><strong>cum</strong></span> <span class='ocrx_word' id='word_1_710' title='bbox 3434 4576 3493 4613; x_wconf 89' lang='lat' dir='ltr'><strong>eo</strong></span> 
     </span>
    </p>
   </div>
   <div class='ocr_carea' id='block_1_91' title="bbox 211 4628 3497 4732">
    <p class='ocr_par' dir='ltr' id='par_1_91' title="bbox 211 4628 3497 4732">
     <span class='ocr_line' id='line_1_91' title="bbox 211 4628 3497 4732; baseline -0.002 -20"><span class='ocrx_word' id='word_1_711' title='bbox 211 4655 557 4724; x_wconf 61' lang='lat' dir='ltr'><strong>documenta,</strong></span> <span class='ocrx_word' id='word_1_712' title='bbox 583 4661 783 4732; x_wconf 83' lang='lat' dir='ltr'><strong>quibus</strong></span> <span class='ocrx_word' id='word_1_713' title='bbox 816 4628 1034 4715; x_wconf 85' lang='lat' dir='ltr'><strong>indutus</strong></span> <span class='ocrx_word' id='word_1_714' title='bbox 1062 4628 1247 4715; x_wconf 76' lang='lat' dir='ltr'><strong>secant</strong></span> <span class='ocrx_word' id='word_1_715' title='bbox 1280 4658 1702 4714; x_wconf 84' lang='lat' dir='ltr'><strong>ascendentibus</strong></span> <span class='ocrx_word' id='word_1_716' title='bbox 1741 4658 1795 4711; x_wconf 90' lang='lat' dir='ltr'><strong>in</strong></span> <span class='ocrx_word' id='word_1_717' title='bbox 1827 4628 1876 4687; x_wconf 77' lang='grc' dir='ltr'>υ</span> <span class='ocrx_word' id='word_1_718' title='bbox 1904 4652 2194 4724; x_wconf 82' lang='lat' dir='ltr'><strong>loquentes.</strong></span> <span class='ocrx_word' id='word_1_719' title='bbox 2232 4628 2552 4719; x_wconf 81' lang='lat' dir='ltr'><strong>Quicunque</strong></span> <span class='ocrx_word' id='word_1_720' title='bbox 2586 4664 2721 4720; x_wconf 90' lang='lat' dir='ltr'><strong>ergo</strong></span> <span class='ocrx_word' id='word_1_721' title='bbox 2748 4648 3003 4719; x_wconf 82' lang='lat' dir='ltr'><strong>intelligit</strong></span> <span class='ocrx_word' id='word_1_722' title='bbox 3048 4648 3346 4719; x_wconf 86' lang='lat' dir='ltr'><strong>spiritalem</strong></span> <span class='ocrx_word' id='word_1_723' title='bbox 3376 4664 3497 4705; x_wconf 88' lang='lat' dir='ltr'><strong>esse</strong></span> 
     </span>
    </p>
   </div>
   <div class='ocr_carea' id='block_1_92' title="bbox 212 4750 1798 4820">
    <p class='ocr_par' dir='ltr' id='par_1_92' title="bbox 212 4750 1798 4820">
     <span class='ocr_line' id='line_1_92' title="bbox 212 4750 1798 4820; baseline 0.001 -17"><span class='ocrx_word' id='word_1_724' title='bbox 212 4762 446 4807; x_wconf 86' lang='lat' dir='ltr'><strong>montem</strong></span> <span class='ocrx_word' id='word_1_725' title='bbox 466 4754 749 4809; x_wconf 72' lang='lat' dir='ltr'><strong>excelsum</strong></span> <span class='ocrx_word' id='word_1_726' title='bbox 785 4751 1016 4810; x_wconf 83' lang='lat' dir='ltr'><strong>candida</strong></span> <span class='ocrx_word' id='word_1_727' title='bbox 1052 4753 1185 4807; x_wconf 83' lang='lat' dir='ltr'><strong>fiunt</strong></span> <span class='ocrx_word' id='word_1_728' title='bbox 1216 4753 1399 4817; x_wconf 87' lang='lat' dir='ltr'><strong>nimis,</strong></span> <span class='ocrx_word' id='word_1_729' title='bbox 1428 4760 1485 4805; x_wconf 90' lang='lat' dir='ltr'><strong>et</strong></span> <span class='ocrx_word' id='word_1_730' title='bbox 1511 4750 1798 4820; x_wconf 84' lang='lat' dir='ltr'><strong>splenden-</strong></span> 
     </span>
    </p>
   </div>
   <div class='ocr_carea' id='block_1_93' title="bbox 213 4838 1799 4915">
    <p class='ocr_par' dir='ltr' id='par_1_93' title="bbox 213 4838 1799 4915">
     <span class='ocr_line' id='line_1_93' title="bbox 213 4838 1799 4915; baseline 0.001 -22"><span class='ocrx_word' id='word_1_731' title='bbox 213 4838 312 4894; x_wconf 85' lang='lat' dir='ltr'><strong>tia.</strong></span> <span class='ocrx_word' id='word_1_732' title='bbox 338 4840 441 4897; x_wconf 84' lang='lat' dir='ltr'><strong>Sed</strong></span> <span class='ocrx_word' id='word_1_733' title='bbox 468 4844 599 4915; x_wconf 85' lang='lat' dir='ltr'><strong>quia</strong></span> <span class='ocrx_word' id='word_1_734' title='bbox 623 4844 1075 4899; x_wconf 87' lang='lat' dir='ltr'><strong>vestimentorum</strong></span> <span class='ocrx_word' id='word_1_735' title='bbox 1112 4842 1292 4897; x_wconf 68' lang='lat' dir='ltr'><strong>multa:</strong></span> <span class='ocrx_word' id='word_1_736' title='bbox 1327 4850 1452 4898; x_wconf 89' lang='lat' dir='ltr'><strong>sunt</strong></span> <span class='ocrx_word' id='word_1_737' title='bbox 1476 4840 1799 4895; x_wconf 69' lang='lat' dir='ltr'><strong>diﬁ‘ercntirc</strong></span> 
     </span>
    </p>
   </div>
   <div class='ocr_carea' id='block_1_94' title="bbox 210 4932 1800 5005">
    <p class='ocr_par' dir='ltr' id='par_1_94' title="bbox 210 4932 1800 5005">
     <span class='ocr_line' id='line_1_94' title="bbox 210 4932 1800 5005; baseline 0.002 -21"><span class='ocrx_word' id='word_1_738' title='bbox 210 4934 582 4999; x_wconf 73' lang='lat' dir='ltr'><strong>cantlidorum,</strong></span> <span class='ocrx_word' id='word_1_739' title='bbox 634 4936 723 4990; x_wconf 86' lang='lat' dir='ltr'><strong>illa</strong></span> <span class='ocrx_word' id='word_1_740' title='bbox 750 4952 872 5005; x_wconf 67' lang='lat' dir='ltr'><strong>qua:</strong></span> <span class='ocrx_word' id='word_1_741' title='bbox 898 4937 965 4990; x_wconf 90' lang='lat' dir='ltr'><strong>de</strong></span> <span class='ocrx_word' id='word_1_742' title='bbox 991 4935 1207 4991; x_wconf 82' lang='lat' dir='ltr'><strong>Christo</strong></span> <span class='ocrx_word' id='word_1_743' title='bbox 1252 4941 1381 4990; x_wconf 90' lang='lat' dir='ltr'><strong>sunt</strong></span> <span class='ocrx_word' id='word_1_744' title='bbox 1424 4933 1479 4987; x_wconf 88' lang='lat' dir='ltr'><strong>in</strong></span> <span class='ocrx_word' id='word_1_745' title='bbox 1511 4932 1800 5004; x_wconf 78' lang='lat' dir='ltr'><strong>Evangelia</strong></span> 
     </span>
    </p>
   </div>
   <div class='ocr_carea' id='block_1_95' title="bbox 210 5020 1799 5099">
    <p class='ocr_par' dir='ltr' id='par_1_95' title="bbox 210 5020 1799 5099">
     <span class='ocr_line' id='line_1_95' title="bbox 210 5020 1799 5099; baseline -0.001 -21"><span class='ocrx_word' id='word_1_746' title='bbox 210 5020 556 5093; x_wconf 81' lang='lat' dir='ltr'><strong>documenta,</strong></span> <span class='ocrx_word' id='word_1_747' title='bbox 580 5027 781 5098; x_wconf 86' lang='lat' dir='ltr'><strong>quibus</strong></span> <span class='ocrx_word' id='word_1_748' title='bbox 799 5043 860 5083; x_wconf 88' lang='lat' dir='ltr'><strong>se</strong></span> <span class='ocrx_word' id='word_1_749' title='bbox 881 5028 1030 5083; x_wconf 91' lang='lat' dir='ltr'><strong>indui</strong></span> <span class='ocrx_word' id='word_1_750' title='bbox 1057 5027 1308 5099; x_wconf 88' lang='lat' dir='ltr'><strong>dignatus</strong></span> <span class='ocrx_word' id='word_1_751' title='bbox 1330 5034 1435 5091; x_wconf 89' lang='lat' dir='ltr'><strong>est,</strong></span> <span class='ocrx_word' id='word_1_752' title='bbox 1460 5024 1597 5079; x_wconf 83' lang='lat' dir='ltr'><strong>fiunt</strong></span> <span class='ocrx_word' id='word_1_753' title='bbox 1615 5024 1799 5079; x_wconf 86' lang='lat' dir='ltr'><strong>divina</strong></span> 
     </span>
    </p>
   </div>
   <div class='ocr_carea' id='block_1_96' title="bbox 211 5119 1803 5192">
    <p class='ocr_par' dir='ltr' id='par_1_96' title="bbox 211 5119 1803 5192">
     <span class='ocr_line' id='line_1_96' title="bbox 211 5119 1803 5192; baseline -0.001 -19"><span class='ocrx_word' id='word_1_754' title='bbox 211 5121 727 5190; x_wconf 75' lang='lat' dir='ltr'><strong>contemplantibus,</strong></span> <span class='ocrx_word' id='word_1_755' title='bbox 778 5137 883 5176; x_wconf 92' lang='lat' dir='ltr'><strong>non</strong></span> <span class='ocrx_word' id='word_1_756' title='bbox 926 5122 1413 5192; x_wconf 79' lang='lat' dir='ltr'><strong>qualitercunque,</strong></span> <span class='ocrx_word' id='word_1_757' title='bbox 1433 5120 1529 5174; x_wconf 88' lang='lat' dir='ltr'><strong>sed</strong></span> <span class='ocrx_word' id='word_1_758' title='bbox 1571 5119 1803 5175; x_wconf 87' lang='lat' dir='ltr'><strong>candida</strong></span> 
     </span>
    </p>
   </div>
   <div class='ocr_carea' id='block_1_97' title="bbox 212 5212 1805 5283">
    <p class='ocr_par' dir='ltr' id='par_1_97' title="bbox 212 5212 1805 5283">
     <span class='ocr_line' id='line_1_97' title="bbox 212 5212 1805 5283; baseline 0.006 -22"><span class='ocrx_word' id='word_1_759' title='bbox 212 5217 271 5261; x_wconf 82' lang='lat' dir='ltr'><strong>et</strong></span> <span class='ocrx_word' id='word_1_760' title='bbox 314 5212 646 5282; x_wconf 84' lang='lat' dir='ltr'><strong>splendentia</strong></span> <span class='ocrx_word' id='word_1_761' title='bbox 696 5214 841 5269; x_wconf 89' lang='lat' dir='ltr'><strong>sicut</strong></span> <span class='ocrx_word' id='word_1_762' title='bbox 884 5214 1086 5270; x_wconf 90' lang='lat' dir='ltr'><strong>lumen.</strong></span> <span class='ocrx_word' id='word_1_763' title='bbox 1136 5214 1293 5283; x_wconf 89' lang='lat' dir='ltr'><strong>Quod</strong></span> <span class='ocrx_word' id='word_1_764' title='bbox 1334 5214 1379 5269; x_wconf 90' lang='lat' dir='ltr'><strong>si</strong></span> <span class='ocrx_word' id='word_1_765' title='bbox 1419 5216 1492 5269; x_wconf 91' lang='lat' dir='ltr'><strong>ita</strong></span> <span class='ocrx_word' id='word_1_766' title='bbox 1536 5214 1805 5270; x_wconf 87' lang='lat' dir='ltr'><strong>illustrata</strong></span> 
     </span>
    </p>
   </div>
   <div class='ocr_carea' id='block_1_98' title="bbox 216 5303 1807 5378">
    <p class='ocr_par' dir='ltr' id='par_1_98' title="bbox 216 5303 1807 5378">
     <span class='ocr_line' id='line_1_98' title="bbox 216 5303 1807 5378; baseline 0.003 -18"><span class='ocrx_word' id='word_1_767' title='bbox 216 5303 499 5371; x_wconf 78' lang='lat' dir='ltr'><strong>splendore</strong></span> <span class='ocrx_word' id='word_1_768' title='bbox 516 5308 853 5378; x_wconf 85' lang='lat' dir='ltr'><strong>conspicitur</strong></span> <span class='ocrx_word' id='word_1_769' title='bbox 875 5309 1183 5363; x_wconf 85' lang='lat' dir='ltr'><strong>humanitas</strong></span> <span class='ocrx_word' id='word_1_770' title='bbox 1205 5308 1408 5363; x_wconf 80' lang='lat' dir='ltr'><strong>Christi</strong></span> <span class='ocrx_word' id='word_1_771' title='bbox 1440 5309 1492 5362; x_wconf 90' lang='lat' dir='ltr'><strong>in</strong></span> <span class='ocrx_word' id='word_1_772' title='bbox 1514 5308 1807 5364; x_wconf 86' lang='lat' dir='ltr'><strong>Divinitale</strong></span> 
     </span>
    </p>
   </div>
   <div class='ocr_carea' id='block_1_99' title="bbox 214 5399 1808 5471">
    <p class='ocr_par' dir='ltr' id='par_1_99' title="bbox 214 5399 1808 5471">
     <span class='ocr_line' id='line_1_99' title="bbox 214 5399 1808 5471; baseline 0.003 -22"><span class='ocrx_word' id='word_1_773' title='bbox 214 5408 317 5450; x_wconf 83' lang='lat' dir='ltr'><strong>sua</strong></span> <span class='ocrx_word' id='word_1_774' title='bbox 355 5410 477 5454; x_wconf 87' lang='lat' dir='ltr'><strong>cum</strong></span> <span class='ocrx_word' id='word_1_775' title='bbox 526 5399 596 5453; x_wconf 86' lang='lat' dir='ltr'><strong>ad</strong></span> <span class='ocrx_word' id='word_1_776' title='bbox 650 5399 845 5454; x_wconf 86' lang='lat' dir='ltr'><strong>altiora</strong></span> <span class='ocrx_word' id='word_1_777' title='bbox 891 5415 1045 5456; x_wconf 88' lang='lat' dir='ltr'><strong>mens</strong></span> <span class='ocrx_word' id='word_1_778' title='bbox 1081 5401 1436 5471; x_wconf 89' lang='lat' dir='ltr'><strong>provehitur,</strong></span> <span class='ocrx_word' id='word_1_779' title='bbox 1476 5400 1601 5469; x_wconf 86' lang='lat' dir='ltr'><strong>quid</strong></span> <span class='ocrx_word' id='word_1_780' title='bbox 1648 5408 1808 5470; x_wconf 86' lang='lat' dir='ltr'><strong>putas</strong></span> 
     </span>
    </p>
   </div>
   <div class='ocr_carea' id='block_1_100' title="bbox 217 5491 1808 5563">
    <p class='ocr_par' dir='ltr' id='par_1_100' title="bbox 217 5491 1808 5563">
     <span class='ocr_line' id='line_1_100' title="bbox 217 5491 1808 5563; baseline 0.004 -23"><span class='ocrx_word' id='word_1_781' title='bbox 217 5500 419 5556; x_wconf 83' lang='lat' dir='ltr'><strong>quanta</strong></span> <span class='ocrx_word' id='word_1_782' title='bbox 468 5492 694 5548; x_wconf 87' lang='lat' dir='ltr'><strong>claritas</strong></span> <span class='ocrx_word' id='word_1_783' title='bbox 732 5491 962 5563; x_wconf 84' lang='lat' dir='ltr'><strong>refulget</strong></span> <span class='ocrx_word' id='word_1_784' title='bbox 1010 5492 1324 5548; x_wconf 82' lang='lat' dir='ltr'><strong>Divinitatis</strong></span> <span class='ocrx_word' id='word_1_785' title='bbox 1365 5492 1419 5546; x_wconf 92' lang='lat' dir='ltr'><strong>in</strong></span> <span class='ocrx_word' id='word_1_786' title='bbox 1468 5493 1808 5547; x_wconf 78' lang='lat' dir='ltr'><strong>humanitate</strong></span> 
     </span>
    </p>
   </div>
   <div class='ocr_carea' id='block_1_101' title="bbox 220 5581 1808 5654">
    <p class='ocr_par' dir='ltr' id='par_1_101' title="bbox 220 5581 1808 5654">
     <span class='ocr_line' id='line_1_101' title="bbox 220 5581 1808 5654; baseline 0.003 -23"><span class='ocrx_word' id='word_1_787' title='bbox 220 5582 436 5636; x_wconf 75' lang='lat' dir='ltr'><strong>carnis!</strong></span> <span class='ocrx_word' id='word_1_788' title='bbox 466 5581 624 5637; x_wconf 87' lang='lat' dir='ltr'><strong>Unde</strong></span> <span class='ocrx_word' id='word_1_789' title='bbox 652 5582 932 5654; x_wconf 85' lang='lat' dir='ltr'><strong>signanter</strong></span> <span class='ocrx_word' id='word_1_790' title='bbox 959 5591 1187 5652; x_wconf 88' lang='lat' dir='ltr'><strong>uterque</strong></span> <span class='ocrx_word' id='word_1_791' title='bbox 1217 5581 1686 5653; x_wconf 86' lang='lat' dir='ltr'><strong>Evangelistarum</strong></span> <span class='ocrx_word' id='word_1_792' title='bbox 1706 5582 1808 5648; x_wconf 84' lang='lat' dir='ltr'><strong>ait,</strong></span> 
     </span>
    </p>
   </div>
   <div class='ocr_carea' id='block_1_102' title="bbox 222 5674 1812 5748">
    <p class='ocr_par' dir='ltr' id='par_1_102' title="bbox 222 5674 1812 5748">
     <span class='ocr_line' id='line_1_102' title="bbox 222 5674 1812 5748; baseline 0.003 -19"><span class='ocrx_word' id='word_1_793' title='bbox 222 5676 346 5745; x_wconf 66' lang='lat' dir='ltr'><strong>quia</strong></span> <span class='ocrx_word' id='word_1_794' title='bbox 376 5674 565 5731; x_wconf 80' lang='lat' dir='ltr'><strong>Facies</strong></span> <span class='ocrx_word' id='word_1_795' title='bbox 603 5676 720 5746; x_wconf 84' lang='lat' dir='ltr'><strong>ejus</strong></span> <span class='ocrx_word' id='word_1_796' title='bbox 749 5678 886 5731; x_wconf 81' lang='lat' dir='ltr'><strong>sicut</strong></span> <span class='ocrx_word' id='word_1_797' title='bbox 932 5678 1012 5731; x_wconf 85' lang='lat' dir='ltr'><strong>sol</strong></span> <span class='ocrx_word' id='word_1_798' title='bbox 1042 5678 1189 5748; x_wconf 81' lang='lat' dir='ltr'><strong>facta</strong></span> <span class='ocrx_word' id='word_1_799' title='bbox 1222 5687 1318 5742; x_wconf 82' lang='lat' dir='ltr'><strong>est,</strong></span> <span class='ocrx_word' id='word_1_800' title='bbox 1357 5679 1659 5732; x_wconf 80' lang='lat' dir='ltr'><strong>vestimenta</strong></span> <span class='ocrx_word' id='word_1_801' title='bbox 1689 5690 1812 5733; x_wconf 77' lang='lat' dir='ltr'><strong>vero</strong></span> 
     </span>
    </p>
   </div>
   <div class='ocr_carea' id='block_1_103' title="bbox 228 5775 1813 5851">
    <p class='ocr_par' dir='ltr' id='par_1_103' title="bbox 228 5775 1813 5851">
     <span class='ocr_line' id='line_1_103' title="bbox 228 5775 1813 5851; baseline 0.001 -21"><span class='ocrx_word' id='word_1_802' title='bbox 228 5779 448 5834; x_wconf 76' lang='lat' dir='ltr'><strong>candida</strong></span> <span class='ocrx_word' id='word_1_803' title='bbox 481 5779 618 5833; x_wconf 81' lang='lat' dir='ltr'><strong>sicut</strong></span> <span class='ocrx_word' id='word_1_804' title='bbox 648 5780 774 5844; x_wconf 67' lang='lat' dir='ltr'><strong>nix;</strong></span> <span class='ocrx_word' id='word_1_805' title='bbox 799 5779 1055 5849; x_wconf 89' lang='lat' dir='ltr'><strong>quoniam</strong></span> <span class='ocrx_word' id='word_1_806' title='bbox 1084 5780 1199 5851; x_wconf 89' lang='lat' dir='ltr'><strong>ipse</strong></span> <span class='ocrx_word' id='word_1_807' title='bbox 1229 5789 1313 5835; x_wconf 86' lang='lat' dir='ltr'><strong>est</strong></span> <span class='ocrx_word' id='word_1_808' title='bbox 1358 5777 1440 5833; x_wconf 87' lang='lat' dir='ltr'><strong>sol</strong></span> <span class='ocrx_word' id='word_1_809' title='bbox 1462 5776 1691 5847; x_wconf 71' lang='lat' dir='ltr'><strong>justitiae</strong></span> <span class='ocrx_word' id='word_1_810' title='bbox 1719 5775 1813 5846; x_wconf 86' lang='lat' dir='ltr'><strong>qui</strong></span> 
     </span>
    </p>
   </div>
   <div class='ocr_carea' id='block_1_104' title="bbox 212 5870 1813 5948">
    <p class='ocr_par' dir='ltr' id='par_1_104' title="bbox 212 5870 1813 5948">
     <span class='ocr_line' id='line_1_104' title="bbox 212 5870 1813 5948; baseline 0 -23"><span class='ocrx_word' id='word_1_811' title='bbox 212 5870 397 5948; x_wconf 63' lang='lat' dir='ltr'><strong>illuxit</strong></span> <span class='ocrx_word' id='word_1_812' title='bbox 425 5881 481 5930; x_wconf 82' lang='lat' dir='ltr'><strong>et</strong></span> <span class='ocrx_word' id='word_1_813' title='bbox 508 5872 833 5929; x_wconf 83' lang='lat' dir='ltr'><strong>illuminavit</strong></span> <span class='ocrx_word' id='word_1_814' title='bbox 862 5873 928 5929; x_wconf 90' lang='lat' dir='ltr'><strong>ad</strong></span> <span class='ocrx_word' id='word_1_815' title='bbox 949 5872 1216 5943; x_wconf 87' lang='lat' dir='ltr'><strong>justitiam</strong></span> <span class='ocrx_word' id='word_1_816' title='bbox 1248 5874 1534 5930; x_wconf 84' lang='lat' dir='ltr'><strong>credentes</strong></span> <span class='ocrx_word' id='word_1_817' title='bbox 1588 5872 1696 5928; x_wconf 77' lang='lat' dir='ltr'><strong>Sed</strong></span> <span class='ocrx_word' id='word_1_818' title='bbox 1731 5874 1813 5926; x_wconf 75' lang='lat' dir='ltr'><strong>ta-</strong></span> 
     </span>
    </p>
   </div>
   <div class='ocr_carea' id='block_1_105' title="bbox 1900 4743 3498 4817">
    <p class='ocr_par' dir='ltr' id='par_1_105' title="bbox 1900 4743 3498 4817">
     <span class='ocr_line' id='line_1_105' title="bbox 1900 4743 3498 4817; baseline -0.002 -17"><span class='ocrx_word' id='word_1_819' title='bbox 1900 4746 2103 4817; x_wconf 73' lang='lat' dir='ltr'><strong>legein,</strong></span> <span class='ocrx_word' id='word_1_820' title='bbox 2137 4755 2194 4799; x_wconf 90' lang='lat' dir='ltr'><strong>et</strong></span> <span class='ocrx_word' id='word_1_821' title='bbox 2223 4761 2321 4816; x_wconf 89' lang='lat' dir='ltr'><strong>per</strong></span> <span class='ocrx_word' id='word_1_822' title='bbox 2354 4744 2570 4814; x_wconf 76' lang='lat' dir='ltr'><strong>Moysen</strong></span> <span class='ocrx_word' id='word_1_823' title='bbox 2598 4743 2774 4812; x_wconf 81' lang='lat' dir='ltr'><strong>legem</strong></span> <span class='ocrx_word' id='word_1_824' title='bbox 2822 4743 3141 4813; x_wconf 79' lang='lat' dir='ltr'><strong>signiﬁcari,</strong></span> <span class='ocrx_word' id='word_1_825' title='bbox 3185 4758 3394 4798; x_wconf 88' lang='lat' dir='ltr'><strong>necnon</strong></span> <span class='ocrx_word' id='word_1_826' title='bbox 3441 4750 3498 4798; x_wconf 88' lang='lat' dir='ltr'><strong>et</strong></span> 
     </span>
    </p>
   </div>
   <div class='ocr_carea' id='block_1_106' title="bbox 1904 4836 3497 4910">
    <p class='ocr_par' dir='ltr' id='par_1_106' title="bbox 1904 4836 3497 4910">
     <span class='ocr_line' id='line_1_106' title="bbox 1904 4836 3497 4910; baseline -0.003 -16"><span class='ocrx_word' id='word_1_827' title='bbox 1904 4855 2001 4910; x_wconf 90' lang='lat' dir='ltr'><strong>per</strong></span> <span class='ocrx_word' id='word_1_828' title='bbox 2046 4840 2219 4894; x_wconf 83' lang='lat' dir='ltr'><strong>Ellam</strong></span> <span class='ocrx_word' id='word_1_829' title='bbox 2249 4838 2492 4893; x_wconf 91' lang='lat' dir='ltr'><strong>omnium</strong></span> <span class='ocrx_word' id='word_1_830' title='bbox 2542 4838 2929 4907; x_wconf 88' lang='lat' dir='ltr'><strong>prophetarum</strong></span> <span class='ocrx_word' id='word_1_831' title='bbox 2975 4836 3226 4890; x_wconf 87' lang='lat' dir='ltr'><strong>vaticinia</strong></span> <span class='ocrx_word' id='word_1_832' title='bbox 3273 4840 3497 4891; x_wconf 86' lang='lat' dir='ltr'><strong>demon-</strong></span> 
     </span>
    </p>
   </div>
   <div class='ocr_carea' id='block_1_107' title="bbox 1906 4929 3501 5004">
    <p class='ocr_par' dir='ltr' id='par_1_107' title="bbox 1906 4929 3501 5004">
     <span class='ocr_line' id='line_1_107' title="bbox 1906 4929 3501 5004; baseline -0.003 -17"><span class='ocrx_word' id='word_1_833' title='bbox 1906 4934 2069 5000; x_wconf 81' lang='lat' dir='ltr'><strong>strari</strong></span> <span class='ocrx_word' id='word_1_834' title='bbox 2103 4937 2243 5004; x_wconf 72' lang='lat' dir='ltr'><strong>(quae</strong></span> <span class='ocrx_word' id='word_1_835' title='bbox 2267 4932 2488 4985; x_wconf 85' lang='lat' dir='ltr'><strong>omnino</strong></span> <span class='ocrx_word' id='word_1_836' title='bbox 2520 4930 2757 4984; x_wconf 75' lang='lat' dir='ltr'><strong>fidelium</strong></span> <span class='ocrx_word' id='word_1_837' title='bbox 2788 4931 2969 4985; x_wconf 90' lang='lat' dir='ltr'><strong>nullus</strong></span> <span class='ocrx_word' id='word_1_838' title='bbox 3000 4929 3216 4985; x_wconf 84' lang='lat' dir='ltr'><strong>dubitat</strong></span> <span class='ocrx_word' id='word_1_839' title='bbox 3255 4932 3323 4985; x_wconf 89' lang='lat' dir='ltr'><strong>de</strong></span> <span class='ocrx_word' id='word_1_840' title='bbox 3349 4930 3501 4985; x_wconf 84' lang='lat' dir='ltr'><strong>Citri-</strong></span> 
     </span>
    </p>
   </div>
   <div class='ocr_carea' id='block_1_108' title="bbox 1907 5022 3497 5098">
    <p class='ocr_par' dir='ltr' id='par_1_108' title="bbox 1907 5022 3497 5098">
     <span class='ocr_line' id='line_1_108' title="bbox 1907 5022 3497 5098; baseline -0.004 -14"><span class='ocrx_word' id='word_1_841' title='bbox 1907 5037 1992 5084; x_wconf 92' lang='lat' dir='ltr'><strong>sto</strong></span> <span class='ocrx_word' id='word_1_842' title='bbox 2016 5025 2407 5098; x_wconf 79' lang='lat' dir='ltr'><strong>pra-nuntiare)</strong></span> <span class='ocrx_word' id='word_1_843' title='bbox 2444 5026 2532 5080; x_wconf 85' lang='lat' dir='ltr'><strong>hic</strong></span> <span class='ocrx_word' id='word_1_844' title='bbox 2571 5024 2882 5095; x_wconf 68' lang='lat' dir='ltr'><strong>plenissime</strong></span> <span class='ocrx_word' id='word_1_845' title='bbox 2902 5026 3205 5095; x_wconf 87' lang='lat' dir='ltr'><strong>cognoscit,</strong></span> <span class='ocrx_word' id='word_1_846' title='bbox 3243 5039 3415 5093; x_wconf 84' lang='lat' dir='ltr'><strong>quare</strong></span> <span class='ocrx_word' id='word_1_847' title='bbox 3440 5022 3497 5078; x_wconf 89' lang='lat' dir='ltr'><strong>hi</strong></span> 
     </span>
    </p>
   </div>
   <div class='ocr_carea' id='block_1_109' title="bbox 1910 5114 3503 5184">
    <p class='ocr_par' dir='ltr' id='par_1_109' title="bbox 1910 5114 3503 5184">
     <span class='ocr_line' id='line_1_109' title="bbox 1910 5114 3503 5184; baseline -0.003 -10"><span class='ocrx_word' id='word_1_848' title='bbox 1910 5121 2017 5175; x_wconf 88' lang='lat' dir='ltr'><strong>duo</strong></span> <span class='ocrx_word' id='word_1_849' title='bbox 2051 5128 2257 5172; x_wconf 88' lang='lat' dir='ltr'><strong>tantum</strong></span> <span class='ocrx_word' id='word_1_850' title='bbox 2290 5132 2414 5172; x_wconf 89' lang='lat' dir='ltr'><strong>cum</strong></span> <span class='ocrx_word' id='word_1_851' title='bbox 2444 5131 2509 5170; x_wconf 83' lang='lat' dir='ltr'><strong>eo</strong></span> <span class='ocrx_word' id='word_1_852' title='bbox 2540 5116 2592 5169; x_wconf 91' lang='lat' dir='ltr'><strong>in</strong></span> <span class='ocrx_word' id='word_1_853' title='bbox 2624 5124 2807 5170; x_wconf 85' lang='lat' dir='ltr'><strong>monte</strong></span> <span class='ocrx_word' id='word_1_854' title='bbox 2835 5125 2891 5170; x_wconf 88' lang='lat' dir='ltr'><strong>et</strong></span> <span class='ocrx_word' id='word_1_855' title='bbox 2930 5116 2982 5168; x_wconf 89' lang='lat' dir='ltr'><strong>itt</strong></span> <span class='ocrx_word' id='word_1_856' title='bbox 3035 5114 3206 5184; x_wconf 85' lang='lat' dir='ltr'><strong>gloria</strong></span> <span class='ocrx_word' id='word_1_857' title='bbox 3236 5126 3503 5183; x_wconf 83' lang='lat' dir='ltr'><strong>apparue-</strong></span> 
     </span>
    </p>
   </div>
   <div class='ocr_carea' id='block_1_110' title="bbox 1912 5206 3503 5278">
    <p class='ocr_par' dir='ltr' id='par_1_110' title="bbox 1912 5206 3503 5278">
     <span class='ocr_line' id='line_1_110' title="bbox 1912 5206 3503 5278; baseline -0.003 -12"><span class='ocrx_word' id='word_1_858' title='bbox 1912 5213 2038 5266; x_wconf 89' lang='lat' dir='ltr'><strong>rint.</strong></span> <span class='ocrx_word' id='word_1_859' title='bbox 2065 5210 2218 5278; x_wconf 88' lang='lat' dir='ltr'><strong>Quod</strong></span> <span class='ocrx_word' id='word_1_860' title='bbox 2240 5210 2372 5264; x_wconf 77' lang='lat' dir='ltr'><strong>Satis</strong></span> <span class='ocrx_word' id='word_1_861' title='bbox 2395 5209 2570 5263; x_wconf 82' lang='lat' dir='ltr'><strong>Lucas</strong></span> <span class='ocrx_word' id='word_1_862' title='bbox 2600 5208 3193 5271; x_wconf 69' lang='lat' dir='ltr'><strong>evidentiusostendib,</strong></span> <span class='ocrx_word' id='word_1_863' title='bbox 3223 5222 3345 5261; x_wconf 88' lang='lat' dir='ltr'><strong>cum</strong></span> <span class='ocrx_word' id='word_1_864' title='bbox 3369 5206 3503 5261; x_wconf 86' lang='lat' dir='ltr'><strong>dicit</strong></span> 
     </span>
    </p>
   </div>
   <div class='ocr_carea' id='block_1_111' title="bbox 1911 5297 3500 5374">
    <p class='ocr_par' dir='ltr' id='par_1_111' title="bbox 1911 5297 3500 5374">
     <span class='ocr_line' id='line_1_111' title="bbox 1911 5297 3500 5374; baseline -0.003 -18"><span class='ocrx_word' id='word_1_865' title='bbox 1911 5304 2053 5374; x_wconf 86' lang='lat' dir='ltr'><strong>quod</strong></span> <span class='ocrx_word' id='word_1_866' title='bbox 2078 5304 2131 5357; x_wconf 87' lang='lat' dir='ltr'><strong>hi</strong></span> <span class='ocrx_word' id='word_1_867' title='bbox 2165 5303 2271 5356; x_wconf 92' lang='lat' dir='ltr'><strong>duo</strong></span> <span class='ocrx_word' id='word_1_868' title='bbox 2307 5318 2428 5355; x_wconf 83' lang='lat' dir='ltr'><strong>cum</strong></span> <span class='ocrx_word' id='word_1_869' title='bbox 2454 5316 2520 5355; x_wconf 94' lang='lat' dir='ltr'><strong>eo</strong></span> <span class='ocrx_word' id='word_1_870' title='bbox 2552 5300 2650 5354; x_wconf 87' lang='lat' dir='ltr'><strong>visi</strong></span> <span class='ocrx_word' id='word_1_871' title='bbox 2699 5303 2809 5353; x_wconf 89' lang='lat' dir='ltr'><strong>sint</strong></span> <span class='ocrx_word' id='word_1_872' title='bbox 2826 5299 3197 5367; x_wconf 84' lang='lat' dir='ltr'><strong>colloquentes</strong></span> <span class='ocrx_word' id='word_1_873' title='bbox 3222 5299 3275 5352; x_wconf 84' lang='lat' dir='ltr'><strong>in</strong></span> <span class='ocrx_word' id='word_1_874' title='bbox 3308 5297 3500 5367; x_wconf 87' lang='lat' dir='ltr'><strong>gloria,</strong></span> 
     </span>
    </p>
   </div>
   <div class='ocr_carea' id='block_1_112' title="bbox 1917 5389 3505 5462">
    <p class='ocr_par' dir='ltr' id='par_1_112' title="bbox 1917 5389 3505 5462">
     <span class='ocr_line' id='line_1_112' title="bbox 1917 5389 3505 5462; baseline -0.005 -9"><span class='ocrx_word' id='word_1_875' title='bbox 1917 5400 1981 5453; x_wconf 78' lang='lat' dir='ltr'><strong>Et</strong></span> <span class='ocrx_word' id='word_1_876' title='bbox 2021 5397 2261 5452; x_wconf 81' lang='lat' dir='ltr'><strong>dicebant</strong></span> <span class='ocrx_word' id='word_1_877' title='bbox 2309 5409 2575 5449; x_wconf 73' lang='lat' dir='ltr'><strong>excessum</strong></span> <span class='ocrx_word' id='word_1_878' title='bbox 2607 5393 2724 5462; x_wconf 85' lang='lat' dir='ltr'><strong>ejus</strong></span> <span class='ocrx_word' id='word_1_879' title='bbox 2752 5407 2905 5461; x_wconf 86' lang='lat' dir='ltr'><strong>quem</strong></span> <span class='ocrx_word' id='word_1_880' title='bbox 2943 5390 3252 5460; x_wconf 72' lang='lat' dir='ltr'><strong>impleturus</strong></span> <span class='ocrx_word' id='word_1_881' title='bbox 3292 5400 3405 5443; x_wconf 85' lang='lat' dir='ltr'><strong>erat</strong></span> <span class='ocrx_word' id='word_1_882' title='bbox 3447 5389 3505 5445; x_wconf 72' lang='lat' dir='ltr'><strong>in</strong></span> 
     </span>
    </p>
   </div>
   <div class='ocr_carea' id='block_1_113' title="bbox 1918 5481 3506 5552">
    <p class='ocr_par' dir='ltr' id='par_1_113' title="bbox 1918 5481 3506 5552">
     <span class='ocr_line' id='line_1_113' title="bbox 1918 5481 3506 5552; baseline -0.008 -5"><span class='ocrx_word' id='word_1_883' title='bbox 1918 5490 2235 5548; x_wconf 79' lang='lat' dir='ltr'><strong>Jerusalem.</strong></span> <span class='ocrx_word' id='word_1_884' title='bbox 2275 5487 2374 5544; x_wconf 87' lang='lat' dir='ltr'><strong>Ubi</strong></span> <span class='ocrx_word' id='word_1_885' title='bbox 2410 5485 2665 5548; x_wconf 86' lang='lat' dir='ltr'><strong>ostendit,</strong></span> <span class='ocrx_word' id='word_1_886' title='bbox 2696 5483 2839 5552; x_wconf 89' lang='lat' dir='ltr'><strong>quod</strong></span> <span class='ocrx_word' id='word_1_887' title='bbox 2862 5482 2946 5537; x_wconf 81' lang='lat' dir='ltr'><strong>lex</strong></span> <span class='ocrx_word' id='word_1_888' title='bbox 2972 5491 3030 5536; x_wconf 89' lang='lat' dir='ltr'><strong>et</strong></span> <span class='ocrx_word' id='word_1_889' title='bbox 3050 5481 3337 5551; x_wconf 81' lang='lat' dir='ltr'><strong>prophetia</strong></span> <span class='ocrx_word' id='word_1_890' title='bbox 3363 5496 3506 5536; x_wconf 86' lang='lat' dir='ltr'><strong>sem-</strong></span> 
     </span>
    </p>
   </div>
   <div class='ocr_carea' id='block_1_114' title="bbox 1916 5573 3505 5656">
    <p class='ocr_par' dir='ltr' id='par_1_114' title="bbox 1916 5573 3505 5656">
     <span class='ocr_line' id='line_1_114' title="bbox 1916 5573 3505 5656; baseline -0.009 -15"><span class='ocrx_word' id='word_1_891' title='bbox 1916 5600 2018 5656; x_wconf 76' lang='lat' dir='ltr'><strong>per</strong></span> <span class='ocrx_word' id='word_1_892' title='bbox 2034 5599 2157 5639; x_wconf 80' lang='lat' dir='ltr'><strong>cum</strong></span> <span class='ocrx_word' id='word_1_893' title='bbox 2183 5581 2313 5638; x_wconf 80' lang='lat' dir='ltr'><strong>Jesn</strong></span> <span class='ocrx_word' id='word_1_894' title='bbox 2336 5590 2479 5643; x_wconf 89' lang='lat' dir='ltr'><strong>sunt,</strong></span> <span class='ocrx_word' id='word_1_895' title='bbox 2503 5588 2701 5634; x_wconf 88' lang='lat' dir='ltr'><strong>etcum</strong></span> <span class='ocrx_word' id='word_1_896' title='bbox 2721 5589 2787 5629; x_wconf 90' lang='lat' dir='ltr'><strong>eo</strong></span> <span class='ocrx_word' id='word_1_897' title='bbox 2808 5573 3222 5643; x_wconf 87' lang='lat' dir='ltr'><strong>colloquuntur;</strong></span> <span class='ocrx_word' id='word_1_898' title='bbox 3244 5583 3294 5629; x_wconf 89' lang='lat' dir='ltr'><strong>et</strong></span> <span class='ocrx_word' id='word_1_899' title='bbox 3320 5573 3505 5628; x_wconf 80' lang='lat' dir='ltr'><strong>omnia</strong></span> 
     </span>
    </p>
   </div>
   <div class='ocr_carea' id='block_1_115' title="bbox 1918 5666 3509 5754">
    <p class='ocr_par' dir='ltr' id='par_1_115' title="bbox 1918 5666 3509 5754">
     <span class='ocr_line' id='line_1_115' title="bbox 1918 5666 3509 5754; baseline -0.009 -18"><span class='ocrx_word' id='word_1_900' title='bbox 1918 5693 2257 5754; x_wconf 67' lang='lat' dir='ltr'><strong>quaecunque</strong></span> <span class='ocrx_word' id='word_1_901' title='bbox 2278 5674 2457 5746; x_wconf 82' lang='lat' dir='ltr'><strong>gessit</strong></span> <span class='ocrx_word' id='word_1_902' title='bbox 2499 5672 2553 5726; x_wconf 89' lang='lat' dir='ltr'><strong>in</strong></span> <span class='ocrx_word' id='word_1_903' title='bbox 2581 5669 2806 5734; x_wconf 80' lang='lat' dir='ltr'><strong>mundo,</strong></span> <span class='ocrx_word' id='word_1_904' title='bbox 2832 5666 2915 5722; x_wconf 84' lang='lat' dir='ltr'><strong>vel</strong></span> <span class='ocrx_word' id='word_1_905' title='bbox 2946 5682 3069 5736; x_wconf 81' lang='lat' dir='ltr'><strong>quae</strong></span> <span class='ocrx_word' id='word_1_906' title='bbox 3096 5680 3361 5736; x_wconf 72' lang='lat' dir='ltr'><strong>passurus</strong></span> <span class='ocrx_word' id='word_1_907' title='bbox 3388 5673 3509 5722; x_wconf 81' lang='lat' dir='ltr'><strong>erat</strong></span> 
     </span>
    </p>
   </div>
   <div class='ocr_carea' id='block_1_116' title="bbox 1922 5759 3503 5843">
    <p class='ocr_par' dir='ltr' id='par_1_116' title="bbox 1922 5759 3503 5843">
     <span class='ocr_line' id='line_1_116' title="bbox 1922 5759 3503 5843; baseline -0.012 -11"><span class='ocrx_word' id='word_1_908' title='bbox 1922 5771 2346 5843; x_wconf 65' lang='lat' dir='ltr'><strong>Hierosolymis,</strong></span> <span class='ocrx_word' id='word_1_909' title='bbox 2388 5773 2588 5822; x_wconf 85' lang='lat' dir='ltr'><strong>cuncta</strong></span> <span class='ocrx_word' id='word_1_910' title='bbox 2633 5762 2842 5819; x_wconf 80' lang='lat' dir='ltr'><strong>crebris</strong></span> <span class='ocrx_word' id='word_1_911' title='bbox 2888 5759 3113 5815; x_wconf 78' lang='lat' dir='ltr'><strong>vocibus</strong></span> <span class='ocrx_word' id='word_1_912' title='bbox 3162 5760 3503 5815; x_wconf 70' lang='lat' dir='ltr'><strong>denuntiant.</strong></span> 
     </span>
    </p>
   </div>
   <div class='ocr_carea' id='block_1_117' title="bbox 1920 5848 3513 5933">
    <p class='ocr_par' dir='ltr' id='par_1_117' title="bbox 1920 5848 3513 5933">
     <span class='ocr_line' id='line_1_117' title="bbox 1920 5848 3513 5933; baseline -0.011 -11"><span class='ocrx_word' id='word_1_913' title='bbox 1920 5868 1991 5922; x_wconf 81' lang='lat' dir='ltr'><strong>Et</strong></span> <span class='ocrx_word' id='word_1_914' title='bbox 2031 5866 2153 5922; x_wconf 86' lang='lat' dir='ltr'><strong>ideo</strong></span> <span class='ocrx_word' id='word_1_915' title='bbox 2181 5876 2343 5933; x_wconf 79' lang='lat' dir='ltr'><strong>quam</strong></span> <span class='ocrx_word' id='word_1_916' title='bbox 2381 5861 2518 5918; x_wconf 77' lang='lat' dir='ltr'><strong>bene</strong></span> <span class='ocrx_word' id='word_1_917' title='bbox 2545 5866 2602 5914; x_wconf 86' lang='lat' dir='ltr'><strong>ut</strong></span> <span class='ocrx_word' id='word_1_918' title='bbox 2626 5856 2759 5914; x_wconf 83' lang='lat' dir='ltr'><strong>ﬁdes</strong></span> <span class='ocrx_word' id='word_1_919' title='bbox 2798 5851 3219 5913; x_wconf 75' lang='lat' dir='ltr'><strong>conﬁrmaretur</strong></span> <span class='ocrx_word' id='word_1_920' title='bbox 3242 5848 3513 5923; x_wconf 49' lang='lat' dir='ltr'><strong>apostolos</strong></span> 
     </span>
    </p>
   </div>
  </div>
