4008 6354
573 409 680 468 583

1359 404 1420 461 S.
1452 399 1813 461 PASCHASII
1850 396 2197 456 RADBERTI
2235 392 2528 451 ABBATIS
2565 390 3014 449 CORBEIENSIS

3736 388 3826 445 584

574 535 719 586 rum,
747 526 803 576 et
839 506 1099 590 aquatur
1142 512 1517 601 intelligentia,
1557 531 1682 573 cum
1722 530 1789 572 eo
1828 515 1918 571 hic
1945 495 2154 584 conspi-
2181 515 2228 577 Α
2258 507 2525 581 (quamvis
2553 522 2620 564 ex
2645 505 2842 580 aﬁ‘ectu
2868 503 3075 562 Christi
3116 504 3339 576 amoris)
3366 504 3825 573 considerandum,

578 616 796 673 ciuutur
816 613 874 669 in
896 611 1106 685 gloria;
1133 625 1364 682 quorum
1389 624 1530 665 unus
1551 611 1618 667 de
1643 609 1783 666 coelo
1810 608 2022 664 venisse
2044 621 2153 677 quo

579 713 771 776 raptus
814 701 992 758 fuerat
1028 699 1258 772 mystice
1310 706 1706 770 pertractatur,
1753 698 1892 754 alter
1917 710 2047 753 vero
2077 695 2155 757 ab

583 796 772 855 inferis
832 793 1226 852 exsurrexisse.
1294 792 1373 848 Dc
1429 792 1533 849 hoc
1598 793 1797 865 quippe
1854 792 2009 864 signo
2076 789 2159 844 di-

582 895 728 944 ctum
786 885 966 941 fuerat
1024 883 1093 939 ad
1147 882 1332 938 Achaz
1389 896 1489 953 per
1531 881 1727 938 lsaiam
1788 883 2111 953 prophetam
2139 920 2155 944 ,

583 978 709 1036 Pete
748 962 859 1034 tibi
886 978 1093 1049 signum
1130 974 1195 1030 de
1241 973 1391 1036 mlo.
1425 983 1519 1029 aut
1565 975 1631 1029 de
1675 973 1937 1045 profundo
1964 971 2157 1043 inferni

584 1071 721 1147 (Ira.
763 1086 861 1139 vn,
912 1070 1026 1141 li),
1071 1066 1215 1138 quod
1258 1074 1315 1123 et
1364 1066 1576 1124 Judaeos
1607 1068 1818 1139 signum
1857 1081 2017 1137 supra
2061 1079 2156 1135 pe-

582 1163 733 1219 tiisse
779 1161 1028 1231 legimus.
1070 1155 1178 1214 Sed
1219 1156 1310 1213 hic
1356 1156 1744 1228 congruentius
1780 1155 1920 1211 ratio
1966 1169 2156 1225 posce-

582 1257 711 1321 bat,
753 1261 815 1309 ut
863 1257 1301 1308 monstrarentur
1342 1249 1398 1305 in
1450 1263 1677 1320 quorum
1716 1248 1842 1304 hinc
1882 1248 2004 1303 inde
2054 1261 2161 1302 me-

584 1347 673 1404 dio
709 1345 869 1402 Jesus
905 1344 1057 1400 visus
1093 1351 1178 1399 est
1215 1342 1272 1397 in
1312 1341 1482 1415 gloria
1521 1358 1534 1395 :
1566 1341 1693 1413 quia
1719 1340 1808 1396 lex
1835 1349 1890 1396 et
1925 1340 2160 1410 prophe-

582 1440 656 1497 tia
681 1440 838 1512 701
871 1452 1087 1510 semper
1109 1451 1234 1493 eum
1275 1435 1572 1507 praedicare
1602 1450 1709 1491 non
1738 1442 1978 1499 cessant,
2011 1447 2162 1488 sem-

580 1546 784 1605 perque
812 1545 877 1585 ac
903 1530 950 1585 si
974 1529 1081 1585 duo
1105 1535 1270 1585 testes
1297 1543 1420 1584 cum
1444 1528 1612 1583 verbo
1637 1524 1951 1596 loquuntur.
1975 1523 2159 1594 Neque

582 1625 724 1680 enim
749 1631 928 1696 potest
956 1638 1077 1679 esse
1103 1621 1192 1678 lex
1219 1621 1338 1678 sine
1363 1621 1552 1685 verbo,
1580 1634 1755 1690 neque
1782 1617 2043 1690 propheta
2075 1615 2161 1672 vel

580 1714 897 1785 prophetia,
939 1712 1045 1769 nisi
1087 1728 1208 1783 quae
1255 1713 1324 1768 de
1368 1712 1463 1767 Dei
1507 1710 1646 1767 Filio
1685 1711 1989 1781 prophetat.
2025 1707 2163 1763 Hinc

581 1805 775 1863 Petrus
813 1821 877 1862 ac
920 1805 1017 1862 lilii
1058 1794 1283 1861 tonitrui
1328 1804 1598 1875 corporali
1646 1804 1701 1858 in
1738 1802 1905 1874 gloria
1942 1801 2159 1872 Moysen

2258 610 2320 657 ut
2347 602 2421 656 ita
2450 599 2647 667 fatear,
2678 615 2842 671 quam
2870 599 3021 655 fatue
3065 599 3328 670 loquitur,
3375 600 3704 672 quantisque
3746 600 3830 656 itu-

2255 695 2487 768 plicatur
2525 694 2823 750 erroribus.
2858 694 2994 762 Quia
3024 709 3150 750 cum
3178 693 3323 750 Deus
3362 693 3419 749 in
3451 709 3618 751 carne
3663 692 3825 760 venit,

2259 783 2679 839 Tabernaculum
2705 782 2803 837 Dei
2832 780 3035 838 factum
3062 789 3150 837 est
3191 798 3308 836 cum
3331 781 3630 835 hominibus
3658 780 3829 853 (Apoc.

2259 891 2378 943 xxi,
2424 874 2501 947 5).
2536 874 2654 931 Non
2702 875 2803 930 tria
2851 874 3142 946 siquidem,
3183 875 3277 930 sed
3322 890 3520 940 unum;
3553 874 3680 944 quia
3722 873 3836 930 licet

2257 968 2442 1035 Pater,
2483 976 2540 1023 et
2568 966 2762 1033 Filius,
2799 975 2856 1022 et
2895 966 3131 1038 Spiritus
3175 975 3417 1033 sanctus,
3452 974 3567 1022 tres
3587 966 3697 1021 sint
3725 982 3837 1037 per-

2259 1074 2425 1124 sonae,
2468 1073 2637 1114 unum
2683 1066 2867 1114 tamen
2902 1065 2989 1113 est
3031 1073 3217 1113 eorum
3264 1056 3673 1113 tabernaculum
3712 1056 3837 1111 luci-

2260 1153 2387 1208 dum
2429 1162 2485 1209 et
2515 1152 2867 1224 praclarum;
2913 1151 3186 1217 similiter,
3216 1153 3318 1209 etsi
3341 1163 3470 1223 tres
3506 1152 3612 1207 visi
3644 1162 3769 1208 sunt
3792 1153 3836 1207 in

2262 1242 2454 1313 gloria,
2482 1241 2733 1298 Christus
2757 1241 3031 1308 videlicet,
3066 1241 3281 1313 Moyses
3329 1253 3387 1297 ct
3414 1240 3584 1307 Elias,
3611 1256 3721 1295 non
3747 1241 3838 1296 nisi

2260 1350 2356 1391 eos
2379 1351 2486 1391 una
2522 1337 2692 1392 nubes
2718 1336 3029 1400 obumbrat,
3064 1350 3341 1405 unumque
3366 1344 3427 1390 ut
3452 1343 3707 1406 protegat
3745 1334 3835 1391 ob-

2260 1427 2429 1483 volvit
2474 1436 2530 1483 et
2576 1428 2866 1484 obumbrat
2913 1426 3342 1483 tabernaculum.
3390 1426 3546 1495 Quod
3596 1428 3840 1482 taberna-

2263 1518 2477 1586 culum,
2518 1520 2647 1591 quia
2699 1519 2816 1591 ipse
2859 1527 2975 1583 est,
3028 1520 3201 1574 nubes
3246 1518 3422 1574 lucida
3461 1519 3582 1573 sine
3629 1528 3844 1590 peccato

2264 1610 2522 1681 seipsum,
2546 1619 2605 1667 et
2630 1610 2723 1681 qui
2748 1611 2871 1666 cu'm
2895 1626 2960 1666 eo
2985 1618 3134 1677 sunt,
3161 1610 3401 1667 defendit
3427 1610 3496 1666 ah
3520 1611 3670 1666 omni
3698 1621 3844 1675 aestu,

2262 1710 2318 1758 et
2357 1702 2641 1758 illuminat.
2690 1702 2803 1758 Hoc
2841 1703 3038 1774 quippe
3066 1712 3152 1759 est
3179 1703 3458 1775 proprium
3497 1703 3839 1768 tabernaculi,

2264 1802 2323 1849 ut
2350 1794 2556 1865 aliquos
2583 1795 2870 1850 obumbret
2912 1796 3012 1849 sub
3058 1809 3137 1850 se.
3191 1793 3345 1850 Unde
3376 1794 3549 1850 nubes
3598 1794 3767 1850 lucida
3794 1796 3838 1849 in

582 1907 636 1956 et
673 1900 844 1957 Eliam
887 1886 1022 1957 cum.
1039 1898 1257 1953 Christo
1302 1897 1585 1967 loquentes
1612 1896 1981 1967 speculantur.
2013 1896 2160 1962 Quos
2187 1887 2237 1948 B
2263 1902 2367 1957 qua
2390 1894 2509 1941 erat
2539 1885 2774 1955 Spiritus
2814 1895 3054 1948 sanctus,
3086 1886 3432 1941 obumbravit
3469 1902 3566 1942 eos
3595 1887 3687 1958 qui
3727 1903 3834 1942 cum

580 1992 744 2048 etiam
764 2000 821 2049 et
844 2006 962 2057 nos,
990 1988 1239 2061 quamvis
1266 1987 1496 2058 indigni,
1519 1987 1764 2056 quotidie
1791 2002 1916 2041 cum
1939 2000 2007 2041 eo
2030 2000 2162 2041 con-

583 2083 882 2140 fabulantcs
920 2082 1190 2148 audimus,
1219 2080 1385 2137 etiam
1419 2078 1744 2135 clarificatos
1781 2079 1837 2134 in
1868 2076 2160 2149 Evangelia

580 2172 1042 2243 contemplamur;
1101 2171 1357 2242 quoniam
1422 2162 1509 2226 lex
1554 2178 1610 2226 et
1656 2170 1939 2241 prophetia
1987 2169 2041 2223 in
2093 2184 2159 2223 eo

580 2264 848 2334 completa
892 2273 1039 2320 sunt.
1086 2263 1386 2335 Propterea
1410 2271 1465 2319 et
1492 2262 1649 2319 Jesus
1678 2264 1826 2319 solus
1865 2262 1970 2339 illis
2004 2277 2191 2342 recc;

582 2356 836 2412 dentibus
865 2354 1168 2421 remansit;
1207 2354 1335 2425 quia
1363 2352 1473 2408 Lex
1500 2364 1549 2408 et
1590 2354 1855 2425 propheta:
1897 2370 2061 2425 usque
2089 2353 2158 2406 ad

580 2446 837 2502 Joannem
884 2445 1035 2516 (Luc.
1069 2461 1194 2511 va,
1226 2444 1319 2515 16)
1366 2443 1605 2500 fuerunt.
1651 2445 1854 2501 Deinde
1900 2453 2158 2501 evacuata

581 2547 665 2595 est
707 2538 878 2611 gloria
919 2538 1099 2593 vultus
1141 2552 1360 2602 eorum,
1405 2546 1467 2592 ut
1512 2522 1659 2592 solus
1684 2536 1842 2592 .lesus
1887 2535 2155 2601 Christus,

580 2645 739 2702 quem
765 2628 1145 2701 praedicarant,
1174 2628 1240 2684 de
1270 2642 1378 2698 quo
1401 2626 1585 2682 omnia
1625 2642 1748 2698 quas
1790 2624 1974 2681 futura
1999 2634 2159 2681 erant

580 2720 960 2791 przedixerant,
999 2721 1247 2775 videatur
1274 2719 1330 2774 in
1378 2718 1551 2792 gloria
1598 2718 1692 2774 Dei
1723 2718 1925 2783 Patris,
1955 2728 2014 2773 et
2054 2732 2157 2772 an-

584 2810 862 2867 nuntietur
896 2810 955 2865 in
978 2810 1189 2865 cunctis
1216 2808 1465 2880 gentibus
1484 2809 1553 2864 ab
1582 2808 1668 2864 his
1688 2809 1783 2881 qui
1817 2824 1910 2865 eos
1934 2816 2159 2880 possunt

582 2900 765 2958 videre
808 2917 932 2957 cum
972 2915 1037 2957 eo
1085 2898 1292 2969 iugiter
1344 2899 1736 2971 colloquentes.
1783 2900 2048 2969 Quoniam
2100 2900 2158 2954 hi

583 2994 693 3048 duo
725 3000 929 3047 tantum
959 2999 1085 3047 sunt
1111 2992 1203 3062 qui
1229 2992 1423 3047 docent
1459 2992 1525 3047 de
1564 3007 1789 3048 excessu
1834 2990 1969 3061 ejus,
1999 3000 2053 3046 ct
2092 2990 2159 3046 de

582 3084 832 3141 omnibus
874 3100 994 3155 quae
1037 3085 1203 3156 gessit
1252 3086 1504 3142 universa
1553 3087 1831 3159 mysteria.
1875 3086 1979 3154 Qui
2029 3086 2158 3142 licet

582 3174 865 3230 videantur
888 3175 1201 3241 recessisse,
1232 3177 1358 3247 quia
1383 3177 1497 3248 jam
1528 3179 1653 3233 novi
1678 3178 1814 3233 nihil
1840 3178 2155 3247 praedicant,

2261 1978 2478 2034 Christo
2514 1993 2678 2033 unum
2711 1985 2870 2033 erant
2906 1979 2960 2032 in
2997 1978 3310 2050 Evangelia,
3338 1988 3394 2033 et
3426 1988 3538 2035 tres
3583 1980 3731 2045 istos,
3754 1979 3834 2049 qui

2260 2072 2513 2127 deorsum
2555 2079 2731 2137 erant,
2776 2079 2838 2125 ut
2881 2087 3045 2126 unum
3075 2071 3286 2139 ﬂerent,
3317 2089 3423 2127 non
3474 2074 3681 2128 omisit.
3710 2072 3828 2127 0m-

2261 2163 2417 2219 nihus
2451 2172 2629 2218 tamen
2658 2162 2979 2218 diviniorem
3011 2173 3065 2219 et
3109 2158 3538 2234 'splendidiorem
3587 2179 3831 2237 repausa-

2260 2254 2424 2310 tionis
2462 2263 2517 2310 et
2547 2254 2755 2324 requiei
2802 2254 3052 2325 exemplo
3095 2270 3194 2310 suo
3240 2271 3337 2326 per
3383 2256 3583 2311 nubem
3626 2257 3833 2311 demon-

2258 2347 2452 2402 stravit
2498 2356 2717 2402 aeterna:
2746 2347 2948 2417 quietis
2983 2348 3248 2419 requiem,
3281 2363 3401 2418 qua:
3427 2358 3727 2419 protegeret
3751 2364 3834 2404 eos

2260 2438 2421 2493 simul
2451 2447 2507 2493 et
2538 2437 2869 2493 illuminaret
2896 2453 3103 2493 omnes.
3131 2437 3267 2493 Dum
3298 2438 3413 2495 lucc
3442 2452 3696 2510 aguntur,
3720 2456 3833 2496 ecce

2258 2527 2452 2584 Petrus
2480 2528 2534 2582 in
2566 2529 2670 2584 hac
2694 2530 2994 2584 assertione
3025 2530 3188 2585 trium
3218 2530 3690 2587 tabernaculorum
3715 2547 3832 2603 qua-

2261 2628 2384 2675 tuor
2409 2620 2640 2675 incurrit
2664 2629 2721 2675 et
2744 2636 2810 2676 eo
2843 2620 3073 2691 amplius
3112 2636 3352 2688 errores,
3380 2638 3614 2693 quorum
3640 2624 3832 2694 primus

2259 2719 2345 2766 est
2371 2710 2498 2765 dum
2536 2711 2654 2767 fieri
2702 2712 2944 2767 decrevit
2988 2714 3091 2767 tria
3131 2714 3517 2780 tabernacula,
3547 2715 3612 2770 dc
3656 2715 3833 2784 quibus

2262 2817 2386 2857 mox
2409 2813 2592 2858 essent
2615 2802 2927 2874 migraturi;
2952 2804 3078 2874 quia
3102 2821 3206 2858 non
3234 2805 3287 2858 in
3311 2803 3632 2875 manufestis
3651 2804 3834 2859 habitat

2261 2893 2402 2948 Deus
2454 2894 2588 2965 (Act.
2617 2910 2754 2960 xvn,
2788 2893 2917 2965 24),
2956 2909 3130 2965 neque
3173 2896 3274 2951 sub
3319 2894 3576 2951 foliorum
3607 2897 3836 2952 schema-

2262 2988 2423 3053 tibus,
2455 3004 2582 3044 cum
2616 3003 2783 3043 unum
2812 2988 3223 3044 tabernaculum
3252 2988 3629 3060 Evangelium,
3660 2990 3709 3044 in
3737 3003 3838 3058 quo

2261 3077 2347 3134 lex
2395 3090 2450 3135 et
2496 3078 2779 3151 prophetia
2827 3080 3152 3136 couniuntur
3193 3090 3250 3137 et
3295 3082 3655 3154 complentur.
3698 3081 3839 3137 Alius

2261 3186 2419 3227 error
2444 3181 2544 3235 est,
2578 3172 2722 3243 quod
2766 3188 2955 3229 servos
2986 3189 3108 3229 cum
3158 3174 3389 3230 Domino
3417 3184 3678 3246 cozequat.
3714 3174 3839 3229 Ter-

584 3274 763 3322 tamen
794 3267 968 3324 adhuc
1007 3268 1166 3324 hodie
1210 3267 1419 3341 Moyses
1447 3271 1604 3326 docet
1628 3284 1727 3325 nos
1769 3270 1836 3325 de
1877 3284 1964 3335 eo,
2005 3277 2060 3325 et
2089 3269 2154 3324 de
2182 3271 2227 3335 ο
2260 3264 2387 3329 tius,
2423 3272 2683 3334 quantum
2727 3264 2888 3320 datur
2923 3265 3169 3337 intelligi,
3200 3266 3327 3336 quia
3354 3282 3459 3322 non
3500 3266 3703 3337 putavit
3729 3264 3841 3334 jam

583 3358 675 3414 illo
701 3358 863 3424 Elias,
908 3359 961 3415 id
989 3368 1074 3416 est
1110 3360 1391 3431 prophetia
1416 3361 1678 3433 loquitur.
1709 3360 1882 3417 Hodie
1924 3377 2157 3434 namque
2253 3353 2447 3423 judicii
2479 3353 2623 3410 diem
2652 3353 2955 3419 imminere,
2997 3371 3105 3411 non
3148 3355 3547 3411 interveniente
3573 3365 3761 3423 morte,
3789 3361 3841 3406 et

528 3474 534 3480 κ
584 3450 801 3523 Moysen
838 3452 893 3506 in
924 3450 1115 3522 majori
1147 3452 1317 3524 gloria
1363 3468 1529 3524 quam
1571 3452 1668 3508 ﬁlii
1705 3452 1904 3520 Israel,
1950 3453 2157 3525 glorifi-

582 3552 761 3599 catum
791 3559 913 3599 cum
954 3544 1172 3600 Christo
1213 3546 1269 3599 in
1300 3555 1483 3601 monte
1511 3546 1896 3617 conspicimus,
1926 3564 2031 3604 non
2080 3563 2161 3603 re-

581 3636 755 3693 velato
777 3637 947 3703 vultu,
976 3639 1071 3694 sed
1098 3638 1336 3694 revelata
1360 3636 1500 3694 facie
1518 3639 1629 3709 jam
1657 3655 1781 3695 cum
1811 3656 2154 3697 veneramur.

583 3724 766 3798 Neque
812 3726 1032 3799 Moysen
1080 3736 1172 3781 aut
1209 3727 1381 3782 Eliam
1412 3729 1529 3784 sine
1561 3726 1779 3786 Christo
1828 3731 2155 3795 invenimus,

583 3833 759 3889 neque
782 3816 1030 3874 Christus
1057 3818 1173 3873 sine
1201 3818 1284 3873 his
1313 3818 1521 3875 duobus
1555 3820 1782 3875 testibus
1811 3820 2154 3889 praedicatur.

583 3908 846 3977 Quoniam
887 3909 994 3964 etsi
1039 3908 1096 3963 hi
1142 3909 1248 3964 duo
1276 3918 1488 3965 tantum
1532 3912 1761 3966 Domino
1795 3910 2001 3982 jejunio
2029 3926 2161 3980 qua-

584 3999 833 4071 draginta
874 3999 1084 4056 dierum
1127 4000 1442 4071 junguntur,
1484 4002 1746 4057 Dominus
1795 4011 1972 4057 tamen
2011 4001 2160 4057 solus

581 4096 696 4153 εει,
736 4089 829 4161 qui
875 4089 995 4146 sine
1036 4090 1257 4145 alterius
1304 4091 1564 4163 suﬂ'ragio
1611 4090 1888 4163 jejunasse
1940 4092 2154 4163 legitur,

583 4179 831 4253 quamvis
869 4187 1097 4251 uterque
1124 4195 1311 4236 eorum
1339 4182 1394 4235 in
1432 4195 1618 4238 eremo
1653 4182 2001 4252 jejunaverit.
2031 4181 2160 4249 Qui—

585 4273 686 4328 bus
710 4270 952 4344 profecto
989 4270 1202 4327 indiciis
1249 4272 1579 4338 declaratur,
1619 4273 1762 4343 quod
1810 4272 1897 4329 lex
1938 4281 1994 4328 et
2030 4288 2159 4343 pro-

587 4363 768 4436 phetia
809 4362 1006 4427 solum,
1049 4376 1171 4432 quae
1216 4361 1466 4417 Christus
1511 4362 1841 4434 adimplevit,
1886 4362 2047 4419 dictis
2097 4379 2158 4420 ac

585 4453 741 4510 factis
765 4452 1164 4510 nuntiaverunt.
1187 4453 1440 4525 Alioquin
1465 4455 1771 4527 ubicunque
1795 4456 1912 4513 sine
1940 4457 2158 4513 Christo

585 4546 783 4618 aliquis
806 4562 997 4602 eorum
1036 4546 1269 4613 videtur,
1298 4548 1623 4618 ingloriosus
1652 4550 1836 4620 utique
1866 4552 2154 4622 probatur;

2259 3445 2381 3500 ideo
2410 3444 2541 3499 dicit
2567 3461 2583 3499 :
2609 3444 2854 3511 Domine,
2884 3445 3075 3500 bonum
3102 3455 3176 3500 est
3200 3446 3346 3500 nobis
3376 3447 3462 3500 hic
3494 3464 3624 3502 esse.
3653 3447 3714 3503 Et
3739 3445 3839 3500 hoc

2260 3537 2458 3607 ipsum,
2486 3545 2545 3591 ut
2590 3536 2723 3603 dixi,
2756 3536 3094 3593 mendacium
3128 3546 3240 3602 est;
3272 3554 3398 3608 quia
3440 3555 3488 3594 sn
3533 3539 3612 3595 sic
3648 3539 3837 3594 bonum

2260 3639 2426 3695 esset,
2468 3630 2655 3700 utique
2702 3630 2758 3685 in
2799 3643 2864 3684 eo
2896 3629 3322 3699 permansissent
3363 3629 3506 3695 loco,
3535 3645 3634 3686 nec
3666 3638 3841 3684 tamen

2260 3720 2381 3775 aliis
2423 3720 2794 3785 subvenisset,
2845 3734 2952 3775 non
2985 3718 3106 3775 dico
3152 3720 3311 3791 703
3356 3722 3542 3792 generi
3589 3722 3839 3782 humano,

2262 3812 2355 3867 sed
2395 3827 2494 3867 nec
2527 3812 2658 3883 ipsis
2705 3812 3053 3883 coapostolis,
3090 3814 3180 3882 qui
3217 3829 3340 3868 cum
3387 3828 3454 3868 eo
3490 3814 3559 3868 ad
3601 3812 3843 3867 eumdem

2263 3903 2438 3959 locum
2483 3920 2589 3959 non
2640 3904 3022 3959 ascenderant.
3072 3902 3183 3959 Nec
3222 3904 3366 3958 enim
3402 3904 3470 3959 de
3520 3904 3605 3959 his
3648 3898 3843 3970 aliquid

2261 3998 2500 4068 cogitare
2542 3997 2755 4051 videtur
2792 3996 3005 4063 Petrus,
3043 3998 3098 4051 in
3145 3998 3343 4067 quibus
3390 3999 3632 4054 charitas
3682 4008 3841 4067 quam

2261 4089 2495 4142 maxime
2529 4088 3025 4143 commendabatur.
3052 4088 3242 4144 Adhuc
3266 4104 3333 4144 ex
3364 4089 3470 4145 hoc
3501 4105 3655 4146 error
3679 4100 3839 4157 quar-

2266 4187 2354 4234 tus
2399 4179 2830 4246 commendatur,
2876 4181 3002 4235 dum
3032 4190 3185 4251 putat
3228 4182 3579 4238 tabernacula
3626 4180 3737 4236 fieri
3785 4179 3840 4232 in

2263 4283 2430 4339 regno
2455 4270 2550 4326 Dei
2591 4270 2918 4335 manufacta,
2962 4270 3052 4326 ubi
3082 4287 3181 4327 nec
3208 4272 3358 4329 calor
3390 4288 3491 4329 nec
3523 4273 3708 4346 frigus,
3738 4285 3843 4325 nec

2265 4361 2448 4433 pluvia
2491 4377 2594 4418 nec
2631 4370 2821 4428 azstus,
2849 4362 3035 4433 utique
3073 4378 3175 4418 nec
3220 4362 3326 4418 ulla
3370 4364 3688 4435 inquietudo
3713 4362 3839 4416 erit.

2264 4456 2415 4512 Unde
2444 4457 2692 4528 quamvis
2719 4456 2909 4512 beatus
2944 4458 3219 4527 apostolus
3249 4457 3466 4527 Petrus,
3499 4469 3648 4514 tanto
3678 4456 3840 4512 clari-

2264 4549 2392 4603 tatis
2421 4547 2646 4614 lumine,
2682 4556 2941 4619 tantaque
2982 4550 3422 4606 circumvallatus
3469 4552 3659 4624 gloria,
3688 4560 3741 4606 et
3779 4548 3843 4602 il-

587 4638 839 4709 quoniam
860 4637 951 4708 qui
974 4637 1196 4709 Moysen
1217 4638 1415 4704 solum,
1440 4650 1533 4694 aut
1552 4639 1725 4695 Eliam
1754 4642 2165 4707 videt,Deiver-
2189 4638 2240 4698 D
2265 4640 2439 4695 lectus
2484 4638 2768 4695 dulcedine
2817 4640 2997 4696 nimiae
3053 4642 3338 4699 suavitatis
3358 4684 3374 4708 ,
3416 4643 3599 4698 nullus
3646 4653 3839 4712 negare

586 4730 716 4786 bum
751 4729 890 4799 quod
914 4727 1114 4784 factum
1145 4738 1229 4785 est
1253 4730 1321 4785 ad
1342 4731 1657 4801 prophetam
1680 4731 1851 4799 illum,
1877 4733 1962 4788 vel
1988 4733 2157 4799 illum,

586 4819 749 4876 simul
770 4835 892 4876 cum
920 4820 1028 4877 illis
1056 4821 1244 4877 videre
1276 4838 1382 4878 non
1410 4831 1617 4892 potest;
1658 4832 1713 4878 et
1732 4825 2035 4895 ubicunque
2064 4825 2161 4880 Dei

587 4911 825 4968 Verbum
867 4928 976 4969 non
1001 4921 1105 4979 est,
1141 4928 1270 4968 vere
1296 4915 1578 4985 prophetia
1604 4916 1727 4972 talis
1749 4926 1841 4971 aut
1871 4917 1958 4973 lex
1983 4933 2012 4972 a
2033 4933 2161 4974 vero

587 5019 760 5063 vacua
795 5015 910 5075 est;
939 5007 1067 5079 quia
1098 5006 1362 5075 Christus,
1396 5009 1631 5091 Verbum
1670 5011 1864 5081 Patris,
1900 5028 2158 5071 vere-ve-
2183 5036 2218 5046 ’-

590 5096 725 5152 ritas
752 5107 854 5153 est.

576 5184 585 5249 ἓ
661 5192 996 5264 Reepondens
1044 5203 1219 5251 autem
1250 5193 1442 5253 Petrus
1484 5200 1618 5254 dixit
1661 5201 1731 5255 ad
1773 5201 1956 5256 Iesum
1996 5214 2015 5253 :
2053 5201 2161 5256 Do—

588 5285 745 5351 mine,
783 5284 973 5340 bonum
1008 5295 1083 5341 est
1122 5286 1267 5342 nobis
1303 5288 1387 5343 hic
1413 5305 1541 5344 esse.
1572 5290 1633 5346 Si
1671 5293 1765 5354 vis,
1803 5292 1963 5362 702
1994 5290 2161 5360 facia-

589 5394 705 5432 mus
731 5376 814 5432 hic
838 5379 943 5434 tria
971 5379 1333 5447 tabernacula,
1369 5381 1460 5434 tibi
1492 5398 1670 5445 unum,
1707 5381 1877 5451 Moysi
1902 5396 2086 5447 unum,
2111 5390 2160 5435 et

587 5470 724 5526 Elia:
763 5488 945 5528 unum.
986 5473 1032 5530 Ο
1064 5473 1327 5545 profunda
1372 5473 1621 5529 humanae
1656 5472 1972 5544 ignorantia:
2005 5472 2162 5528 carci-

587 5568 697 5628 tas,
735 5579 855 5634 quae
898 5574 1047 5622 tanta
1087 5565 1380 5622 involvitur
1405 5565 1634 5638 caligine
1672 5566 2039 5632 obscuritatis,
2082 5565 2155 5622 ita

585 5658 648 5706 ut
671 5650 761 5706 vix
784 5661 879 5708 aut
897 5669 1172 5725 nunquam
1200 5653 1374 5726 possit
1398 5668 1644 5727 surgere,
1670 5662 1732 5710 ut
1765 5654 1947 5711 videat
1974 5655 2155 5713 lumen

587 5739 850 5798 claritatis
884 5742 1007 5800 Dei!
1056 5743 1199 5801 Ecce
1227 5744 1419 5800 beatus
1451 5743 1642 5800 Petrus
1670 5745 1889 5815 quantis
1910 5744 2159 5800 eruditur

586 5831 944 5899 documentis,
985 5834 1203 5904 quantis
1227 5832 1490 5890 attollitur
1529 5834 1847 5905 praeconiis,
1890 5835 1982 5892 sed
2029 5850 2155 5891 mox

2264 4741 2443 4803 potest
2467 4746 2593 4785 eum
2621 4746 2856 4798 errasse,
2902 4735 3004 4790 etsi
3033 4735 3287 4791 nesciens
3331 4736 3669 4817 loquebatur.
3699 4734 3838 4801 Qua-

2262 4832 2483 4894 propter
2514 4838 2717 4893 quaeso,
2762 4825 2922 4880 beate
2958 4826 3137 4892 Petre,
3173 4828 3525 4893 humillimus,
3565 4829 3612 4885 si
3640 4828 3755 4883 ideo
3781 4824 3834 4879 iu

2264 4926 2448 4973 monte
2492 4924 2800 4987 assumptus
2827 4932 2888 4973 es
2931 4933 3053 4973 cum
3092 4920 3327 4988 Christo,
3355 4931 3415 4976 ut
3443 4920 3568 4976 ﬁxis
3600 4922 3833 4976 talem

2263 5010 2401 5064 culis
2427 5008 2712 5064 Dominum
2737 5010 3018 5079 possideas
3046 5011 3192 5067 solus
3219 5027 3341 5067 cum
3373 5013 3583 5082 paucis.
3614 5008 3758 5079 Quod
3783 5007 3825 5061 si

2271 5100 2366 5155 tibi
2394 5101 2495 5154 hoc
2526 5099 2723 5170 plawt,
2751 5115 2852 5155 cur
2896 5116 3145 5172 coaequas
3184 5116 3371 5158 servos
3405 5118 3530 5157 cum
3579 5096 3826 5156 Domino?

2262 5189 2399 5260 Quid
2432 5190 2596 5260 igitur
2619 5190 2686 5246 de
2711 5200 2764 5245 te
2791 5199 2884 5247 aut
2906 5192 2973 5248 de
2996 5193 3102 5248 tuis
3130 5194 3337 5265 cogitas
3367 5192 3721 5265 coapostolis?
3747 5188 3818 5245 An

2260 5280 2400 5337 forte
2447 5282 2602 5338 binos
2646 5296 2745 5353 per
2791 5283 3004 5353 singula
3052 5285 3136 5340 vis
3184 5287 3393 5342 sociare
3445 5280 3819 5342 tabernacula?

2261 5371 2531 5432 Fortassis
2553 5389 2682 5444 ergo
2713 5383 2862 5429 tanta
2892 5376 3102 5431 videtur
3142 5377 3239 5433 tibi
3266 5379 3384 5435 haec
3421 5378 3614 5450 gloria,
3639 5386 3699 5433 ut
3719 5374 3816 5445 pla-

2262 5475 2383 5524 ceat
2412 5467 2535 5533 tibi,
2566 5476 2627 5522 ut
2653 5467 2730 5522 illi
2758 5468 2867 5524 sint
2910 5469 3155 5537 Domini,
3186 5487 3283 5528 vos
3311 5472 3365 5527 in
3404 5473 3632 5545 singulis
3662 5473 3816 5527 taber-

2264 5559 2493 5625 naculis,
2522 5575 2658 5632 quos
2685 5559 2952 5618 fabricare
2994 5563 3256 5634 disponis,
3289 5566 3463 5622 mavis
3495 5576 3557 5621 ut
3597 5567 3711 5621 sitis
3732 5564 3810 5619 do-

2263 5668 2533 5709 minorum
2567 5656 2730 5709 servi.
2759 5653 2943 5725 Neque
2971 5657 3176 5728 cogitas
3202 5657 3343 5728 quod
3374 5657 3588 5729 Moyses
3615 5668 3669 5715 et
3689 5656 3809 5713 Elia

2262 5758 2536 5814 nunquam
2580 5754 2635 5799 et
2661 5760 2925 5816 nusquam
2962 5747 3128 5802 velint
3155 5763 3275 5803 esse
3307 5748 3423 5804 sine
3448 5748 3560 5805 Deo
3586 5749 3804 5807 Domino.

2212 5833 2367 5915 “Sed
2391 5836 2525 5908 jam,
2558 5836 2683 5908 quia
2729 5837 2801 5892 ita
2838 5836 3093 5905 intendis,
3143 5840 3265 5909 quis
3295 5848 3533 5897 vestrum
3578 5842 3675 5897 erit
3720 5841 3805 5896 Do-
