4008 6354
205 312 287 377 585
918 319 1280 376 EXPOSlTlO
1319 319 1386 375 IN
1427 317 1862 375 MATTll/EUM.
1898 348 1966 356 -—
2005 316 2133 371 LIB.
2173 315 2305 383 Vﬂl,
2341 314 2493 372 CAP.
2537 317 2695 372 XVII.

3342 317 3448 376 586

201 439 310 493 mini
342 451 563 503 servus,
595 436 754 505 quive
783 433 976 506 Moysi,
1019 435 1101 488 vel
1151 436 1273 504 quis
1317 442 1555 490 vestrum
1588 434 1757 488 Elite?
1787 437 1836 497 Α
1863 431 2022 494 fidei,
2061 447 2220 501 quem
2275 431 2570 501 smpissime
2637 430 2838 500 apertis
2890 429 3101 484 indiciis
3153 430 3298 486 idem
3345 448 3445 487 va-

191 513 533 584 Tolerabilius
562 542 691 597 ergo
733 535 912 590 esset,
957 527 1002 579 si
1046 527 1278 581 dixisses
1309 543 1473 580 unum
1507 527 1759 579 taberna-

188 619 352 675 culum
381 612 614 673 Domino
644 617 760 672 ﬁeri
799 618 1017 680 debere,
1044 633 1166 671 cum
1203 633 1310 686 quo
1334 618 1571 687 quinque
1600 615 1758 670 simul

185 728 287 770 esse
320 711 664 782 potuissetis.
709 710 861 764 Nunc
888 721 1091 774 autem,
1121 719 1179 764 ut
1209 725 1331 766 cum
1366 711 1520 764 venia
1550 710 1756 778 loquar,

181 805 376 859 videris
418 802 563 857 mihi
607 816 813 867 errare,
845 803 988 872 quod
1025 811 1080 856 et
1127 802 1458 873 evangelista
1508 811 1757 865 testatur,

173 905 217 953 te
243 894 500 949 nescisse
529 894 657 962 quid
682 894 909 948 diceres.
941 893 1282 964 Quapropter
1324 910 1448 948 cum
1495 893 1642 948 omni
1680 896 1762 946 in-

167 988 413 1043 tentione
463 986 664 1040 mentis
705 983 1053 1055 cogitandum
1098 1001 1194 1055 per
1219 986 1402 1040 omnia
1446 1001 1566 1055 quze
1610 993 1762 1054 gesta

167 1080 381 1135 dictum
415 1085 549 1130 sunt
591 1091 774 1130 coram
809 1076 1082 1146 apostolis,
1129 1091 1288 1145 quam
1320 1075 1534 1130 dilﬁcile
1572 1092 1764 1146 perve-

168 1171 348 1225 nerint
374 1169 446 1223 ad
489 1167 800 1222 ﬁrmitatem
846 1167 968 1221 ﬁdei
1007 1183 1070 1222 ac
1111 1167 1436 1222 soliditatem
1481 1168 1762 1234 doctrinae,

171 1263 235 1316 ita
265 1270 329 1314 ut
363 1270 496 1314 ante
526 1261 814 1314 adventum
845 1260 1020 1314 sancti
1059 1260 1296 1328 Spiritus
1333 1277 1523 1330 parum
1553 1261 1766 1314 virtutis

174 1354 488 1408 habuerint.
516 1353 652 1406 Hinc
678 1353 838 1422 igitur
875 1362 959 1406 est
991 1353 1133 1420 quod
1161 1353 1351 1407 beatus
1382 1352 1575 1408 Petrus
1603 1353 1766 1406 tantis

179 1454 427 1497 movetur
456 1442 893 1513 impulsionibus,
941 1444 1189 1513 quamvis
1218 1444 1284 1498 de
1314 1460 1500 1498 amore
1539 1444 1761 1510 Christi,

181 1543 225 1586 et
273 1532 405 1587 ﬁdei
458 1532 883 1603 magniﬁcentia,
927 1534 1207 1589 videamus
1255 1535 1462 1596 venire,
1492 1550 1649 1589 error
1688 1545 1768 1589 ta-

187 1637 307 1678 men
341 1626 398 1678 in
425 1641 579 1680 causa
608 1634 693 1680 est
721 1627 864 1694 quod
897 1627 1000 1680 tria
1027 1642 1086 1681 se
1111 1627 1439 1697 repromittit
1471 1627 1650 1682 facere
1684 1638 1765 1682 ta-

193 1709 494 1779 bernacula,
533 1732 700 1771 unum
732 1718 959 1781 scilicet,
1004 1734 1069 1773 ac
1101 1719 1144 1773 si
1187 1719 1461 1789 privatim,
1503 1719 1649 1784 Jesu,
1692 1719 1768 1772 al-

1868 524 2160 578 lidissinius
2213 523 2516 578 dilectionis
2563 537 2672 576 sua:
2717 530 3026 588 exsecutor,
3073 523 3219 577 intus
3267 525 3449 580 celare

1866 632 1972 671 non
2020 617 2250 680 valebat,
2284 616 2376 670 sed
2422 615 2681 685 ﬂagrabat
2724 613 2858 667 foris
2905 616 3067 667 ardor
3095 630 3254 683 quem
3305 617 3450 670 intus

1867 707 2108 777 gerebat.
2155 707 2279 761 Inde
2317 715 2399 760 est
2443 705 2584 774 quod
2631 719 2790 772 supra
2836 704 3154 774 interrogati
3201 707 3449 775 discipuli

1867 815 2029 869 quem
2082 815 2204 854 eum
2236 814 2356 853 esse
2403 799 2675 860 dicerent,
2729 797 2839 865 ipse
2890 798 3097 866 primus
3146 814 3242 867 pro
3290 799 3451 870 705

1867 891 2120 947 omnibus
2151 891 2464 960 respondit:
2499 888 2576 941 Tu
2620 905 2672 942 es
2705 888 2942 941 Christus
2987 888 3160 942 Filius
3192 889 3286 943 Dei
3331 892 3450 943 viri.

1867 981 2019 1048 lnde,
2051 982 2192 1050 quod
2221 997 2344 1034 eum
2370 996 2475 1034 non
2509 979 2623 1032 vult
2647 979 2776 1048 pati,
2811 979 2903 1033 sed
2929 980 3205 1049 redarguit
3234 982 3418 1035 dicens
3443 1001 3454 1032 :

1870 1071 2140 1152 Propitius
2170 1084 2278 1126 esto
2301 1073 2414 1136 tibi,
2442 1071 2680 1134 Domine,
2709 1089 2813 1125 non
2853 1073 2948 1125 erit
2979 1074 3072 1126 tibi
3107 1075 3204 1127 hoc
3233 1074 3455 1139 (Matth.

1871 1182 1981 1229 xvr,
2006 1165 2119 1232 22).
2149 1164 2322 1228 Unde,
2355 1163 2496 1233 quod
2525 1163 2844 1217 imminente
2875 1164 3006 1216 hora
3025 1165 3296 1233 passionis
3319 1180 3455 1224 suae,

1871 1257 1996 1310 dum
2038 1257 2151 1324 ipse
2197 1255 2438 1309 diceret:
2468 1253 2661 1307 Omnes
2701 1270 2788 1306 vos
2829 1254 3140 1307 scandalum
3185 1256 3459 1323 patiemini

1872 1347 1926 1400 in
1951 1362 2048 1408 me,
2073 1347 2126 1398 in
2151 1346 2250 1398 ista
2275 1356 2440 1398 nocte.
2478 1347 2611 1399 Cum
2637 1344 2726 1398 alii
2753 1346 3122 1409 turbarentur,
3154 1347 3459 1416 intrepidus

1874 1438 1974 1492 iste
2005 1437 2279 1505 respondit
2302 1456 2312 1489 :
2337 1436 2406 1488 Et
2431 1438 2476 1489 si
2497 1453 2672 1490 omnes
2699 1437 3049 1490 scandalizati
3079 1438 3272 1492 fuerint
3296 1442 3349 1491 in
3385 1449 3455 1502 te,

1872 1546 1965 1600 ego
2000 1545 2264 1598 nunquam
2301 1528 2704 1581 scandalizabor
2734 1527 2951 1597 (Matth.
2975 1529 3365 1599 xxVI,.5l-55).
3393 1530 3459 1584 Et

1875 1622 2068 1675 iterum
2097 1639 2109 1673 :
2142 1621 2383 1684 Domine,
2404 1631 2620 1690 paratus
2645 1639 2762 1674 sum
2785 1633 2976 1687 tecum,
3011 1633 3060 1676 et
3090 1625 3145 1678 in
3171 1641 3455 1686 carcerem,

1873 1723 1920 1765 et
1955 1713 2008 1764 in
2040 1721 2258 1765 mortem
2288 1712 2364 1765 ire
2399 1711 2552 1782 (Luc.
2582 1728 2718 1776 xx",
2746 1713 2860 1782 '55).
2891 1713 3208 1784 Rursusque
3239 1733 3252 1768 :
3279 1715 3458 1768 Etiam

193 1811 358 1860 [erum
389 1806 580 1876 ﬂoysi,
611 1817 666 1861 el
698 1807 862 1862 alium
892 1808 1044 1874 Elia,
1086 1810 1241 1878 quasi
1277 1827 1382 1864 non
1409 1826 1504 1865 eos
1548 1821 1766 1881 caperet
1799 1805 1845 1865 Β
1872 1806 1917 1858 si
1948 1805 2237 1873 oportuerit
2275 1820 2356 1857 me
2381 1805 2514 1857 mori
2567 1815 2755 1868 tecum,
2802 1823 2904 1859 non
2933 1816 2982 1860 te
3013 1809 3208 1876 negabo
3238 1807 3456 1876 (Matth.

185 1911 342 1950 unum
367 1899 804 1964 tabernaculum,
829 1915 1006 1970 neque
1033 1901 1086 1954 in
1114 1917 1220 1954 uno
1248 1902 1409 1956 simul
1435 1918 1626 1956 omnes
1650 1918 1772 1956 con-

189 1985 368 2039 sistere
395 1995 640 2055 possent.
687 1986 754 2041 Et
785 1988 909 2053 hoc,
948 1997 1007 2043 ut
1035 1989 1299 2058 Origenes
1345 1992 1481 2054 vult,
1514 1991 1771 2046 instinctu

193 2074 377 2130 diaboli
409 2076 683 2132 malitiose
713 2077 908 2144 ﬁebat,
954 2081 1080 2134 dum
1128 2083 1458 2150 operabatur
1503 2098 1599 2152 per
1622 2097 1769 2147 etim,

195 2164 275 2232 qui
303 2165 581 2220 nesciebat
618 2177 959 2223 sacramenta
996 2169 1114 2232 Dei,
1145 2169 1306 2241 704
1331 2185 1505 2239 neque
1536 2171 1664 2240 quid
1695 2172 1773 2224 lo-

199 2264 456 2321 queretur,
483 2256 671 2313 volens
704 2273 811 2313 non
859 2274 980 2314 esse
1023 2261 1180 2314 simul
1227 2260 1408 2316 Jesum
1454 2273 1507 2317 et
1552 2263 1770 2332 Moysen

197 2357 341 2418 atque
367 2351 560 2415 Eliam,
605 2353 701 2407 sed
732 2354 1025 2422 separatim
1070 2369 1164 2408 eos
1211 2356 1276 2408 ab
1324 2355 1554 2409 invicem
1608 2357 1771 2410 trium

199 2440 652 2497 tabernaculorum
699 2446 952 2507 obtentu,
1004 2446 1148 2513 quod
1199 2446 1314 2499 ﬁeri
1367 2462 1470 2499 non
1532 2454 1767 2514 poterat.

203 2527 322 2585 riam
349 2534 393 2588 si
438 2535 493 2589 in
523 2551 688 2590 unum
737 2537 847 2591 sint
890 2536 1140 2592 Christus
1165 2548 1219 2593 et
1253 2538 1333 2591 lex
1367 2555 1429 2593 ac
1471 2541 1768 2609 prophetae,

212 2628 316 2677 tunc
341 2624 588 2680 Christus
618 2639 746 2680 vere
778 2626 871 2680 Dei
916 2626 1087 2682 Filius
1135 2632 1538 2696 comprobatur,
1587 2629 1772 2698 sicque

226 2710 288 2766 lex
313 2723 362 2767 et
384 2715 658 2786 prophetae
690 2731 816 2770 vera
848 2717 1205 2788 prophetasse
1235 2719 1603 2774 inveniuntur.
1631 2718 1773 2784 Quo-

222 2802 334 2856 niam
385 2805 467 2860 lex
518 2814 573 2860 et
629 2808 904 2877 prophetat
958 2817 1326 2863 testimonium
1395 2809 1658 2864 dederunt
1707 2808 1774 2862 de

216 2894 419 2962 Christo,
444 2900 828 2970 'praedicentes
869 2917 934 2956 ea
964 2918 1086 2972 qua:
1116 2902 1295 2957 futura
1327 2913 1486 2958 erant
1522 2904 1576 2957 in
1616 2903 1772 2959 Chri‘

213 2992 294 3049 sto,
319 2997 369 3040 et
393 2988 646 3043 Christus
677 2990 1047 3044 testimonium
1089 2991 1192 3062 legi
1235 3000 1289 3046 et
1325 2993 1602 3062 prophetis
1629 2993 1772 3063 quod

212 3087 314 3131 vera
342 3080 806 3148 prophetaverint,
837 3082 965 3134 dum
1011 3082 1349 3151 prophetiam
1384 3081 1595 3135 illorum
1644 3083 1774 3152 ipsis

1874 1911 2022 1959 xxvr,
2053 1894 2164 1965 55).
2197 1893 2344 1959 Inde,
2376 1896 2519 1964 quod
2550 1895 2787 1965 gladium
2818 1898 3024 1962 educit,
3057 1909 3112 1952 et
3158 1901 3459 1954 auriculam

1875 1985 2017 2039 servi
2049 1984 2242 2040 Malchi
2272 1987 2520 2041 abscidit.
2543 1987 2668 2042 Hrec
2695 1990 2878 2043 omnia
2910 1999 2966 2044 et
2987 1991 3092 2044 alia
3132 1993 3460 2062 quamplura

1873 2078 1940 2132 de
1973 2076 2186 2132 fervore
2225 2078 2346 2132 ﬁdei
2378 2087 2432 2132 et
2476 2079 2672 2134 ardore
2691 2081 2763 2149 pii
2795 2083 2998 2136 amoris
3028 2082 3080 2136 in
3108 2083 3344 2148 Christo,
3371 2100 3466 2139 ve-

1873 2170 2115 2234 niebant,
2168 2171 2414 2238 quamvis
2469 2171 2832 2241 dispensative
2886 2174 3018 2228 satis
3067 2176 3462 2231 tentationibus

1874 2269 2244 2325 exerceretur,
2279 2277 2462 2330 quem,
2496 2271 2556 2316 ut
2581 2264 2874 2327 credimus,
2907 2263 3034 2318 licet
3077 2266 3158 2320 eis
3187 2269 3460 2330 crederet,

1859 2343 2052 2405 'omnia
2079 2352 2222 2406 illico
2248 2353 2619 2422 operahantur
2643 2355 2694 2407 in
2726 2355 2946 2420 bonum,
2977 2355 3068 2425 qui
3101 2356 3316 2413 futurus
3345 2369 3465 2413 erat

1873 2455 2057 2512 pastor
2083 2443 2374 2508 Ecclesiaa;
2419 2452 2476 2497 ut
2521 2459 2587 2498 ex
2618 2445 2731 2498 suis
2779 2445 3186 2502 inﬁrmitatibus
3231 2448 3467 2503 disceret

1874 2552 1981 2589 non
2008 2537 2178 2590 solum
2220 2537 2515 2602 humiliari,
2548 2554 2732 2592 verum
2756 2541 2922 2594 etiam
2951 2549 3006 2594 et
3027 2541 3163 2596 alios
3202 2543 3456 2597 tolerare.

1875 2625 2078 2682 Tamen
2102 2629 2248 2696 pium
2272 2636 2357 2682 est
2386 2629 2644 2696 cogitare,
2679 2630 2722 2683 si
2754 2631 2866 2684 visa
2895 2631 3108 2686 Domini
3148 2633 3326 2687 vultus
3341 2633 3455 2687 cla-

1875 2718 2053 2782 ritate,
2107 2719 2222 2772 vult
2263 2719 2521 2789 deinceps
2559 2721 2611 2774 in
2660 2731 2842 2776 monte
2885 2739 3129 2790 manere,
3162 2736 3217 2781 et
3264 2743 3364 2782 nec
3393 2729 3462 2782 ad

1874 2818 2207 2864 momentum
2255 2811 2620 2878 descendere,
2657 2815 2860 2884 respuit
2914 2816 3143 2886 gloriam
3189 2821 3374 2874 mundi
3410 2831 3464 2875 et

1877 2908 2048 2955 tutum
2097 2902 2238 2970 quod
2272 2903 2324 2956 in
2378 2906 2580 2959 mundo
2627 2905 2924 2970 blanditur,
2970 2908 3081 2962 sola
3114 2910 3164 2963 ei
3213 2911 3460 2975 claritas,

1873 3007 1994 3062 quae
2033 2994 2098 3049 dc
2122 2995 2322 3049 Christi
2348 2995 2486 3050 facie
2520 2997 2875 3066 resplenduit,
2906 3001 3083 3070 placet
3113 3003 3239 3071 quid
3271 3013 3463 3073 putare

1873 3098 2159 3154 possumus
2182 3087 2452 3155 quomodo
2481 3087 2718 3158 placeret
2739 3091 2810 3155 ei,
2839 3091 2882 3144 si
2935 3092 3092 3146 talem
3123 3104 3254 3149 tunc
3279 3107 3464 3164 posset

214 3167 344 3224 rebus
391 3172 731 3241 adimplevit.
778 3171 977 3228 Neuter
1021 3189 1207 3228 eorum
1257 3175 1374 3228 sine
1429 3175 1602 3230 altero
1644 3191 1771 3230 vera
1801 3159 1848 3223 Ο
1878 3175 2074 3230 intueri
2134 3192 2232 3246 per
2278 3194 2475 3248 corpus
2530 3180 2773 3244 mortale,
2831 3183 3046 3251 qualem
3097 3200 3242 3241 nunc
3289 3188 3465 3242 cernit

213 3254 385 3314 dixisse
413 3261 700 3330 probatur,
725 3263 984 3318 continuo
1009 3264 1053 3318 si
1085 3265 1152 3318 ab
1188 3264 1440 3331 invicem,
1485 3269 1627 3335 quod
1657 3284 1764 3322 non

211 3359 360 3412 potest
387 3351 526 3418 ﬁeri,
553 3364 908 3423 separentur;
958 3356 1101 3424 quod
1144 3355 1289 3411 forte
1329 3355 1446 3411 ﬁeri
1496 3359 1765 3429 cupiebat,

209 3450 255 3494 ut
275 3445 524 3515 praelatus
551 3447 742 3502 doctor
765 3449 958 3513 sensit,
983 3448 1122 3502 mala
1165 3450 1510 3520 suggestione
1538 3451 1766 3516 inimici,

209 3527 355 3588 Petro
390 3537 633 3591 dicente:
665 3535 954 3592 Faciamus
999 3538 1082 3591 hic
1118 3538 1221 3592 tria
1257 3539 1632 3604 tabernacula;
1675 3557 1772 3595 ne-

207 3622 379 3677 sciens
424 3624 764 3696 (evangelista
813 3628 972 3698 teste)
1012 3628 1141 3697 quid
1185 3628 1526 3698 loquebatur.
1566 3628 1768 3684 Tamen

204 3715 493 3770 rewedium
536 3726 617 3772 est
644 3719 870 3784 erroris,
909 3722 1049 3788 quod
1099 3719 1472 3792 benignissimi
1506 3720 1769 3792 Magistri,

205 3806 500 3877 priusquam
539 3809 766 3880 incipiat
811 3809 993 3866 facere
1035 3813 1178 3882 quod
1213 3814 1418 3869 erroris
1446 3824 1549 3878 est,
1582 3816 1772 3870 devote

207 3899 476 3964 requiritur
505 3900 773 3957 voluntas.
821 3901 925 3958 Sed
957 3903 1150 3958 falsum
1194 3907 1380 3976 negari
1415 3922 1520 3962 non
1569 3916 1768 3976 potest,

209 3991 327 4052 quod
352 3989 550 4045 bonum
571 3990 768 4046 Petrus
787 4007 908 4048 esse
935 4002 1166 4068 testatur
1184 4012 1196 4048 :
1217 3995 1460 4060 Domine,
1485 3999 1674 4050 bonum
1697 4006 1771 4050 est

212 4082 354 4146 nobis,
393 4084 591 4154 inquit,
623 4085 708 4137 hic
749 4102 879 4139 esse.
908 4088 1062 4154 Quod
1091 4091 1137 4142 si
1179 4088 1381 4142 bonum
1427 4089 1621 4143 fuisset
1666 4088 1773 4144 illic

212 4183 284 4225 eos
314 4189 455 4241 esse,
490 4177 819 4232 mansissent
845 4179 1032 4248 utique
1061 4179 1158 4245 ibi,
1191 4195 1291 4234 nec
1335 4181 1648 4235 omisissent
1692 4181 1773 4234 fa-

212 4273 313 4319 cere
347 4267 489 4336 quod
517 4275 638 4322 erat
670 4268 892 4323 bonum.
925 4270 1032 4324 Sed
1062 4272 1187 4340 quia
1239 4287 1344 4325 non
1372 4281 1491 4326 erat
1520 4273 1586 4326 de
1633 4273 1772 4326 veri-

218 4357 320 4418 tate,
353 4359 470 4412 ideo
503 4357 714 4413 falsitas
742 4358 910 4415 fuisse
955 4377 1060 4416 non
1092 4371 1338 4432 negatur,
1385 4363 1527 4418 sicut
1553 4373 1608 4418 et
1640 4363 1770 4417 illud

215 4450 331 4512 quod
358 4453 470 4505 ait:
509 4450 779 4521 Propitius
807 4455 898 4507 tibi
941 4466 1071 4520 esto,
1115 4457 1360 4522 Domine,
1408 4475 1511 4512 non
1545 4462 1642 4514 erit
1672 4462 1770 4514 tibi

1875 3277 2070 3322 exutus
2107 3267 2220 3338 jam
2275 3270 2632 3324 mortalitate!
2681 3271 2748 3326 Ut
2785 3288 2911 3326 vere
2961 3272 3134 3328 fatear
3178 3290 3338 3331 nemo
3369 3277 3461 3347 qui

1872 3361 2086 3416 edicere
2140 3363 2352 3432 possit,
2393 3373 2653 3434 quantum
2703 3366 2752 3418 ei
2809 3366 3045 3435 placeret
3099 3367 3238 3422 ultra
3295 3386 3459 3440 quam

1871 3469 2028 3508 mens
2057 3457 2342 3524 concipere
2388 3465 2589 3524 posset.
2627 3455 2822 3511 Verum
2851 3459 3015 3512 etiam
3047 3460 3182 3514 adeo
3225 3477 3331 3516 non
3376 3473 3463 3518 est

1871 3545 2064 3600 Petrus
2095 3549 2423 3617 arguendus,
2450 3550 2574 3619 quia
2626 3560 2926 3606 recesserat
2965 3569 2994 3606 a
3033 3569 3111 3619 se,
3152 3556 3307 3624 quasi
3345 3557 3457 3625 jam

1873 3640 2046 3710 gratia
2103 3643 2518 3698 resurrectionis
2570 3642 2765 3697 futura:
2797 3645 3026 3710 illectus,
3087 3647 3133 3701 si
3191 3649 3268 3702 ait
3318 3649 3462 3705 inter

1873 3731 2106 3800 mystica
2163 3733 2541 3788 admirationis
2571 3747 2936 3798 sacramenta,
2975 3737 3217 3805 Domine,
3265 3741 3461 3796 bonum

1873 3832 2070 3876 estnos
2101 3823 2184 3876 hic
2211 3841 2340 3877 esse.
2393 3825 2655 3894 Cupiebat
2701 3827 2899 3881 etenim
2953 3828 3144 3886 beatus
3183 3833 3460 3902 apostolus

1874 3913 2074 3968 Paulus
2101 3917 2288 3969 eodem
2317 3917 2509 3971 ardore
2533 3918 2656 3972 ﬁdei
2687 3919 2900 3974 dissolvi
2945 3933 2992 3976 et
3019 3939 3128 3977 esse
3158 3941 3277 3979 cum
3307 3924 3463 3982 Chri-

1874 4017 1954 4062 sto
1975 4006 2198 4078 (Philip.
2234 4025 2269 4074 ι,
2301 4009 2416 4080 25).
2448 4010 2717 4066 Fortassis
2749 4029 2878 4084 ergo
2913 4024 2968 4069 et
3011 4016 3113 4071 iste
3170 4019 3294 4086 quia
3323 4034 3462 4088 prte-

1876 4107 2130 4167 gravatus
2176 4114 2364 4153 somno
2413 4100 2608 4165 fuerat,
2661 4105 2781 4158 ideo
2811 4107 3036 4174 putabat
3081 4113 3223 4177 quod
3284 4127 3463 4166 resur-

1875 4190 2136 4244 rectiuuis
2178 4192 2413 4258 speciem
2445 4191 2651 4248 solutus
2703 4211 2888 4261 carne,
2930 4214 3025 4267 per
3065 4191 3305 4258 exstaSin
3346 4203 3460 4274 jam

1874 4282 2105 4336 videret.
2147 4284 2317 4350 Quam
2349 4300 2479 4340 sane
2524 4287 2748 4356 gloriam
2792 4291 2987 4346 bonam
3018 4308 3156 4359 esse,
3204 4311 3303 4351 nec
3350 4298 3464 4352 lau-

1875 4375 2034 4430 dasse
2060 4374 2276 4443 suﬁicit,
2323 4379 2416 4432 sed
2450 4381 2612 4434 etiam
2655 4385 2941 4439 devotione
2987 4390 3336 4455 praestantior
3362 4393 3462 4446 im-

1873 4469 2027 4539 piger
2075 4471 2359 4538 operarius
2401 4473 2659 4538 occurrit,
2712 4484 2766 4529 et
2821 4477 3108 4545 pollicetur
3160 4485 3465 4540 COlllll'lUlliS

215 4534 292 4591 hoc
323 4540 533 4612 (Matth.
560 4559 684 4608 xvi,
718 4544 830 4615 22).
879 4545 1256 4602 Verumtamen:
1303 4549 1429 4616 quia
1471 4551 1765 4604 secundum
1795 4533 1846 4592 D
1872 4533 2126 4628 obsequii
2169 4562 2548 4616 ministerium.
2596 4533 2698 4630 Qui
2750 4533 2998 4635 quamvis
3046 4533 3463 4644 nesciret—quid

215 4637 518 4702 propositum
579 4637 670 4692 hic
729 4637 920 4693 Petrus
961 4639 1074 4708 jam
1119 4656 1148 4693 a
1199 4641 1426 4695 Domino
1473 4641 1664 4697 beatus
1711 4651 1766 4697 et

213 4735 404 4782 sanctus
445 4736 566 4783 erat
615 4739 861 4795 vocatus,
897 4740 954 4784 et
978 4732 1122 4786 ﬁlius
1151 4733 1340 4803 gratia:
1370 4733 1493 4799 Dei,
1525 4735 1653 4804 quid
1685 4744 1770 4789 est

211 4819 333 4880 quod
359 4822 618 4875 oberrat?
663 4822 788 4877 Ideo
835 4824 1062 4878 credere
1097 4823 1359 4880 debemus
1402 4836 1455 4881 et
1489 4829 1768 4893 conﬁteri,

213 4909 322 4972 quia
359 4915 535 4968 omnia
570 4915 671 4980 illi,
720 4915 875 4986 juxta
924 4918 1224 4986 apostolum
1280 4919 1538 4987 Paulum,
1582 4940 1768 4992 coope-

213 5009 375 5056 τηινγ
418 5006 471 5058 in
518 5007 708 5060 bonum
757 5007 946 5079 (Rom.
988 5025 1118 5074 vut,
1168 5010 1294 5080 28),
1341 5014 1503 5066 etiam
1550 5015 1651 5069 etsi
1704 5017 1772 5069 ab

214 5087 500 5149 adversario
539 5097 922 5151 stimulabatur
973 5099 1027 5152 in
1078 5099 1297 5169 aliquo;
1349 5103 1602 5170 quoniam
1642 5119 1770 5172 pro-

214 5177 393 5239 Ximuin
438 5186 785 5257 indulgentia!
829 5197 942 5254 est,
987 5189 1130 5258 quod
1161 5191 1234 5257 de
1263 5206 1485 5246 excessu
1523 5195 1667 5248 venit
1698 5193 1772 5264 pii

211 5280 407 5335 amoris.
448 5280 585 5336 Nam
617 5291 670 5336 et
716 5283 849 5352 ipse,
891 5293 950 5337 ut
996 5284 1168 5339 Lucas
1212 5287 1289 5339 ait
1339 5285 1498 5357 (Luc.
1530 5303 1617 5352 rx,
1643 5289 1770 5360 59),

209 5377 435 5428 solanum
475 5376 817 5445 patiebatur,
865 5387 918 5432 et
964 5379 1055 5445 qui
1107 5394 1228 5432 cum
1270 5394 1335 5433 eo
1376 5391 1534 5434 erant
1578 5383 1769 5454 reliqui

207 5471 388 5528 gravati
425 5471 679 5525 dicuntur
707 5487 812 5526 non
862 5487 1052 5527 somno
1097 5473 1362 5542 siquidem
1421 5477 1634 5541 carnis,
1677 5479 1770 5532 sed

205 5568 383 5617 somno
422 5565 640 5619 mentis.
691 5564 842 5620 Unde
881 5565 1022 5620 sicut
1068 5565 1118 5618 in
1163 5568 1266 5620 hoc
1309 5566 1455 5621 dicto
1511 5569 1767 5638 ignorau-

206 5648 326 5707 tiam
361 5655 502 5712 Petri
547 5673 652 5712 non
691 5659 1074 5727 approbamus,
1117 5659 1196 5714 sic
1245 5661 1572 5730 praecipuum
1617 5677 1767 5715 amo-

202 5756 310 5800 rem
345 5749 484 5805 illius
532 5765 660 5822 erga
691 5749 980 5806 Dominum
1031 5767 1371 5818 veneremur,
1409 5763 1464 5809 et
1498 5753 1766 5811 fervorem

632 5844 906 5906 Pauor"
952 5845 1148 5906 CXX.

1874 4647 2098 4712 diceret,
2131 4649 2390 4704 offerebat
2419 4662 2597 4706 tamen
2630 4657 2908 4711 servitutis
2937 4658 3194 4726 cilicium,
3226 4680 3462 4733 quonon

1874 4738 2174 4793 inconsulta
2220 4743 2537 4809 petulantia,
2567 4746 2657 4797 sed
2716 4760 3040 4815 pra-matura
3094 4752 3308 4808 devotio
3354 4755 3466 4809 fru-

1875 4843 2020 4888 ctum
2049 4836 2359 4899 cxhibehat,
2393 4839 2736 4893 accumulare
2768 4841 2868 4894 sibi
2899 4844 3122 4912 cupiens
3154 4848 3461 4903 mercedem

1876 4925 2098 4978 laboris.
2149 4925 2281 4979 Nam
2323 4929 2464 4996 quod
2518 4929 2798 4999 ignorabat
2849 4932 3013 5004 706
3053 4935 3180 5003 quid
3235 4937 3460 5004 diceret,

1879 5016 2203 5072 conditionis
2237 5017 2336 5072 fuit
2384 5019 2665 5086 humanae;
2718 5023 2861 5091 quod
2910 5040 3039 5078 vero
3088 5027 3460 5094 promittebat,

1880 5108 2182 5162 devotionis
2201 5111 2540 5178 obsequium.
2569 5112 2634 5165 Et
2667 5113 2785 5166 ideo
2815 5113 3007 5169 Petrus
3047 5131 3077 5168 a
3102 5116 3331 5173 Domino
3357 5137 3463 5175 non

1881 5202 2315 5270 reprehenditur,
2348 5205 2473 5274 quia
2514 5215 2567 5259 et
2616 5207 2662 5259 si
2705 5208 2979 5276 displicuit
3014 5209 3293 5280 ignorasse
3333 5215 3465 5284 quid

1880 5296 2105 5360 diceret,
2145 5296 2345 5364 placuit
2395 5307 2572 5351 tamen
2607 5308 2754 5353 tanta
2794 5302 3008 5355 devotio
3056 5303 3186 5357 Deo.
3241 5305 3306 5359 Et
3340 5305 3463 5360 ideo

1879 5390 2022 5444 inter
2048 5390 2163 5444 lucc
2188 5391 2352 5443 verba
2381 5390 2521 5444 facta
2568 5403 2649 5445 est
2680 5394 2871 5456 nubes,
2914 5409 3034 5462 quae
3083 5396 3227 5464 ipsos
3255 5405 3464 5468 tegeret

1879 5483 2230 5547 lucidissima,
2250 5491 2302 5536 et
2325 5498 2418 5537 eos
2443 5485 2810 5547 obumbraret,
2829 5495 2886 5538 ut
2913 5488 3078 5542 sciret
3102 5488 3317 5554 Petrus,
3334 5493 3459 5562 quia

1878 5594 1984 5632 non
2015 5593 2234 5632 necesse
2266 5586 2384 5630 erat
2413 5578 2513 5630 tria
2554 5577 2898 5631 tabernacula
2933 5580 3074 5646 ﬁeri,
3106 5598 3228 5636 cum
3257 5600 3352 5639 eos
3383 5587 3462 5639 vi-

1878 5673 2030 5725 deret
2053 5672 2192 5724 nube
2224 5671 2429 5724 caelesti
2454 5671 2720 5732 obtectos,
2746 5681 2799 5725 et
2825 5674 2980 5742 quasi
3007 5675 3108 5730 sub
3145 5692 3253 5739 uno
3282 5679 3463 5732 taber—

1880 5762 2073 5817 naculo
2092 5761 2378 5831 cooperiri.
2402 5760 2550 5815 Unde
2573 5771 2966 5832 consequenter
2989 5765 3066 5817 ait
3090 5767 3459 5838 evangelista:

2961 5854 3034 5914 19
