4012 6362
569 290 668 344 587

1357 289 1414 346 S.
1457 287 1812 348 PASCﬂASll
1851 283 2198 342 RADBERTI
2235 282 2527 340 ABBATIS
2563 277 3023 344 CORBEIENSIS

641 400 828 456 Adhuc
866 421 926 457 eo
955 402 1215 473 loquente,
1250 419 1366 456 ecce
1416 403 1576 456 nubes
1627 401 1802 456 lucida
1833 400 2160 456 obumbravit
2192 400 2241 460 Α
2269 395 2407 451 bene
2431 395 2840 467 complacui.Et
2867 394 2993 451 ideo
3019 407 3131 463 prae
3160 391 3416 448 omnibus
3441 401 3499 446 et
3523 399 3652 448 ante
3665 405 3870 458 omne;

569 508 675 554 eos.
704 491 814 548 Nec
843 493 1066 547 dubium
1080 493 1209 563 quin
1235 493 1346 563 ipsa
1363 502 1448 548 est
1466 493 1552 547 illa
1573 494 1766 556 nubes,
1782 508 1901 562 qum
1917 493 2157 563 suscepit

569 601 693 644 eum
737 587 804 641 ab
850 585 1022 641 oculis
1056 587 1300 640 oumium
1348 584 1737 654 apostolorum,
1786 585 1998 654 quando
2041 583 2152 638 ele-

567 687 727 733 vatus
757 687 840 732 est
879 676 930 730 in
963 677 1161 736 malum
1191 676 1328 746 (Act.
1360 692 1396 740 ι,
1422 676 1496 744 9).
1531 675 1635 730 Sed
1665 684 1720 729 et
1748 675 1801 728 in
1836 673 2016 728 Veteri
2047 671 2151 727 Te.-

568 775 840 824 stamonto
889 780 1072 820 coram
1123 763 1245 817 tiliis
1281 762 1464 826 Israel,
1497 761 1802 816 columnam
1853 760 2031 824 nubis,
2061 774 2156 828 per

569 861 748 914 diem:
783 865 838 912 et
861 856 1165 910 columnam
1201 855 1358 924 ignis,
1391 869 1488 924 per
1529 863 1768 918 noctem,
1809 851 2153 922 pnecessisse

565 951 798 1022 legimus
823 947 1019 1019 (Exod.
1048 963 1168 1010 xm,
1200 946 1314 1016 2|),
1345 947 1440 1000 scd
1476 945 1618 1015 quod
1659 941 2011 999 lucida‘esset
2048 942 2150 996 ali-

565 1061 673 1115 qua
704 1060 916 1105 eorum,
944 1059 1047 1096 non
1078 1042 1360 1096 habemus.
1397 1040 1651 1106 Quinimo
1692 1047 1817 1093 ante
1860 1039 2149 1098 adventum

565 1137 882 1192 Mediatoris
913 1134 1276 1206 (utscriptum
1319 1133 1422 1202 est)
1455 1131 1747 1184 Teuebrosa
1788 1146 1925 1199 aqua
1964 1129 2017 1181 in
2055 1145 2151 1181 nu-

563 1245 713 1283 mmis
749 1231 887 1282 aeris
925 1228 1022 1297 fuit
1057 1224 1228 1296 (Paul.
1265 1241 1398 1288 xvu,
1433 1223 1539 1292 12),
1581 1224 1682 1277 hoc
1714 1231 1820 1286 est,
1862 1221 2151 1274 verborum

565 1321 789 1375 scientia
821 1322 872 1373 in
921 1321 1034 1388 lege
1063 1327 1224 1386 atque
1256 1317 1536 1386 prophetis
1575 1314 1784 1368 occulta
1814 1321 1869 1367 et
1893 1313 2148 1375 obscura,

563 1413 813 1482 quamvis
843 1411 993 1465 multi
1019 1417 1284 1477 quwraut,
1313 1411 1426 1477 ipsa
1463 1407 1635 1462 nubes
1664 1414 1847 1459 utrum
1884 1417 2148 1473 corporea

563 1503 726 1557 fuerit
748 1518 814 1556 an
847 1503 988 1556 non?
1010 1501 1116 1556 Sed
1145 1509 1310 1554 restat
1335 1509 1511 1554 tamen
1537 1496 1859 1568 intelligere,
1887 1493 2149 1565 quidquid

562 1598 728 1651 fuerit
755 1596 897 1665 quod
945 1610 1195 1664 maguum
1239 1602 1638 1648 sacramentum
1672 1590 1789 1644 fuit.
1836 1589 1971 1657 Quia
2017 1587 2149 1642 Novi

560 1687 893 1744 Testamenti
941 1686 1209 1750 doctrina,
1262 1701 1367 1738 non
1410 1683 1521 1752 jam
1567 1684 1618 1738 in
1663 1683 1807 1738 nube
1858 1683 2148 1738 tenebrosa

2260 488 2438 557 ipsum
2466 489 2669 544 audite.

2330 581 2398 636 Et
2433 582 2706 637 audientes
2743 578 2995 651 discipuli
3018 579 3317 634 ceciderunt
3338 579 3391 632 in
3422 577 3588 648 facies
3609 595 3745 634 satas
3771 596 3868 636 u-

2255 690 2346 744 per
2376 685 2597 740 terram,
2645 686 2693 729 et
2724 674 3009 730 timuerunt
3053 671 3224 728 valde.
3259 669 3377 726 Vox
3420 672 3586 742 igitur
3612 671 3712 726 illa
3749 688 3872 742 qua

2256 781 2420 821 aures
2448 765 2840 838 discipulorum
2869 765 3160 838 percussit,
3195 765 3309 819 sive
3347 780 3443 834 per
3469 765 3872 836 semetipsum,

2257 857 2372 914 sive
2397 873 2494 928 per
2516 857 2814 930 angelicam
2844 866 3174 916 creaturam.
3218 855 3568 922 elementum,
3608 873 3751 927 qum
3783 857 3874 914 lu-

2255 948 2374 1004 cida
2412 947 2640 1014 refulsit,
2678 950 2935 1004 Dominus
2980 948 3361 1016 commoverit,
3389 957 3571 1004 tamen
3613 965 3734 1020 per
3773 965 3878 1006 ltu-

2254 1040 2378 1098 bem
2419 1040 2622 1096 sonuit.
2657 1040 2796 1110 Quia
2825 1055 2954 1096 vero
2983 1040 3051 1096 de
3081 1041 3226 1094 nube
3278 1041 3545 1109 processit
3593 1056 3716 1096 vox
3751 1057 3877 1110 qua

2255 1110 2547 1202 discipulos
2598 1133 2674 1188 ita
2706 1133 2758 1186 in
2804 1141 3007 1187 terram
3049 1132 3386 1200 prostravit,
3426 1132 3478 1185 in
3512 1133 3756 1186 modum
3791 1142 3876 1188 to-

2254 1225 2418 1280 nitrui
2448 1224 2588 1279 facta
2617 1224 2742 1284 fuit,
2783 1223 2924 1277 sicut
2958 1232 3086 1276 tunc
3135 1225 3355 1292 quando
3386 1223 3723 1276 imminente
3751 1238 3875 1292 pas-

2253 1317 2408 1374 sione
2434 1317 2576 1372 idem
2601 1315 2769 1372 Filius
2799 1316 2864 1370 ad
2895 1314 3113 1370 Patrem
3151 1316 3284 1369 dixit
3309 1333 3324 1368 :
3353 1314 3510 1369 Nunc
3531 1318 3734 1370 anima
3761 1334 3876 1372 nec

2253 1407 2464 1461 turbata
2497 1416 2593 1462 est.
2618 1406 2686 1460 Et
2734 1407 2858 1478 quid
2889 1406 3110 1460 dicant?
3142 1403 3322 1468 Pater,
3369 1405 3610 1476 salvi/ica
3666 1422 3764 1460 me
3815 1424 3878 1460 ea:

2252 1499 2352 1554 Itac
2378 1499 2508 1553 liora
2539 1498 2670 1563 ;sed
2703 1507 2974 1569 propterea
3011 1496 3128 1550 veni
3170 1497 3223 1549 in
3249 1498 3383 1550 hanc
3422 1497 3635 1549 horam.
3683 1496 3874 1562 Pater,

2253 1591 2493 1661 clarifica
2523 1608 2710 1646 nomen
2749 1600 2922 1644 tuum.
2981 1587 3131 1643 Venit
3173 1605 3294 1660 ergo
3342 1604 3441 1642 uox
3483 1589 3548 1642 de
3577 1589 3727 1643 caelo
3758 1605 3777 1641 :
3809 1588 3874 1642 Et

2253 1683 2542 1753 clariﬁcavi
2568 1724 2583 1750 ,
2615 1693 2663 1738 et
2721 1683 2912 1737 iterum
2966 1679 3293 1750 clariﬁcabo.
3351 1679 3525 1734 Turba
3565 1697 3706 1752 ergo
3759 1698 3874 1752 qu

557 1778 852 1848 obtegitur,
899 1778 994 1832 scd
1034 1792 1130 1846 per
1177 1777 1374 1830 nubem
1423 1774 1655 1829 lucidam
1695 1781 1890 1828 tonans
1919 1782 2148 1840 paterna
2177 1774 2422 1836 Bstabat
2467 1783 2514 1828 et
2567 1773 2833 1836 audiebat,
2893 1771 3097 1826 dicebat
3131 1771 3423 1825 tonitruum
3485 1771 3711 1839 factum
3763 1789 3872 1828 em

555 1887 688 1925 voce
735 1871 1016 1939 perspicue
1057 1868 1298 1921 auditur.
1330 1866 1446 1936 Ipsa
1495 1866 1764 1933 siquidem
1819 1864 1992 1924 nubes
2036 1879 2144 1917 non

554 1961 738 2030 ignea,
772 1977 876 2014 non
922 1961 1227 2018 tenebrosa,
1266 1958 1358 2012 sed
1385 1956 1560 2010 lucida
1590 1955 1755 2010 fuisse
1797 1955 2143 2024 prmdicatur‘.

555 2047 693 2115 Quia
729 2065 834 2103 non
862 2049 914 2102 in
947 2049 1067 2117 igne
1093 2047 1317 2101 terroris
1342 2062 1483 2100 nunc
1508 2047 1678 2108 venit,
1700 2060 1806 2099 non
1834 2045 1886 2098 in
1915 2045 2148 2114 caligine

553 2139 840 2202 caecitatis,
883 2139 978 2192 sed
1022 2138 1074 2190 in
1125 2136 1330 2190 lumine
1377 2135 1622 2189 veritatis
1656 2129 2009 2189 illu'stralusa
2056 2151 2147 2205 pa-

556 2230 813 2284 triarchis
838 2229 1110 2291 Christus,
1146 2237 1200 2281 et
1243 2243 1272 2280 a
1309 2226 1586 2296 praphetis
1632 2224 1834 2281 lumine
1883 2225 2148 2280 claritatis

555 2322 911 2376 iliuminatus.
947 2321 1011 2374 Et
1040 2321 1334 2374 notandum
1361 2320 1502 2389 quod
1537 2320 1704 2372 nubes
1723 2318 1897 2372 lucida
1925 2317 2170 2389 Moysen'

553 2423 609 2470 et
645 2414 815 2468 Eliam
847 2421 996 2468 tenet
1028 2421 1084 2466 et
1114 2412 1424 2466 obumbrat.
1461 2409 1742 2477 Quomodo
1777 2409 1953 2462 lucida
1983 2418 2067 2462 est
2098 2408 2146 2461 si

552 2507 883 2562 obumbrat?
910 2503 1042 2558 Nam
1087 2513 1141 2558 et
1191 2505 1350 2558 rirtus
1381 2502 1640 2556 Altissimi
1688 2501 1980 2556 obumbrat
2026 2500 2142 2553 Ma-

550 2602 688 2656 riam
722 2599 876 2671 (Luc.
921 2615 960 2663 ι,
1009 2597 1122 2666 55).
1181 2595 1388 2652 Idcirco
1423 2595 1826 2666 intelligendum
1879 2594 1995 2647 hate
2038 2609 2142 2646 nn-

548 2696 646 2749 bes
682 2693 883 2762 aliquid
920 2691 1063 2760 quod
1095 2689 1362 2742 illuminat
1411 2697 1466 2740 et
1501 2686 1641 2740 lucet
1673 2688 1738 2739 ad
1770 2685 1972 2754 aliquid
1999 2683 2144 2754 quod

549 2787 858 2841 obumbrat.
898 2783 1092 2836 Aufert
1148 2781 1313 2850 igitur
1361 2777 1581 2849 Moysen
1623 2786 1677 2830 et
1723 2777 1917 2838 Eliam,
1951 2783 2006 2828 et
2052 2789 2144 2829 oc-

549 2877 748 2938 cnllat;
785 2885 840 2928 et
889 2890 1010 2929 cum
1061 2888 1157 2926 eos
1191 2879 1369 2924 teneat
1419 2879 1472 2923 et
1517 2869 1773 2931 occultet,
1819 2876 2142 2922 nontamen

541 2968 656 3037 jam
701 2968 911 3037 Moyses
940 2975 994 3018 et
1021 2965 1168 3018 Elias
1197 2965 1262 3017 de
1306 2963 1448 3016 nube
1487 2971 1682 3017 sonant
1714 2962 1766 3014 in
1798 2976 1904 3029 qua
1942 2958 2137 3022 latent,

550 3061 644 3116 sed
671 3061 819 3116 solus
858 3058 1020 3112 Pater
1044 3072 1142 3125 per
1178 3056 1376 3109 nubem
1423 3054 1683 3121 loquitur,
1716 3051 1938 3120 solaque
1966 3050 2140 3105 nubes

2257 1863 2439 1934 (Joan.
2471 1879 2568 1929 xu,
2591 1863 2684 1926 27,
2715 1862 2804 1925 28,
2837 1861 2950 1932 29).
2999 1860 3104 1916 Sed
3137 1862 3264 1933 quid
3311 1871 3414 1926 est,
3460 1865 3607 1932 quod
3672 1863 3757 1917 ibi
3789 1874 3872 1918 to-

2255 1957 2498 2011 nitruum
2530 1955 2756 2010 audiens
2785 1953 2958 2015 turba,
2987 1970 3093 2010 non
3118 1953 3298 2009 cadit?
3322 1953 3420 2008 Hic
3452 1966 3641 2010 autem
3681 1956 3868 2010 audita

2253 2061 2390 2100 voce
2421 2046 2692 2114 discipuli,
2743 2046 2794 2099 in
2821 2044 3016 2100 faciem
3064 2045 3304 2118 cadunt?
3332 2044 3448 2100 Nisi
3474 2047 3606 2116 quia
3661 2047 3745 2101 ibi
3777 2063 3866 2102 sa-

2252 2137 2442 2207 perhia
2470 2146 2662 2204 tumet,
2688 2136 2776 2191 hic
2804 2145 2985 2191 autem
3011 2137 3290 2194 humilitas
3310 2149 3491 2208 pavet.
3523 2137 3642 2192 Nec
3679 2149 3868 2196 tamen

2253 2228 2371 2283 sine
2401 2243 2568 2281 causa
2600 2241 2752 2280 Inens
2783 2235 2964 2297 pavet,
2994 2243 3114 2296 quae
3151 2227 3433 2298 pnemium
3463 2229 3603 2282 tanti
3640 2231 3868 2298 pavoris

2254 2334 2352 2390 per
2391 2318 2622 2390 gratiam
2644 2316 2758 2385 jam
2792 2317 2973 2381 habet,
3003 2333 3165 2390 quam
3209 2319 3440 2388 accepit.
3468 2318 3641 2373 Multa
3689 2322 3863 2389 siqui-

2252 2411 2375 2466 dem
2412 2419 2727 2474 occurrunt,
2756 2426 2852 2465 cur
2887 2409 3131 2480 discipuli
3158 2426 3320 2482 super
3342 2420 3547 2468 terram
3575 2411 3630 2464 in
3669 2410 3864 2466 faciem

2251 2502 2574 2556 corruerint.
2611 2500 2894 2568 Primum,
2946 2502 3072 2572 quia
3118 2518 3226 2558 non
3273 2512 3530 2572 poterant
3582 2504 3862 2560 sustinere

2250 2592 2476 2666 gloriam
2505 2601 2667 2649 tanta:
2693 2593 2843 2648 vocis
2865 2593 2932 2646 de
2957 2594 3120 2658 nube,
3145 2606 3318 2663 neque
3336 2593 3503 2664 708
3537 2593 3860 2649 claritatem

2248 2686 2418 2754 ipsius
2449 2685 2628 2750 nubis,
2672 2700 2776 2754 qua
2818 2684 3300 2750 obumbrabantur,
3350 2684 3611 2740 Christus
3659 2686 3859 2742 videli-

2249 2785 2354 2840 cet,
2388 2775 2620 2849 Moyses,
2648 2783 2701 2828 ct
2730 2774 2896 2838 Elias,
2920 2774 3114 2843 quibus
3137 2775 3252 2846 jam
3273 2790 3396 2829 cum
3424 2773 3653 2830 Christo
3687 2791 3854 2832 unum

2249 2879 2366 2924 erat
2395 2867 2823 2931 tabernaculum,
2847 2876 2902 2920 et
2936 2883 3042 2921 non
3070 2867 3194 2931 tria,
3250 2883 3371 2940 quae
3405 2866 3609 2923 Petrus
3659 2867 3858 2926 obtulit

2249 2969 2304 3015 ut
2339 2960 2757 3016 fabricareutnr.
2800 2959 2935 3014 Erat
2982 2959 3127 3014 enim
3188 2959 3444 3029 splendor
3487 2959 3680 3014 vultus
3745 2961 3856 3030 ejus

2247 3056 2339 3124 qui
2367 3054 2603 3123 fulgebat
2639 3063 2700 3108 ut
2725 3053 2827 3120 sol,
2877 3061 2931 3107 et
2975 3052 3194 3108 claritas
3249 3052 3739 3116 vestimentorum,
3803 3056 3850 3108 in

550 3151 724 3208 lucida
767 3161 1050 3220 paternam
1097 3162 1286 3202 vocem
1315 3143 1593 3215 exprimit.
1634 3142 1831 3212 Sicque
1879 3143 2140 3196 nimirum
2169 3133 2218 3206 C
2247 3147 2444 3215 quibus
2467 3147 2838 3202 delectabatur
2861 3145 3056 3202 Petrus
3079 3145 3396 3202 admiratus.
3428 3143 3536 3208 Sed
3567 3146 3724 3200 inter
3747 3148 3852 3204 hac

549 3243 684 3299 Novi
710 3241 1044 3299 Testamenti
1077 3239 1250 3310 gratia
1305 3238 1474 3308 legem
1499 3244 1553 3290 et
1581 3235 1923 3304 prophetiam
1951 3234 2143 3289 obum-

549 3335 674 3390 brat
701 3343 754 3387 et
790 3338 1100 3395 conservat,
1138 3346 1204 3384 an
1251 3337 1420 3392 tenet,
1451 3324 1708 3390 occultat,
1746 3333 1800 3378 et
1847 3325 2143 3380 obumbrat

549 3427 604 3482 in
637 3427 834 3482 littera.
865 3424 1164 3479 Conservat
1205 3420 1366 3492 707
1396 3428 1578 3473 autem
1623 3417 1674 3471 in
1713 3417 1933 3486 spiritu,
1965 3417 2142 3471 occul-

549 3525 627 3570 tat
675 3516 727 3570 in
777 3513 1156 3585 tenigmatibus
1206 3519 1260 3565 et
1312 3509 1513 3582 figuris,
1559 3515 1710 3562 tenet
1749 3507 1804 3560 in
1842 3507 2137 3578 mysteriis.

550 3608 750 3677 Sicque
783 3607 865 3671 fit,
918 3614 976 3658 ut
1020 3602 1284 3674 quidquid
1317 3601 1400 3654 lex
1441 3609 1496 3654 et
1543 3598 1829 3670 prophetia
1875 3599 2136 3668 loquitur,

549 3716 856 3774 quanquam
891 3696 1209 3770 spiritaliter
1245 3691 1646 3748 observandum
1679 3692 2002 3754 retineatur,
2033 3707 2142 3748 non

545 3792 656 3864 jam
699 3808 796 3862 per
843 3789 1008 3845 Vetus
1052 3788 1484 3848 Testamentum,
1514 3784 1610 3838 sed
1640 3799 1738 3854 per
1779 3782 1990 3837 Novum
2038 3799 2138 3838 au-

549 3883 751 3943 diatur,
783 3881 923 3934 sicut
967 3894 1062 3947 per
1092 3879 1286 3932 nubem
1335 3873 1566 3930 lucidam
1615 3874 1956 3929 solummodo
1998 3875 2142 3932 Deus

549 3973 714 4026 Pater
752 3970 897 4038 loqui
939 3969 1170 4022 videtur.
1217 3964 1336 4018 Jam
1391 3964 1648 4033 deinceps
1703 3963 1916 4034 Moyses
1975 3973 2137 4028 tacet,

551 4062 696 4116 Elias
724 4061 866 4125 silet,
897 4068 954 4114 et
982 4073 1078 4128 per
1107 4056 1278 4112 solam
1303 4055 1501 4110 nubem
1523 4064 1749 4124 paterna
1777 4069 1880 4110 vox
1902 4065 2060 4110 sonat
2086 4064 2142 4110 et

550 4155 769 4208 auditur
795 4170 808 4206 :

625 4332 728 4386 Hic
769 4342 844 4385 est
878 4329 1052 4384 Filius
1107 4345 1254 4381 meus
1309 4327 1553 4392 dilectus,
1589 4327 1644 4380 in
1685 4343 1785 4399 quo
1838 4329 1968 4382 mihi
2019 4329 2143 4385 bene

477 4489 484 4492 _
552 4421 870 4494 complorati,
934 4421 1105 4489 ipsum
1153 4418 1352 4471 audite.
1398 4415 1495 4471 Hic
1533 4425 1634 4482 est,
1665 4433 1728 4473 ac
1768 4418 1812 4473 si
1853 4419 2000 4474 dicat
2047 4420 2139 4489 qui

550 4514 875 4569 naturaliter
914 4527 1066 4566 meus
1093 4521 1174 4566 est
1207 4509 1396 4574 Filius,
1446 4516 1502 4562 et
1553 4508 1641 4563 hic
1687 4509 1892 4579 estqui
1952 4510 2083 4564 mibi
2110 4527 2140 4566 a

550 4618 744 4663 natura
777 4605 1004 4660 dilectus
1042 4613 1148 4658 est.
1183 4601 1343 4672 Ergo,
1378 4600 1482 4661 hic,
1513 4616 1619 4654 non
1651 4599 1970 4656 adverbium
2009 4600 2138 4668 loci,

548 4703 643 4758 sed
709 4713 1007 4772 pronomen
1069 4711 1355 4768 personam
1415 4693 1840 4749 demonstrantis
1895 4703 2016 4758 est,
2075 4711 2142 4750 eo

545 4797 690 4870 quod
720 4802 918 4866 praeter
955 4791 1096 4844 hunc
1131 4787 1307 4842 nullus
1337 4787 1477 4841 alius
1505 4787 1729 4858 propius
1759 4794 1863 4840 est.
1898 4786 1964 4841 Et
2012 4801 2139 4843 ecce

547 4887 725 4942 ablata
771 4892 854 4938 est
897 4896 1026 4935 cura
1075 4879 1412 4949 figeudorum
1465 4876 1965 4944 tabernaculorum,
2011 4879 2139 4948 quia

545 4977 776 5034 recessit
827 4973 1057 5046 Moyses,
1107 4969 1334 5024 recessit
1380 4977 1435 5023 et
1471 4969 1638 5034 Elias,
1665 4969 1758 5040 qui
1808 4970 1952 5026 servi
1985 4979 2142 5026 erant

548 5080 600 5125 et
632 5084 737 5123 non
771 5063 1001 5120 domini.
1037 5060 1410 5116 Recesscrunt
1459 5075 1606 5130 ergo,
1635 5076 1702 5113 ne
1738 5059 1879 5116 forte
1920 5061 2142 5116 dubium

548 5173 716 5225 esset,
747 5162 907 5215 Pater
950 5158 1017 5212 de
1057 5171 1167 5226 quo
1218 5153 1431 5208 illorum
1479 5153 1702 5208 diceret.
1747 5153 1901 5210 Nunc
1937 5165 2139 5220 autem,

552 5257 680 5327 quia
721 5255 874 5310 solus
940 5249 1232 5313 remansit,
1285 5255 1496 5302 certum
1545 5247 1672 5316 quia
1710 5255 1764 5300 et
1807 5247 1890 5302 lex
1930 5257 1984 5300 et
2014 5262 2142 5316 pro-

550 5350 731 5422 phetia
764 5347 832 5401 ad
863 5360 987 5400 eum
1040 5342 1280 5406 transiit,
1311 5349 1367 5395 et
1395 5356 1497 5393 vox
1538 5340 1738 5402 Patris,
1783 5354 1888 5394 non
1933 5340 1998 5392 de
2037 5339 2145 5394 alio

553 5440 618 5496 ad
671 5436 961 5508 discipulos
1003 5449 1167 5503 quam
1208 5433 1273 5486 de
1314 5432 1428 5501 ipso
1463 5429 1583 5484 fuit.
1613 5429 1693 5484 Ac
1719 5429 1762 5482 si
1801 5429 2008 5484 diceret
2037 5444 2141 5484 vox

554 5533 756 5594 divina,
792 5529 890 5584 Hic
918 5527 1064 5582 solus
1122 5524 1214 5596 qui
1257 5522 1520 5578 remansit
1573 5529 1656 5576 est
1715 5520 1997 5575 Dominus.
2041 5521 2142 5577 Hic

557 5622 742 5686 solus,
791 5636 950 5689 quem
1003 5618 1138 5673 estis
1190 5615 1404 5681 secuti,
1461 5614 1692 5668 dilectus
1733 5622 1786 5667 et
1810 5613 2004 5668 unicus
2060 5622 2145 5669 est

558 5716 746 5776 Filius.
779 5719 836 5774 ln
865 5719 969 5775 hoc
1017 5719 1132 5776 solo
1170 5727 1226 5774 et
1273 5733 1378 5772 non
1419 5716 1471 5770 in
1502 5713 1686 5784 Moyse
1717 5711 1799 5766 vel
1840 5711 1973 5774 Elia,
2009 5711 2141 5770 mihi

2246 3237 2448 3302 omnia,
2480 3240 2737 3294 virtutem
2768 3237 2919 3294 vocis
2950 3254 3057 3294 non
3085 3237 3345 3304 ferentes,
3383 3251 3450 3292 ex
3482 3252 3550 3291 eo
3573 3247 3631 3292 et
3661 3254 3848 3294 vocem

2247 3346 2278 3384 a
2304 3330 2465 3387 Patre
2497 3348 2594 3402 per
2617 3332 2815 3388 nubem
2851 3331 3146 3402 delapsam,
3167 3330 3313 3388 ferre
3337 3346 3444 3388 non
3468 3341 3754 3400 poterant,
3777 3333 3850 3387 id-

2248 3422 2397 3478 circo
2451 3439 2516 3478 ac
2561 3425 2606 3480 si
2661 3424 3018 3496 supplicantis
3061 3423 3280 3489 aﬂ'ectu,
3337 3424 3536 3484 timore
3589 3427 3843 3495 permlsi,

2249 3512 2507 3568 cadentes
2533 3523 2696 3568 ruunt
2725 3513 2778 3568 iu
2811 3513 3006 3574 faciem
3035 3529 3210 3570 suam.
3250 3513 3416 3570 Valde
3459 3515 3614 3571 enim
3646 3527 3842 3585 pet-tierb

2247 3607 2338 3662 riti
2388 3616 2546 3662 erant
2588 3607 2882 3676 spectaculi
2927 3607 3190 3670 novitate,
3215 3614 3273 3661 et
3329 3608 3650 3662 testimonio
3709 3609 3844 3664 votis

2245 3708 2508 3768 paternae.
2541 3699 2618 3754 De
2652 3713 2761 3768 quo
2807 3712 2937 3756 sane
2974 3698 3308 3762 testimonio,
3356 3699 3486 3768 quia
3531 3713 3700 3769 supra
3737 3700 3842 3768 ja-

2247 3806 2336 3846 me
2358 3791 2490 3846 satis
2527 3791 2730 3848 dixisse
2758 3791 2958 3853 recolo,
2981 3792 3215 3862 idipsum
3247 3792 3593 3848 reinculcare
3641 3792 3838 3848 distuli.

2248 3881 2363 3936 Nisi
2393 3882 2536 3951 quod
2563 3882 2781 3951 quidam
2804 3892 3073 3952 quaerunt.
3107 3894 3294 3940 utrum
3322 3885 3392 3938 de
3420 3886 3572 3938 nube
3599 3886 3714 3940 haec
3749 3899 3838 3938 vos

2249 3971 2316 4028 ad
2342 3971 2558 4043 Moysen
2585 3981 2636 4028 et
2663 3972 2832 4028 Eliam
2875 3971 3018 4028 facta
3041 3974 3140 4037 sit,
3185 3975 3279 4043 qui
3327 3973 3718 4032 desiderabant
3757 3975 3834 4030 Fi-

2249 4057 2378 4112 lium
2410 4057 2502 4113 Dei
2534 4059 2588 4112 iu
2624 4072 2790 4112 carne
2817 4058 2999 4113 videre
3017 4068 3076 4114 et
3119 4060 3336 4124 audire,
3388 4069 3449 4116 ut
3491 4061 3743 4122 viderent
3789 4071 3833 4114 α

2249 4148 2500 4204 audirent
2519 4148 2632 4218 jam
2660 4148 2925 4219 completa
2949 4163 3072 4219 quae
3109 4152 3177 4206 de
3208 4150 3298 4206 illo
3339 4151 3445 4222 ipsi
3477 4153 3836 4216 crediderant.

2249 4247 2306 4294 et
2349 4238 2717 4308 praedixerant
2738 4239 2936 4310 quandi
2957 4253 3063 4309 que
3096 4255 3216 4296 esse
3251 4239 3452 4298 futura.
3481 4241 3597 4308 Aut
3618 4243 3835 4310 discos-

2250 4329 2349 4392 los,
2373 4330 2516 4400 quod
2543 4329 2718 4401 magis
2742 4319 2746 4324 ’
2770 4331 3042 4402 congruit,
3096 4331 3260 4386 Pater
3299 4331 3533 4390 docebat
3589 4334 3658 4388 de
3689 4333 3833 4394 Filio,

2248 4423 2390 4494 quod
2419 4421 2536 4492 eius
2556 4423 2809 4496 proprius
2830 4431 2976 4477 esset
2993 4421 3189 4488 Filius,
3215 4438 3378 4493 quem
3405 4425 3583 4484 secuti
3609 4423 3836 4486 fuerant,

2249 4527 2304 4571 et
2325 4532 2484 4587 quem
2509 4515 2621 4586 jam
2663 4515 3107 4586 transfiguratum
3139 4515 3441 4580 cernebant
3472 4516 3529 4572 in
3559 4517 3759 4587 gloria,
3787 4525 3838 4572 ut

2252 4608 2508 4675 deinceps
2529 4608 2596 4662 de
2617 4604 2840 4676 illojam
2873 4606 3008 4662 nihil
3036 4606 3266 4664 ulterius
3302 4607 3643 4664 dubitarent.
3699 4607 3837 4666 Uade

2251 4706 2306 4754 et
2328 4698 2440 4766 ipsa
2467 4713 2592 4763 vox,
2617 4697 2746 4772 quia
2775 4697 2895 4752 talis
2938 4708 3195 4770 tantaque
3237 4696 3365 4768 luit,
3417 4708 3479 4754 ut
3523 4715 3653 4756 eam
3707 4700 3837 4756 ferre

2251 4803 2358 4844 non
2387 4797 2627 4858 possent,
2658 4788 2940 4843 audientes
2962 4789 3136 4860 ipsmn
3158 4789 3494 4860 esseFilium
3519 4789 3620 4848 Dei
3653 4792 3836 4856 Patris,

2250 4882 2342 4951 qui
2366 4881 2514 4936 visus
2542 4889 2627 4936 est
2665 4879 2852 4951 Moysi,
2891 4881 3020 4936 etei
3044 4881 3255 4936 dixerat
3279 4895 3299 4936 :
3325 4880 3448 4954 Non
3477 4885 3672 4940 videbit
3697 4885 3835 4938 lim

2246 4971 2435 5041 faciem
2457 4988 2647 5036 meam,
2675 4983 2721 5026 et
2745 4973 2870 5026 viret
2919 4971 3116 5042 (Exod.
3167 4989 3364 5046 sunt,
3405 4973 3524 5046 20).
3577 4975 3836 5032 ἢ)ωὼ

2247 5078 2378 5134 ergo
2409 5063 2660 5118 videntes
2686 5062 2876 5117 faciem
2907 5061 3028 5116 Filii
3051 5062 3145 5118 Dei
3175 5063 3373 5118 factam
3404 5066 3656 5138 sicutsgl
3681 5066 3834 5122 retul-

2247 5164 2483 5230 gentem,
2508 5162 2564 5208 et
2585 5154 2868 5210 audientes
2899 5153 3268 5210 testimonium
3291 5156 3386 5214 Dei
3407 5156 3599 5228 Patris
3617 5161 3686 5216 de
3707 5160 3833 5229 ipse.

2247 5265 2355 5305 non
2386 5256 2678 5318 potuerunt
2707 5263 2813 5303 non
2848 5249 3058 5304 timere.
3085 5249 3154 5304 Et
3181 5250 3302 5304 ideo
3325 5251 3693 5310 humiliantur
3721 5266 3834 5308 nos

2250 5341 2350 5398 sub
2381 5355 2544 5394 manu
2572 5340 2688 5403 Dei,
2739 5338 2882 5409 quod
2915 5348 2972 5395 et
3026 5341 3200 5413 ipsum
3236 5339 3480 5416 Moysen,
3519 5359 3746 5414 pecnon
3789 5353 3834 5398 et

2249 5433 2524 5487 Abraham
2563 5433 2954 5502 patriarcbam,
2988 5432 3182 5490 fecisse
3213 5434 3465 5508 legimus.
3503 5436 3664 5494 Tunc
3701 5436 3835 5494 beni-

2252 5541 2387 5596 gnus
2413 5524 2667 5595 Magister
2693 5566 2701 5580 .

2322 5619 2551 5672 Accessit
2575 5628 2619 5672 et
2651 5618 2820 5690 tetigit
2846 5634 2952 5682 eos,
2977 5618 3214 5691 dixitque
3233 5620 3306 5675 eis
3324 5635 3343 5674 :
3368 5617 3592 5692 Surgite
3617 5631 3674 5680 α
3693 5619 3835 5676 nolit:

2215 5727 2222 5733 ·
2253 5713 2452 5768 timere.
2471 5709 2549 5766 Ac
2561 5711 2605 5767 si
2623 5717 2811 5782 aperte
2825 5710 3032 5774 diceret
3048 5729 3062 5770 ;
3080 5710 3404 5784 Timendpm
3417 5722 3546 5770 erat
3561 5715 3614 5772 si
3630 5713 3834 5784 Moysen
