4008 6354
314 314 431 378 τοι

1102 307 1460 367 EXPOSITIO
1490 308 1563 364 IN
1603 290 2037 363 MATTTL/EUM.
2075 339 2142 350 -
2178 308 2306 364 LIB.
2343 304 2474 375 vin,
2510 309 2663 366 car.
2697 308 2859 365 xvn.

318 428 650 487 audiendum
671 438 778 479 vox
801 420 1082 485 clamaret,
1111 426 1205 473 aut
1238 419 1408 472 Eliam
1437 418 1751 472 imitandum
1781 426 1898 471 tan-

2004 419 2335 474 audiverant.
2368 419 2665 475 Audierant
2710 392 2854 475 eni‘m
2898 419 3051 489 juxta
3084 417 3399 477 lalachiam
3449 436 3571 492 pro-

319 517 616 587 tnm,qttia
654 528 757 569 nec
787 510 886 580 ipsi
910 509 1026 564 sine
1075 523 1162 562 me
1216 509 1402 576 utique
1451 506 1680 575 placent.
1732 504 1900 559 Porro

320 610 465 682 quod
504 606 716 662 accedit
759 610 883 673 post
939 608 1141 657 tantam
1186 598 1412 668 gloriam
1458 597 1743 653 clementia
1795 604 1898 663 est,

319 701 464 773 quod
487 698 683 769 tangit,
714 693 953 766 potentia
982 690 1325 745 reformantis
1359 700 1456 743 :ut
1503 704 1566 744 ea
1599 704 1760 743 manu
1817 704 1901 745 re-

320 798 653 848 crearentur
673 786 739 841 ad
764 784 945 846 tidem,
972 795 1077 849 qua
1105 779 1274 834 creati
1299 786 1456 834 erant
1491 778 1558 832 ad
1594 778 1776 832 vitam.
1802 776 1898 832 Ju-

318 886 412 941 bet
431 898 568 953 ergo
593 890 655 935 ut
681 884 979 946 exsurgant
998 890 1037 939 ι,
1059 887 1271 932 somno,
1296 879 1352 928 et
1372 871 1522 939 pellit
1556 870 1793 939 Jubendo
1832 872 1901 927 ti-

318 986 551 1027 mm.
606 967 803 1039 Tangit
850 972 1065 1020 verunt
1116 962 1313 1018 debilia
1360 963 1603 1018 membra
1652 962 1904 1016 restituat

317 1063 559 1124 sanitati,
593 1070 806 1130 etquos
832 1072 993 1113 manu
1021 1062 1199 1119 sanat,
1221 1060 1459 1111 sanaret
1501 1052 1748 1121 imperio.
1787 1053 1901 1109 No-

317 1154 408 1209 lite
445 1157 660 1216 timere,
693 1151 888 1219 inquit,
920 1148 1046 1218 quia
1068 1162 1208 1216 quos
1257 1155 1367 1201 tam
1398 1146 1687 1200 vehemens
1741 1145 1902 1201 timor

314 1245 582 1315 possidet,
621 1239 924 1296 doctrinam
937 1238 1179 1307 recipere
1192 1252 1378 1293 sanam
1392 1251 1498 1291 non
1515 1243 1760 1304 possunt,
1781 1236 1907 1291 ideo

310 1339 469 1409 prius
491 1338 747 1390 timorem
763 1332 931 1403 pellit.
944 1330 1192 1385 etsiceos
1205 1330 1273 1384 ad
1286 1330 1521 1399 seipsum
1544 1328 1702 1398 erigit
1728 1327 1905 1383 etele-

308 1436 437 1489 vat,
464 1425 637 1495 τω
660 1433 720 1476 ιιι
750 1437 857 1477 non
898 1420 1060 1475 alium
1089 1420 1368 1489 requirant
1397 1432 1572 1487 neque
1599 1418 1902 1483 intendant,

304 1517 409 1572 sed
434 1529 602 1583 quem
644 1513 806 1568 Pater
831 1511 1082 1580 signavit,
1110 1519 1271 1579 atque
1298 1526 1463 1564 unum
1490 1519 1544 1564 et
1574 1509 1901 1580 singularem

308 1609 674 1664 demonstrat.
707 1602 859 1659 Unde
880 1611 938 1658 et
961 1601 1033 1656 illi
1066 1620 1079 1655 :
1114 1601 1385 1656 Elevantes
1419 1599 1616 1665 oculos,
1647 1601 1903 1655 neminem

308 1698 491 1751 alim
539 1696 774 1750 adierunt
803 1692 903 1749 nisi
932 1691 1102 1747 solum
1132 1691 1336 1757 Iesum,
1380 1692 1505 1762 quia
1544 1691 1598 1744 in
1628 1692 1738 1759 ipso
1779 1699 1900 1744 sunt

1999 509 2215 577 phetam
2248 525 2276 563 a
2316 509 2601 565 Pharisaeis
2631 509 2907 574 traditum,
2934 510 3076 579 quod
3126 510 3272 564 Elias
3309 520 3569 570 venturus

1999 612 2142 657 esset
2167 612 2292 657 ante
2313 604 2603 659 adventuum
2632 604 2953 667 Salvatoris.
2982 613 3039 659 ut
3064 606 3372 661 restitueret
3400 611 3565 666 corda
3614 664 3627 675 ,

1997 704 2207 765 patrum
2224 695 2277 750 in
2293 694 2451 757 ﬁlios,
2468 707 2522 751 et
2540 697 2718 752 omnia
2734 698 2787 751 in
2803 697 3080 767 antiquum
3095 706 3292 752 statum
3310 699 3568 769 (Malach.

1983 803 2072 850 .tv.
2106 788 2180 859 5).
2217 788 2321 858 ipsi
2342 804 2474 846 vero
2500 790 2744 858 discipuli
2782 791 3113 846 :estimantes
3142 791 3573 849 transformatio-

2000 893 2122 932 nem
2164 879 2388 948 gloriae,
2428 896 2590 951 quam
2628 881 2878 935 viderant
2912 880 2963 935 in
3013 890 3224 945 monte,
3263 882 3404 939 hanc
3448 900 3573 941 esse

2000 967 2145 1022 illius
2173 968 2436 1024 adventus
2465 970 3004 1033 consummationem,
3034 969 3407 1042 interrogant:
3433 989 3500 1029 ac
3528 976 3574 1029 si

2001 1056 2264 1120 dicerent,
2295 1057 2340 1111 si
2361 1057 2474 1126 jam
2504 1058 2692 1111 venisti
2723 1058 2778 1112 in
2809 1057 3032 1127 gloriam
3055 1097 3072 1123 ,
3119 1060 3387 1128 quomodo
3439 1076 3575 1130 pne-

2001 1162 2191 1202 cursor
2227 1157 2348 1203 tuus
2386 1149 2565 1212 Elias,
2605 1149 2696 1218 qui
2729 1149 2886 1203 modo
2914 1149 3063 1204 visus
3092 1160 3206 1213 est,
3244 1158 3298 1205 et
3331 1154 3577 1215 recessit.

2000 1239 2152 1309 prius
2176 1256 2280 1295 non
2308 1239 2487 1295 venit?
2518 1240 2652 1306 Quid
2678 1255 2804 1308 ergo
2827 1237 3030 1294 Scriba:
3055 1240 3274 1294 dicunt?
3300 1239 3425 1296 Haec
3458 1242 3579 1297 ideo

2003 1329 2355 1400 interrogant,
2390 1330 2519 1399 quia
2557 1330 2695 1387 visio
2738 1345 2857 1398 qua:
2885 1328 3025 1383 facta
3069 1329 3247 1384 fuerat
3284 1331 3336 1385 in
3370 1341 3573 1394 monte,
3603 1318 3610 1334 ’

2002 1421 2057 1476 in
2088 1436 2191 1490 qua
2216 1423 2378 1475 etiam
2418 1421 2561 1474 Elias
2587 1429 2671 1475 est
2692 1421 2859 1484 visus,
2889 1420 3171 1475 videbatur
3198 1422 3277 1477 eis
3313 1438 3417 1477 non
3445 1438 3578 1478 con-

2003 1512 2184 1565 venire
2227 1524 2350 1565 cum
2400 1510 2684 1564 traditione
2734 1508 3078 1574 Scribarum;
3123 1510 3247 1580 quia
3304 1526 3408 1564 non
3454 1520 3580 1567 ante

2002 1600 2276 1658 Christum
2316 1601 2595 1654 videbatur
2623 1600 2769 1655 Elias
2795 1601 3036 1665 venisse,
3062 1603 3155 1656 sed
3178 1617 3300 1657 cum
3336 1602 3574 1659 Christo.

2001 1694 2232 1763 Ideoque
2259 1693 2449 1747 falsam
2477 1693 2821 1747 aestimabant
2858 1693 3201 1748 traditionem
3242 1692 3575 1760 Scribarum,

300 1787 515 1841 omnia.
562 1783 619 1840 lu
650 1783 767 1853 ipso
812 1782 1031 1851 quidem
1074 1782 1237 1837 Pater
1284 1789 1338 1835 et
1372 1779 1564 1841 Filius,
1591 1779 1643 1832 in
1694 1779 1807 1848 ipso
1845 1786 1899 1833 et
1929 1774 1974 1833 Β
2000 1785 2126 1854 quia
2152 1783 2400 1839 Christus
2437 1782 2720 1839 manifeste
2760 1792 2998 1845 venerat,
3031 1792 3322 1853 antequam
3353 1784 3499 1840 Elias
3523 1785 3577 1839 iu

298 1877 552 1948 Spiritus
600 1885 860 1938 sanctus.
917 1874 973 1928 in
1025 1873 1142 1941 ipso
1191 1871 1402 1943 Moyses
1432 1879 1487 1924 et
1520 1870 1687 1933 Elias,
1730 1870 1895 1925 etiam

299 1984 433 2027 cum
474 1967 754 2028 recedunt,
795 1965 850 2020 in
884 1965 1001 2033 ipso
1047 1972 1104 2020 et
1143 1964 1245 2033 ipsi
1285 1962 1553 2031 discipuli.
1607 1960 1901 2030 Propterea

302 2077 418 2118 non
438 2075 586 2129 opus
610 2068 691 2114 est
711 2058 813 2113 nisi
839 2073 1005 2111 llttlllll
1038 2056 1440 2111 tabernaculum
1471 2054 1618 2119 fieri;
1645 2055 1900 2123 quoniam

305 2168 435 2207 cum
493 2152 611 2220 ipse
661 2148 807 2203 solus
850 2148 1110 2211 habetur,
1160 2149 1342 2203 omnia
1377 2147 1741 2217 possidentur.
1792 2146 1901 2202 Sed

304 2259 419 2300 non
445 2249 579 2297 ante
602 2239 760 2296 Jesus
780 2239 925 2295 solus
947 2239 1001 2293 in
1035 2248 1219 2295 monte
1248 2249 1601 2303 monstratur,
1617 2254 1778 2308 quam
1807 2254 1904 2293 nu-

310 2335 407 2390 hes
436 2333 590 2388 dare
639 2347 765 2387 eum
805 2329 1032 2393 obtexit,
1064 2338 1121 2384 et
1159 2329 1228 2384 de
1246 2329 1422 2393 .nube,
1470 2330 1524 2383 in
1579 2344 1684 2397 qua
1732 2327 1903 2395 Spiri-

314 2431 403 2481 ως
439 2429 667 2478 sanctus
707 2427 826 2474 erat
850 2433 955 2474 vox
992 2416 1169 2473 Patris
1210 2420 1391 2473 sonuit
1421 2436 1433 2472 :
1471 2417 1573 2471 Hic
1614 2428 1688 2471 est
1731 2416 1901 2470 Filius

316 2523 616 2577 ms,etc.
650 2511 803 2568 Tunc
829 2510 1093 2579 siquidem
1120 2511 1263 2565 nube
1292 2512 1521 2581 desuper
1545 2510 1902 2575 clarescente,

318 2621 444 2661 cum
483 2620 593 2660 vox
632 2602 809 2659 Patris
854 2602 1089 2657 intonuit
1133 2615 1232 2671 per
1281 2603 1504 2665 nubem,
1534 2600 1787 2654 inventus
1819 2607 1905 2654 est

317 2696 481 2758 Jesus
527 2694 699 2751 solus.
749 2692 818 2748 Et
860 2706 984 2751 cum
1015 2701 1125 2751 tres
1156 2698 1358 2757 essent,
1388 2698 1445 2744 ut
1488 2689 1624 2754 disi,
1654 2704 1792 2743 unus
1822 2696 1905 2744 est

320 2788 515 2844 (suos.
542 2785 679 2842 Tres
703 2784 966 2853 siquidem
988 2783 1039 2837 in
1071 2781 1332 2852 principio
1364 2780 1646 2845 videntur,
1677 2787 1734 2834 et
1766 2792 1905 2835 unus

321 2881 372 2935 in
417 2880 528 2935 line
574 2885 660 2934 est
708 2874 857 2933 solus
900 2872 1061 2929 Jesus
1101 2872 1376 2933 Christus,
1425 2870 1518 2941 qui
1560 2870 1741 2924 omnia
1784 2882 1904 2937 qua:

316 2971 562 3043 perfecta
589 2975 737 3033 sunt,
768 2981 932 3021 unum
953 2964 1102 3019 facit.
1130 2962 1260 3017 Nam
1283 2971 1338 3016 et
1366 2962 1418 3016 in
1446 2975 1512 3016 eo
1541 2976 1730 3032 regno,
1760 2958 1904 3029 quod

318 3060 719 3132 praeﬁguntur,
765 3055 1014 3111 Christus
1055 3054 1196 3109 Deus
1220 3052 1399 3107 omnia
1435 3052 1490 3105 in
1520 3051 1771 3105 omnibus
1799 3048 1905 3106 erit

1997 1875 2100 1930 hoc
2127 1882 2311 1929 monte
2357 1882 2661 1943 appareret.
2710 1871 2918 1939 Quibus
2943 1890 3104 1943 quam
3140 1876 3439 1943 prudenter
3492 1891 3578 1932 re-

1998 1966 2277 2036 sponderit
2297 1966 2720 2028 consideremus,
2753 1980 2859 2019 non
2885 1967 3181 2034 reprobans
3215 1983 3335 2036 quae
3371 1984 3401 2022 a
3431 1966 3584 2023 Scri-

1998 2054 2083 2108 bis
2111 2053 2305 2108 tradita
2350 2054 2565 2108 fuerant
2605 2054 2670 2109 de
2712 2053 2850 2119 lilia,
2881 2054 2975 2108 sed
3011 2053 3175 2108 alium
3206 2055 3335 2109 Elia:
3383 2057 3579 2110 adven-

2002 2153 2113 2200 tum
2170 2153 2299 2198 ante
2345 2160 2405 2199 se
2455 2145 2726 2200 indicabat
2773 2141 2887 2211 jam
2932 2140 3168 2208 factum,
3218 2158 3377 2212 quem
3426 2144 3580 2215 igno-

2002 2235 2200 2290 rabant
2252 2236 2456 2289 Scribat
2509 2244 2566 2289 et
2622 2234 2905 2289 Pharisaei.
2962 2234 3027 2288 Et
3080 2235 3376 2289 notandum
3438 2237 3581 2305 quod

1966 2326 2223 2389 'dicunt,
2277 2325 2401 2394 quia
2468 2326 2571 2379 nisi
2626 2325 2777 2394 prius
2828 2316 3041 2380 venerit
3088 2325 3231 2380 Elias
3285 2328 3583 2381 secundum

2005 2414 2332 2485 Scripturas,
2366 2415 2663 2472 Salt'atoris
2692 2418 2954 2471 adventus
2978 2430 3099 2471 esse
3138 2431 3245 2471 non
3270 2418 3471 2489 poterit
3499 2434 3584 2473 se-

2004 2507 2232 2561 cundus.

2074 2598 2139 2650 At
2163 2596 2250 2651 ille
2282 2608 2592 2666 respondens
2640 2603 2748 2661 ait,
2786 2597 2935 2652 Elius
2962 2598 3171 2668 quidem
3211 2607 3457 2652 venturus
3485 2609 3583 2667 est,

2006 2688 2062 2742 in
2108 2688 2346 2742 secundo
2386 2702 2506 2741 meo
2545 2686 2774 2741 adventu
2802 2685 2957 2755 juxta
2997 2688 3244 2756 corporis
3275 2689 3582 2749 veritatem.

2007 2776 2161 2832 Nunc
2184 2777 2296 2845 jam
2328 2777 2380 2831 in
2408 2777 2585 2847 primo
2622 2777 2767 2831 venit
2806 2792 2901 2846 per
2928 2776 3190 2832 Joannem
3227 2793 3350 2834 cmn
3390 2780 3585 2850 spiritu

2007 2879 2060 2927 et
2086 2870 2286 2925 virtute
2323 2887 2336 2923 :
2368 2872 2494 2938 quia
2521 2867 2758 2924 Joannes
2793 2869 2846 2923 in
2896 2870 3088 2939 spiritu
3120 2886 3246 2926 vere
3278 2871 3424 2928 Elias
3466 2872 3584 2926 fuit.

2009 2962 2115 3019 Sed
2164 2978 2267 3017 non
2296 2971 2642 3031 cognoverunt
2695 2978 2813 3016 eum
2851 2973 2897 3015 et
2928 2962 3158 3030 fecerunt
3190 2965 3238 3017 ei
3267 2981 3589 3035 qua’cunqus

2010 3057 2300 3109 uoluerunt.
2357 3053 2468 3108 lloc
2494 3061 2578 3107 est
2626 3061 2970 3122 spreverunt,
3013 3052 3318 3109 afﬂixerunt
3346 3070 3591 3121 carcere,

320 3168 483 3215 unus,
505 3150 726 3220 quando
752 3146 916 3202 simul
942 3160 1132 3201 omnes
1159 3144 1212 3198 in
1241 3159 1307 3198 eo
1341 3141 1546 3210 judicio
1572 3142 1714 3211 quod
1755 3140 1902 3196 futu-
1932 3133 1978 3197 C
2007 3156 2065 3201 et
2094 3145 2495 3200 deeollaverunt
2531 3160 2676 3201 eum.
2719 3144 2830 3207 Sic,
2855 3146 3060 3216 inquit,
3087 3155 3135 3200 et
3164 3144 3338 3202 Filius
3364 3149 3588 3204 honn'm's

321 3263 442 3303 rum
471 3255 554 3300 εει
601 3251 727 3297 tunc
776 3240 1061 3295 timebunt.
1106 3236 1335 3298 Interea,
1375 3234 1499 3303 quia
1543 3242 1599 3287 et
1627 3232 1781 3287 nobis
1810 3233 1905 3286 bo-

320 3352 451 3392 num
498 3335 601 3389 fuit
641 3348 765 3388 cum
794 3329 918 3387 Jesu
950 3328 1041 3383 diu
1071 3326 1342 3383 demorari
1387 3325 1442 3380 in
1475 3333 1678 3388 monte,
1720 3324 1789 3378 de
1820 3322 1905 3379 his

317 3444 446 3497 qua:
491 3423 869 3492 conspeximus
898 3434 1065 3488 pauca
1096 3426 1242 3482 sunt,
1272 3417 1434 3472 etiam
1470 3425 1524 3471 et
1552 3416 1663 3484 ipsa
1700 3415 1906 3469 incom-

327 3519 444 3587 ptis
472 3515 645 3568 verbis
684 3527 808 3582 quae
845 3510 1153 3565 detulimus.
1202 3507 1408 3562 Idcirco
1438 3507 1567 3560 nulli
1615 3521 1779 3560 onera
1825 3505 1905 3559 vi—

326 3606 569 3662 deantur
608 3605 734 3666 ista,
789 3601 1040 3671 quoniam
1095 3599 1284 3653 altiora
1336 3609 1498 3662 sunt,
1557 3598 1737 3652 dicere
1784 3612 1904 3667 qtae

318 3699 647 3762 omisimus;
675 3705 819 3751 certe
848 3704 940 3749 aut
973 3694 1071 3764 ipsi
1124 3702 1406 3763 penetrare
1453 3707 1560 3746 non
1610 3691 1899 3761 potuimus.

394 3787 552 3844 Unde
594 3787 1017 3842 descendentibus
1061 3784 1166 3839 illis
1219 3784 1281 3839 de
1330 3792 1523 3847 monte,
1551 3784 1791 3852 pracepit
1829 3782 1903 3836 eis

323 3881 724 3950 benignissimus
757 3877 1024 3940 Salvator,
1055 3876 1233 3929 dicens
1271 3888 1291 3928 :
1330 3874 1594 3929 Visionem
1642 3890 1800 3943 quam
1836 3873 1905 3927 vi-

323 3972 473 4026 distis
495 3969 695 4024 nemini
723 3967 983 4030 dixeritis,
1015 3965 1178 4019 donec
1210 3964 1385 4021 Filius
1431 3965 1658 4018 hominis
1700 3981 1731 4016 a
1763 3980 1903 4017 mor-

324 4064 428 4117 tuis
470 4069 736 4130 resurgat.
768 4057 881 4114 Hoc
927 4072 1058 4126 ergo
1108 4056 1231 4111 ﬁdei
1276 4045 1563 4126 praemium
1622 4069 1902 4111 reservare

326 4154 491 4209 voluit
540 4154 598 4211 in
648 4151 925 4215 futurum,
955 4162 1014 4205 ut
1065 4150 1237 4203 honor
1285 4149 1604 4203 redderetur
1645 4147 1903 4217 apostolis

328 4247 595 4309 omnibus,
626 4244 770 4314 apud
813 4258 947 4312 quos
974 4257 1081 4296 non
1112 4242 1247 4297 levis
1275 4250 1670 4310 praeceptorum
1710 4248 1901 4295 aucto-

332 4338 455 4393 ritas
486 4342 885 4391 monstraretur
916 4348 1014 4388 suo
1043 4333 1097 4387 in
1126 4340 1383 4401 tempore.
1419 4330 1685 4396 Quoniam
1735 4329 1902 4385 futuri

333 4428 469 4495 regni
509 4426 722 4489 forma,
769 4433 825 4478 et
854 4423 1026 4493 gloria
1080 4424 1496 4491 triumphantis,
1535 4423 1900 4479 demonstrata

2006 3253 2259 3307 passurus
2301 3247 2377 3291 est
2416 3236 2480 3291 ab
2522 3237 2616 3291 eis.
2657 3237 2734 3291 Ex
2767 3253 2871 3306 qua
2908 3239 3173 3293 sententia
3224 3240 3406 3309 utique
3452 3242 3589 3297 insi-

2007 3328 2315 3395 nuat,quod
2345 3326 2484 3381 sicut
2506 3325 2745 3382 Joannes
2767 3343 2898 3383 voce
2927 3330 3209 3397 prmcurrit
3239 3339 3292 3385 et
3322 3333 3505 3397 verbo,
3529 3341 3589 3388 ut

2009 3417 2242 3471 Verbum
2272 3415 2547 3470 Christum
2585 3418 2860 3470 nuntiaret
2910 3419 2963 3471 in
2995 3420 3194 3471 mundo
3231 3438 3242 3472 :
3275 3420 3348 3474 ita
3377 3423 3587 3490 passio-

2006 3521 2128 3560 nem
2150 3507 2534 3575 pramuntians,
2561 3507 2841 3576 praecurrit
2860 3508 3178 3577 injuriarum
3203 3527 3263 3563 ac
3285 3513 3591 3571 vexationis

2005 3597 2271 3665 exemplo.
2308 3597 2456 3651 Unde
2486 3598 2560 3651 ait
2588 3611 2601 3649 :
2638 3597 2703 3651 Et
2734 3598 2965 3666 fecerunt
3016 3600 3070 3653 in
3121 3618 3238 3654 eum
3269 3618 3589 3675 quicumque

2006 3689 2276 3743 voluerunt
2296 3729 2312 3754 ,
2340 3690 2465 3757 quia
2496 3701 2550 3747 et
2589 3691 2668 3746 sic
2704 3690 2896 3745 facturi
2920 3702 3078 3747 erant
3104 3693 3156 3746 in
3188 3694 3480 3750 Christum.
3512 3698 3590 3759 De

2005 3797 2114 3851 quo
2140 3782 2303 3845 facto,
2339 3800 2437 3838 nec
2483 3784 2751 3839 immerito
2799 3786 3058 3852 qumritur
3086 3802 3114 3840 ει
3154 3790 3353 3857 quibus
3382 3789 3587 3849 factum

2007 3879 2079 3935 sit
2107 3880 2247 3945 quod
2275 3880 2370 3943 ait,
2402 3888 2456 3933 et
2488 3878 2735 3934 fecerunt
2782 3880 2834 3935 iu
2866 3895 2988 3935 eum
3025 3897 3372 3952 qumcnnane
3406 3887 3589 3944 volue~

2008 3968 2168 4020 runt?
2202 3966 2336 4021 Cum
2365 3984 2527 4036 supra
2560 3969 2626 4022 de
2649 3968 2853 4023 Scribis
2877 3969 3019 4023 facta
3051 3972 3123 4025 sit
3156 3973 3378 4038 mentio,
3407 3984 3457 4028 ct
3483 3991 3587 4039 non

2006 4056 2075 4119 de
2127 4057 2336 4111 Herode
2384 4058 2465 4111 vel
2516 4057 2818 4115 llerodiade
2858 4061 2948 4128 qui
3002 4076 3124 4114 eum
3176 4062 3584 4125 interfecerunt.

2007 4146 2273 4201 Similiter
2312 4155 2365 4200 et
2413 4148 2458 4202 si
2509 4148 2575 4201 de
2625 4149 2744 4204 istis
2772 4150 2863 4217 qui
2912 4148 3172 4205 Joannem
3203 4151 3591 4219 interfecerunt

2004 4250 2155 4292 recte
2183 4238 2385 4293 dixisse
2414 4238 2690 4295 Christum
2721 4243 3039 4312 accipimus,
3072 4247 3344 4313 quomodo
3387 4248 3589 4304 intelli-

2005 4341 2213 4395 gemus,
2266 4330 2410 4394 quod
2462 4345 2651 4384 rursus
2709 4331 2809 4400 ipsi
2859 4332 3133 4387 Christum
3189 4335 3590 4394 interfecerint!

2007 4413 2149 4470 Dicit
2176 4417 2320 4470 enim
2352 4418 2425 4470 ita
2465 4418 2533 4472 de
2553 4417 2758 4474 Joanne
2791 4438 2804 4474 :
2833 4420 2893 4474 Ei
2928 4420 3174 4478 fecerunt
3205 4424 3255 4478 in
3279 4442 3400 4481 eum
3443 4443 3587 4498 qua:-

334 4484 497 4575 luerat
543 4519 598 4581 in
646 4523 831 4579 monte
854 4484 1085 4580 sancto;
1143 4513 1290 4575 nullo
1336 4521 1495 4587 pacto
1543 4513 1897 4582 wngruebat,
1931 4484 1981 4544 θ
2004 4525 2216 4578 cunque
2247 4510 2553 4565 voluerunt.
2594 4512 2672 4567 Ac
2697 4514 2891 4569 deinde
2923 4514 3051 4569 :Sic
3088 4527 3135 4569 et
3167 4515 3340 4571 Filius
3365 4484 3589 4577 hominis

333 4610 636 4679 priusquam
670 4607 893 4663 victoria
936 4604 1148 4675 expleta
1193 4612 1357 4668 esset,
1405 4612 1463 4657 ut
1515 4592 1902 4672 praedicaretur

334 4714 422 4770 per
447 4699 743 4771 apostolos,
769 4714 841 4753 ne
884 4706 940 4753 et
984 4696 1303 4753 incredibile
1342 4695 1622 4755 videretur
1669 4710 1781 4765 prae
1821 4694 1901 4751 rei

332 4796 712 4867 magnitudine,
753 4803 810 4847 et
848 4801 972 4864 post
1019 4799 1224 4849 tantam
1275 4789 1502 4863 gloriam
1552 4790 1692 4859 apud
1740 4789 1902 4853 rudes

337 4887 531 4944 animos
568 4901 706 4943 crux
736 4898 973 4955 sequens
1003 4882 1318 4940 scandalum
1366 4891 1671 4950 generaret.
1700 4882 1780 4937 Ac
1807 4896 1904 4951 per

340 4975 433 5033 hoc
459 4977 718 5049 quidquid
744 4991 908 5047 supra
946 4977 1320 5045 exposuimus,
1349 4976 1417 5035 de
1443 4988 1510 5029 eo
1553 4974 1697 5042 quod
1725 4973 1803 5027 ait
1843 4980 1904 5028 ut

336 5067 455 5126 ulli
481 5069 742 5132 dicerent,
767 5066 910 5137 quod
937 5066 1053 5135 ipse
1080 5074 1228 5120 esset
1272 5063 1555 5127 Christus,
1594 5064 1685 5119 hic
1733 5072 1902 5118 totum

340 5157 730 5233 intelligendum
758 5166 863 5221 est,
891 5172 961 5211 ne
1007 5171 1113 5211 non
1141 5170 1240 5210 suo
1284 5155 1338 5211 iu
1372 5164 1613 5224 tempore
1639 5155 1902 5224 praedicao

339 5258 475 5306 retur
501 5267 634 5309 crux
665 5244 958 5319 passionis,
1001 5256 1055 5304 et
1080 5247 1251 5318 gloria
1289 5245 1451 5305 simul
1488 5246 1899 5315 triumphantis.

337 5339 475 5399 Tunc
489 5358 620 5415 ergo
640 5343 712 5399 ad
730 5341 853 5397 hac
880 5341 1352 5408 interrogaverunt
1376 5352 1501 5394 eum
1537 5337 1788 5408 discipuli
1816 5338 1902 5394 di-

330 5437 552 5487 (naui:

400 5518 539 5585 Quid
574 5533 700 5588 ergo
750 5514 952 5575 Scriba:
1004 5516 1188 5585 dicunt
1238 5516 1379 5587 quod
1442 5513 1620 5569 Etiam
1672 5523 1906 5587 oporteat

326 5611 546 5677 primum
586 5609 801 5665 venire?
835 5606 954 5664 Jam
984 5608 1169 5678 itaque
1197 5606 1423 5678 apostoli
1465 5608 1519 5662 in
1560 5623 1620 5665 se
1666 5608 1904 5677 reversi,

330 5704 612 5767 sciderunt
635 5705 784 5775 quod
811 5705 1074 5770 viderant,
1101 5704 1265 5775 710
1293 5713 1350 5760 et
1398 5705 1736 5775 interrogant
1763 5708 1905 5774 quod

2001 4618 2257 4673 passurus
2284 4613 2356 4659 est
2392 4602 2459 4656 ab
2486 4604 2581 4655 eis.
2612 4602 2709 4658 Ubi
2741 4605 2900 4675 711
2927 4623 3030 4661 non
3058 4623 3345 4677 personam
3384 4611 3588 4667 discen—

2004 4692 2088 4753 nit
2112 4692 2204 4763 qui
2236 4708 2332 4747 eos
2359 4691 2639 4754 occiderit,
2673 4696 2766 4748 sed
2809 4711 2913 4751 una
2953 4696 3109 4751 simul
3154 4701 3433 4766 generatio
3463 4716 3587 4769 per-

2006 4787 2344 4855 sequentium
2374 4796 2592 4840 sanetos
2638 4785 2927 4859 colligitur.
2957 4788 3107 4843 Alias
3143 4800 3321 4845 autem
3355 4808 3452 4847 nec
3486 4793 3589 4853 He-

2007 4880 2168 4933 rodes
2211 4877 2487 4934 Christum
2536 4878 2772 4943 occidit,
2829 4895 2929 4935 nec
2982 4881 3188 4938 Scriba:
3232 4894 3286 4938 et
3330 4876 3589 4947 Pharismi

2007 4967 2290 5022 Joannem.
2322 4964 2428 5022 Sed
2459 4975 2637 5021 tamen
2668 4967 2794 5022 hinc
2824 4969 2947 5025 inde
2980 4971 3270 5040 colligitur,
3298 4974 3422 5043 quia
3447 4971 3590 5031 fece-

2007 5068 2134 5118 runt
2165 5070 2221 5115 et
2246 5060 2335 5114 isti
2378 5060 2431 5114 in
2474 5058 2693 5115 Christo
2718 5062 2873 5117 etilli
2906 5064 2958 5119 in
2993 5062 3222 5130 Joanne,
3259 5082 3379 5135 quae
3405 5067 3592 5124 volue-

2007 5161 2153 5209 runt.
2194 5152 2272 5207 Ac
2302 5165 2397 5221 per
2439 5152 2542 5209 hoc
2580 5160 2638 5207 et
2677 5152 2765 5207 isti
2792 5155 2883 5225 qui
2914 5155 2967 5209 in
3008 5154 3216 5213 Joanne
3243 5157 3443 5226 aliquid
3469 5174 3592 5230 eges

2007 5250 2155 5305 runt,
2186 5250 2243 5295 et
2279 5241 2354 5297 illi
2396 5243 2486 5312 qui
2520 5244 2573 5297 in
2620 5241 2863 5308 Christo,
2899 5260 3063 5301 unum
3107 5262 3302 5316 corpus
3344 5246 3586 5321 fuerunt,

2009 5348 2223 5400 unaque
2275 5334 2582 5403 progenies,
2609 5343 2666 5388 et
2695 5336 2852 5389 unius
2897 5336 3092 5405 Capitis
3134 5338 3396 5395 niembra.
3435 5337 3589 5413 Unde

2008 5433 2159 5495 patet
2183 5428 2324 5497 quod
2354 5426 2439 5481 isti
2466 5436 2521 5480 et
2548 5426 2622 5479 illi
2651 5426 2851 5481 conscii
2882 5425 2982 5479 sibi
3014 5424 3251 5491 fuerunt,
3278 5437 3332 5484 et
3366 5427 3591 5499 compli-

2009 5535 2100 5579 ces
2129 5520 2184 5574 in
2206 5519 2427 5587 malum,
2461 5520 2532 5573 ita
2561 5527 2618 5572 ut
2651 5517 3020 5573 indill'erenler
3060 5520 3127 5573 de
3157 5519 3241 5575 his
3264 5530 3359 5574 aut
3385 5520 3450 5577 de

2009 5613 2253 5683 loquitur
2279 5609 2736 5680 Scriptura,quod
2768 5618 2863 5664 aut
2884 5609 2937 5664 in
2953 5609 3160 5666 Joanne
3189 5612 3417 5673 fecerint
3440 5627 3586 5684 qua»,

2007 5720 2221 5777 cunque
2245 5704 2533 5769 voluerint,
2561 5711 2616 5758 et
2644 5700 2808 5755 Filius
2837 5702 3071 5758 hominis
3098 5717 3359 5773 passurus
3401 5712 3486 5761 est
3518 5703 3588 5771 ab
