  <div class='ocr_page' id='page_1' title='image "/cluster/home/n/w/nwhite01/storage/ocr_20150623/120/hvd.32044015466923/301.png"; bbox 0 0 4008 6354; ppageno 0'>
   <div class='ocr_carea' id='block_1_1' title="bbox 602 291 698 346">
    <p class='ocr_par' dir='ltr' id='par_1_1' title="bbox 602 291 698 346">
     <span class='ocr_line' id='line_1_1' title="bbox 602 291 698 346; baseline 0 0"><span class='ocrx_word' id='word_1_1' title='bbox 602 291 698 346; x_wconf 73' lang='grc'><strong>591</strong></span> 
     </span>
    </p>
   </div>
   <div class='ocr_carea' id='block_1_2' title="bbox 595 401 2188 475">
    <p class='ocr_par' dir='ltr' id='par_1_2' title="bbox 595 401 2188 475">
     <span class='ocr_line' id='line_1_2' title="bbox 595 401 2188 475; baseline -0.004 -13"><span class='ocrx_word' id='word_1_2' title='bbox 595 408 699 475; x_wconf 92' lang='lat' dir='ltr'><strong>eis,</strong></span> <span class='ocrx_word' id='word_1_3' title='bbox 734 406 787 460; x_wconf 89' lang='lat' dir='ltr'><strong>id</strong></span> <span class='ocrx_word' id='word_1_4' title='bbox 810 411 898 460; x_wconf 90' lang='lat' dir='ltr'><strong>est</strong></span> <span class='ocrx_word' id='word_1_5' title='bbox 923 403 994 459; x_wconf 90' lang='lat' dir='ltr'><strong>ab</strong></span> <span class='ocrx_word' id='word_1_6' title='bbox 1023 402 1227 458; x_wconf 81' lang='lat' dir='ltr'><strong>eisdem</strong></span> <span class='ocrx_word' id='word_1_7' title='bbox 1276 402 1716 473; x_wconf 78' lang='lat' dir='ltr'><strong>persecutoribus</strong></span> <span class='ocrx_word' id='word_1_8' title='bbox 1743 401 1987 470; x_wconf 70' lang='lat' dir='ltr'><strong>juStilim,</strong></span> <span class='ocrx_word' id='word_1_9' title='bbox 2013 418 2044 455; x_wconf 91' lang='lat' dir='ltr'><strong>a</strong></span> <span class='ocrx_word' id='word_1_10' title='bbox 2068 402 2188 472; x_wconf 85' lang='lat' dir='ltr'><strong>qui-</strong></span> 
     </span>
    </p>
   </div>
   <div class='ocr_carea' id='block_1_3' title="bbox 595 491 2180 567">
    <p class='ocr_par' dir='ltr' id='par_1_3' title="bbox 595 491 2180 567">
     <span class='ocr_line' id='line_1_3' title="bbox 595 491 2180 567; baseline -0.005 -12"><span class='ocrx_word' id='word_1_11' title='bbox 595 499 699 555; x_wconf 83' lang='lat' dir='ltr'><strong>bus</strong></span> <span class='ocrx_word' id='word_1_12' title='bbox 727 511 921 567; x_wconf 88' lang='lat' dir='ltr'><strong>passus</strong></span> <span class='ocrx_word' id='word_1_13' title='bbox 965 504 1051 549; x_wconf 90' lang='lat' dir='ltr'><strong>est</strong></span> <span class='ocrx_word' id='word_1_14' title='bbox 1090 502 1146 549; x_wconf 91' lang='lat' dir='ltr'><strong>et</strong></span> <span class='ocrx_word' id='word_1_15' title='bbox 1171 491 1429 549; x_wconf 86' lang='lat' dir='ltr'><strong>Joannes.</strong></span> <span class='ocrx_word' id='word_1_16' title='bbox 1463 492 1788 563; x_wconf 84' lang='lat' dir='ltr'><strong>Quanquam</strong></span> <span class='ocrx_word' id='word_1_17' title='bbox 1823 508 1948 548; x_wconf 91' lang='lat' dir='ltr'><strong>vere</strong></span> <span class='ocrx_word' id='word_1_18' title='bbox 1996 494 2180 548; x_wconf 86' lang='lat' dir='ltr'><strong>dicere</strong></span> 
     </span>
    </p>
   </div>
   <div class='ocr_carea' id='block_1_4' title="bbox 597 583 2182 660">
    <p class='ocr_par' dir='ltr' id='par_1_4' title="bbox 597 583 2182 660">
     <span class='ocr_line' id='line_1_4' title="bbox 597 583 2182 660; baseline -0.004 -17"><span class='ocrx_word' id='word_1_19' title='bbox 597 589 890 660; x_wconf 83' lang='lat' dir='ltr'><strong>possimus,</strong></span> <span class='ocrx_word' id='word_1_20' title='bbox 938 586 1080 655; x_wconf 90' lang='lat' dir='ltr'><strong>quod</strong></span> <span class='ocrx_word' id='word_1_21' title='bbox 1134 585 1277 639; x_wconf 91' lang='lat' dir='ltr'><strong>etin</strong></span> <span class='ocrx_word' id='word_1_22' title='bbox 1322 583 1548 639; x_wconf 79' lang='lat' dir='ltr'><strong>Joannis</strong></span> <span class='ocrx_word' id='word_1_23' title='bbox 1604 598 1737 638; x_wconf 88' lang='lat' dir='ltr'><strong>nece</strong></span> <span class='ocrx_word' id='word_1_24' title='bbox 1786 583 2182 639; x_wconf 65' lang='lat' dir='ltr'><strong>Pharisaeorum</strong></span> 
     </span>
    </p>
   </div>
   <div class='ocr_carea' id='block_1_5' title="bbox 596 674 2185 740">
    <p class='ocr_par' dir='ltr' id='par_1_5' title="bbox 596 674 2185 740">
     <span class='ocr_line' id='line_1_5' title="bbox 596 674 2185 740; baseline -0.004 -5"><span class='ocrx_word' id='word_1_25' title='bbox 596 680 763 735; x_wconf 89' lang='lat' dir='ltr'><strong>factio</strong></span> <span class='ocrx_word' id='word_1_26' title='bbox 814 676 1169 740; x_wconf 73' lang='lat' dir='ltr'><strong>consenserit,</strong></span> <span class='ocrx_word' id='word_1_27' title='bbox 1210 685 1265 730; x_wconf 91' lang='lat' dir='ltr'><strong>et</strong></span> <span class='ocrx_word' id='word_1_28' title='bbox 1300 675 1355 729; x_wconf 92' lang='lat' dir='ltr'><strong>in</strong></span> <span class='ocrx_word' id='word_1_29' title='bbox 1399 674 1673 730; x_wconf 85' lang='lat' dir='ltr'><strong>occisione</strong></span> <span class='ocrx_word' id='word_1_30' title='bbox 1700 674 1911 729; x_wconf 91' lang='lat' dir='ltr'><strong>Domini</strong></span> <span class='ocrx_word' id='word_1_31' title='bbox 1944 674 2185 729; x_wconf 81' lang='lat' dir='ltr'><strong>Herodes</strong></span> 
     </span>
    </p>
   </div>
   <div class='ocr_carea' id='block_1_6' title="bbox 597 764 2183 837">
    <p class='ocr_par' dir='ltr' id='par_1_6' title="bbox 597 764 2183 837">
     <span class='ocr_line' id='line_1_6' title="bbox 597 764 2183 837; baseline -0.004 -13"><span class='ocrx_word' id='word_1_32' title='bbox 597 785 750 824; x_wconf 88' lang='lat' dir='ltr'><strong>suam</strong></span> <span class='ocrx_word' id='word_1_33' title='bbox 776 766 1439 837; x_wconf 82' lang='lat' dir='ltr'><strong>evidentissitnejunxerit</strong></span> <span class='ocrx_word' id='word_1_34' title='bbox 1464 764 1822 829; x_wconf 76' lang='lat' dir='ltr'><strong>voluntatem,</strong></span> <span class='ocrx_word' id='word_1_35' title='bbox 1845 764 1938 834; x_wconf 88' lang='lat' dir='ltr'><strong>qui</strong></span> <span class='ocrx_word' id='word_1_36' title='bbox 1969 764 2183 818; x_wconf 86' lang='lat' dir='ltr'><strong>illusum</strong></span> 
     </span>
    </p>
   </div>
   <div class='ocr_carea' id='block_1_7' title="bbox 596 859 2184 935">
    <p class='ocr_par' dir='ltr' id='par_1_7' title="bbox 596 859 2184 935">
     <span class='ocr_line' id='line_1_7' title="bbox 596 859 2184 935; baseline -0.003 -14"><span class='ocrx_word' id='word_1_37' title='bbox 596 874 760 935; x_wconf 81' lang='lat' dir='ltr'><strong>atque</strong></span> <span class='ocrx_word' id='word_1_38' title='bbox 803 865 1117 935; x_wconf 85' lang='lat' dir='ltr'><strong>despectum</strong></span> <span class='ocrx_word' id='word_1_39' title='bbox 1146 863 1355 920; x_wconf 88' lang='lat' dir='ltr'><strong>remisit</strong></span> <span class='ocrx_word' id='word_1_40' title='bbox 1395 864 1463 919; x_wconf 91' lang='lat' dir='ltr'><strong>ad</strong></span> <span class='ocrx_word' id='word_1_41' title='bbox 1495 863 1763 931; x_wconf 86' lang='lat' dir='ltr'><strong>Pilatum,</strong></span> <span class='ocrx_word' id='word_1_42' title='bbox 1792 871 1853 917; x_wconf 93' lang='lat' dir='ltr'><strong>ut</strong></span> <span class='ocrx_word' id='word_1_43' title='bbox 1898 859 2184 930; x_wconf 83' lang='lat' dir='ltr'><strong>cruciﬁge-</strong></span> 
     </span>
    </p>
   </div>
   <div class='ocr_carea' id='block_1_8' title="bbox 594 967 903 1012">
    <p class='ocr_par' dir='ltr' id='par_1_8' title="bbox 594 967 903 1012">
     <span class='ocr_line' id='line_1_8' title="bbox 594 967 903 1012; baseline -0.01 0"><span class='ocrx_word' id='word_1_44' title='bbox 594 967 718 1012; x_wconf 71' lang='lat' dir='ltr'><strong>I‘EIII.</strong></span> <span class='ocrx_word' id='word_1_45' title='bbox 756 973 903 1012; x_wconf 92' lang='lat' dir='ltr'><strong>eum.</strong></span> 
     </span>
    </p>
   </div>
   <div class='ocr_carea' id='block_1_9' title="bbox 671 1044 2185 1109">
    <p class='ocr_par' dir='ltr' id='par_1_9' title="bbox 671 1044 2185 1109">
     <span class='ocr_line' id='line_1_9' title="bbox 671 1044 2185 1109; baseline -0.003 -6"><span class='ocrx_word' id='word_1_46' title='bbox 671 1049 740 1103; x_wconf 82' lang='lat' dir='ltr'><strong>Et</strong></span> <span class='ocrx_word' id='word_1_47' title='bbox 781 1065 899 1103; x_wconf 86' lang='lat' dir='ltr'><strong>cum</strong></span> <span class='ocrx_word' id='word_1_48' title='bbox 936 1049 1285 1104; x_wconf 86' lang='lat' dir='ltr'><strong>descendisset</strong></span> <span class='ocrx_word' id='word_1_49' title='bbox 1330 1049 1488 1104; x_wconf 75' lang='lat' dir='ltr'><strong>Iesus</strong></span> <span class='ocrx_word' id='word_1_50' title='bbox 1539 1050 1603 1103; x_wconf 85' lang='lat' dir='ltr'><strong>de</strong></span> <span class='ocrx_word' id='word_1_51' title='bbox 1649 1056 1824 1103; x_wconf 84' lang='lat' dir='ltr'><strong>monte</strong></span> <span class='ocrx_word' id='word_1_52' title='bbox 1862 1047 1931 1101; x_wconf 90' lang='lat' dir='ltr'><strong>ad</strong></span> <span class='ocrx_word' id='word_1_53' title='bbox 1980 1044 2185 1109; x_wconf 86' lang='lat' dir='ltr'><strong>turbas,</strong></span> 
     </span>
    </p>
   </div>
   <div class='ocr_carea' id='block_1_10' title="bbox 598 1132 2186 1210">
    <p class='ocr_par' dir='ltr' id='par_1_10' title="bbox 598 1132 2186 1210">
     <span class='ocr_line' id='line_1_10' title="bbox 598 1132 2186 1210; baseline -0.006 -16"><span class='ocrx_word' id='word_1_54' title='bbox 598 1140 818 1194; x_wconf 74' lang='lat' dir='ltr'><strong>accessit</strong></span> <span class='ocrx_word' id='word_1_55' title='bbox 866 1139 935 1192; x_wconf 88' lang='lat' dir='ltr'><strong>ad</strong></span> <span class='ocrx_word' id='word_1_56' title='bbox 987 1155 1102 1193; x_wconf 88' lang='lat' dir='ltr'><strong>eum</strong></span> <span class='ocrx_word' id='word_1_57' title='bbox 1147 1140 1302 1193; x_wconf 80' lang='lat' dir='ltr'><strong>homo</strong></span> <span class='ocrx_word' id='word_1_58' title='bbox 1324 1132 1539 1210; x_wconf 78' lang='lat' dir='ltr'><strong>genibus</strong></span> <span class='ocrx_word' id='word_1_59' title='bbox 1579 1138 1879 1208; x_wconf 74' lang='lat' dir='ltr'><strong>provolutus</strong></span> <span class='ocrx_word' id='word_1_60' title='bbox 1920 1145 2040 1189; x_wconf 87' lang='lat' dir='ltr'><strong>ante</strong></span> <span class='ocrx_word' id='word_1_61' title='bbox 2067 1149 2186 1187; x_wconf 88' lang='lat' dir='ltr'><strong>eum</strong></span> 
     </span>
    </p>
   </div>
   <div class='ocr_carea' id='block_1_11' title="bbox 599 1227 2187 1298">
    <p class='ocr_par' dir='ltr' id='par_1_11' title="bbox 599 1227 2187 1298">
     <span class='ocr_line' id='line_1_11' title="bbox 599 1227 2187 1298; baseline -0.001 -17"><span class='ocrx_word' id='word_1_62' title='bbox 599 1229 775 1283; x_wconf 85' lang='lat' dir='ltr'><strong>dicens</strong></span> <span class='ocrx_word' id='word_1_63' title='bbox 812 1243 830 1281; x_wconf 93' lang='lat'><em>:</em></span> <span class='ocrx_word' id='word_1_64' title='bbox 866 1228 1097 1283; x_wconf 82' lang='lat' dir='ltr'><strong>Domine.</strong></span> <span class='ocrx_word' id='word_1_65' title='bbox 1134 1231 1378 1284; x_wconf 81' lang='lat' dir='ltr'><strong>miserere</strong></span> <span class='ocrx_word' id='word_1_66' title='bbox 1406 1231 1518 1297; x_wconf 70' lang='lat' dir='ltr'><strong>ﬁlio</strong></span> <span class='ocrx_word' id='word_1_67' title='bbox 1568 1246 1710 1291; x_wconf 84' lang='lat' dir='ltr'><strong>meo,</strong></span> <span class='ocrx_word' id='word_1_68' title='bbox 1756 1229 1880 1298; x_wconf 85' lang='lat' dir='ltr'><strong>quia</strong></span> <span class='ocrx_word' id='word_1_69' title='bbox 1924 1227 2187 1281; x_wconf 85' lang='lat' dir='ltr'><strong>lunoticus</strong></span> 
     </span>
    </p>
   </div>
   <div class='ocr_carea' id='block_1_12' title="bbox 602 1318 2188 1390">
    <p class='ocr_par' dir='ltr' id='par_1_12' title="bbox 602 1318 2188 1390">
     <span class='ocr_line' id='line_1_12' title="bbox 602 1318 2188 1390; baseline -0.001 -20"><span class='ocrx_word' id='word_1_70' title='bbox 602 1330 677 1372; x_wconf 81' lang='lat' dir='ltr'><strong>est</strong></span> <span class='ocrx_word' id='word_1_71' title='bbox 716 1328 763 1372; x_wconf 91' lang='lat' dir='ltr'><strong>et</strong></span> <span class='ocrx_word' id='word_1_72' title='bbox 805 1318 942 1372; x_wconf 80' lang='lat' dir='ltr'><strong>umle</strong></span> <span class='ocrx_word' id='word_1_73' title='bbox 994 1320 1211 1388; x_wconf 86' lang='lat' dir='ltr'><strong>patitur.</strong></span> <span class='ocrx_word' id='word_1_74' title='bbox 1251 1320 1404 1386; x_wconf 86' lang='lat' dir='ltr'><strong>Quod</strong></span> <span class='ocrx_word' id='word_1_75' title='bbox 1453 1336 1583 1390; x_wconf 83' lang='lat' dir='ltr'><strong>ergo</strong></span> <span class='ocrx_word' id='word_1_76' title='bbox 1633 1335 1824 1389; x_wconf 83' lang='lat' dir='ltr'><strong>magna</strong></span> <span class='ocrx_word' id='word_1_77' title='bbox 1875 1318 1983 1372; x_wconf 87' lang='lat' dir='ltr'><strong>sint</strong></span> <span class='ocrx_word' id='word_1_78' title='bbox 2023 1330 2188 1385; x_wconf 82' lang='lat' dir='ltr'><strong>opera</strong></span> 
     </span>
    </p>
   </div>
   <div class='ocr_carea' id='block_1_13' title="bbox 605 1408 2191 1478">
    <p class='ocr_par' dir='ltr' id='par_1_13' title="bbox 605 1408 2191 1478">
     <span class='ocr_line' id='line_1_13' title="bbox 605 1408 2191 1478; baseline -0.001 -16"><span class='ocrx_word' id='word_1_79' title='bbox 605 1408 864 1474; x_wconf 90' lang='lat' dir='ltr'><strong>Domini,</strong></span> <span class='ocrx_word' id='word_1_80' title='bbox 905 1409 1172 1478; x_wconf 80' lang='lat' dir='ltr'><strong>siquidem</strong></span> <span class='ocrx_word' id='word_1_81' title='bbox 1221 1409 1377 1464; x_wconf 88' lang='lat' dir='ltr'><strong>nobis</strong></span> <span class='ocrx_word' id='word_1_82' title='bbox 1431 1408 1771 1468; x_wconf 88' lang='lat' dir='ltr'><strong>tacentibus,</strong></span> <span class='ocrx_word' id='word_1_83' title='bbox 1817 1408 1931 1477; x_wconf 85' lang='lat' dir='ltr'><strong>ipsa</strong></span> <span class='ocrx_word' id='word_1_84' title='bbox 1989 1420 2086 1476; x_wconf 89' lang='lat' dir='ltr'><strong>per</strong></span> <span class='ocrx_word' id='word_1_85' title='bbox 2132 1420 2191 1460; x_wconf 88' lang='lat' dir='ltr'><strong>se</strong></span> 
     </span>
    </p>
   </div>
   <div class='ocr_carea' id='block_1_14' title="bbox 602 1498 2192 1568">
    <p class='ocr_par' dir='ltr' id='par_1_14' title="bbox 602 1498 2192 1568">
     <span class='ocr_line' id='line_1_14' title="bbox 602 1498 2192 1568; baseline -0.003 -14"><span class='ocrx_word' id='word_1_86' title='bbox 602 1500 864 1554; x_wconf 83' lang='lat' dir='ltr'><strong>clamant.</strong></span> <span class='ocrx_word' id='word_1_87' title='bbox 907 1498 973 1551; x_wconf 88' lang='lat' dir='ltr'><strong>Et</strong></span> <span class='ocrx_word' id='word_1_88' title='bbox 1012 1499 1273 1568; x_wconf 91' lang='lat' dir='ltr'><strong>propheta</strong></span> <span class='ocrx_word' id='word_1_89' title='bbox 1330 1507 1564 1553; x_wconf 83' lang='lat' dir='ltr'><strong>testatur</strong></span> <span class='ocrx_word' id='word_1_90' title='bbox 1590 1498 1713 1567; x_wconf 82' lang='lat' dir='ltr'><strong>quia</strong></span> <span class='ocrx_word' id='word_1_91' title='bbox 1756 1505 1881 1551; x_wconf 91' lang='lat' dir='ltr'><strong>sunt</strong></span> <span class='ocrx_word' id='word_1_92' title='bbox 1913 1510 2105 1566; x_wconf 88' lang='lat' dir='ltr'><strong>magna</strong></span> <span class='ocrx_word' id='word_1_93' title='bbox 2135 1503 2192 1550; x_wconf 83' lang='lat' dir='ltr'><strong>et</strong></span> 
     </span>
    </p>
   </div>
   <div class='ocr_carea' id='block_1_15' title="bbox 601 1584 2187 1660">
    <p class='ocr_par' dir='ltr' id='par_1_15' title="bbox 601 1584 2187 1660">
     <span class='ocr_line' id='line_1_15' title="bbox 601 1584 2187 1660; baseline -0.003 -17"><span class='ocrx_word' id='word_1_94' title='bbox 601 1589 762 1645; x_wconf 78' lang='lat' dir='ltr'><strong>fortia</strong></span> <span class='ocrx_word' id='word_1_95' title='bbox 781 1630 795 1655; x_wconf 93' lang='lat'><strong>,</strong></span> <span class='ocrx_word' id='word_1_96' title='bbox 826 1588 1106 1660; x_wconf 73' lang='lat' dir='ltr'><strong>Exquisita</strong></span> <span class='ocrx_word' id='word_1_97' title='bbox 1136 1591 1190 1643; x_wconf 88' lang='lat' dir='ltr'><strong>in</strong></span> <span class='ocrx_word' id='word_1_98' title='bbox 1227 1606 1405 1644; x_wconf 85' lang='lat' dir='ltr'><strong>omnes</strong></span> <span class='ocrx_word' id='word_1_99' title='bbox 1436 1588 1725 1643; x_wconf 76' lang='lat' dir='ltr'><strong>voluntates</strong></span> <span class='ocrx_word' id='word_1_100' title='bbox 1750 1587 1862 1657; x_wconf 85' lang='lat' dir='ltr'><strong>ejus</strong></span> <span class='ocrx_word' id='word_1_101' title='bbox 1894 1584 2066 1658; x_wconf 73' lang='lat' dir='ltr'><strong>(Paul.</strong></span> <span class='ocrx_word' id='word_1_102' title='bbox 2098 1601 2187 1650; x_wconf 81' lang='lat' dir='ltr'><strong>cx,</strong></span> 
     </span>
    </p>
   </div>
   <div class='ocr_carea' id='block_1_16' title="bbox 599 1679 2190 1752">
    <p class='ocr_par' dir='ltr' id='par_1_16' title="bbox 599 1679 2190 1752">
     <span class='ocr_line' id='line_1_16' title="bbox 599 1679 2190 1752; baseline -0.004 -15"><span class='ocrx_word' id='word_1_103' title='bbox 599 1683 693 1750; x_wconf 61' lang='grc' dir='ltr'><strong>εὶ),</strong></span> <span class='ocrx_word' id='word_1_104' title='bbox 751 1690 805 1737; x_wconf 90' lang='lat' dir='ltr'><strong>et</strong></span> <span class='ocrx_word' id='word_1_105' title='bbox 859 1691 1183 1752; x_wconf 71' lang='lat' dir='ltr'><strong>pneparata.</strong></span> <span class='ocrx_word' id='word_1_106' title='bbox 1236 1680 1447 1736; x_wconf 89' lang='lat' dir='ltr'><strong>Idcirco</strong></span> <span class='ocrx_word' id='word_1_107' title='bbox 1502 1689 1563 1734; x_wconf 89' lang='lat' dir='ltr'><strong>ut</strong></span> <span class='ocrx_word' id='word_1_108' title='bbox 1621 1694 1763 1748; x_wconf 68' lang='lat' dir='ltr'><strong>smpe</strong></span> <span class='ocrx_word' id='word_1_109' title='bbox 1809 1679 1952 1741; x_wconf 91' lang='lat' dir='ltr'><strong>dico,</strong></span> <span class='ocrx_word' id='word_1_110' title='bbox 1983 1692 2090 1732; x_wconf 87' lang='lat' dir='ltr'><strong>non</strong></span> <span class='ocrx_word' id='word_1_111' title='bbox 2122 1693 2190 1731; x_wconf 85' lang='lat' dir='ltr'><strong>ex</strong></span> 
     </span>
    </p>
   </div>
   <div class='ocr_carea' id='block_1_17' title="bbox 1372 285 3065 346">
    <p class='ocr_par' dir='ltr' id='par_1_17' title="bbox 1372 285 3065 346">
     <span class='ocr_line' id='line_1_17' title="bbox 1372 285 3065 346; baseline -0.002 -1"><span class='ocrx_word' id='word_1_112' title='bbox 1372 292 1377 293; x_wconf 52' lang='grc'><strong>“</strong></span> <span class='ocrx_word' id='word_1_113' title='bbox 1410 288 1468 345; x_wconf 89' lang='lat' dir='ltr'><strong>S.</strong></span> <span class='ocrx_word' id='word_1_114' title='bbox 1507 287 1864 346; x_wconf 83' lang='lat' dir='ltr'><strong>PASCHASII</strong></span> <span class='ocrx_word' id='word_1_115' title='bbox 1902 285 2251 345; x_wconf 77' lang='lat' dir='ltr'><strong>RADBERTI</strong></span> <span class='ocrx_word' id='word_1_116' title='bbox 2289 286 2580 345; x_wconf 81' lang='lat' dir='ltr'><strong>ABBATIS</strong></span> <span class='ocrx_word' id='word_1_117' title='bbox 2617 285 3065 345; x_wconf 83' lang='lat' dir='ltr'><strong>CORBEIENSIS</strong></span> 
     </span>
    </p>
   </div>
   <div class='ocr_carea' id='block_1_18' title="bbox 2213 398 3794 474">
    <p class='ocr_par' dir='ltr' id='par_1_18' title="bbox 2213 398 3794 474">
     <span class='ocr_line' id='line_1_18' title="bbox 2213 398 3794 474; baseline 0.01 -18"><span class='ocrx_word' id='word_1_118' title='bbox 2213 405 2265 465; x_wconf 79' lang='grc' dir='ltr'>Α</span> <span class='ocrx_word' id='word_1_119' title='bbox 2291 402 2356 457; x_wconf 91' lang='lat' dir='ltr'><strong>de</strong></span> <span class='ocrx_word' id='word_1_120' title='bbox 2401 400 2677 473; x_wconf 83' lang='lat' dir='ltr'><strong>proposita</strong></span> <span class='ocrx_word' id='word_1_121' title='bbox 2723 400 2889 456; x_wconf 88' lang='lat' dir='ltr'><strong>oblati</strong></span> <span class='ocrx_word' id='word_1_122' title='bbox 2918 399 3021 454; x_wconf 81' lang='lat' dir='ltr'><strong>viri</strong></span> <span class='ocrx_word' id='word_1_123' title='bbox 3050 398 3314 466; x_wconf 86' lang='lat' dir='ltr'><strong>saniLate,</strong></span> <span class='ocrx_word' id='word_1_124' title='bbox 3342 403 3463 473; x_wconf 85' lang='lat' dir='ltr'><strong>quid</strong></span> <span class='ocrx_word' id='word_1_125' title='bbox 3504 406 3614 464; x_wconf 87' lang='lat' dir='ltr'><strong>inde</strong></span> <span class='ocrx_word' id='word_1_126' title='bbox 3637 416 3794 474; x_wconf 81' lang='lat' dir='ltr'><strong>sentire</strong></span> 
     </span>
    </p>
   </div>
   <div class='ocr_carea' id='block_1_19' title="bbox 2283 492 3791 565">
    <p class='ocr_par' dir='ltr' id='par_1_19' title="bbox 2283 492 3791 565">
     <span class='ocr_line' id='line_1_19' title="bbox 2283 492 3791 565; baseline 0.011 -17"><span class='ocrx_word' id='word_1_127' title='bbox 2283 502 2552 564; x_wconf 87' lang='lat' dir='ltr'><strong>oporteat,</strong></span> <span class='ocrx_word' id='word_1_128' title='bbox 2588 493 2889 548; x_wconf 78' lang='lat' dir='ltr'><strong>videamus.</strong></span> <span class='ocrx_word' id='word_1_129' title='bbox 2922 492 3059 547; x_wconf 82' lang='lat' dir='ltr'><strong>Nam</strong></span> <span class='ocrx_word' id='word_1_130' title='bbox 3091 492 3364 549; x_wconf 73' lang='lat' dir='ltr'><strong>lunaticus</strong></span> <span class='ocrx_word' id='word_1_131' title='bbox 3402 497 3495 554; x_wconf 85' lang='lat' dir='ltr'><strong>iste</strong></span> <span class='ocrx_word' id='word_1_132' title='bbox 3541 503 3694 561; x_wconf 90' lang='lat' dir='ltr'><strong>multis</strong></span> <span class='ocrx_word' id='word_1_133' title='bbox 3719 510 3791 565; x_wconf 88' lang='lat' dir='ltr'><strong>ob-</strong></span> 
     </span>
    </p>
   </div>
   <div class='ocr_carea' id='block_1_20' title="bbox 2283 583 3791 667">
    <p class='ocr_par' dir='ltr' id='par_1_20' title="bbox 2283 583 3791 667">
     <span class='ocr_line' id='line_1_20' title="bbox 2283 583 3791 667; baseline 0.009 -27"><span class='ocrx_word' id='word_1_134' title='bbox 2283 585 2522 641; x_wconf 82' lang='lat' dir='ltr'><strong>volvitur</strong></span> <span class='ocrx_word' id='word_1_135' title='bbox 2550 584 2911 655; x_wconf 89' lang='lat' dir='ltr'><strong>passionibus.</strong></span> <span class='ocrx_word' id='word_1_136' title='bbox 2942 583 3186 639; x_wconf 84' lang='lat' dir='ltr'><strong>Primum</strong></span> <span class='ocrx_word' id='word_1_137' title='bbox 3217 627 3232 652; x_wconf 92' lang='lat'><strong>,</strong></span> <span class='ocrx_word' id='word_1_138' title='bbox 3254 588 3405 657; x_wconf 87' lang='lat' dir='ltr'><strong>quod</strong></span> <span class='ocrx_word' id='word_1_139' title='bbox 3440 592 3646 660; x_wconf 85' lang='lat' dir='ltr'><strong>pessime</strong></span> <span class='ocrx_word' id='word_1_140' title='bbox 3668 612 3791 667; x_wconf 83' lang='lat' dir='ltr'><strong>quam</strong></span> 
     </span>
    </p>
   </div>
   <div class='ocr_carea' id='block_1_21' title="bbox 2285 674 3788 755">
    <p class='ocr_par' dir='ltr' id='par_1_21' title="bbox 2285 674 3788 755">
     <span class='ocr_line' id='line_1_21' title="bbox 2285 674 3788 755; baseline 0.008 -23"><span class='ocrx_word' id='word_1_141' title='bbox 2285 691 2429 746; x_wconf 65' lang='lat' dir='ltr'><strong>saepe</strong></span> <span class='ocrx_word' id='word_1_142' title='bbox 2451 676 2565 730; x_wconf 88' lang='lat' dir='ltr'><strong>suis</strong></span> <span class='ocrx_word' id='word_1_143' title='bbox 2590 683 2819 730; x_wconf 80' lang='lat' dir='ltr'><strong>vexatur</strong></span> <span class='ocrx_word' id='word_1_144' title='bbox 2842 674 3268 739; x_wconf 88' lang='lat' dir='ltr'><strong>inﬁrmitatibus,</strong></span> <span class='ocrx_word' id='word_1_145' title='bbox 3306 678 3487 734; x_wconf 90' lang='lat' dir='ltr'><strong>deinde</strong></span> <span class='ocrx_word' id='word_1_146' title='bbox 3509 685 3570 737; x_wconf 90' lang='lat' dir='ltr'><strong>ab</strong></span> <span class='ocrx_word' id='word_1_147' title='bbox 3595 684 3692 755; x_wconf 89' lang='lat' dir='ltr'><strong>ipso</strong></span> <span class='ocrx_word' id='word_1_148' title='bbox 3708 689 3788 744; x_wconf 71' lang='lat' dir='ltr'><strong>daa-</strong></span> 
     </span>
    </p>
   </div>
   <div class='ocr_carea' id='block_1_22' title="bbox 2285 766 3789 846">
    <p class='ocr_par' dir='ltr' id='par_1_22' title="bbox 2285 766 3789 846">
     <span class='ocr_line' id='line_1_22' title="bbox 2285 766 3789 846; baseline 0.005 -23"><span class='ocrx_word' id='word_1_149' title='bbox 2285 768 2487 833; x_wconf 87' lang='lat' dir='ltr'><strong>monio,</strong></span> <span class='ocrx_word' id='word_1_150' title='bbox 2524 767 2651 838; x_wconf 88' lang='lat' dir='ltr'><strong>quia</strong></span> <span class='ocrx_word' id='word_1_151' title='bbox 2682 782 2971 838; x_wconf 85' lang='lat' dir='ltr'><strong>perpessus</strong></span> <span class='ocrx_word' id='word_1_152' title='bbox 2999 766 3140 822; x_wconf 88' lang='lat' dir='ltr'><strong>male</strong></span> <span class='ocrx_word' id='word_1_153' title='bbox 3180 766 3426 838; x_wconf 78' lang='lat' dir='ltr'><strong>afﬂigitur</strong></span> <span class='ocrx_word' id='word_1_154' title='bbox 3450 779 3501 824; x_wconf 91' lang='lat' dir='ltr'><strong>et</strong></span> <span class='ocrx_word' id='word_1_155' title='bbox 3540 780 3789 846; x_wconf 83' lang='lat' dir='ltr'><strong>torquetur,</strong></span> 
     </span>
    </p>
   </div>
   <div class='ocr_carea' id='block_1_23' title="bbox 2288 856 3783 934">
    <p class='ocr_par' dir='ltr' id='par_1_23' title="bbox 2288 856 3783 934">
     <span class='ocr_line' id='line_1_23' title="bbox 2288 856 3783 934; baseline 0.007 -22"><span class='ocrx_word' id='word_1_156' title='bbox 2288 857 2364 912; x_wconf 90' lang='lat' dir='ltr'><strong>ita</strong></span> <span class='ocrx_word' id='word_1_157' title='bbox 2397 865 2455 911; x_wconf 92' lang='lat' dir='ltr'><strong>ut</strong></span> <span class='ocrx_word' id='word_1_158' title='bbox 2481 856 2751 911; x_wconf 84' lang='lat' dir='ltr'><strong>arefactus</strong></span> <span class='ocrx_word' id='word_1_159' title='bbox 2782 858 2835 911; x_wconf 89' lang='lat' dir='ltr'><strong>in</strong></span> <span class='ocrx_word' id='word_1_160' title='bbox 2863 857 3039 927; x_wconf 88' lang='lat' dir='ltr'><strong>ignem</strong></span> <span class='ocrx_word' id='word_1_161' title='bbox 3078 871 3138 911; x_wconf 83' lang='lat' dir='ltr'><strong>se</strong></span> <span class='ocrx_word' id='word_1_162' title='bbox 3161 857 3456 929; x_wconf 84' lang='lat' dir='ltr'><strong>projiceret,</strong></span> <span class='ocrx_word' id='word_1_163' title='bbox 3475 868 3527 916; x_wconf 90' lang='lat' dir='ltr'><strong>et</strong></span> <span class='ocrx_word' id='word_1_164' title='bbox 3554 862 3602 916; x_wconf 93' lang='lat' dir='ltr'><strong>in</strong></span> <span class='ocrx_word' id='word_1_165' title='bbox 3627 879 3783 934; x_wconf 85' lang='lat' dir='ltr'><strong>aquas,</strong></span> 
     </span>
    </p>
   </div>
   <div class='ocr_carea' id='block_1_24' title="bbox 2289 945 3793 1020">
    <p class='ocr_par' dir='ltr' id='par_1_24' title="bbox 2289 945 3793 1020">
     <span class='ocr_line' id='line_1_24' title="bbox 2289 945 3793 1020; baseline 0.006 -19"><span class='ocrx_word' id='word_1_166' title='bbox 2289 961 2382 1001; x_wconf 91' lang='lat' dir='ltr'><strong>seu</strong></span> <span class='ocrx_word' id='word_1_167' title='bbox 2412 945 2556 1015; x_wconf 90' lang='lat' dir='ltr'><strong>quod</strong></span> <span class='ocrx_word' id='word_1_168' title='bbox 2579 946 2821 1001; x_wconf 90' lang='lat' dir='ltr'><strong>deterius</strong></span> <span class='ocrx_word' id='word_1_169' title='bbox 2844 955 2950 1011; x_wconf 91' lang='lat' dir='ltr'><strong>est,</strong></span> <span class='ocrx_word' id='word_1_170' title='bbox 2966 945 3129 1001; x_wconf 87' lang='lat' dir='ltr'><strong>etiam</strong></span> <span class='ocrx_word' id='word_1_171' title='bbox 3150 954 3211 1001; x_wconf 90' lang='lat' dir='ltr'><strong>ut</strong></span> <span class='ocrx_word' id='word_1_172' title='bbox 3232 946 3301 1000; x_wconf 90' lang='lat' dir='ltr'><strong>ab</strong></span> <span class='ocrx_word' id='word_1_173' title='bbox 3334 947 3459 1018; x_wconf 86' lang='lat' dir='ltr'><strong>ipsis</strong></span> <span class='ocrx_word' id='word_1_174' title='bbox 3481 952 3702 1020; x_wconf 86' lang='lat' dir='ltr'><strong>apostolis</strong></span> <span class='ocrx_word' id='word_1_175' title='bbox 3719 971 3793 1011; x_wconf 89' lang='lat' dir='ltr'><strong>nec</strong></span> 
     </span>
    </p>
   </div>
   <div class='ocr_carea' id='block_1_25' title="bbox 2289 1040 3793 1117">
    <p class='ocr_par' dir='ltr' id='par_1_25' title="bbox 2289 1040 3793 1117">
     <span class='ocr_line' id='line_1_25' title="bbox 2289 1040 3793 1117; baseline 0.003 -20"><span class='ocrx_word' id='word_1_176' title='bbox 2289 1042 2471 1105; x_wconf 81' lang='lat' dir='ltr'><strong>curari</strong></span> <span class='ocrx_word' id='word_1_177' title='bbox 2503 1050 2705 1112; x_wconf 89' lang='lat' dir='ltr'><strong>posset.</strong></span> <span class='ocrx_word' id='word_1_178' title='bbox 2742 1040 2808 1096; x_wconf 89' lang='lat' dir='ltr'><strong>Ut</strong></span> <span class='ocrx_word' id='word_1_179' title='bbox 2838 1056 2984 1107; x_wconf 92' lang='lat' dir='ltr'><strong>reor,</strong></span> <span class='ocrx_word' id='word_1_180' title='bbox 3016 1056 3119 1097; x_wconf 91' lang='lat' dir='ltr'><strong>nec</strong></span> <span class='ocrx_word' id='word_1_181' title='bbox 3144 1042 3430 1107; x_wconf 87' lang='lat' dir='ltr'><strong>immerito,</strong></span> <span class='ocrx_word' id='word_1_182' title='bbox 3459 1045 3683 1113; x_wconf 89' lang='lat' dir='ltr'><strong>quoniam</strong></span> <span class='ocrx_word' id='word_1_183' title='bbox 3718 1047 3793 1117; x_wconf 87' lang='lat' dir='ltr'><strong>ipsi</strong></span> 
     </span>
    </p>
   </div>
   <div class='ocr_carea' id='block_1_26' title="bbox 2291 1133 3794 1205">
    <p class='ocr_par' dir='ltr' id='par_1_26' title="bbox 2291 1133 3794 1205">
     <span class='ocr_line' id='line_1_26' title="bbox 2291 1133 3794 1205; baseline 0.003 -16"><span class='ocrx_word' id='word_1_184' title='bbox 2291 1133 2544 1203; x_wconf 87' lang='lat' dir='ltr'><strong>apostoli,</strong></span> <span class='ocrx_word' id='word_1_185' title='bbox 2573 1148 2695 1188; x_wconf 91' lang='lat' dir='ltr'><strong>cum</strong></span> <span class='ocrx_word' id='word_1_186' title='bbox 2734 1133 2909 1189; x_wconf 87' lang='lat' dir='ltr'><strong>turbis</strong></span> <span class='ocrx_word' id='word_1_187' title='bbox 2933 1142 3139 1188; x_wconf 91' lang='lat' dir='ltr'><strong>etcum</strong></span> <span class='ocrx_word' id='word_1_188' title='bbox 3177 1134 3295 1205; x_wconf 90' lang='lat' dir='ltr'><strong>ipso</strong></span> <span class='ocrx_word' id='word_1_189' title='bbox 3341 1134 3564 1190; x_wconf 90' lang='lat' dir='ltr'><strong>lunatico</strong></span> <span class='ocrx_word' id='word_1_190' title='bbox 3600 1136 3794 1193; x_wconf 84' lang='lat' dir='ltr'><strong>deorsum</strong></span> 
     </span>
    </p>
   </div>
   <div class='ocr_carea' id='block_1_27' title="bbox 2290 1225 3795 1295">
    <p class='ocr_par' dir='ltr' id='par_1_27' title="bbox 2290 1225 3795 1295">
     <span class='ocr_line' id='line_1_27' title="bbox 2290 1225 3795 1295; baseline 0.003 -14"><span class='ocrx_word' id='word_1_191' title='bbox 2290 1234 2685 1281; x_wconf 80' lang='lat' dir='ltr'><strong>remanserant.</strong></span> <span class='ocrx_word' id='word_1_192' title='bbox 2739 1225 2884 1281; x_wconf 90' lang='lat' dir='ltr'><strong>Inter</strong></span> <span class='ocrx_word' id='word_1_193' title='bbox 2932 1240 3068 1295; x_wconf 89' lang='lat' dir='ltr'><strong>quas</strong></span> <span class='ocrx_word' id='word_1_194' title='bbox 3120 1241 3301 1281; x_wconf 87' lang='lat' dir='ltr'><strong>moras</strong></span> <span class='ocrx_word' id='word_1_195' title='bbox 3343 1226 3462 1280; x_wconf 93' lang='lat' dir='ltr'><strong>dum</strong></span> <span class='ocrx_word' id='word_1_196' title='bbox 3511 1228 3730 1283; x_wconf 90' lang='lat' dir='ltr'><strong>Dominus</strong></span> <span class='ocrx_word' id='word_1_197' title='bbox 3757 1231 3795 1285; x_wconf 88' lang='lat' dir='ltr'><strong>in</strong></span> 
     </span>
    </p>
   </div>
   <div class='ocr_carea' id='block_1_28' title="bbox 2291 1316 3797 1386">
    <p class='ocr_par' dir='ltr' id='par_1_28' title="bbox 2291 1316 3797 1386">
     <span class='ocr_line' id='line_1_28' title="bbox 2291 1316 3797 1386; baseline 0.002 -15"><span class='ocrx_word' id='word_1_198' title='bbox 2291 1324 2474 1371; x_wconf 90' lang='lat' dir='ltr'><strong>monte</strong></span> <span class='ocrx_word' id='word_1_199' title='bbox 2519 1316 2809 1385; x_wconf 86' lang='lat' dir='ltr'><strong>perdurat,</strong></span> <span class='ocrx_word' id='word_1_200' title='bbox 2861 1323 2916 1370; x_wconf 90' lang='lat' dir='ltr'><strong>et</strong></span> <span class='ocrx_word' id='word_1_201' title='bbox 2951 1325 3208 1385; x_wconf 88' lang='lat' dir='ltr'><strong>operatur</strong></span> <span class='ocrx_word' id='word_1_202' title='bbox 3253 1316 3568 1386; x_wconf 86' lang='lat' dir='ltr'><strong>obstupenda</strong></span> <span class='ocrx_word' id='word_1_203' title='bbox 3621 1319 3797 1373; x_wconf 87' lang='lat' dir='ltr'><strong>nimium</strong></span> 
     </span>
    </p>
   </div>
   <div class='ocr_carea' id='block_1_29' title="bbox 2292 1407 3798 1477">
    <p class='ocr_par' dir='ltr' id='par_1_29' title="bbox 2292 1407 3798 1477">
     <span class='ocr_line' id='line_1_29' title="bbox 2292 1407 3798 1477; baseline 0 -15"><span class='ocrx_word' id='word_1_204' title='bbox 2292 1415 2347 1463; x_wconf 92' lang='lat' dir='ltr'><strong>et</strong></span> <span class='ocrx_word' id='word_1_205' title='bbox 2380 1407 2694 1461; x_wconf 87' lang='lat' dir='ltr'><strong>admiranda</strong></span> <span class='ocrx_word' id='word_1_206' title='bbox 2746 1408 3007 1461; x_wconf 89' lang='lat' dir='ltr'><strong>virtutum</strong></span> <span class='ocrx_word' id='word_1_207' title='bbox 3058 1415 3434 1474; x_wconf 88' lang='lat' dir='ltr'><strong>sacramenta,</strong></span> <span class='ocrx_word' id='word_1_208' title='bbox 3480 1407 3695 1477; x_wconf 88' lang='lat' dir='ltr'><strong>discipuli</strong></span> <span class='ocrx_word' id='word_1_209' title='bbox 3736 1423 3798 1462; x_wconf 86' lang='lat' dir='ltr'><strong>re-</strong></span> 
     </span>
    </p>
   </div>
   <div class='ocr_carea' id='block_1_30' title="bbox 2293 1498 3799 1573">
    <p class='ocr_par' dir='ltr' id='par_1_30' title="bbox 2293 1498 3799 1573">
     <span class='ocr_line' id='line_1_30' title="bbox 2293 1498 3799 1573; baseline 0.001 -19"><span class='ocrx_word' id='word_1_210' title='bbox 2293 1499 2425 1554; x_wconf 87' lang='lat' dir='ltr'><strong>moti</strong></span> <span class='ocrx_word' id='word_1_211' title='bbox 2473 1501 2541 1555; x_wconf 90' lang='lat' dir='ltr'><strong>ab</strong></span> <span class='ocrx_word' id='word_1_212' title='bbox 2590 1515 2676 1564; x_wconf 91' lang='lat' dir='ltr'><strong>eo,</strong></span> <span class='ocrx_word' id='word_1_213' title='bbox 2709 1500 2763 1554; x_wconf 91' lang='lat' dir='ltr'><strong>in</strong></span> <span class='ocrx_word' id='word_1_214' title='bbox 2803 1498 2910 1555; x_wconf 91' lang='lat' dir='ltr'><strong>ﬁde</strong></span> <span class='ocrx_word' id='word_1_215' title='bbox 2956 1500 3346 1573; x_wconf 87' lang='lat' dir='ltr'><strong>languescunt,</strong></span> <span class='ocrx_word' id='word_1_216' title='bbox 3385 1509 3438 1554; x_wconf 91' lang='lat' dir='ltr'><strong>et</strong></span> <span class='ocrx_word' id='word_1_217' title='bbox 3465 1500 3580 1555; x_wconf 90' lang='lat' dir='ltr'><strong>inde</strong></span> <span class='ocrx_word' id='word_1_218' title='bbox 3620 1500 3799 1556; x_wconf 83' lang='lat' dir='ltr'><strong>curatio-</strong></span> 
     </span>
    </p>
   </div>
   <div class='ocr_carea' id='block_1_31' title="bbox 2293 1588 3798 1660">
    <p class='ocr_par' dir='ltr' id='par_1_31' title="bbox 2293 1588 3798 1660">
     <span class='ocr_line' id='line_1_31' title="bbox 2293 1588 3798 1660; baseline 0.002 -18"><span class='ocrx_word' id='word_1_219' title='bbox 2293 1603 2416 1642; x_wconf 86' lang='lat' dir='ltr'><strong>nem</strong></span> <span class='ocrx_word' id='word_1_220' title='bbox 2450 1588 2583 1643; x_wconf 90' lang='lat' dir='ltr'><strong>ﬁdes</strong></span> <span class='ocrx_word' id='word_1_221' title='bbox 2619 1603 2809 1643; x_wconf 92' lang='lat' dir='ltr'><strong>eorum</strong></span> <span class='ocrx_word' id='word_1_222' title='bbox 2859 1591 3153 1645; x_wconf 88' lang='lat' dir='ltr'><strong>secundum</strong></span> <span class='ocrx_word' id='word_1_223' title='bbox 3186 1590 3565 1660; x_wconf 80' lang='lat' dir='ltr'><strong>promissapii</strong></span> <span class='ocrx_word' id='word_1_224' title='bbox 3608 1590 3798 1657; x_wconf 76' lang='lat' dir='ltr'><strong>magistri</strong></span> 
     </span>
    </p>
   </div>
   <div class='ocr_carea' id='block_1_32' title="bbox 2294 1682 3797 1752">
    <p class='ocr_par' dir='ltr' id='par_1_32' title="bbox 2294 1682 3797 1752">
     <span class='ocr_line' id='line_1_32' title="bbox 2294 1682 3797 1752; baseline 0.001 -18"><span class='ocrx_word' id='word_1_225' title='bbox 2294 1695 2401 1735; x_wconf 89' lang='lat' dir='ltr'><strong>non</strong></span> <span class='ocrx_word' id='word_1_226' title='bbox 2426 1690 2701 1751; x_wconf 84' lang='lat' dir='ltr'><strong>operatur.</strong></span> <span class='ocrx_word' id='word_1_227' title='bbox 2735 1682 2885 1737; x_wconf 87' lang='lat' dir='ltr'><strong>Unde</strong></span> <span class='ocrx_word' id='word_1_228' title='bbox 2906 1683 3153 1752; x_wconf 87' lang='lat' dir='ltr'><strong>increpat</strong></span> <span class='ocrx_word' id='word_1_229' title='bbox 3176 1698 3272 1738; x_wconf 92' lang='lat' dir='ltr'><strong>eos</strong></span> <span class='ocrx_word' id='word_1_230' title='bbox 3298 1683 3571 1738; x_wconf 90' lang='lat' dir='ltr'><strong>durissime</strong></span> <span class='ocrx_word' id='word_1_231' title='bbox 3592 1698 3683 1736; x_wconf 86' lang='lat' dir='ltr'><strong>una</strong></span> <span class='ocrx_word' id='word_1_232' title='bbox 3708 1697 3797 1737; x_wconf 90' lang='lat' dir='ltr'><strong>cum</strong></span> 
     </span>
    </p>
   </div>
   <div class='ocr_carea' id='block_1_33' title="bbox 602 1769 3740 1845">
    <p class='ocr_par' dir='ltr' id='par_1_33' title="bbox 602 1769 3740 1845">
     <span class='ocr_line' id='line_1_33' title="bbox 602 1769 3740 1845; baseline -0.001 -16"><span class='ocrx_word' id='word_1_233' title='bbox 602 1782 799 1829; x_wconf 88' lang='lat' dir='ltr'><strong>eventu</strong></span> <span class='ocrx_word' id='word_1_234' title='bbox 837 1789 1019 1827; x_wconf 86' lang='lat' dir='ltr'><strong>rerum</strong></span> <span class='ocrx_word' id='word_1_235' title='bbox 1044 1773 1391 1842; x_wconf 89' lang='lat' dir='ltr'><strong>proveniunt,</strong></span> <span class='ocrx_word' id='word_1_236' title='bbox 1417 1772 1511 1827; x_wconf 90' lang='lat' dir='ltr'><strong>sed</strong></span> <span class='ocrx_word' id='word_1_237' title='bbox 1550 1787 1616 1826; x_wconf 78' lang='lat' dir='ltr'><strong>ex</strong></span> <span class='ocrx_word' id='word_1_238' title='bbox 1641 1769 1976 1840; x_wconf 85' lang='lat' dir='ltr'><strong>providentia</strong></span> <span class='ocrx_word' id='word_1_239' title='bbox 2017 1769 2108 1823; x_wconf 88' lang='lat' dir='ltr'><strong>Dei</strong></span> <span class='ocrx_word' id='word_1_240' title='bbox 2138 1776 2194 1821; x_wconf 90' lang='lat' dir='ltr'><strong>et</strong></span> <span class='ocrx_word' id='word_1_241' title='bbox 2221 1782 2268 1842; x_wconf 77' lang='grc' dir='ltr'><strong>Β</strong></span> <span class='ocrx_word' id='word_1_242' title='bbox 2294 1774 2497 1829; x_wconf 85' lang='lat' dir='ltr'><strong>eisdem</strong></span> <span class='ocrx_word' id='word_1_243' title='bbox 2525 1790 2646 1829; x_wconf 88' lang='lat' dir='ltr'><strong>cum</strong></span> <span class='ocrx_word' id='word_1_244' title='bbox 2682 1776 2879 1845; x_wconf 89' lang='lat' dir='ltr'><strong>quibus</strong></span> <span class='ocrx_word' id='word_1_245' title='bbox 2916 1776 3191 1831; x_wconf 88' lang='lat' dir='ltr'><strong>interdum</strong></span> <span class='ocrx_word' id='word_1_246' title='bbox 3219 1778 3517 1832; x_wconf 81' lang='lat' dir='ltr'><strong>conversati</strong></span> <span class='ocrx_word' id='word_1_247' title='bbox 3548 1775 3740 1831; x_wconf 88' lang='lat' dir='ltr'><strong>fuerant.</strong></span> 
     </span>
    </p>
   </div>
   <div class='ocr_carea' id='block_1_34' title="bbox 599 1862 2191 1936">
    <p class='ocr_par' dir='ltr' id='par_1_34' title="bbox 599 1862 2191 1936">
     <span class='ocr_line' id='line_1_34' title="bbox 599 1862 2191 1936; baseline -0.004 -15"><span class='ocrx_word' id='word_1_248' title='bbox 599 1867 1007 1936; x_wconf 83' lang='lat' dir='ltr'><strong>dispensatione</strong></span> <span class='ocrx_word' id='word_1_249' title='bbox 1039 1866 1232 1921; x_wconf 86' lang='lat' dir='ltr'><strong>salutis</strong></span> <span class='ocrx_word' id='word_1_250' title='bbox 1260 1868 1532 1921; x_wconf 74' lang='lat' dir='ltr'><strong>humanae.</strong></span> <span class='ocrx_word' id='word_1_251' title='bbox 1584 1864 1723 1919; x_wconf 80' lang='lat' dir='ltr'><strong>Hinc</strong></span> <span class='ocrx_word' id='word_1_252' title='bbox 1769 1878 1898 1932; x_wconf 88' lang='lat' dir='ltr'><strong>ergo</strong></span> <span class='ocrx_word' id='word_1_253' title='bbox 1921 1870 2005 1917; x_wconf 92' lang='lat' dir='ltr'><strong>est</strong></span> <span class='ocrx_word' id='word_1_254' title='bbox 2046 1862 2191 1931; x_wconf 86' lang='lat' dir='ltr'><strong>quod</strong></span> 
     </span>
    </p>
   </div>
   <div class='ocr_carea' id='block_1_35' title="bbox 599 1953 2190 2027">
    <p class='ocr_par' dir='ltr' id='par_1_35' title="bbox 599 1953 2190 2027">
     <span class='ocr_line' id='line_1_35' title="bbox 599 1953 2190 2027; baseline -0.002 -17"><span class='ocrx_word' id='word_1_255' title='bbox 599 1958 758 2027; x_wconf 88' lang='lat' dir='ltr'><strong>longe</strong></span> <span class='ocrx_word' id='word_1_256' title='bbox 779 1957 894 2025; x_wconf 87' lang='lat' dir='ltr'><strong>jam</strong></span> <span class='ocrx_word' id='word_1_257' title='bbox 923 1972 1088 2027; x_wconf 88' lang='lat' dir='ltr'><strong>supra</strong></span> <span class='ocrx_word' id='word_1_258' title='bbox 1112 1956 1201 2011; x_wconf 89' lang='lat' dir='ltr'><strong>ubi</strong></span> <span class='ocrx_word' id='word_1_259' title='bbox 1236 1956 1395 2011; x_wconf 84' lang='lat' dir='ltr'><strong>Jesus</strong></span> <span class='ocrx_word' id='word_1_260' title='bbox 1424 1957 1490 2011; x_wconf 86' lang='lat' dir='ltr'><strong>de</strong></span> <span class='ocrx_word' id='word_1_261' title='bbox 1519 1965 1704 2010; x_wconf 88' lang='lat' dir='ltr'><strong>monte</strong></span> <span class='ocrx_word' id='word_1_262' title='bbox 1727 1953 2022 2016; x_wconf 83' lang='lat' dir='ltr'><strong>descendit,</strong></span> <span class='ocrx_word' id='word_1_263' title='bbox 2066 1968 2190 2008; x_wconf 90' lang='lat' dir='ltr'><strong>cum</strong></span> 
     </span>
    </p>
   </div>
   <div class='ocr_carea' id='block_1_36' title="bbox 599 2043 2189 2115">
    <p class='ocr_par' dir='ltr' id='par_1_36' title="bbox 599 2043 2189 2115">
     <span class='ocr_line' id='line_1_36' title="bbox 599 2043 2189 2115; baseline -0.003 -14"><span class='ocrx_word' id='word_1_264' title='bbox 599 2047 874 2101; x_wconf 87' lang='lat' dir='ltr'><strong>docuisset</strong></span> <span class='ocrx_word' id='word_1_265' title='bbox 903 2045 1197 2115; x_wconf 88' lang='lat' dir='ltr'><strong>discipulos</strong></span> <span class='ocrx_word' id='word_1_266' title='bbox 1249 2061 1374 2101; x_wconf 91' lang='lat' dir='ltr'><strong>suos</strong></span> <span class='ocrx_word' id='word_1_267' title='bbox 1404 2053 1529 2100; x_wconf 92' lang='lat' dir='ltr'><strong>octo</strong></span> <span class='ocrx_word' id='word_1_268' title='bbox 1575 2043 1958 2107; x_wconf 88' lang='lat' dir='ltr'><strong>beatitudines,</strong></span> <span class='ocrx_word' id='word_1_269' title='bbox 1993 2058 2189 2097; x_wconf 85' lang='lat' dir='ltr'><strong>occur-</strong></span> 
     </span>
    </p>
   </div>
   <div class='ocr_carea' id='block_1_37' title="bbox 601 2132 2189 2207">
    <p class='ocr_par' dir='ltr' id='par_1_37' title="bbox 601 2132 2189 2207">
     <span class='ocr_line' id='line_1_37' title="bbox 601 2132 2189 2207; baseline -0.006 -13"><span class='ocrx_word' id='word_1_270' title='bbox 601 2138 678 2193; x_wconf 91' lang='lat' dir='ltr'><strong>rit</strong></span> <span class='ocrx_word' id='word_1_271' title='bbox 711 2137 760 2191; x_wconf 90' lang='lat' dir='ltr'><strong>ei</strong></span> <span class='ocrx_word' id='word_1_272' title='bbox 794 2136 1029 2207; x_wconf 92' lang='lat' dir='ltr'><strong>primum</strong></span> <span class='ocrx_word' id='word_1_273' title='bbox 1085 2135 1365 2207; x_wconf 83' lang='lat' dir='ltr'><strong>leprosos,</strong></span> <span class='ocrx_word' id='word_1_274' title='bbox 1418 2144 1478 2188; x_wconf 90' lang='lat' dir='ltr'><strong>ut</strong></span> <span class='ocrx_word' id='word_1_275' title='bbox 1504 2135 1620 2189; x_wconf 92' lang='lat' dir='ltr'><strong>viso</strong></span> <span class='ocrx_word' id='word_1_276' title='bbox 1671 2133 1971 2197; x_wconf 91' lang='lat' dir='ltr'><strong>miraculo,</strong></span> <span class='ocrx_word' id='word_1_277' title='bbox 2025 2132 2189 2187; x_wconf 89' lang='lat' dir='ltr'><strong>corda</strong></span> 
     </span>
    </p>
   </div>
   <div class='ocr_carea' id='block_1_38' title="bbox 604 2224 2192 2300">
    <p class='ocr_par' dir='ltr' id='par_1_38' title="bbox 604 2224 2192 2300">
     <span class='ocr_line' id='line_1_38' title="bbox 604 2224 2192 2300; baseline -0.005 -13"><span class='ocrx_word' id='word_1_278' title='bbox 604 2229 994 2300; x_wconf 91' lang='lat' dir='ltr'><strong>discipulorum</strong></span> <span class='ocrx_word' id='word_1_279' title='bbox 1047 2228 1397 2283; x_wconf 89' lang='lat' dir='ltr'><strong>ﬁrmarentur</strong></span> <span class='ocrx_word' id='word_1_280' title='bbox 1423 2227 1489 2282; x_wconf 92' lang='lat' dir='ltr'><strong>ad</strong></span> <span class='ocrx_word' id='word_1_281' title='bbox 1538 2226 1733 2291; x_wconf 87' lang='lat' dir='ltr'><strong>ﬁdem;</strong></span> <span class='ocrx_word' id='word_1_282' title='bbox 1773 2224 1853 2279; x_wconf 91' lang='lat' dir='ltr'><strong>sic</strong></span> <span class='ocrx_word' id='word_1_283' title='bbox 1900 2233 1956 2279; x_wconf 89' lang='lat' dir='ltr'><strong>et</strong></span> <span class='ocrx_word' id='word_1_284' title='bbox 2003 2224 2056 2278; x_wconf 89' lang='lat' dir='ltr'><strong>in</strong></span> <span class='ocrx_word' id='word_1_285' title='bbox 2086 2224 2192 2279; x_wconf 88' lang='lat' dir='ltr'><strong>hoc</strong></span> 
     </span>
    </p>
   </div>
   <div class='ocr_carea' id='block_1_39' title="bbox 600 2317 2188 2393">
    <p class='ocr_par' dir='ltr' id='par_1_39' title="bbox 600 2317 2188 2393">
     <span class='ocr_line' id='line_1_39' title="bbox 600 2317 2188 2393; baseline -0.004 -16"><span class='ocrx_word' id='word_1_286' title='bbox 600 2322 723 2379; x_wconf 89' lang='lat' dir='ltr'><strong>Ioco</strong></span> <span class='ocrx_word' id='word_1_287' title='bbox 743 2363 758 2389; x_wconf 92' lang='lat'><strong>,</strong></span> <span class='ocrx_word' id='word_1_288' title='bbox 788 2323 914 2393; x_wconf 90' lang='lat' dir='ltr'><strong>quia</strong></span> <span class='ocrx_word' id='word_1_289' title='bbox 945 2322 1117 2377; x_wconf 73' lang='lat' dir='ltr'><strong>turbae</strong></span> <span class='ocrx_word' id='word_1_290' title='bbox 1152 2329 1209 2376; x_wconf 90' lang='lat' dir='ltr'><strong>et</strong></span> <span class='ocrx_word' id='word_1_291' title='bbox 1241 2320 1486 2376; x_wconf 90' lang='lat' dir='ltr'><strong>nonnulli</strong></span> <span class='ocrx_word' id='word_1_292' title='bbox 1514 2318 1900 2389; x_wconf 81' lang='lat' dir='ltr'><strong>discipulorum</strong></span> <span class='ocrx_word' id='word_1_293' title='bbox 1932 2317 1985 2371; x_wconf 93' lang='lat' dir='ltr'><strong>in</strong></span> <span class='ocrx_word' id='word_1_294' title='bbox 2031 2332 2188 2372; x_wconf 85' lang='lat' dir='ltr'><strong>mon-</strong></span> 
     </span>
    </p>
   </div>
   <div class='ocr_carea' id='block_1_40' title="bbox 599 2411 2190 2482">
    <p class='ocr_par' dir='ltr' id='par_1_40' title="bbox 599 2411 2190 2482">
     <span class='ocr_line' id='line_1_40' title="bbox 599 2411 2190 2482; baseline -0.006 -11"><span class='ocrx_word' id='word_1_295' title='bbox 599 2425 710 2471; x_wconf 88' lang='lat' dir='ltr'><strong>tem</strong></span> <span class='ocrx_word' id='word_1_296' title='bbox 756 2429 879 2470; x_wconf 92' lang='lat' dir='ltr'><strong>cum</strong></span> <span class='ocrx_word' id='word_1_297' title='bbox 913 2411 1041 2469; x_wconf 84' lang='lat' dir='ltr'><strong>Jesu</strong></span> <span class='ocrx_word' id='word_1_298' title='bbox 1084 2428 1191 2466; x_wconf 91' lang='lat' dir='ltr'><strong>non</strong></span> <span class='ocrx_word' id='word_1_299' title='bbox 1235 2419 1487 2482; x_wconf 88' lang='lat' dir='ltr'><strong>poterant</strong></span> <span class='ocrx_word' id='word_1_300' title='bbox 1542 2411 1868 2474; x_wconf 88' lang='lat' dir='ltr'><strong>ascendere,</strong></span> <span class='ocrx_word' id='word_1_301' title='bbox 1901 2417 2190 2479; x_wconf 85' lang='lat' dir='ltr'><strong>propterea</strong></span> 
     </span>
    </p>
   </div>
   <div class='ocr_carea' id='block_1_41' title="bbox 596 2499 2187 2574">
    <p class='ocr_par' dir='ltr' id='par_1_41' title="bbox 596 2499 2187 2574">
     <span class='ocr_line' id='line_1_41' title="bbox 596 2499 2187 2574; baseline -0.004 -15"><span class='ocrx_word' id='word_1_302' title='bbox 596 2505 668 2559; x_wconf 87' lang='lat' dir='ltr'><strong>ob</strong></span> <span class='ocrx_word' id='word_1_303' title='bbox 696 2502 1155 2574; x_wconf 87' lang='lat' dir='ltr'><strong>dispensationem</strong></span> <span class='ocrx_word' id='word_1_304' title='bbox 1176 2500 1366 2556; x_wconf 89' lang='lat' dir='ltr'><strong>salutis</strong></span> <span class='ocrx_word' id='word_1_305' title='bbox 1396 2502 1645 2555; x_wconf 73' lang='lat' dir='ltr'><strong>humana:</strong></span> <span class='ocrx_word' id='word_1_306' title='bbox 1672 2499 1950 2554; x_wconf 90' lang='lat' dir='ltr'><strong>descendit</strong></span> <span class='ocrx_word' id='word_1_307' title='bbox 1974 2499 2041 2552; x_wconf 91' lang='lat' dir='ltr'><strong>ad</strong></span> <span class='ocrx_word' id='word_1_308' title='bbox 2071 2512 2187 2562; x_wconf 88' lang='lat' dir='ltr'><strong>eos,</strong></span> 
     </span>
    </p>
   </div>
   <div class='ocr_carea' id='block_1_42' title="bbox 530 2590 2187 2667">
    <p class='ocr_par' dir='ltr' id='par_1_42' title="bbox 530 2590 2187 2667">
     <span class='ocr_line' id='line_1_42' title="bbox 530 2590 2187 2667; baseline -0.005 -18"><span class='ocrx_word' id='word_1_309' title='bbox 530 2592 537 2597; x_wconf 84' lang='grc'><em>’</em></span> <span class='ocrx_word' id='word_1_310' title='bbox 596 2594 753 2667; x_wconf 90' lang='lat' dir='ltr'><strong>quasi</strong></span> <span class='ocrx_word' id='word_1_311' title='bbox 780 2593 847 2648; x_wconf 93' lang='lat' dir='ltr'><strong>de</strong></span> <span class='ocrx_word' id='word_1_312' title='bbox 876 2599 1060 2646; x_wconf 90' lang='lat' dir='ltr'><strong>monte</strong></span> <span class='ocrx_word' id='word_1_313' title='bbox 1080 2590 1296 2645; x_wconf 78' lang='lat' dir='ltr'><strong>excelso</strong></span> <span class='ocrx_word' id='word_1_314' title='bbox 1326 2590 1637 2644; x_wconf 89' lang='lat' dir='ltr'><strong>Divinitatis</strong></span> <span class='ocrx_word' id='word_1_315' title='bbox 1653 2606 1786 2653; x_wconf 68' lang='lat' dir='ltr'><strong>suae,</strong></span> <span class='ocrx_word' id='word_1_316' title='bbox 1806 2590 1895 2644; x_wconf 90' lang='lat' dir='ltr'><strong>ubi</strong></span> <span class='ocrx_word' id='word_1_317' title='bbox 1923 2604 1980 2643; x_wconf 90' lang='lat' dir='ltr'><strong>se</strong></span> <span class='ocrx_word' id='word_1_318' title='bbox 2006 2603 2187 2643; x_wconf 82' lang='lat' dir='ltr'><strong>coram</strong></span> 
     </span>
    </p>
   </div>
   <div class='ocr_carea' id='block_1_43' title="bbox 594 2680 2192 2757">
    <p class='ocr_par' dir='ltr' id='par_1_43' title="bbox 594 2680 2192 2757">
     <span class='ocr_line' id='line_1_43' title="bbox 594 2680 2192 2757; baseline -0.004 -16"><span class='ocrx_word' id='word_1_319' title='bbox 594 2683 1013 2757; x_wconf 87' lang='lat' dir='ltr'><strong>perfectioribus</strong></span> <span class='ocrx_word' id='word_1_320' title='bbox 1066 2681 1477 2747; x_wconf 82' lang='lat' dir='ltr'><strong>transformavit</strong></span> <span class='ocrx_word' id='word_1_321' title='bbox 1529 2682 1583 2735; x_wconf 91' lang='lat' dir='ltr'><strong>in</strong></span> <span class='ocrx_word' id='word_1_322' title='bbox 1639 2681 1866 2752; x_wconf 77' lang='lat' dir='ltr'><strong>gloriam</strong></span> <span class='ocrx_word' id='word_1_323' title='bbox 1910 2696 2083 2736; x_wconf 90' lang='lat' dir='ltr'><strong>suam.</strong></span> <span class='ocrx_word' id='word_1_324' title='bbox 2125 2680 2192 2735; x_wconf 90' lang='lat' dir='ltr'><strong>Et</strong></span> 
     </span>
    </p>
   </div>
   <div class='ocr_carea' id='block_1_44' title="bbox 597 2772 2189 2844">
    <p class='ocr_par' dir='ltr' id='par_1_44' title="bbox 597 2772 2189 2844">
     <span class='ocr_line' id='line_1_44' title="bbox 597 2772 2189 2844; baseline -0.006 -10"><span class='ocrx_word' id='word_1_325' title='bbox 597 2777 887 2835; x_wconf 87' lang='lat' dir='ltr'><strong>continuo:</strong></span> <span class='ocrx_word' id='word_1_326' title='bbox 932 2774 1160 2829; x_wconf 83' lang='lat' dir='ltr'><strong>Accessit</strong></span> <span class='ocrx_word' id='word_1_327' title='bbox 1192 2774 1261 2828; x_wconf 89' lang='lat' dir='ltr'><strong>ad</strong></span> <span class='ocrx_word' id='word_1_328' title='bbox 1303 2790 1421 2828; x_wconf 87' lang='lat' dir='ltr'><strong>eum</strong></span> <span class='ocrx_word' id='word_1_329' title='bbox 1456 2774 1610 2827; x_wconf 80' lang='lat' dir='ltr'><strong>homo</strong></span> <span class='ocrx_word' id='word_1_330' title='bbox 1631 2773 1847 2844; x_wconf 84' lang='lat' dir='ltr'><strong>genibus</strong></span> <span class='ocrx_word' id='word_1_331' title='bbox 1867 2772 2189 2841; x_wconf 77' lang='lat' dir='ltr'><strong>provolutus,</strong></span> 
     </span>
    </p>
   </div>
   <div class='ocr_carea' id='block_1_45' title="bbox 597 2864 2193 2942">
    <p class='ocr_par' dir='ltr' id='par_1_45' title="bbox 597 2864 2193 2942">
     <span class='ocr_line' id='line_1_45' title="bbox 597 2864 2193 2942; baseline -0.006 -16"><span class='ocrx_word' id='word_1_332' title='bbox 597 2884 798 2942; x_wconf 88' lang='lat' dir='ltr'><strong>rogans</strong></span> <span class='ocrx_word' id='word_1_333' title='bbox 825 2883 925 2938; x_wconf 89' lang='lat' dir='ltr'><strong>pro</strong></span> <span class='ocrx_word' id='word_1_334' title='bbox 956 2866 1064 2921; x_wconf 86' lang='lat' dir='ltr'><strong>lilio</strong></span> <span class='ocrx_word' id='word_1_335' title='bbox 1093 2881 1215 2931; x_wconf 88' lang='lat' dir='ltr'><strong>suo,</strong></span> <span class='ocrx_word' id='word_1_336' title='bbox 1264 2866 1356 2935; x_wconf 88' lang='lat' dir='ltr'><strong>qui</strong></span> <span class='ocrx_word' id='word_1_337' title='bbox 1387 2865 1628 2935; x_wconf 89' lang='lat' dir='ltr'><strong>pessimo</strong></span> <span class='ocrx_word' id='word_1_338' title='bbox 1670 2865 1969 2919; x_wconf 78' lang='lat' dir='ltr'><strong>vexabatur</strong></span> <span class='ocrx_word' id='word_1_339' title='bbox 1993 2864 2193 2918; x_wconf 73' lang='lat' dir='ltr'><strong>dmmo—</strong></span> 
     </span>
    </p>
   </div>
   <div class='ocr_carea' id='block_1_46' title="bbox 596 2952 2192 3027">
    <p class='ocr_par' dir='ltr' id='par_1_46' title="bbox 596 2952 2192 3027">
     <span class='ocr_line' id='line_1_46' title="bbox 596 2952 2192 3027; baseline -0.005 -11"><span class='ocrx_word' id='word_1_340' title='bbox 596 2960 711 3016; x_wconf 89' lang='lat' dir='ltr'><strong>nio.</strong></span> <span class='ocrx_word' id='word_1_341' title='bbox 745 2958 846 3027; x_wconf 86' lang='lat' dir='ltr'><strong>Qui</strong></span> <span class='ocrx_word' id='word_1_342' title='bbox 872 2975 976 3013; x_wconf 91' lang='lat' dir='ltr'><strong>non</strong></span> <span class='ocrx_word' id='word_1_343' title='bbox 1008 2956 1329 3012; x_wconf 82' lang='lat' dir='ltr'><strong>accessisset</strong></span> <span class='ocrx_word' id='word_1_344' title='bbox 1362 2955 1427 3009; x_wconf 81' lang='lat' dir='ltr'><strong>ad</strong></span> <span class='ocrx_word' id='word_1_345' title='bbox 1455 2970 1601 3016; x_wconf 90' lang='lat' dir='ltr'><strong>eum,</strong></span> <span class='ocrx_word' id='word_1_346' title='bbox 1627 2953 1732 3008; x_wconf 89' lang='lat' dir='ltr'><strong>nisi</strong></span> <span class='ocrx_word' id='word_1_347' title='bbox 1758 2968 1881 3007; x_wconf 91' lang='lat' dir='ltr'><strong>cum</strong></span> <span class='ocrx_word' id='word_1_348' title='bbox 1912 2952 2192 3021; x_wconf 87' lang='lat' dir='ltr'><strong>discipulis</strong></span> 
     </span>
    </p>
   </div>
   <div class='ocr_carea' id='block_1_47' title="bbox 599 3044 2193 3121">
    <p class='ocr_par' dir='ltr' id='par_1_47' title="bbox 599 3044 2193 3121">
     <span class='ocr_line' id='line_1_47' title="bbox 599 3044 2193 3121; baseline -0.005 -15"><span class='ocrx_word' id='word_1_349' title='bbox 599 3051 714 3107; x_wconf 83' lang='lat' dir='ltr'><strong>suis</strong></span> <span class='ocrx_word' id='word_1_350' title='bbox 746 3051 859 3121; x_wconf 86' lang='lat' dir='ltr'><strong>ipse</strong></span> <span class='ocrx_word' id='word_1_351' title='bbox 889 3049 1123 3120; x_wconf 91' lang='lat' dir='ltr'><strong>primum</strong></span> <span class='ocrx_word' id='word_1_352' title='bbox 1151 3046 1389 3101; x_wconf 87' lang='lat' dir='ltr'><strong>venisset</strong></span> <span class='ocrx_word' id='word_1_353' title='bbox 1429 3046 1497 3100; x_wconf 91' lang='lat' dir='ltr'><strong>ad</strong></span> <span class='ocrx_word' id='word_1_354' title='bbox 1529 3044 1744 3099; x_wconf 87' lang='lat' dir='ltr'><strong>turbam</strong></span> <span class='ocrx_word' id='word_1_355' title='bbox 1774 3059 1894 3114; x_wconf 76' lang='lat' dir='ltr'><strong>quae</strong></span> <span class='ocrx_word' id='word_1_356' title='bbox 1939 3045 2193 3099; x_wconf 90' lang='lat' dir='ltr'><strong>deorsum</strong></span> 
     </span>
    </p>
   </div>
   <div class='ocr_carea' id='block_1_48' title="bbox 603 3137 2194 3216">
    <p class='ocr_par' dir='ltr' id='par_1_48' title="bbox 603 3137 2194 3216">
     <span class='ocr_line' id='line_1_48' title="bbox 603 3137 2194 3216; baseline -0.008 -12"><span class='ocrx_word' id='word_1_357' title='bbox 603 3146 789 3204; x_wconf 86' lang='lat' dir='ltr'><strong>multis</strong></span> <span class='ocrx_word' id='word_1_358' title='bbox 837 3145 1146 3216; x_wconf 87' lang='lat' dir='ltr'><strong>patiebatur</strong></span> <span class='ocrx_word' id='word_1_359' title='bbox 1195 3143 1499 3195; x_wconf 63' lang='lat' dir='ltr'><strong>daemonum</strong></span> <span class='ocrx_word' id='word_1_360' title='bbox 1530 3139 1927 3193; x_wconf 82' lang='lat' dir='ltr'><strong>vexationibus.</strong></span> <span class='ocrx_word' id='word_1_361' title='bbox 1958 3137 2040 3191; x_wconf 78' lang='lat' dir='ltr'><strong>Ex</strong></span> <span class='ocrx_word' id='word_1_362' title='bbox 2086 3152 2194 3206; x_wconf 89' lang='lat' dir='ltr'><strong>quo</strong></span> 
     </span>
    </p>
   </div>
   <div class='ocr_carea' id='block_1_49' title="bbox 600 3229 2193 3301">
    <p class='ocr_par' dir='ltr' id='par_1_49' title="bbox 600 3229 2193 3301">
     <span class='ocr_line' id='line_1_49' title="bbox 600 3229 2193 3301; baseline -0.008 -7"><span class='ocrx_word' id='word_1_363' title='bbox 600 3239 737 3296; x_wconf 82' lang='lat' dir='ltr'><strong>loco</strong></span> <span class='ocrx_word' id='word_1_364' title='bbox 759 3233 1218 3293; x_wconf 89' lang='lat' dir='ltr'><strong>considerandum</strong></span> <span class='ocrx_word' id='word_1_365' title='bbox 1259 3232 1402 3301; x_wconf 91' lang='lat' dir='ltr'><strong>quod</strong></span> <span class='ocrx_word' id='word_1_366' title='bbox 1427 3246 1617 3287; x_wconf 90' lang='lat' dir='ltr'><strong>omnes</strong></span> <span class='ocrx_word' id='word_1_367' title='bbox 1640 3245 1672 3284; x_wconf 89' lang='lat' dir='ltr'><strong>a</strong></span> <span class='ocrx_word' id='word_1_368' title='bbox 1700 3229 1917 3285; x_wconf 87' lang='lat' dir='ltr'><strong>Christo</strong></span> <span class='ocrx_word' id='word_1_369' title='bbox 1953 3229 2193 3284; x_wconf 86' lang='lat' dir='ltr'><strong>curatio-</strong></span> 
     </span>
    </p>
   </div>
   <div class='ocr_carea' id='block_1_50' title="bbox 601 3320 2193 3389">
    <p class='ocr_par' dir='ltr' id='par_1_50' title="bbox 601 3320 2193 3389">
     <span class='ocr_line' id='line_1_50' title="bbox 601 3320 2193 3389; baseline -0.009 0"><span class='ocrx_word' id='word_1_370' title='bbox 601 3348 703 3389; x_wconf 85' lang='lat' dir='ltr'><strong>nes</strong></span> <span class='ocrx_word' id='word_1_371' title='bbox 760 3339 815 3385; x_wconf 91' lang='lat' dir='ltr'><strong>et</strong></span> <span class='ocrx_word' id='word_1_372' title='bbox 868 3328 1135 3383; x_wconf 88' lang='lat' dir='ltr'><strong>sanitates</strong></span> <span class='ocrx_word' id='word_1_373' title='bbox 1185 3326 1532 3388; x_wconf 89' lang='lat' dir='ltr'><strong>morborum,</strong></span> <span class='ocrx_word' id='word_1_374' title='bbox 1579 3331 1634 3377; x_wconf 93' lang='lat' dir='ltr'><strong>et</strong></span> <span class='ocrx_word' id='word_1_375' title='bbox 1675 3322 1859 3377; x_wconf 88' lang='lat' dir='ltr'><strong>omnia</strong></span> <span class='ocrx_word' id='word_1_376' title='bbox 1910 3320 2193 3375; x_wconf 88' lang='lat' dir='ltr'><strong>inﬁrmita—</strong></span> 
     </span>
    </p>
   </div>
   <div class='ocr_carea' id='block_1_51' title="bbox 602 3412 2196 3494">
    <p class='ocr_par' dir='ltr' id='par_1_51' title="bbox 602 3412 2196 3494">
     <span class='ocr_line' id='line_1_51' title="bbox 602 3412 2196 3494; baseline -0.01 -13"><span class='ocrx_word' id='word_1_377' title='bbox 602 3435 717 3480; x_wconf 91' lang='lat' dir='ltr'><strong>tum</strong></span> <span class='ocrx_word' id='word_1_378' title='bbox 754 3435 952 3494; x_wconf 89' lang='lat' dir='ltr'><strong>genera</strong></span> <span class='ocrx_word' id='word_1_379' title='bbox 982 3419 1035 3473; x_wconf 92' lang='lat' dir='ltr'><strong>in</strong></span> <span class='ocrx_word' id='word_1_380' title='bbox 1085 3416 1348 3490; x_wconf 88' lang='lat' dir='ltr'><strong>mysterio</strong></span> <span class='ocrx_word' id='word_1_381' title='bbox 1403 3415 1565 3470; x_wconf 85' lang='lat' dir='ltr'><strong>altius</strong></span> <span class='ocrx_word' id='word_1_382' title='bbox 1612 3412 1954 3469; x_wconf 89' lang='lat' dir='ltr'><strong>considerata</strong></span> <span class='ocrx_word' id='word_1_383' title='bbox 1998 3412 2196 3466; x_wconf 88' lang='lat' dir='ltr'><strong>docent</strong></span> 
     </span>
    </p>
   </div>
   <div class='ocr_carea' id='block_1_52' title="bbox 600 3501 2193 3580">
    <p class='ocr_par' dir='ltr' id='par_1_52' title="bbox 600 3501 2193 3580">
     <span class='ocr_line' id='line_1_52' title="bbox 600 3501 2193 3580; baseline -0.012 -8"><span class='ocrx_word' id='word_1_384' title='bbox 600 3515 909 3571; x_wconf 82' lang='lat' dir='ltr'><strong>animarum</strong></span> <span class='ocrx_word' id='word_1_385' title='bbox 942 3507 1291 3580; x_wconf 88' lang='lat' dir='ltr'><strong>profundiora</strong></span> <span class='ocrx_word' id='word_1_386' title='bbox 1332 3513 1698 3567; x_wconf 87' lang='lat' dir='ltr'><strong>sacramenta,</strong></span> <span class='ocrx_word' id='word_1_387' title='bbox 1742 3510 1797 3557; x_wconf 93' lang='lat' dir='ltr'><strong>et</strong></span> <span class='ocrx_word' id='word_1_388' title='bbox 1849 3501 2193 3557; x_wconf 87' lang='lat' dir='ltr'><strong>curationum</strong></span> 
     </span>
    </p>
   </div>
   <div class='ocr_carea' id='block_1_53' title="bbox 599 3594 2190 3679">
    <p class='ocr_par' dir='ltr' id='par_1_53' title="bbox 599 3594 2190 3679">
     <span class='ocr_line' id='line_1_53' title="bbox 599 3594 2190 3679; baseline -0.009 -17"><span class='ocrx_word' id='word_1_389' title='bbox 599 3620 820 3679; x_wconf 89' lang='lat' dir='ltr'><strong>genera.</strong></span> <span class='ocrx_word' id='word_1_390' title='bbox 852 3601 1014 3675; x_wconf 72' lang='lat'><strong>712</strong></span> <span class='ocrx_word' id='word_1_391' title='bbox 1042 3600 1251 3656; x_wconf 87' lang='lat' dir='ltr'><strong>Idcirco</strong></span> <span class='ocrx_word' id='word_1_392' title='bbox 1279 3597 1371 3669; x_wconf 88' lang='lat' dir='ltr'><strong>qui</strong></span> <span class='ocrx_word' id='word_1_393' title='bbox 1396 3604 1622 3667; x_wconf 88' lang='lat' dir='ltr'><strong>possunt</strong></span> <span class='ocrx_word' id='word_1_394' title='bbox 1646 3595 1834 3650; x_wconf 92' lang='lat' dir='ltr'><strong>audire</strong></span> <span class='ocrx_word' id='word_1_395' title='bbox 1859 3594 2190 3665; x_wconf 82' lang='lat' dir='ltr'><strong>diligentius,</strong></span> 
     </span>
    </p>
   </div>
   <div class='ocr_carea' id='block_1_54' title="bbox 605 3689 2189 3766">
    <p class='ocr_par' dir='ltr' id='par_1_54' title="bbox 605 3689 2189 3766">
     <span class='ocr_line' id='line_1_54' title="bbox 605 3689 2189 3766; baseline -0.01 -12"><span class='ocrx_word' id='word_1_396' title='bbox 605 3700 692 3758; x_wconf 86' lang='lat' dir='ltr'><strong>vel</strong></span> <span class='ocrx_word' id='word_1_397' title='bbox 746 3697 1071 3766; x_wconf 83' lang='lat' dir='ltr'><strong>intelligere,</strong></span> <span class='ocrx_word' id='word_1_398' title='bbox 1118 3691 1372 3749; x_wconf 86' lang='lat' dir='ltr'><strong>subtilius</strong></span> <span class='ocrx_word' id='word_1_399' title='bbox 1421 3689 1805 3761; x_wconf 88' lang='lat' dir='ltr'><strong>pertractanda</strong></span> <span class='ocrx_word' id='word_1_400' title='bbox 1849 3695 1976 3741; x_wconf 91' lang='lat' dir='ltr'><strong>sunt</strong></span> <span class='ocrx_word' id='word_1_401' title='bbox 2005 3701 2189 3740; x_wconf 90' lang='lat' dir='ltr'><strong>coram</strong></span> 
     </span>
    </p>
   </div>
   <div class='ocr_carea' id='block_1_55' title="bbox 602 3776 2195 3858">
    <p class='ocr_par' dir='ltr' id='par_1_55' title="bbox 602 3776 2195 3858">
     <span class='ocr_line' id='line_1_55' title="bbox 602 3776 2195 3858; baseline -0.009 -13"><span class='ocrx_word' id='word_1_402' title='bbox 602 3791 707 3853; x_wconf 84' lang='lat' dir='ltr'><strong>eis,</strong></span> <span class='ocrx_word' id='word_1_403' title='bbox 744 3797 803 3841; x_wconf 94' lang='lat' dir='ltr'><strong>ut</strong></span> <span class='ocrx_word' id='word_1_404' title='bbox 834 3788 964 3858; x_wconf 56' lang='lat' dir='ltr'><strong>ipsa</strong></span> <span class='ocrx_word' id='word_1_405' title='bbox 993 3785 1223 3840; x_wconf 89' lang='lat' dir='ltr'><strong>virtutes</strong></span> <span class='ocrx_word' id='word_1_406' title='bbox 1263 3781 1603 3837; x_wconf 90' lang='lat' dir='ltr'><strong>curationum</strong></span> <span class='ocrx_word' id='word_1_407' title='bbox 1659 3792 1947 3847; x_wconf 87' lang='lat' dir='ltr'><strong>corporum</strong></span> <span class='ocrx_word' id='word_1_408' title='bbox 1984 3784 2040 3829; x_wconf 93' lang='lat' dir='ltr'><strong>et</strong></span> <span class='ocrx_word' id='word_1_409' title='bbox 2079 3776 2195 3830; x_wconf 86' lang='lat' dir='ltr'><strong>ani-</strong></span> 
     </span>
    </p>
   </div>
   <div class='ocr_carea' id='block_1_56' title="bbox 600 3867 2189 3940">
    <p class='ocr_par' dir='ltr' id='par_1_56' title="bbox 600 3867 2189 3940">
     <span class='ocr_line' id='line_1_56' title="bbox 600 3867 2189 3940; baseline -0.01 -3"><span class='ocrx_word' id='word_1_410' title='bbox 600 3895 815 3937; x_wconf 88' lang='lat' dir='ltr'><strong>marum</strong></span> <span class='ocrx_word' id='word_1_411' title='bbox 879 3878 947 3931; x_wconf 90' lang='lat' dir='ltr'><strong>ad</strong></span> <span class='ocrx_word' id='word_1_412' title='bbox 1001 3875 1322 3930; x_wconf 90' lang='lat' dir='ltr'><strong>alterutrum</strong></span> <span class='ocrx_word' id='word_1_413' title='bbox 1376 3879 1703 3940; x_wconf 84' lang='lat' dir='ltr'><strong>comparatae</strong></span> <span class='ocrx_word' id='word_1_414' title='bbox 1760 3884 1827 3922; x_wconf 87' lang='lat' dir='ltr'><strong>ac</strong></span> <span class='ocrx_word' id='word_1_415' title='bbox 1886 3867 2146 3922; x_wconf 68' lang='lat' dir='ltr'><strong>discussa:</strong></span> <span class='ocrx_word' id='word_1_416' title='bbox 2174 3907 2189 3932; x_wconf 93' lang='lat'><strong>,</strong></span> 
     </span>
    </p>
   </div>
   <div class='ocr_carea' id='block_1_57' title="bbox 602 3960 2194 4033">
    <p class='ocr_par' dir='ltr' id='par_1_57' title="bbox 602 3960 2194 4033">
     <span class='ocr_line' id='line_1_57' title="bbox 602 3960 2194 4033; baseline -0.008 -6"><span class='ocrx_word' id='word_1_417' title='bbox 602 3970 772 4027; x_wconf 87' lang='lat' dir='ltr'><strong>multa</strong></span> <span class='ocrx_word' id='word_1_418' title='bbox 804 3968 1007 4023; x_wconf 83' lang='lat' dir='ltr'><strong>eisdem</strong></span> <span class='ocrx_word' id='word_1_419' title='bbox 1050 3963 1336 4020; x_wconf 80' lang='lat' dir='ltr'><strong>conferant</strong></span> <span class='ocrx_word' id='word_1_420' title='bbox 1364 3964 1616 4033; x_wconf 78' lang='lat' dir='ltr'><strong>dogmata</strong></span> <span class='ocrx_word' id='word_1_421' title='bbox 1662 3961 1978 4024; x_wconf 88' lang='lat' dir='ltr'><strong>sanitatum,</strong></span> <span class='ocrx_word' id='word_1_422' title='bbox 2010 3968 2065 4013; x_wconf 92' lang='lat' dir='ltr'><strong>et</strong></span> <span class='ocrx_word' id='word_1_423' title='bbox 2100 3960 2194 4015; x_wconf 87' lang='lat' dir='ltr'><strong>de-</strong></span> 
     </span>
    </p>
   </div>
   <div class='ocr_carea' id='block_1_58' title="bbox 601 4049 2193 4119">
    <p class='ocr_par' dir='ltr' id='par_1_58' title="bbox 601 4049 2193 4119">
     <span class='ocr_line' id='line_1_58' title="bbox 601 4049 2193 4119; baseline -0.009 -2"><span class='ocrx_word' id='word_1_424' title='bbox 601 4068 909 4118; x_wconf 86' lang='lat' dir='ltr'><strong>monstrent</strong></span> <span class='ocrx_word' id='word_1_425' title='bbox 948 4054 1282 4112; x_wconf 81' lang='lat' dir='ltr'><strong>diﬁ‘erentias</strong></span> <span class='ocrx_word' id='word_1_426' title='bbox 1311 4066 1523 4106; x_wconf 88' lang='lat' dir='ltr'><strong>morum</strong></span> <span class='ocrx_word' id='word_1_427' title='bbox 1557 4066 1622 4105; x_wconf 92' lang='lat' dir='ltr'><strong>ac</strong></span> <span class='ocrx_word' id='word_1_428' title='bbox 1647 4049 1938 4119; x_wconf 87' lang='lat' dir='ltr'><strong>qualitates</strong></span> <span class='ocrx_word' id='word_1_429' title='bbox 1965 4049 2193 4104; x_wconf 84' lang='lat' dir='ltr'><strong>inﬁrmi-</strong></span> 
     </span>
    </p>
   </div>
   <div class='ocr_carea' id='block_1_59' title="bbox 604 4140 2193 4215">
    <p class='ocr_par' dir='ltr' id='par_1_59' title="bbox 604 4140 2193 4215">
     <span class='ocr_line' id='line_1_59' title="bbox 604 4140 2193 4215; baseline -0.007 -8"><span class='ocrx_word' id='word_1_430' title='bbox 604 4161 797 4207; x_wconf 89' lang='lat' dir='ltr'><strong>tatum.</strong></span> <span class='ocrx_word' id='word_1_431' title='bbox 829 4146 1096 4215; x_wconf 85' lang='lat' dir='ltr'><strong>Quoniam</strong></span> <span class='ocrx_word' id='word_1_432' title='bbox 1124 4144 1284 4213; x_wconf 90' lang='lat' dir='ltr'><strong>longe</strong></span> <span class='ocrx_word' id='word_1_433' title='bbox 1328 4141 1472 4195; x_wconf 87' lang='lat' dir='ltr'><strong>aliud</strong></span> <span class='ocrx_word' id='word_1_434' title='bbox 1521 4140 1623 4195; x_wconf 88' lang='lat' dir='ltr'><strong>fuit</strong></span> <span class='ocrx_word' id='word_1_435' title='bbox 1660 4140 1791 4194; x_wconf 88' lang='lat' dir='ltr'><strong>illud</strong></span> <span class='ocrx_word' id='word_1_436' title='bbox 1830 4140 1920 4194; x_wconf 92' lang='lat' dir='ltr'><strong>ubi</strong></span> <span class='ocrx_word' id='word_1_437' title='bbox 1952 4140 2193 4210; x_wconf 82' lang='lat' dir='ltr'><strong>leprosos</strong></span> 
     </span>
    </p>
   </div>
   <div class='ocr_carea' id='block_1_60' title="bbox 600 4228 2188 4311">
    <p class='ocr_par' dir='ltr' id='par_1_60' title="bbox 600 4228 2188 4311">
     <span class='ocr_line' id='line_1_60' title="bbox 600 4228 2188 4311; baseline -0.007 -15"><span class='ocrx_word' id='word_1_438' title='bbox 600 4240 860 4304; x_wconf 90' lang='lat' dir='ltr'><strong>occurrit,</strong></span> <span class='ocrx_word' id='word_1_439' title='bbox 887 4245 943 4291; x_wconf 91' lang='lat' dir='ltr'><strong>et</strong></span> <span class='ocrx_word' id='word_1_440' title='bbox 985 4236 1309 4311; x_wconf 86' lang='lat' dir='ltr'><strong>deprecatur</strong></span> <span class='ocrx_word' id='word_1_441' title='bbox 1330 4246 1429 4301; x_wconf 91' lang='lat' dir='ltr'><strong>pro</strong></span> <span class='ocrx_word' id='word_1_442' title='bbox 1472 4245 1567 4285; x_wconf 88' lang='lat' dir='ltr'><strong>sua</strong></span> <span class='ocrx_word' id='word_1_443' title='bbox 1595 4229 1790 4293; x_wconf 85' lang='lat' dir='ltr'><strong>salute.</strong></span> <span class='ocrx_word' id='word_1_444' title='bbox 1836 4228 1980 4284; x_wconf 90' lang='lat' dir='ltr'><strong>aliud</strong></span> <span class='ocrx_word' id='word_1_445' title='bbox 2024 4230 2188 4297; x_wconf 88' lang='lat' dir='ltr'><strong>istud,</strong></span> 
     </span>
    </p>
   </div>
   <div class='ocr_carea' id='block_1_61' title="bbox 601 4321 2191 4403">
    <p class='ocr_par' dir='ltr' id='par_1_61' title="bbox 601 4321 2191 4403">
     <span class='ocr_line' id='line_1_61' title="bbox 601 4321 2191 4403; baseline -0.007 -15"><span class='ocrx_word' id='word_1_446' title='bbox 601 4344 913 4403; x_wconf 87' lang='lat' dir='ltr'><strong>quanquam</strong></span> <span class='ocrx_word' id='word_1_447' title='bbox 940 4326 1178 4380; x_wconf 89' lang='lat' dir='ltr'><strong>vicinum</strong></span> <span class='ocrx_word' id='word_1_448' title='bbox 1206 4323 1256 4379; x_wconf 92' lang='lat' dir='ltr'><strong>ei</strong></span> <span class='ocrx_word' id='word_1_449' title='bbox 1286 4338 1409 4378; x_wconf 86' lang='lat' dir='ltr'><strong>esse</strong></span> <span class='ocrx_word' id='word_1_450' title='bbox 1435 4322 1701 4386; x_wconf 89' lang='lat' dir='ltr'><strong>videatur,</strong></span> <span class='ocrx_word' id='word_1_451' title='bbox 1733 4321 1823 4376; x_wconf 92' lang='lat' dir='ltr'><strong>ubi</strong></span> <span class='ocrx_word' id='word_1_452' title='bbox 1868 4322 2029 4377; x_wconf 91' lang='lat' dir='ltr'><strong>homo</strong></span> <span class='ocrx_word' id='word_1_453' title='bbox 2067 4338 2191 4393; x_wconf 90' lang='lat' dir='ltr'><strong>pro-</strong></span> 
     </span>
    </p>
   </div>
   <div class='ocr_carea' id='block_1_62' title="bbox 598 4414 2190 4492">
    <p class='ocr_par' dir='ltr' id='par_1_62' title="bbox 598 4414 2190 4492">
     <span class='ocr_line' id='line_1_62' title="bbox 598 4414 2190 4492; baseline -0.006 -13"><span class='ocrx_word' id='word_1_454' title='bbox 598 4423 799 4479; x_wconf 83' lang='lat' dir='ltr'><strong>volutis</strong></span> <span class='ocrx_word' id='word_1_455' title='bbox 824 4419 1069 4492; x_wconf 78' lang='lat' dir='ltr'><strong>genibus,</strong></span> <span class='ocrx_word' id='word_1_456' title='bbox 1104 4432 1211 4472; x_wconf 93' lang='lat' dir='ltr'><strong>non</strong></span> <span class='ocrx_word' id='word_1_457' title='bbox 1242 4431 1339 4487; x_wconf 89' lang='lat' dir='ltr'><strong>pro</strong></span> <span class='ocrx_word' id='word_1_458' title='bbox 1365 4431 1447 4480; x_wconf 90' lang='lat' dir='ltr'><strong>se,</strong></span> <span class='ocrx_word' id='word_1_459' title='bbox 1479 4417 1572 4470; x_wconf 88' lang='lat' dir='ltr'><strong>sed</strong></span> <span class='ocrx_word' id='word_1_460' title='bbox 1606 4430 1702 4486; x_wconf 87' lang='lat' dir='ltr'><strong>pro</strong></span> <span class='ocrx_word' id='word_1_461' title='bbox 1730 4414 1839 4469; x_wconf 89' lang='lat' dir='ltr'><strong>ﬁlio</strong></span> <span class='ocrx_word' id='word_1_462' title='bbox 1868 4415 2190 4486; x_wconf 88' lang='lat' dir='ltr'><strong>deprecatur</strong></span> 
     </span>
    </p>
   </div>
   <div class='ocr_carea' id='block_1_63' title="bbox 2366 1860 3801 1938">
    <p class='ocr_par' dir='ltr' id='par_1_63' title="bbox 2366 1860 3801 1938">
     <span class='ocr_line' id='line_1_63' title="bbox 2366 1860 3801 1938; baseline 0.003 -22"><span class='ocrx_word' id='word_1_463' title='bbox 2366 1860 2667 1929; x_wconf 85' lang='lat' dir='ltr'><strong>Generatio,</strong></span> <span class='ocrx_word' id='word_1_464' title='bbox 2698 1865 2894 1935; x_wconf 89' lang='lat' dir='ltr'><strong>inquit,</strong></span> <span class='ocrx_word' id='word_1_465' title='bbox 2926 1865 3201 1922; x_wconf 82' lang='lat' dir='ltr'><strong>incredula</strong></span> <span class='ocrx_word' id='word_1_466' title='bbox 3231 1877 3278 1921; x_wconf 85' lang='lat' dir='ltr'><strong>et</strong></span> <span class='ocrx_word' id='word_1_467' title='bbox 3306 1884 3557 1938; x_wconf 81' lang='lat' dir='ltr'><strong>perversa,</strong></span> <span class='ocrx_word' id='word_1_468' title='bbox 3596 1882 3801 1938; x_wconf 68' lang='lat' dir='ltr'><strong>quousque</strong></span> 
     </span>
    </p>
   </div>
   <div class='ocr_carea' id='block_1_64' title="bbox 2293 1952 3800 2028">
    <p class='ocr_par' dir='ltr' id='par_1_64' title="bbox 2293 1952 3800 2028">
     <span class='ocr_line' id='line_1_64' title="bbox 2293 1952 3800 2028; baseline 0.002 -22"><span class='ocrx_word' id='word_1_469' title='bbox 2293 1968 2382 2006; x_wconf 88' lang='lat' dir='ltr'><strong>ero</strong></span> <span class='ocrx_word' id='word_1_470' title='bbox 2427 1953 2689 2009; x_wconf 82' lang='lat' dir='ltr'><strong>vobiscum</strong></span> <span class='ocrx_word' id='word_1_471' title='bbox 2713 1995 2729 2020; x_wconf 96' lang='lat'><strong>,</strong></span> <span class='ocrx_word' id='word_1_472' title='bbox 2778 1952 3055 2028; x_wconf 80' lang='lat' dir='ltr'><strong>quousque</strong></span> <span class='ocrx_word' id='word_1_473' title='bbox 3088 1973 3174 2012; x_wconf 83' lang='lat' dir='ltr'><strong>vos</strong></span> <span class='ocrx_word' id='word_1_474' title='bbox 3217 1958 3428 2028; x_wconf 77' lang='lat' dir='ltr'><strong>patiar?</strong></span> <span class='ocrx_word' id='word_1_475' title='bbox 3466 1956 3562 2013; x_wconf 87' lang='lat' dir='ltr'><strong>Ubi</strong></span> <span class='ocrx_word' id='word_1_476' title='bbox 3603 1958 3800 2019; x_wconf 85' lang='lat' dir='ltr'><strong>ostendit,</strong></span> 
     </span>
    </p>
   </div>
   <div class='ocr_carea' id='block_1_65' title="bbox 2295 2044 3804 2117">
    <p class='ocr_par' dir='ltr' id='par_1_65' title="bbox 2295 2044 3804 2117">
     <span class='ocr_line' id='line_1_65' title="bbox 2295 2044 3804 2117; baseline 0.002 -20"><span class='ocrx_word' id='word_1_477' title='bbox 2295 2044 2518 2100; x_wconf 87' lang='lat' dir='ltr'><strong>absente</strong></span> <span class='ocrx_word' id='word_1_478' title='bbox 2553 2058 2611 2101; x_wconf 89' lang='lat' dir='ltr'><strong>se</strong></span> <span class='ocrx_word' id='word_1_479' title='bbox 2637 2047 2778 2115; x_wconf 91' lang='lat' dir='ltr'><strong>quod</strong></span> <span class='ocrx_word' id='word_1_480' title='bbox 2806 2048 3040 2117; x_wconf 71' lang='lat' dir='ltr'><strong>antiqua:</strong></span> <span class='ocrx_word' id='word_1_481' title='bbox 3064 2047 3402 2103; x_wconf 82' lang='lat' dir='ltr'><strong>inﬁdelitatis</strong></span> <span class='ocrx_word' id='word_1_482' title='bbox 3426 2048 3718 2103; x_wconf 86' lang='lat' dir='ltr'><strong>consuetudo</strong></span> <span class='ocrx_word' id='word_1_483' title='bbox 3737 2060 3804 2100; x_wconf 82' lang='lat' dir='ltr'><strong>eos</strong></span> 
     </span>
    </p>
   </div>
   <div class='ocr_carea' id='block_1_66' title="bbox 2294 2137 3803 2209">
    <p class='ocr_par' dir='ltr' id='par_1_66' title="bbox 2294 2137 3803 2209">
     <span class='ocr_line' id='line_1_66' title="bbox 2294 2137 3803 2209; baseline 0 -18"><span class='ocrx_word' id='word_1_484' title='bbox 2294 2137 2657 2206; x_wconf 88' lang='lat' dir='ltr'><strong>subrepserat.</strong></span> <span class='ocrx_word' id='word_1_485' title='bbox 2683 2137 2762 2192; x_wconf 76' lang='lat' dir='ltr'><strong>Ex</strong></span> <span class='ocrx_word' id='word_1_486' title='bbox 2793 2154 2901 2208; x_wconf 90' lang='lat' dir='ltr'><strong>quo</strong></span> <span class='ocrx_word' id='word_1_487' title='bbox 2929 2138 3079 2193; x_wconf 89' lang='lat' dir='ltr'><strong>dicto</strong></span> <span class='ocrx_word' id='word_1_488' title='bbox 3108 2139 3372 2203; x_wconf 87' lang='lat' dir='ltr'><strong>insinuat,</strong></span> <span class='ocrx_word' id='word_1_489' title='bbox 3418 2139 3553 2209; x_wconf 90' lang='lat' dir='ltr'><strong>quod</strong></span> <span class='ocrx_word' id='word_1_490' title='bbox 3591 2138 3703 2193; x_wconf 86' lang='lat' dir='ltr'><strong>nihil</strong></span> <span class='ocrx_word' id='word_1_491' title='bbox 3723 2137 3803 2191; x_wconf 84' lang='lat' dir='ltr'><strong>vir-</strong></span> 
     </span>
    </p>
   </div>
   <div class='ocr_carea' id='block_1_67' title="bbox 2295 2225 3806 2298">
    <p class='ocr_par' dir='ltr' id='par_1_67' title="bbox 2295 2225 3806 2298">
     <span class='ocr_line' id='line_1_67' title="bbox 2295 2225 3806 2298; baseline -0.001 -18"><span class='ocrx_word' id='word_1_492' title='bbox 2295 2227 2426 2281; x_wconf 88' lang='lat' dir='ltr'><strong>tutis</strong></span> <span class='ocrx_word' id='word_1_493' title='bbox 2444 2225 2640 2282; x_wconf 78' lang='lat' dir='ltr'><strong>aﬁ&#39;erre</strong></span> <span class='ocrx_word' id='word_1_494' title='bbox 2666 2237 2842 2298; x_wconf 89' lang='lat' dir='ltr'><strong>potest</strong></span> <span class='ocrx_word' id='word_1_495' title='bbox 2884 2227 3241 2298; x_wconf 86' lang='lat' dir='ltr'><strong>discipulatus</strong></span> <span class='ocrx_word' id='word_1_496' title='bbox 3264 2228 3482 2294; x_wconf 88' lang='lat' dir='ltr'><strong>Christi,</strong></span> <span class='ocrx_word' id='word_1_497' title='bbox 3508 2227 3590 2297; x_wconf 90' lang='lat' dir='ltr'><strong>qui</strong></span> <span class='ocrx_word' id='word_1_498' title='bbox 3615 2227 3806 2282; x_wconf 84' lang='lat' dir='ltr'><strong>obtentus</strong></span> 
     </span>
    </p>
   </div>
   <div class='ocr_carea' id='block_1_68' title="bbox 2293 2318 3804 2389">
    <p class='ocr_par' dir='ltr' id='par_1_68' title="bbox 2293 2318 3804 2389">
     <span class='ocr_line' id='line_1_68' title="bbox 2293 2318 3804 2389; baseline -0.003 -16"><span class='ocrx_word' id='word_1_499' title='bbox 2293 2319 2374 2373; x_wconf 90' lang='lat' dir='ltr'><strong>sui</strong></span> <span class='ocrx_word' id='word_1_500' title='bbox 2415 2330 2674 2389; x_wconf 88' lang='lat' dir='ltr'><strong>tempore,</strong></span> <span class='ocrx_word' id='word_1_501' title='bbox 2709 2336 2739 2373; x_wconf 92' lang='lat' dir='ltr'><strong>a</strong></span> <span class='ocrx_word' id='word_1_502' title='bbox 2771 2319 2895 2384; x_wconf 89' lang='lat' dir='ltr'><strong>ﬁde,</strong></span> <span class='ocrx_word' id='word_1_503' title='bbox 2941 2329 3198 2389; x_wconf 89' lang='lat' dir='ltr'><strong>tanquam</strong></span> <span class='ocrx_word' id='word_1_504' title='bbox 3252 2318 3476 2373; x_wconf 90' lang='lat' dir='ltr'><strong>Domino</strong></span> <span class='ocrx_word' id='word_1_505' title='bbox 3512 2318 3717 2378; x_wconf 81' lang='lat' dir='ltr'><strong>absente,</strong></span> <span class='ocrx_word' id='word_1_506' title='bbox 3740 2329 3804 2368; x_wconf 80' lang='lat' dir='ltr'><strong>re-</strong></span> 
     </span>
    </p>
   </div>
   <div class='ocr_carea' id='block_1_69' title="bbox 2293 2405 3803 2483">
    <p class='ocr_par' dir='ltr' id='par_1_69' title="bbox 2293 2405 3803 2483">
     <span class='ocr_line' id='line_1_69' title="bbox 2293 2405 3803 2483; baseline -0.003 -19"><span class='ocrx_word' id='word_1_507' title='bbox 2293 2411 2543 2465; x_wconf 90' lang='lat' dir='ltr'><strong>cesserit.</strong></span> <span class='ocrx_word' id='word_1_508' title='bbox 2581 2410 2743 2482; x_wconf 75' lang='lat'><strong>713</strong></span> <span class='ocrx_word' id='word_1_509' title='bbox 2796 2410 2853 2465; x_wconf 93' lang='lat' dir='ltr'><strong>Si</strong></span> <span class='ocrx_word' id='word_1_510' title='bbox 2901 2410 3023 2483; x_wconf 88' lang='lat' dir='ltr'><strong>quis</strong></span> <span class='ocrx_word' id='word_1_511' title='bbox 3066 2420 3256 2465; x_wconf 88' lang='lat' dir='ltr'><strong>autem</strong></span> <span class='ocrx_word' id='word_1_512' title='bbox 3302 2409 3577 2465; x_wconf 83' lang='lat' dir='ltr'><strong>defendere</strong></span> <span class='ocrx_word' id='word_1_513' title='bbox 3612 2405 3803 2469; x_wconf 88' lang='lat' dir='ltr'><strong>voluerit,</strong></span> 
     </span>
    </p>
   </div>
   <div class='ocr_carea' id='block_1_70' title="bbox 2293 2495 3808 2573">
    <p class='ocr_par' dir='ltr' id='par_1_70' title="bbox 2293 2495 3808 2573">
     <span class='ocr_line' id='line_1_70' title="bbox 2293 2495 3808 2573; baseline -0.004 -18"><span class='ocrx_word' id='word_1_514' title='bbox 2293 2503 2440 2573; x_wconf 89' lang='lat' dir='ltr'><strong>quod</strong></span> <span class='ocrx_word' id='word_1_515' title='bbox 2476 2504 2712 2571; x_wconf 86' lang='lat' dir='ltr'><strong>apostoli</strong></span> <span class='ocrx_word' id='word_1_516' title='bbox 2746 2502 2860 2573; x_wconf 83' lang='lat' dir='ltr'><strong>jam</strong></span> <span class='ocrx_word' id='word_1_517' title='bbox 2892 2501 3116 2573; x_wconf 78' lang='lat' dir='ltr'><strong>perfecti</strong></span> <span class='ocrx_word' id='word_1_518' title='bbox 3157 2501 3367 2558; x_wconf 88' lang='lat' dir='ltr'><strong>fuerint</strong></span> <span class='ocrx_word' id='word_1_519' title='bbox 3399 2501 3450 2556; x_wconf 91' lang='lat' dir='ltr'><strong>in</strong></span> <span class='ocrx_word' id='word_1_520' title='bbox 3478 2501 3601 2566; x_wconf 72' lang='lat' dir='ltr'><strong>ﬁde,</strong></span> <span class='ocrx_word' id='word_1_521' title='bbox 3633 2508 3680 2554; x_wconf 90' lang='lat' dir='ltr'><strong>et</strong></span> <span class='ocrx_word' id='word_1_522' title='bbox 3712 2495 3808 2552; x_wconf 89' lang='lat' dir='ltr'><strong>nihil</strong></span> 
     </span>
    </p>
   </div>
   <div class='ocr_carea' id='block_1_71' title="bbox 2294 2592 3805 2663">
    <p class='ocr_par' dir='ltr' id='par_1_71' title="bbox 2294 2592 3805 2663">
     <span class='ocr_line' id='line_1_71' title="bbox 2294 2592 3805 2663; baseline -0.002 -16"><span class='ocrx_word' id='word_1_523' title='bbox 2294 2592 2631 2648; x_wconf 88' lang='lat' dir='ltr'><strong>inﬁdelitatis</strong></span> <span class='ocrx_word' id='word_1_524' title='bbox 2658 2593 2824 2649; x_wconf 87' lang='lat' dir='ltr'><strong>fuerit</strong></span> <span class='ocrx_word' id='word_1_525' title='bbox 2852 2594 2994 2663; x_wconf 83' lang='lat' dir='ltr'><strong>quod</strong></span> <span class='ocrx_word' id='word_1_526' title='bbox 3024 2594 3187 2649; x_wconf 84' lang='lat' dir='ltr'><strong>homo</strong></span> <span class='ocrx_word' id='word_1_527' title='bbox 3239 2595 3309 2649; x_wconf 87' lang='lat' dir='ltr'><strong>ab</strong></span> <span class='ocrx_word' id='word_1_528' title='bbox 3333 2593 3412 2649; x_wconf 86' lang='lat' dir='ltr'><strong>eis</strong></span> <span class='ocrx_word' id='word_1_529' title='bbox 3437 2592 3602 2648; x_wconf 88' lang='lat' dir='ltr'><strong>curari</strong></span> <span class='ocrx_word' id='word_1_530' title='bbox 3630 2606 3716 2645; x_wconf 87' lang='lat' dir='ltr'><strong>non</strong></span> <span class='ocrx_word' id='word_1_531' title='bbox 3738 2603 3805 2659; x_wconf 80' lang='lat' dir='ltr'><strong>po-</strong></span> 
     </span>
    </p>
   </div>
   <div class='ocr_carea' id='block_1_72' title="bbox 2295 2683 3807 2756">
    <p class='ocr_par' dir='ltr' id='par_1_72' title="bbox 2295 2683 3807 2756">
     <span class='ocr_line' id='line_1_72' title="bbox 2295 2683 3807 2756; baseline -0.003 -18"><span class='ocrx_word' id='word_1_532' title='bbox 2295 2684 2417 2749; x_wconf 90' lang='lat' dir='ltr'><strong>tuit,</strong></span> <span class='ocrx_word' id='word_1_533' title='bbox 2459 2683 2643 2739; x_wconf 90' lang='lat' dir='ltr'><strong>multis</strong></span> <span class='ocrx_word' id='word_1_534' title='bbox 2669 2700 2727 2740; x_wconf 89' lang='lat' dir='ltr'><strong>se</strong></span> <span class='ocrx_word' id='word_1_535' title='bbox 2752 2685 3012 2755; x_wconf 76' lang='lat' dir='ltr'><strong>involvet</strong></span> <span class='ocrx_word' id='word_1_536' title='bbox 3058 2686 3469 2756; x_wconf 64' lang='lat' dir='ltr'><strong>quaestionibus,</strong></span> <span class='ocrx_word' id='word_1_537' title='bbox 3499 2693 3549 2739; x_wconf 89' lang='lat' dir='ltr'><strong>et</strong></span> <span class='ocrx_word' id='word_1_538' title='bbox 3594 2683 3807 2738; x_wconf 75' lang='lat' dir='ltr'><strong>convictus</strong></span> 
     </span>
    </p>
   </div>
   <div class='ocr_carea' id='block_1_73' title="bbox 2294 2772 3807 2847">
    <p class='ocr_par' dir='ltr' id='par_1_73' title="bbox 2294 2772 3807 2847">
     <span class='ocr_line' id='line_1_73' title="bbox 2294 2772 3807 2847; baseline -0.007 -13"><span class='ocrx_word' id='word_1_539' title='bbox 2294 2777 2498 2834; x_wconf 87' lang='lat' dir='ltr'><strong>Christi</strong></span> <span class='ocrx_word' id='word_1_540' title='bbox 2546 2779 2908 2844; x_wconf 87' lang='lat' dir='ltr'><strong>auctoritate,</strong></span> <span class='ocrx_word' id='word_1_541' title='bbox 2937 2780 3175 2835; x_wconf 84' lang='lat' dir='ltr'><strong>cessabit</strong></span> <span class='ocrx_word' id='word_1_542' title='bbox 3222 2787 3466 2835; x_wconf 88' lang='lat' dir='ltr'><strong>astruere</strong></span> <span class='ocrx_word' id='word_1_543' title='bbox 3495 2776 3622 2847; x_wconf 91' lang='lat' dir='ltr'><strong>quod</strong></span> <span class='ocrx_word' id='word_1_544' title='bbox 3658 2772 3807 2829; x_wconf 86' lang='lat' dir='ltr'><strong>conﬁr-</strong></span> 
     </span>
    </p>
   </div>
   <div class='ocr_carea' id='block_1_74' title="bbox 2296 2865 3810 2940">
    <p class='ocr_par' dir='ltr' id='par_1_74' title="bbox 2296 2865 3810 2940">
     <span class='ocr_line' id='line_1_74' title="bbox 2296 2865 3810 2940; baseline -0.005 -15"><span class='ocrx_word' id='word_1_545' title='bbox 2296 2884 2448 2925; x_wconf 88' lang='lat' dir='ltr'><strong>mare</strong></span> <span class='ocrx_word' id='word_1_546' title='bbox 2478 2884 2584 2926; x_wconf 90' lang='lat' dir='ltr'><strong>non</strong></span> <span class='ocrx_word' id='word_1_547' title='bbox 2610 2877 2807 2940; x_wconf 89' lang='lat' dir='ltr'><strong>potest.</strong></span> <span class='ocrx_word' id='word_1_548' title='bbox 2826 2868 2980 2925; x_wconf 90' lang='lat' dir='ltr'><strong>Unde</strong></span> <span class='ocrx_word' id='word_1_549' title='bbox 2999 2877 3157 2939; x_wconf 88' lang='lat' dir='ltr'><strong>pater</strong></span> <span class='ocrx_word' id='word_1_550' title='bbox 3185 2884 3313 2925; x_wconf 91' lang='lat' dir='ltr'><strong>cum</strong></span> <span class='ocrx_word' id='word_1_551' title='bbox 3335 2865 3603 2924; x_wconf 86' lang='lat' dir='ltr'><strong>obtulisset</strong></span> <span class='ocrx_word' id='word_1_552' title='bbox 3621 2875 3810 2926; x_wconf 71' lang='grc' dir='ltr'><strong>611111,νο-</strong></span> 
     </span>
    </p>
   </div>
   <div class='ocr_carea' id='block_1_75' title="bbox 2300 2958 3807 3034">
    <p class='ocr_par' dir='ltr' id='par_1_75' title="bbox 2300 2958 3807 3034">
     <span class='ocr_line' id='line_1_75' title="bbox 2300 2958 3807 3034; baseline -0.005 -18"><span class='ocrx_word' id='word_1_553' title='bbox 2300 2962 2418 3016; x_wconf 89' lang='lat' dir='ltr'><strong>lens</strong></span> <span class='ocrx_word' id='word_1_554' title='bbox 2439 2962 2888 3033; x_wconf 83' lang='lat' dir='ltr'><strong>beuignissimum</strong></span> <span class='ocrx_word' id='word_1_555' title='bbox 2902 2961 3086 3018; x_wconf 76' lang='lat' dir='ltr'><strong>Iesum</strong></span> <span class='ocrx_word' id='word_1_556' title='bbox 3109 2979 3412 3034; x_wconf 89' lang='lat' dir='ltr'><strong>provocare</strong></span> <span class='ocrx_word' id='word_1_557' title='bbox 3427 2962 3491 3017; x_wconf 92' lang='lat' dir='ltr'><strong>ad</strong></span> <span class='ocrx_word' id='word_1_558' title='bbox 3506 2958 3807 3016; x_wconf 88' lang='lat' dir='ltr'><strong>clementiam:</strong></span> 
     </span>
    </p>
   </div>
   <div class='ocr_carea' id='block_1_76' title="bbox 2226 3053 3811 3129">
    <p class='ocr_par' dir='ltr' id='par_1_76' title="bbox 2226 3053 3811 3129">
     <span class='ocr_line' id='line_1_76' title="bbox 2226 3053 3811 3129; baseline -0.006 -19"><span class='ocrx_word' id='word_1_559' title='bbox 2226 3123 2231 3129; x_wconf 22' lang='lat'><strong>,</strong></span> <span class='ocrx_word' id='word_1_560' title='bbox 2373 3053 2571 3120; x_wconf 88' lang='lat' dir='ltr'><strong>Obtuli,</strong></span> <span class='ocrx_word' id='word_1_561' title='bbox 2605 3055 2801 3124; x_wconf 89' lang='lat' dir='ltr'><strong>inquit,</strong></span> <span class='ocrx_word' id='word_1_562' title='bbox 2843 3072 2961 3110; x_wconf 85' lang='lat' dir='ltr'><strong>eum</strong></span> <span class='ocrx_word' id='word_1_563' title='bbox 3007 3057 3287 3126; x_wconf 83' lang='lat' dir='ltr'><strong>discipulis</strong></span> <span class='ocrx_word' id='word_1_564' title='bbox 3322 3056 3445 3121; x_wconf 87' lang='lat' dir='ltr'><strong>tuis,</strong></span> <span class='ocrx_word' id='word_1_565' title='bbox 3475 3063 3521 3109; x_wconf 86' lang='lat' dir='ltr'><strong>et</strong></span> <span class='ocrx_word' id='word_1_566' title='bbox 3558 3069 3647 3106; x_wconf 86' lang='lat' dir='ltr'><strong>non</strong></span> <span class='ocrx_word' id='word_1_567' title='bbox 3678 3057 3811 3117; x_wconf 71' lang='lat' dir='ltr'><strong>potst-</strong></span> 
     </span>
    </p>
   </div>
   <div class='ocr_carea' id='block_1_77' title="bbox 2221 3132 3809 3227">
    <p class='ocr_par' dir='ltr' id='par_1_77' title="bbox 2221 3132 3809 3227">
     <span class='ocr_line' id='line_1_77' title="bbox 2221 3132 3809 3227; baseline -0.005 -28"><span class='ocrx_word' id='word_1_568' title='bbox 2221 3163 2266 3227; x_wconf 72' lang='grc' dir='ltr'><strong>ρ</strong></span> <span class='ocrx_word' id='word_1_569' title='bbox 2299 3155 2418 3201; x_wconf 85' lang='lat' dir='ltr'><strong>runt</strong></span> <span class='ocrx_word' id='word_1_570' title='bbox 2449 3162 2636 3199; x_wconf 87' lang='lat' dir='ltr'><strong>curare</strong></span> <span class='ocrx_word' id='word_1_571' title='bbox 2681 3163 2820 3200; x_wconf 87' lang='lat' dir='ltr'><strong>eum.</strong></span> <span class='ocrx_word' id='word_1_572' title='bbox 2842 3132 2845 3133; x_wconf 14' lang='grc' dir='ltr'><em>ν</em></span> <span class='ocrx_word' id='word_1_573' title='bbox 2870 3146 3110 3212; x_wconf 87' lang='lat' dir='ltr'><strong>Quorum</strong></span> <span class='ocrx_word' id='word_1_574' title='bbox 3156 3148 3310 3202; x_wconf 87' lang='lat' dir='ltr'><strong>nulla</strong></span> <span class='ocrx_word' id='word_1_575' title='bbox 3352 3145 3576 3216; x_wconf 87' lang='lat' dir='ltr'><strong>potentia</strong></span> <span class='ocrx_word' id='word_1_576' title='bbox 3600 3142 3689 3197; x_wconf 87' lang='lat' dir='ltr'><strong>alia</strong></span> <span class='ocrx_word' id='word_1_577' title='bbox 3708 3146 3809 3199; x_wconf 83' lang='lat' dir='ltr'><strong>erat,</strong></span> 
     </span>
    </p>
   </div>
   <div class='ocr_carea' id='block_1_78' title="bbox 2296 3233 3812 3308">
    <p class='ocr_par' dir='ltr' id='par_1_78' title="bbox 2296 3233 3812 3308">
     <span class='ocr_line' id='line_1_78' title="bbox 2296 3233 3812 3308; baseline -0.003 -19"><span class='ocrx_word' id='word_1_578' title='bbox 2296 3252 2458 3308; x_wconf 87' lang='lat' dir='ltr'><strong>quam</strong></span> <span class='ocrx_word' id='word_1_579' title='bbox 2491 3236 2623 3290; x_wconf 87' lang='lat' dir='ltr'><strong>ﬁdes</strong></span> <span class='ocrx_word' id='word_1_580' title='bbox 2649 3252 2768 3305; x_wconf 86' lang='lat' dir='ltr'><strong>quae</strong></span> <span class='ocrx_word' id='word_1_581' title='bbox 2794 3235 2847 3290; x_wconf 92' lang='lat' dir='ltr'><strong>in</strong></span> <span class='ocrx_word' id='word_1_582' title='bbox 2877 3236 3093 3291; x_wconf 86' lang='lat' dir='ltr'><strong>Christo</strong></span> <span class='ocrx_word' id='word_1_583' title='bbox 3127 3245 3241 3292; x_wconf 90' lang='lat' dir='ltr'><strong>est.</strong></span> <span class='ocrx_word' id='word_1_584' title='bbox 3287 3235 3394 3292; x_wconf 90' lang='lat' dir='ltr'><strong>Sed</strong></span> <span class='ocrx_word' id='word_1_585' title='bbox 3421 3233 3579 3291; x_wconf 87' lang='lat' dir='ltr'><strong>obtuli</strong></span> <span class='ocrx_word' id='word_1_586' title='bbox 3619 3246 3737 3295; x_wconf 89' lang='lat' dir='ltr'><strong>eum,</strong></span> <span class='ocrx_word' id='word_1_587' title='bbox 3774 3234 3812 3281; x_wconf 75' lang='lat' dir='ltr'><strong>et</strong></span> 
     </span>
    </p>
   </div>
   <div class='ocr_carea' id='block_1_79' title="bbox 2295 3315 3809 3396">
    <p class='ocr_par' dir='ltr' id='par_1_79' title="bbox 2295 3315 3809 3396">
     <span class='ocr_line' id='line_1_79' title="bbox 2295 3315 3809 3396; baseline -0.009 -16"><span class='ocrx_word' id='word_1_588' title='bbox 2295 3325 2397 3396; x_wconf 90' lang='lat' dir='ltr'><strong>ipsi</strong></span> <span class='ocrx_word' id='word_1_589' title='bbox 2415 3340 2520 3379; x_wconf 91' lang='lat' dir='ltr'><strong>non</strong></span> <span class='ocrx_word' id='word_1_590' title='bbox 2549 3332 2842 3395; x_wconf 88' lang='lat' dir='ltr'><strong>potuerunt</strong></span> <span class='ocrx_word' id='word_1_591' title='bbox 2870 3339 3065 3380; x_wconf 89' lang='lat' dir='ltr'><strong>curare</strong></span> <span class='ocrx_word' id='word_1_592' title='bbox 3100 3340 3251 3380; x_wconf 88' lang='lat' dir='ltr'><strong>eum.</strong></span> <span class='ocrx_word' id='word_1_593' title='bbox 3286 3326 3449 3382; x_wconf 88' lang='lat' dir='ltr'><strong>Forte</strong></span> <span class='ocrx_word' id='word_1_594' title='bbox 3482 3332 3540 3378; x_wconf 90' lang='lat' dir='ltr'><strong>ut</strong></span> <span class='ocrx_word' id='word_1_595' title='bbox 3563 3321 3661 3377; x_wconf 83' lang='lat' dir='ltr'><strong>sola</strong></span> <span class='ocrx_word' id='word_1_596' title='bbox 3680 3315 3809 3373; x_wconf 86' lang='lat' dir='ltr'><strong>omni-</strong></span> 
     </span>
    </p>
   </div>
   <div class='ocr_carea' id='block_1_80' title="bbox 2292 3415 3811 3490">
    <p class='ocr_par' dir='ltr' id='par_1_80' title="bbox 2292 3415 3811 3490">
     <span class='ocr_line' id='line_1_80' title="bbox 2292 3415 3811 3490; baseline -0.007 -17"><span class='ocrx_word' id='word_1_597' title='bbox 2292 3418 2532 3490; x_wconf 90' lang='lat' dir='ltr'><strong>potentia</strong></span> <span class='ocrx_word' id='word_1_598' title='bbox 2564 3416 2765 3473; x_wconf 90' lang='lat' dir='ltr'><strong>Christi</strong></span> <span class='ocrx_word' id='word_1_599' title='bbox 2790 3417 3199 3487; x_wconf 81' lang='lat' dir='ltr'><strong>praedicaretur,</strong></span> <span class='ocrx_word' id='word_1_600' title='bbox 3246 3425 3303 3473; x_wconf 93' lang='lat' dir='ltr'><strong>et</strong></span> <span class='ocrx_word' id='word_1_601' title='bbox 3341 3415 3679 3488; x_wconf 86' lang='lat' dir='ltr'><strong>apostolorum</strong></span> <span class='ocrx_word' id='word_1_602' title='bbox 3706 3421 3811 3463; x_wconf 83' lang='lat' dir='ltr'><strong>com-</strong></span> 
     </span>
    </p>
   </div>
   <div class='ocr_carea' id='block_1_81' title="bbox 2303 3496 3809 3576">
    <p class='ocr_par' dir='ltr' id='par_1_81' title="bbox 2303 3496 3809 3576">
     <span class='ocr_line' id='line_1_81' title="bbox 2303 3496 3809 3576; baseline -0.003 -12"><span class='ocrx_word' id='word_1_603' title='bbox 2303 3509 2655 3565; x_wconf 88' lang='lat' dir='ltr'><strong>mendaretur</strong></span> <span class='ocrx_word' id='word_1_604' title='bbox 2690 3508 2995 3563; x_wconf 89' lang='lat' dir='ltr'><strong>inﬁrmitas.</strong></span> <span class='ocrx_word' id='word_1_605' title='bbox 3019 3508 3133 3576; x_wconf 89' lang='lat' dir='ltr'><strong>Qua</strong></span> <span class='ocrx_word' id='word_1_606' title='bbox 3164 3524 3303 3564; x_wconf 87' lang='lat' dir='ltr'><strong>sane</strong></span> <span class='ocrx_word' id='word_1_607' title='bbox 3326 3508 3624 3564; x_wconf 89' lang='lat' dir='ltr'><strong>inﬁrmitate</strong></span> <span class='ocrx_word' id='word_1_608' title='bbox 3645 3496 3809 3560; x_wconf 76' lang='lat' dir='ltr'><strong>delenli.</strong></span> 
     </span>
    </p>
   </div>
   <div class='ocr_carea' id='block_1_82' title="bbox 2293 3597 3813 3671">
    <p class='ocr_par' dir='ltr' id='par_1_82' title="bbox 2293 3597 3813 3671">
     <span class='ocr_line' id='line_1_82' title="bbox 2293 3597 3813 3671; baseline -0.008 -15"><span class='ocrx_word' id='word_1_609' title='bbox 2293 3610 2354 3655; x_wconf 92' lang='lat' dir='ltr'><strong>ut</strong></span> <span class='ocrx_word' id='word_1_610' title='bbox 2380 3615 2540 3671; x_wconf 91' lang='lat' dir='ltr'><strong>supra</strong></span> <span class='ocrx_word' id='word_1_611' title='bbox 2570 3599 2773 3654; x_wconf 90' lang='lat' dir='ltr'><strong>dictum</strong></span> <span class='ocrx_word' id='word_1_612' title='bbox 2808 3607 2912 3665; x_wconf 91' lang='lat' dir='ltr'><strong>est,</strong></span> <span class='ocrx_word' id='word_1_613' title='bbox 2941 3599 3007 3654; x_wconf 89' lang='lat' dir='ltr'><strong>ad</strong></span> <span class='ocrx_word' id='word_1_614' title='bbox 3030 3599 3229 3654; x_wconf 88' lang='lat' dir='ltr'><strong>altiora</strong></span> <span class='ocrx_word' id='word_1_615' title='bbox 3258 3616 3384 3655; x_wconf 91' lang='lat' dir='ltr'><strong>cum</strong></span> <span class='ocrx_word' id='word_1_616' title='bbox 3425 3597 3640 3653; x_wconf 92' lang='lat' dir='ltr'><strong>Domino</strong></span> <span class='ocrx_word' id='word_1_617' title='bbox 3675 3601 3813 3646; x_wconf 45' lang='lat' dir='ltr'><strong>ascen.</strong></span> 
     </span>
    </p>
   </div>
   <div class='ocr_carea' id='block_1_83' title="bbox 2299 3674 3812 3758">
    <p class='ocr_par' dir='ltr' id='par_1_83' title="bbox 2299 3674 3812 3758">
     <span class='ocr_line' id='line_1_83' title="bbox 2299 3674 3812 3758; baseline -0.011 -12"><span class='ocrx_word' id='word_1_618' title='bbox 2299 3691 2428 3746; x_wconf 90' lang='lat' dir='ltr'><strong>dere</strong></span> <span class='ocrx_word' id='word_1_619' title='bbox 2453 3689 2629 3744; x_wconf 90' lang='lat' dir='ltr'><strong>adhuc</strong></span> <span class='ocrx_word' id='word_1_620' title='bbox 2660 3704 2767 3743; x_wconf 91' lang='lat' dir='ltr'><strong>non</strong></span> <span class='ocrx_word' id='word_1_621' title='bbox 2806 3696 3146 3753; x_wconf 91' lang='lat' dir='ltr'><strong>meruerunt,</strong></span> <span class='ocrx_word' id='word_1_622' title='bbox 3182 3689 3435 3758; x_wconf 89' lang='lat' dir='ltr'><strong>quinimo</strong></span> <span class='ocrx_word' id='word_1_623' title='bbox 3463 3686 3686 3743; x_wconf 87' lang='lat' dir='ltr'><strong>deorsum</strong></span> <span class='ocrx_word' id='word_1_624' title='bbox 3718 3674 3812 3731; x_wconf 79' lang='lat' dir='ltr'><strong>resi-</strong></span> 
     </span>
    </p>
   </div>
   <div class='ocr_carea' id='block_1_84' title="bbox 2294 3776 3812 3844">
    <p class='ocr_par' dir='ltr' id='par_1_84' title="bbox 2294 3776 3812 3844">
     <span class='ocr_line' id='line_1_84' title="bbox 2294 3776 3812 3844; baseline -0.011 -8"><span class='ocrx_word' id='word_1_625' title='bbox 2294 3782 2484 3837; x_wconf 91' lang='lat' dir='ltr'><strong>dentes</strong></span> <span class='ocrx_word' id='word_1_626' title='bbox 2507 3795 2633 3835; x_wconf 91' lang='lat' dir='ltr'><strong>cum</strong></span> <span class='ocrx_word' id='word_1_627' title='bbox 2671 3779 3235 3844; x_wconf 84' lang='lat' dir='ltr'><strong>turbis,intirmantur</strong></span> <span class='ocrx_word' id='word_1_628' title='bbox 3262 3782 3317 3836; x_wconf 91' lang='lat' dir='ltr'><strong>in</strong></span> <span class='ocrx_word' id='word_1_629' title='bbox 3347 3779 3468 3835; x_wconf 93' lang='lat' dir='ltr'><strong>ﬁde.</strong></span> <span class='ocrx_word' id='word_1_630' title='bbox 3499 3776 3812 3832; x_wconf 79' lang='lat' dir='ltr'><strong>Verumtamen</strong></span> 
     </span>
    </p>
   </div>
   <div class='ocr_carea' id='block_1_85' title="bbox 2294 3866 3816 3941">
    <p class='ocr_par' dir='ltr' id='par_1_85' title="bbox 2294 3866 3816 3941">
     <span class='ocr_line' id='line_1_85' title="bbox 2294 3866 3816 3941; baseline -0.006 -14"><span class='ocrx_word' id='word_1_631' title='bbox 2294 3888 2400 3927; x_wconf 92' lang='lat' dir='ltr'><strong>non</strong></span> <span class='ocrx_word' id='word_1_632' title='bbox 2428 3871 2564 3925; x_wconf 89' lang='lat' dir='ltr'><strong>adeo</strong></span> <span class='ocrx_word' id='word_1_633' title='bbox 2589 3878 2648 3923; x_wconf 93' lang='lat' dir='ltr'><strong>ut</strong></span> <span class='ocrx_word' id='word_1_634' title='bbox 2687 3869 2781 3924; x_wconf 86' lang='lat' dir='ltr'><strong>ﬁlii</strong></span> <span class='ocrx_word' id='word_1_635' title='bbox 2820 3869 3003 3935; x_wconf 90' lang='lat' dir='ltr'><strong>Israel,</strong></span> <span class='ocrx_word' id='word_1_636' title='bbox 3040 3870 3367 3926; x_wconf 89' lang='lat' dir='ltr'><strong>demorante</strong></span> <span class='ocrx_word' id='word_1_637' title='bbox 3393 3868 3555 3941; x_wconf 83' lang='lat' dir='ltr'><strong>Moysi</strong></span> <span class='ocrx_word' id='word_1_638' title='bbox 3582 3866 3629 3920; x_wconf 92' lang='lat' dir='ltr'><strong>in</strong></span> <span class='ocrx_word' id='word_1_639' title='bbox 3666 3866 3816 3918; x_wconf 72' lang='lat' dir='ltr'><strong>monte.</strong></span> 
     </span>
    </p>
   </div>
   <div class='ocr_carea' id='block_1_86' title="bbox 2294 3944 3817 4029">
    <p class='ocr_par' dir='ltr' id='par_1_86' title="bbox 2294 3944 3817 4029">
     <span class='ocr_line' id='line_1_86' title="bbox 2294 3944 3817 4029; baseline -0.008 -14"><span class='ocrx_word' id='word_1_640' title='bbox 2294 3961 2555 4016; x_wconf 89' lang='lat' dir='ltr'><strong>inﬁrmati</strong></span> <span class='ocrx_word' id='word_1_641' title='bbox 2585 3968 2733 4024; x_wconf 91' lang='lat' dir='ltr'><strong>sunt,</strong></span> <span class='ocrx_word' id='word_1_642' title='bbox 2762 3959 2888 4029; x_wconf 90' lang='lat' dir='ltr'><strong>quia</strong></span> <span class='ocrx_word' id='word_1_643' title='bbox 2918 3974 3041 4013; x_wconf 77' lang='lat' dir='ltr'><strong>mox</strong></span> <span class='ocrx_word' id='word_1_644' title='bbox 3076 3970 3402 4015; x_wconf 89' lang='lat' dir='ltr'><strong>recreantur</strong></span> <span class='ocrx_word' id='word_1_645' title='bbox 3442 3956 3636 4019; x_wconf 89' lang='lat' dir='ltr'><strong>auditu,</strong></span> <span class='ocrx_word' id='word_1_646' title='bbox 3656 3944 3817 4007; x_wconf 57' lang='lat' dir='ltr'><strong>caeteris</strong></span> 
     </span>
    </p>
   </div>
   <div class='ocr_carea' id='block_1_87' title="bbox 2295 4038 3816 4120">
    <p class='ocr_par' dir='ltr' id='par_1_87' title="bbox 2295 4038 3816 4120">
     <span class='ocr_line' id='line_1_87' title="bbox 2295 4038 3816 4120; baseline -0.008 -13"><span class='ocrx_word' id='word_1_647' title='bbox 2295 4052 2646 4107; x_wconf 89' lang='lat' dir='ltr'><strong>narrantibus</strong></span> <span class='ocrx_word' id='word_1_648' title='bbox 2676 4067 2797 4120; x_wconf 65' lang='lat' dir='ltr'><strong>qute</strong></span> <span class='ocrx_word' id='word_1_649' title='bbox 2839 4050 3109 4118; x_wconf 89' lang='lat' dir='ltr'><strong>viderant,</strong></span> <span class='ocrx_word' id='word_1_650' title='bbox 3156 4062 3482 4109; x_wconf 87' lang='lat' dir='ltr'><strong>recreantur</strong></span> <span class='ocrx_word' id='word_1_651' title='bbox 3502 4049 3652 4106; x_wconf 90' lang='lat' dir='ltr'><strong>etiam</strong></span> <span class='ocrx_word' id='word_1_652' title='bbox 3677 4052 3722 4097; x_wconf 91' lang='lat' dir='ltr'><strong>et</strong></span> <span class='ocrx_word' id='word_1_653' title='bbox 3742 4038 3816 4093; x_wconf 89' lang='lat' dir='ltr'><strong>mi-</strong></span> 
     </span>
    </p>
   </div>
   <div class='ocr_carea' id='block_1_88' title="bbox 2293 4140 3817 4218">
    <p class='ocr_par' dir='ltr' id='par_1_88' title="bbox 2293 4140 3817 4218">
     <span class='ocr_line' id='line_1_88' title="bbox 2293 4140 3817 4218; baseline -0.008 -18"><span class='ocrx_word' id='word_1_654' title='bbox 2293 4145 2498 4200; x_wconf 89' lang='lat' dir='ltr'><strong>raculo.</strong></span> <span class='ocrx_word' id='word_1_655' title='bbox 2529 4143 2754 4214; x_wconf 90' lang='lat' dir='ltr'><strong>Insuper</strong></span> <span class='ocrx_word' id='word_1_656' title='bbox 2774 4146 3124 4215; x_wconf 89' lang='lat' dir='ltr'><strong>increpantur</strong></span> <span class='ocrx_word' id='word_1_657' title='bbox 3150 4161 3280 4201; x_wconf 92' lang='lat' dir='ltr'><strong>cum</strong></span> <span class='ocrx_word' id='word_1_658' title='bbox 3305 4154 3461 4218; x_wconf 89' lang='lat' dir='ltr'><strong>patre</strong></span> <span class='ocrx_word' id='word_1_659' title='bbox 3501 4140 3640 4216; x_wconf 87' lang='lat' dir='ltr'><strong>pueri</strong></span> <span class='ocrx_word' id='word_1_660' title='bbox 3663 4143 3817 4192; x_wconf 83' lang='lat' dir='ltr'><strong>etcum</strong></span> 
     </span>
    </p>
   </div>
   <div class='ocr_carea' id='block_1_89' title="bbox 2295 4223 3820 4307">
    <p class='ocr_par' dir='ltr' id='par_1_89' title="bbox 2295 4223 3820 4307">
     <span class='ocr_line' id='line_1_89' title="bbox 2295 4223 3820 4307; baseline -0.005 -16"><span class='ocrx_word' id='word_1_661' title='bbox 2295 4235 2467 4291; x_wconf 91' lang='lat' dir='ltr'><strong>turbis</strong></span> <span class='ocrx_word' id='word_1_662' title='bbox 2489 4235 2641 4305; x_wconf 90' lang='lat' dir='ltr'><strong>quasi</strong></span> <span class='ocrx_word' id='word_1_663' title='bbox 2686 4235 2968 4302; x_wconf 89' lang='lat' dir='ltr'><strong>increduli,</strong></span> <span class='ocrx_word' id='word_1_664' title='bbox 2992 4237 3118 4307; x_wconf 90' lang='lat' dir='ltr'><strong>quia</strong></span> <span class='ocrx_word' id='word_1_665' title='bbox 3151 4240 3386 4294; x_wconf 89' lang='lat' dir='ltr'><strong>necdum</strong></span> <span class='ocrx_word' id='word_1_666' title='bbox 3417 4237 3519 4293; x_wconf 88' lang='lat' dir='ltr'><strong>illis</strong></span> <span class='ocrx_word' id='word_1_667' title='bbox 3552 4240 3679 4288; x_wconf 86' lang='lat' dir='ltr'><strong>tanta</strong></span> <span class='ocrx_word' id='word_1_668' title='bbox 3723 4223 3820 4279; x_wconf 67' lang='lat' dir='ltr'><strong>ﬁdes</strong></span> 
     </span>
    </p>
   </div>
   <div class='ocr_carea' id='block_1_90' title="bbox 2290 4317 3820 4401">
    <p class='ocr_par' dir='ltr' id='par_1_90' title="bbox 2290 4317 3820 4401">
     <span class='ocr_line' id='line_1_90' title="bbox 2290 4317 3820 4401; baseline -0.008 -15"><span class='ocrx_word' id='word_1_669' title='bbox 2290 4337 2409 4386; x_wconf 88' lang='lat' dir='ltr'><strong>erat</strong></span> <span class='ocrx_word' id='word_1_670' title='bbox 2433 4346 2538 4400; x_wconf 90' lang='lat' dir='ltr'><strong>qua</strong></span> <span class='ocrx_word' id='word_1_671' title='bbox 2564 4330 2735 4401; x_wconf 91' lang='lat' dir='ltr'><strong>possit</strong></span> <span class='ocrx_word' id='word_1_672' title='bbox 2784 4328 2913 4384; x_wconf 90' lang='lat' dir='ltr'><strong>illud</strong></span> <span class='ocrx_word' id='word_1_673' title='bbox 2941 4328 3084 4398; x_wconf 86' lang='lat' dir='ltr'><strong>ejici.</strong></span> <span class='ocrx_word' id='word_1_674' title='bbox 3109 4330 3177 4385; x_wconf 86' lang='lat' dir='ltr'><strong>Et</strong></span> <span class='ocrx_word' id='word_1_675' title='bbox 3207 4331 3335 4387; x_wconf 69' lang='lat' dir='ltr'><strong>idm</strong></span> <span class='ocrx_word' id='word_1_676' title='bbox 3388 4330 3494 4385; x_wconf 92' lang='lat' dir='ltr'><strong>illis</strong></span> <span class='ocrx_word' id='word_1_677' title='bbox 3541 4317 3820 4382; x_wconf 70' lang='lat' dir='ltr'><strong>mirantibus.</strong></span> 
     </span>
    </p>
   </div>
   <div class='ocr_carea' id='block_1_91' title="bbox 2292 4418 3821 4492">
    <p class='ocr_par' dir='ltr' id='par_1_91' title="bbox 2292 4418 3821 4492">
     <span class='ocr_line' id='line_1_91' title="bbox 2292 4418 3821 4492; baseline -0.009 -16"><span class='ocrx_word' id='word_1_678' title='bbox 2292 4422 2490 4492; x_wconf 90' lang='lat' dir='ltr'><strong>quibus</strong></span> <span class='ocrx_word' id='word_1_679' title='bbox 2504 4420 2631 4475; x_wconf 90' lang='lat' dir='ltr'><strong>olim</strong></span> <span class='ocrx_word' id='word_1_680' title='bbox 2646 4429 2887 4491; x_wconf 87' lang='lat' dir='ltr'><strong>potestas</strong></span> <span class='ocrx_word' id='word_1_681' title='bbox 2909 4419 3087 4475; x_wconf 89' lang='lat' dir='ltr'><strong>fuerat</strong></span> <span class='ocrx_word' id='word_1_682' title='bbox 3105 4422 3393 4488; x_wconf 81' lang='lat' dir='ltr'><strong>attributa,</strong></span> <span class='ocrx_word' id='word_1_683' title='bbox 3411 4420 3641 4475; x_wconf 87' lang='lat' dir='ltr'><strong>inﬁrmos</strong></span> <span class='ocrx_word' id='word_1_684' title='bbox 3658 4418 3821 4468; x_wconf 82' lang='lat' dir='ltr'><strong>curare.</strong></span> 
     </span>
    </p>
   </div>
   <div class='ocr_carea' id='block_1_92' title="bbox 602 4508 3825 4587">
    <p class='ocr_par' dir='ltr' id='par_1_92' title="bbox 602 4508 3825 4587">
     <span class='ocr_line' id='line_1_92' title="bbox 602 4508 3825 4587; baseline -0.005 -15"><span class='ocrx_word' id='word_1_685' title='bbox 602 4516 864 4572; x_wconf 88' lang='lat' dir='ltr'><strong>Iunatico.</strong></span> <span class='ocrx_word' id='word_1_686' title='bbox 914 4511 1183 4580; x_wconf 85' lang='lat' dir='ltr'><strong>Quoniam</strong></span> <span class='ocrx_word' id='word_1_687' title='bbox 1212 4508 1302 4564; x_wconf 90' lang='lat' dir='ltr'><strong>alii</strong></span> <span class='ocrx_word' id='word_1_688' title='bbox 1333 4520 1460 4564; x_wconf 86' lang='lat' dir='ltr'><strong>sunt</strong></span> <span class='ocrx_word' id='word_1_689' title='bbox 1489 4508 1577 4576; x_wconf 89' lang='lat' dir='ltr'><strong>qui</strong></span> <span class='ocrx_word' id='word_1_690' title='bbox 1620 4509 1924 4578; x_wconf 87' lang='lat' dir='ltr'><strong>patiuntur,</strong></span> <span class='ocrx_word' id='word_1_691' title='bbox 1964 4523 2029 4563; x_wconf 90' lang='lat' dir='ltr'><strong>ac</strong></span> <span class='ocrx_word' id='word_1_692' title='bbox 2072 4523 2189 4563; x_wconf 86' lang='lat' dir='ltr'><strong>cre-</strong></span> <span class='ocrx_word' id='word_1_693' title='bbox 2218 4527 2267 4586; x_wconf 77' lang='grc' dir='ltr'><strong>ι)</strong></span> <span class='ocrx_word' id='word_1_694' title='bbox 2293 4515 2556 4569; x_wconf 86' lang='lat' dir='ltr'><strong>mundare</strong></span> <span class='ocrx_word' id='word_1_695' title='bbox 2589 4513 2852 4584; x_wconf 88' lang='lat' dir='ltr'><strong>leprosos,</strong></span> <span class='ocrx_word' id='word_1_696' title='bbox 2877 4513 3141 4569; x_wconf 64' lang='lat' dir='ltr'><strong>daemonia</strong></span> <span class='ocrx_word' id='word_1_697' title='bbox 3172 4513 3442 4587; x_wconf 81' lang='lat' dir='ltr'><strong>eﬁ‘ngare,</strong></span> <span class='ocrx_word' id='word_1_698' title='bbox 3466 4512 3622 4569; x_wconf 89' lang='lat' dir='ltr'><strong>etiam</strong></span> <span class='ocrx_word' id='word_1_699' title='bbox 3648 4514 3694 4561; x_wconf 92' lang='lat' dir='ltr'><strong>et</strong></span> <span class='ocrx_word' id='word_1_700' title='bbox 3718 4512 3825 4556; x_wconf 75' lang='lat' dir='ltr'><strong>mor-</strong></span> 
     </span>
    </p>
   </div>
   <div class='ocr_carea' id='block_1_93' title="bbox 602 4599 2186 4676">
    <p class='ocr_par' dir='ltr' id='par_1_93' title="bbox 602 4599 2186 4676">
     <span class='ocr_line' id='line_1_93' title="bbox 602 4599 2186 4676; baseline -0.006 -12"><span class='ocrx_word' id='word_1_701' title='bbox 602 4610 761 4675; x_wconf 85' lang='lat' dir='ltr'><strong>dunt,</strong></span> <span class='ocrx_word' id='word_1_702' title='bbox 801 4614 856 4661; x_wconf 89' lang='lat' dir='ltr'><strong>et</strong></span> <span class='ocrx_word' id='word_1_703' title='bbox 882 4615 1075 4676; x_wconf 86' lang='lat' dir='ltr'><strong>rogant</strong></span> <span class='ocrx_word' id='word_1_704' title='bbox 1112 4618 1211 4673; x_wconf 91' lang='lat' dir='ltr'><strong>pro</strong></span> <span class='ocrx_word' id='word_1_705' title='bbox 1238 4616 1297 4658; x_wconf 88' lang='lat' dir='ltr'><strong>se</strong></span> <span class='ocrx_word' id='word_1_706' title='bbox 1329 4619 1341 4655; x_wconf 89' lang='lat'><strong>:</strong></span> <span class='ocrx_word' id='word_1_707' title='bbox 1388 4599 1480 4656; x_wconf 88' lang='lat' dir='ltr'><strong>alii</strong></span> <span class='ocrx_word' id='word_1_708' title='bbox 1512 4600 1604 4672; x_wconf 90' lang='lat' dir='ltr'><strong>qui</strong></span> <span class='ocrx_word' id='word_1_709' title='bbox 1632 4601 1936 4670; x_wconf 88' lang='lat' dir='ltr'><strong>patiuntur,</strong></span> <span class='ocrx_word' id='word_1_710' title='bbox 1965 4602 2061 4656; x_wconf 87' lang='lat' dir='ltr'><strong>sed</strong></span> <span class='ocrx_word' id='word_1_711' title='bbox 2093 4599 2186 4654; x_wconf 89' lang='lat' dir='ltr'><strong>alii</strong></span> 
     </span>
    </p>
   </div>
   <div class='ocr_carea' id='block_1_94' title="bbox 598 4690 2187 4773">
    <p class='ocr_par' dir='ltr' id='par_1_94' title="bbox 598 4690 2187 4773">
     <span class='ocr_line' id='line_1_94' title="bbox 598 4690 2187 4773; baseline -0.007 -16"><span class='ocrx_word' id='word_1_712' title='bbox 598 4716 703 4773; x_wconf 90' lang='lat' dir='ltr'><strong>pro</strong></span> <span class='ocrx_word' id='word_1_713' title='bbox 737 4700 817 4755; x_wconf 84' lang='lat' dir='ltr'><strong>eis</strong></span> <span class='ocrx_word' id='word_1_714' title='bbox 842 4700 1222 4768; x_wconf 85' lang='lat' dir='ltr'><strong>deprecantur,</strong></span> <span class='ocrx_word' id='word_1_715' title='bbox 1262 4703 1319 4747; x_wconf 92' lang='lat' dir='ltr'><strong>ut</strong></span> <span class='ocrx_word' id='word_1_716' title='bbox 1340 4694 1590 4749; x_wconf 89' lang='lat' dir='ltr'><strong>centurio</strong></span> <span class='ocrx_word' id='word_1_717' title='bbox 1631 4707 1729 4762; x_wconf 89' lang='lat' dir='ltr'><strong>pro</strong></span> <span class='ocrx_word' id='word_1_718' title='bbox 1759 4707 1937 4755; x_wconf 85' lang='lat' dir='ltr'><strong>servo,</strong></span> <span class='ocrx_word' id='word_1_719' title='bbox 1972 4690 2187 4760; x_wconf 75' lang='lat' dir='ltr'><strong>regulus</strong></span> 
     </span>
    </p>
   </div>
   <div class='ocr_carea' id='block_1_95' title="bbox 595 4783 2182 4871">
    <p class='ocr_par' dir='ltr' id='par_1_95' title="bbox 595 4783 2182 4871">
     <span class='ocr_line' id='line_1_95' title="bbox 595 4783 2182 4871; baseline -0.008 -22"><span class='ocrx_word' id='word_1_720' title='bbox 595 4810 698 4867; x_wconf 89' lang='lat' dir='ltr'><strong>pro</strong></span> <span class='ocrx_word' id='word_1_721' title='bbox 728 4792 853 4871; x_wconf 54' lang='lat' dir='ltr'><strong>ﬁlio,</strong></span> <span class='ocrx_word' id='word_1_722' title='bbox 889 4790 1350 4860; x_wconf 83' lang='lat' dir='ltr'><strong>archisynagogus</strong></span> <span class='ocrx_word' id='word_1_723' title='bbox 1390 4796 1445 4841; x_wconf 92' lang='lat' dir='ltr'><strong>et</strong></span> <span class='ocrx_word' id='word_1_724' title='bbox 1472 4786 1776 4841; x_wconf 80' lang='lat' dir='ltr'><strong>Chananzea</strong></span> <span class='ocrx_word' id='word_1_725' title='bbox 1807 4800 1905 4853; x_wconf 91' lang='lat' dir='ltr'><strong>pro</strong></span> <span class='ocrx_word' id='word_1_726' title='bbox 1951 4783 2182 4839; x_wconf 88' lang='lat' dir='ltr'><strong>ﬁliabus.</strong></span> 
     </span>
    </p>
   </div>
   <div class='ocr_carea' id='block_1_96' title="bbox 597 4875 2185 4949">
    <p class='ocr_par' dir='ltr' id='par_1_96' title="bbox 597 4875 2185 4949">
     <span class='ocr_line' id='line_1_96' title="bbox 597 4875 2185 4949; baseline -0.007 -8"><span class='ocrx_word' id='word_1_727' title='bbox 597 4886 744 4941; x_wconf 89' lang='lat' dir='ltr'><strong>Inter</strong></span> <span class='ocrx_word' id='word_1_728' title='bbox 769 4896 960 4937; x_wconf 89' lang='lat' dir='ltr'><strong>omnes</strong></span> <span class='ocrx_word' id='word_1_729' title='bbox 1001 4880 1147 4935; x_wconf 89' lang='lat' dir='ltr'><strong>venit</strong></span> <span class='ocrx_word' id='word_1_730' title='bbox 1174 4895 1293 4947; x_wconf 71' lang='lat' dir='ltr'><strong>qua:</strong></span> <span class='ocrx_word' id='word_1_731' title='bbox 1320 4878 1599 4949; x_wconf 82' lang='lat' dir='ltr'><strong>sanguinis</strong></span> <span class='ocrx_word' id='word_1_732' title='bbox 1622 4875 1823 4931; x_wconf 76' lang='lat' dir='ltr'><strong>(luxum</strong></span> <span class='ocrx_word' id='word_1_733' title='bbox 1854 4877 2185 4947; x_wconf 73' lang='lat' dir='ltr'><strong>patiebatur,</strong></span> 
     </span>
    </p>
   </div>
   <div class='ocr_carea' id='block_1_97' title="bbox 598 4970 2183 5045">
    <p class='ocr_par' dir='ltr' id='par_1_97' title="bbox 598 4970 2183 5045">
     <span class='ocr_line' id='line_1_97' title="bbox 598 4970 2183 5045; baseline -0.006 -13"><span class='ocrx_word' id='word_1_734' title='bbox 598 4992 698 5032; x_wconf 91' lang='lat' dir='ltr'><strong>nec</strong></span> <span class='ocrx_word' id='word_1_735' title='bbox 724 4989 824 5045; x_wconf 90' lang='lat' dir='ltr'><strong>pro</strong></span> <span class='ocrx_word' id='word_1_736' title='bbox 853 4987 919 5029; x_wconf 86' lang='lat' dir='ltr'><strong>ea</strong></span> <span class='ocrx_word' id='word_1_737' title='bbox 944 4972 1134 5041; x_wconf 88' lang='lat' dir='ltr'><strong>aliqui,</strong></span> <span class='ocrx_word' id='word_1_738' title='bbox 1170 4974 1264 5026; x_wconf 88' lang='lat' dir='ltr'><strong>sed</strong></span> <span class='ocrx_word' id='word_1_739' title='bbox 1290 4970 1403 5039; x_wconf 88' lang='lat' dir='ltr'><strong>ipsa</strong></span> <span class='ocrx_word' id='word_1_740' title='bbox 1438 4983 1537 5040; x_wconf 89' lang='lat' dir='ltr'><strong>pro</strong></span> <span class='ocrx_word' id='word_1_741' title='bbox 1565 4984 1641 5029; x_wconf 89' lang='lat' dir='ltr'><strong>se,</strong></span> <span class='ocrx_word' id='word_1_742' title='bbox 1672 4984 1771 5022; x_wconf 94' lang='lat' dir='ltr'><strong>nec</strong></span> <span class='ocrx_word' id='word_1_743' title='bbox 1804 4983 2000 5039; x_wconf 85' lang='lat' dir='ltr'><strong>rogans</strong></span> <span class='ocrx_word' id='word_1_744' title='bbox 2029 4984 2183 5034; x_wconf 88' lang='lat' dir='ltr'><strong>voce,</strong></span> 
     </span>
    </p>
   </div>
   <div class='ocr_carea' id='block_1_98' title="bbox 598 5058 2188 5131">
    <p class='ocr_par' dir='ltr' id='par_1_98' title="bbox 598 5058 2188 5131">
     <span class='ocr_line' id='line_1_98' title="bbox 598 5058 2188 5131; baseline -0.005 -10"><span class='ocrx_word' id='word_1_745' title='bbox 598 5081 703 5122; x_wconf 89' lang='lat' dir='ltr'><strong>nec</strong></span> <span class='ocrx_word' id='word_1_746' title='bbox 736 5065 947 5128; x_wconf 88' lang='lat' dir='ltr'><strong>dicens,</strong></span> <span class='ocrx_word' id='word_1_747' title='bbox 978 5064 1072 5119; x_wconf 87' lang='lat' dir='ltr'><strong>sed</strong></span> <span class='ocrx_word' id='word_1_748' title='bbox 1119 5071 1326 5116; x_wconf 87' lang='lat' dir='ltr'><strong>tantum</strong></span> <span class='ocrx_word' id='word_1_749' title='bbox 1368 5061 1663 5131; x_wconf 76' lang='lat' dir='ltr'><strong>cogitans:</strong></span> <span class='ocrx_word' id='word_1_750' title='bbox 1705 5058 1887 5129; x_wconf 85' lang='lat' dir='ltr'><strong>Tetigit</strong></span> <span class='ocrx_word' id='word_1_751' title='bbox 1924 5060 2188 5128; x_wconf 82' lang='lat' dir='ltr'><strong>ﬁmbriam</strong></span> 
     </span>
    </p>
   </div>
   <div class='ocr_carea' id='block_1_99' title="bbox 598 5149 2186 5224">
    <p class='ocr_par' dir='ltr' id='par_1_99' title="bbox 598 5149 2186 5224">
     <span class='ocr_line' id='line_1_99' title="bbox 598 5149 2186 5224; baseline -0.004 -13"><span class='ocrx_word' id='word_1_752' title='bbox 598 5155 890 5211; x_wconf 81' lang='lat' dir='ltr'><strong>uestimenti</strong></span> <span class='ocrx_word' id='word_1_753' title='bbox 919 5152 1032 5224; x_wconf 78' lang='lat' dir='ltr'><strong>ejus</strong></span> <span class='ocrx_word' id='word_1_754' title='bbox 1057 5151 1273 5222; x_wconf 75' lang='lat' dir='ltr'><strong>(Matth.</strong></span> <span class='ocrx_word' id='word_1_755' title='bbox 1299 5167 1377 5214; x_wconf 78' lang='lat' dir='ltr'><strong>ix,</strong></span> <span class='ocrx_word' id='word_1_756' title='bbox 1404 5150 1589 5219; x_wconf 69' lang='lat' dir='ltr'><strong>20),et</strong></span> <span class='ocrx_word' id='word_1_757' title='bbox 1619 5158 1806 5204; x_wconf 89' lang='lat' dir='ltr'><strong>sanata</strong></span> <span class='ocrx_word' id='word_1_758' title='bbox 1826 5159 1929 5204; x_wconf 91' lang='lat' dir='ltr'><strong>est.</strong></span> <span class='ocrx_word' id='word_1_759' title='bbox 1947 5149 2186 5217; x_wconf 91' lang='lat' dir='ltr'><strong>Quarum</strong></span> 
     </span>
    </p>
   </div>
   <div class='ocr_carea' id='block_1_100' title="bbox 598 5240 2188 5306">
    <p class='ocr_par' dir='ltr' id='par_1_100' title="bbox 598 5240 2188 5306">
     <span class='ocr_line' id='line_1_100' title="bbox 598 5240 2188 5306; baseline -0.005 -4"><span class='ocrx_word' id='word_1_760' title='bbox 598 5245 844 5302; x_wconf 88' lang='lat' dir='ltr'><strong>omnium</strong></span> <span class='ocrx_word' id='word_1_761' title='bbox 882 5241 1260 5298; x_wconf 88' lang='lat' dir='ltr'><strong>inﬁrmitatum</strong></span> <span class='ocrx_word' id='word_1_762' title='bbox 1292 5248 1347 5295; x_wconf 89' lang='lat' dir='ltr'><strong>et</strong></span> <span class='ocrx_word' id='word_1_763' title='bbox 1370 5240 1712 5294; x_wconf 87' lang='lat' dir='ltr'><strong>curationum</strong></span> <span class='ocrx_word' id='word_1_764' title='bbox 1750 5240 1853 5294; x_wconf 89' lang='lat' dir='ltr'><strong>ista</strong></span> <span class='ocrx_word' id='word_1_765' title='bbox 1899 5250 1983 5295; x_wconf 85' lang='lat' dir='ltr'><strong>est</strong></span> <span class='ocrx_word' id='word_1_766' title='bbox 2029 5244 2188 5306; x_wconf 89' lang='lat' dir='ltr'><strong>ratio,</strong></span> 
     </span>
    </p>
   </div>
   <div class='ocr_carea' id='block_1_101' title="bbox 595 5332 2190 5407">
    <p class='ocr_par' dir='ltr' id='par_1_101' title="bbox 595 5332 2190 5407">
     <span class='ocr_line' id='line_1_101' title="bbox 595 5332 2190 5407; baseline -0.004 -11"><span class='ocrx_word' id='word_1_767' title='bbox 595 5347 660 5396; x_wconf 87' lang='lat' dir='ltr'><strong>ut</strong></span> <span class='ocrx_word' id='word_1_768' title='bbox 690 5353 884 5395; x_wconf 89' lang='lat' dir='ltr'><strong>omnes</strong></span> <span class='ocrx_word' id='word_1_769' title='bbox 915 5338 1205 5407; x_wconf 88' lang='lat' dir='ltr'><strong>languores</strong></span> <span class='ocrx_word' id='word_1_770' title='bbox 1247 5342 1302 5389; x_wconf 92' lang='lat' dir='ltr'><strong>et</strong></span> <span class='ocrx_word' id='word_1_771' title='bbox 1338 5332 1683 5387; x_wconf 87' lang='lat' dir='ltr'><strong>inﬁrmitates</strong></span> <span class='ocrx_word' id='word_1_772' title='bbox 1713 5333 1765 5387; x_wconf 93' lang='lat' dir='ltr'><strong>in</strong></span> <span class='ocrx_word' id='word_1_773' title='bbox 1797 5334 2024 5402; x_wconf 89' lang='lat' dir='ltr'><strong>populo,</strong></span> <span class='ocrx_word' id='word_1_774' title='bbox 2053 5349 2190 5405; x_wconf 88' lang='lat' dir='ltr'><strong>quas</strong></span> 
     </span>
    </p>
   </div>
   <div class='ocr_carea' id='block_1_102' title="bbox 596 5423 2190 5501">
    <p class='ocr_par' dir='ltr' id='par_1_102' title="bbox 596 5423 2190 5501">
     <span class='ocr_line' id='line_1_102' title="bbox 596 5423 2190 5501; baseline -0.006 -11"><span class='ocrx_word' id='word_1_775' title='bbox 596 5433 813 5491; x_wconf 88' lang='lat' dir='ltr'><strong>sanavit</strong></span> <span class='ocrx_word' id='word_1_776' title='bbox 848 5428 1272 5501; x_wconf 78' lang='lat' dir='ltr'><strong>benignissimus</strong></span> <span class='ocrx_word' id='word_1_777' title='bbox 1324 5423 1598 5491; x_wconf 85' lang='lat' dir='ltr'><strong>Salvator,</strong></span> <span class='ocrx_word' id='word_1_778' title='bbox 1637 5423 1948 5479; x_wconf 89' lang='lat' dir='ltr'><strong>referantur</strong></span> <span class='ocrx_word' id='word_1_779' title='bbox 1992 5426 2059 5479; x_wconf 92' lang='lat' dir='ltr'><strong>ad</strong></span> <span class='ocrx_word' id='word_1_780' title='bbox 2108 5428 2190 5480; x_wconf 85' lang='lat' dir='ltr'><strong>in-</strong></span> 
     </span>
    </p>
   </div>
   <div class='ocr_carea' id='block_1_103' title="bbox 596 5512 2190 5585">
    <p class='ocr_par' dir='ltr' id='par_1_103' title="bbox 596 5512 2190 5585">
     <span class='ocr_line' id='line_1_103' title="bbox 596 5512 2190 5585; baseline -0.004 -7"><span class='ocrx_word' id='word_1_781' title='bbox 596 5520 887 5579; x_wconf 84' lang='lat' dir='ltr'><strong>ﬁrmitates</strong></span> <span class='ocrx_word' id='word_1_782' title='bbox 915 5520 1218 5574; x_wconf 86' lang='lat' dir='ltr'><strong>animarum</strong></span> <span class='ocrx_word' id='word_1_783' title='bbox 1264 5514 1558 5571; x_wconf 90' lang='lat' dir='ltr'><strong>secundum</strong></span> <span class='ocrx_word' id='word_1_784' title='bbox 1603 5512 1938 5569; x_wconf 71' lang='lat' dir='ltr'><strong>diﬁ‘erentias</strong></span> <span class='ocrx_word' id='word_1_785' title='bbox 1980 5515 2190 5585; x_wconf 87' lang='lat' dir='ltr'><strong>passio-</strong></span> 
     </span>
    </p>
   </div>
   <div class='ocr_carea' id='block_1_104' title="bbox 599 5603 2192 5680">
    <p class='ocr_par' dir='ltr' id='par_1_104' title="bbox 599 5603 2192 5680">
     <span class='ocr_line' id='line_1_104' title="bbox 599 5603 2192 5680; baseline -0.004 -13"><span class='ocrx_word' id='word_1_786' title='bbox 599 5627 752 5666; x_wconf 89' lang='lat' dir='ltr'><strong>num.</strong></span> <span class='ocrx_word' id='word_1_787' title='bbox 784 5610 890 5666; x_wconf 89' lang='lat' dir='ltr'><strong>Sed</strong></span> <span class='ocrx_word' id='word_1_788' title='bbox 914 5609 1168 5680; x_wconf 89' lang='lat' dir='ltr'><strong>quoniam</strong></span> <span class='ocrx_word' id='word_1_789' title='bbox 1194 5621 1340 5662; x_wconf 91' lang='lat' dir='ltr'><strong>nunc</strong></span> <span class='ocrx_word' id='word_1_790' title='bbox 1366 5620 1473 5660; x_wconf 92' lang='lat' dir='ltr'><strong>non</strong></span> <span class='ocrx_word' id='word_1_791' title='bbox 1511 5604 1579 5660; x_wconf 89' lang='lat' dir='ltr'><strong>de</strong></span> <span class='ocrx_word' id='word_1_792' title='bbox 1612 5603 1870 5659; x_wconf 88' lang='lat' dir='ltr'><strong>omnibus</strong></span> <span class='ocrx_word' id='word_1_793' title='bbox 1901 5604 2192 5660; x_wconf 87' lang='lat' dir='ltr'><strong>inﬁrmita-</strong></span> 
     </span>
    </p>
   </div>
   <div class='ocr_carea' id='block_1_105' title="bbox 602 5701 2191 5773">
    <p class='ocr_par' dir='ltr' id='par_1_105' title="bbox 602 5701 2191 5773">
     <span class='ocr_line' id='line_1_105' title="bbox 602 5701 2191 5773; baseline -0.001 -17"><span class='ocrx_word' id='word_1_794' title='bbox 602 5711 717 5756; x_wconf 89' lang='lat' dir='ltr'><strong>tum</strong></span> <span class='ocrx_word' id='word_1_795' title='bbox 770 5712 826 5757; x_wconf 90' lang='lat' dir='ltr'><strong>et</strong></span> <span class='ocrx_word' id='word_1_796' title='bbox 857 5705 1196 5758; x_wconf 83' lang='lat' dir='ltr'><strong>curationum</strong></span> <span class='ocrx_word' id='word_1_797' title='bbox 1229 5703 1519 5773; x_wconf 88' lang='lat' dir='ltr'><strong>generibus</strong></span> <span class='ocrx_word' id='word_1_798' title='bbox 1570 5717 1751 5758; x_wconf 85' lang='lat' dir='ltr'><strong>sermo</strong></span> <span class='ocrx_word' id='word_1_799' title='bbox 1796 5701 1928 5756; x_wconf 91' lang='lat' dir='ltr'><strong>mihi</strong></span> <span class='ocrx_word' id='word_1_800' title='bbox 1957 5709 2057 5764; x_wconf 91' lang='lat' dir='ltr'><strong>est,</strong></span> <span class='ocrx_word' id='word_1_801' title='bbox 2097 5702 2191 5757; x_wconf 90' lang='lat' dir='ltr'><strong>sed</strong></span> 
     </span>
    </p>
   </div>
   <div class='ocr_carea' id='block_1_106' title="bbox 2296 4591 3826 4675">
    <p class='ocr_par' dir='ltr' id='par_1_106' title="bbox 2296 4591 3826 4675">
     <span class='ocr_line' id='line_1_106' title="bbox 2296 4591 3826 4675; baseline -0.007 -16"><span class='ocrx_word' id='word_1_802' title='bbox 2296 4613 2418 4659; x_wconf 89' lang='lat' dir='ltr'><strong>tuos</strong></span> <span class='ocrx_word' id='word_1_803' title='bbox 2446 4603 2733 4669; x_wconf 78' lang='lat' dir='ltr'><strong>suscitare,</strong></span> <span class='ocrx_word' id='word_1_804' title='bbox 2754 4604 2886 4674; x_wconf 92' lang='lat' dir='ltr'><strong>quid</strong></span> <span class='ocrx_word' id='word_1_805' title='bbox 2914 4613 3060 4660; x_wconf 88' lang='lat' dir='ltr'><strong>esset</strong></span> <span class='ocrx_word' id='word_1_806' title='bbox 3087 4605 3233 4675; x_wconf 91' lang='lat' dir='ltr'><strong>quod</strong></span> <span class='ocrx_word' id='word_1_807' title='bbox 3266 4607 3413 4661; x_wconf 90' lang='lat' dir='ltr'><strong>hunc</strong></span> <span class='ocrx_word' id='word_1_808' title='bbox 3440 4616 3623 4660; x_wconf 89' lang='lat' dir='ltr'><strong>curare</strong></span> <span class='ocrx_word' id='word_1_809' title='bbox 3653 4591 3826 4651; x_wconf 72' lang='lat' dir='ltr'><strong>minime</strong></span> 
     </span>
    </p>
   </div>
   <div class='ocr_carea' id='block_1_107' title="bbox 2293 4677 3829 4766">
    <p class='ocr_par' dir='ltr' id='par_1_107' title="bbox 2293 4677 3829 4766">
     <span class='ocr_line' id='line_1_107' title="bbox 2293 4677 3829 4766; baseline -0.005 -18"><span class='ocrx_word' id='word_1_810' title='bbox 2293 4694 2636 4766; x_wconf 88' lang='lat' dir='ltr'><strong>potuissent?</strong></span> <span class='ocrx_word' id='word_1_811' title='bbox 2674 4693 2883 4762; x_wconf 75' lang='lat' dir='ltr'><strong>Quibits</strong></span> <span class='ocrx_word' id='word_1_812' title='bbox 2912 4694 3174 4750; x_wconf 91' lang='lat' dir='ltr'><strong>Dominus</strong></span> <span class='ocrx_word' id='word_1_813' title='bbox 3205 4696 3514 4757; x_wconf 83' lang='lat' dir='ltr'><strong>manifeste,</strong></span> <span class='ocrx_word' id='word_1_814' title='bbox 3547 4690 3740 4757; x_wconf 74' lang='lat' dir='ltr'><strong>Propter</strong></span> <span class='ocrx_word' id='word_1_815' title='bbox 3769 4677 3829 4730; x_wconf 71' lang='lat' dir='ltr'><strong>itl&#39;</strong></span> 
     </span>
    </p>
   </div>
   <div class='ocr_carea' id='block_1_108' title="bbox 2293 4777 3827 4855">
    <p class='ocr_par' dir='ltr' id='par_1_108' title="bbox 2293 4777 3827 4855">
     <span class='ocr_line' id='line_1_108' title="bbox 2293 4777 3827 4855; baseline -0.008 -17"><span class='ocrx_word' id='word_1_816' title='bbox 2293 4784 2677 4847; x_wconf 83' lang='lat' dir='ltr'><strong>credulitatem,</strong></span> <span class='ocrx_word' id='word_1_817' title='bbox 2715 4784 2910 4854; x_wconf 86' lang='lat' dir='ltr'><strong>inquit,</strong></span> <span class='ocrx_word' id='word_1_818' title='bbox 2933 4788 3177 4838; x_wconf 71' lang='lat' dir='ltr'><strong>vestram;</strong></span> <span class='ocrx_word' id='word_1_819' title='bbox 3208 4785 3550 4855; x_wconf 87' lang='lat' dir='ltr'><strong>Quapropter</strong></span> <span class='ocrx_word' id='word_1_820' title='bbox 3570 4777 3707 4833; x_wconf 88' lang='lat' dir='ltr'><strong>valde</strong></span> <span class='ocrx_word' id='word_1_821' title='bbox 3720 4780 3827 4855; x_wconf 55' lang='lat' dir='ltr'><strong>semj</strong></span> 
     </span>
    </p>
   </div>
   <div class='ocr_carea' id='block_1_109' title="bbox 2293 4852 3827 4949">
    <p class='ocr_par' dir='ltr' id='par_1_109' title="bbox 2293 4852 3827 4949">
     <span class='ocr_line' id='line_1_109' title="bbox 2293 4852 3827 4949; baseline -0.016 -17"><span class='ocrx_word' id='word_1_822' title='bbox 2293 4891 2394 4949; x_wconf 89' lang='lat' dir='ltr'><strong>per</strong></span> <span class='ocrx_word' id='word_1_823' title='bbox 2422 4884 2509 4932; x_wconf 92' lang='lat' dir='ltr'><strong>est</strong></span> <span class='ocrx_word' id='word_1_824' title='bbox 2546 4852 2884 4946; x_wconf 78' lang='lat' dir='ltr'><strong>imploranda</strong></span> <span class='ocrx_word' id='word_1_825' title='bbox 2916 4876 3071 4941; x_wconf 88' lang='lat' dir='ltr'><strong>ﬁdes,</strong></span> <span class='ocrx_word' id='word_1_826' title='bbox 3112 4852 3245 4947; x_wconf 88' lang='lat' dir='ltr'><strong>quia</strong></span> <span class='ocrx_word' id='word_1_827' title='bbox 3272 4852 3498 4949; x_wconf 73' lang='lat' dir='ltr'><strong>perrara</strong></span> <span class='ocrx_word' id='word_1_828' title='bbox 3526 4878 3621 4928; x_wconf 82' lang='lat' dir='ltr'><strong>est.</strong></span> <span class='ocrx_word' id='word_1_829' title='bbox 3652 4852 3827 4949; x_wconf 72' lang='lat' dir='ltr'><strong>Quodsi</strong></span> 
     </span>
    </p>
   </div>
   <div class='ocr_carea' id='block_1_110' title="bbox 2295 4946 3831 5046">
    <p class='ocr_par' dir='ltr' id='par_1_110' title="bbox 2295 4946 3831 5046">
     <span class='ocr_line' id='line_1_110' title="bbox 2295 4946 3831 5046; baseline -0.014 -23"><span class='ocrx_word' id='word_1_830' title='bbox 2295 4946 2555 5037; x_wconf 78' lang='lat' dir='ltr'><strong>apostolis</strong></span> <span class='ocrx_word' id='word_1_831' title='bbox 2584 4968 2783 5023; x_wconf 89' lang='lat' dir='ltr'><strong>dicitur</strong></span> <span class='ocrx_word' id='word_1_832' title='bbox 2825 4986 2838 5022; x_wconf 90' lang='lat'>:</span> <span class='ocrx_word' id='word_1_833' title='bbox 2885 4966 2930 5024; x_wconf 93' lang='grc'>0</span> <span class='ocrx_word' id='word_1_834' title='bbox 2971 4946 3251 5038; x_wconf 85' lang='lat' dir='ltr'><strong>generatio</strong></span> <span class='ocrx_word' id='word_1_835' title='bbox 3272 4946 3607 5028; x_wconf 28' lang='lat' dir='ltr'><strong>vincredula,</strong></span> <span class='ocrx_word' id='word_1_836' title='bbox 3638 4953 3748 5029; x_wconf 90' lang='lat' dir='ltr'><strong>quid</strong></span> <span class='ocrx_word' id='word_1_837' title='bbox 3782 4946 3831 5046; x_wconf 62' lang='lat' dir='ltr'><strong>de</strong></span> 
     </span>
    </p>
   </div>
   <div class='ocr_carea' id='block_1_111' title="bbox 2297 5052 3831 5129">
    <p class='ocr_par' dir='ltr' id='par_1_111' title="bbox 2297 5052 3831 5129">
     <span class='ocr_line' id='line_1_111' title="bbox 2297 5052 3831 5129; baseline -0.007 -15"><span class='ocrx_word' id='word_1_838' title='bbox 2297 5059 2456 5114; x_wconf 87' lang='lat' dir='ltr'><strong>nobis</strong></span> <span class='ocrx_word' id='word_1_839' title='bbox 2478 5061 2723 5115; x_wconf 90' lang='lat' dir='ltr'><strong>dicturus</strong></span> <span class='ocrx_word' id='word_1_840' title='bbox 2744 5058 2858 5125; x_wconf 64' lang='lat' dir='ltr'><strong>&#39;est,</strong></span> <span class='ocrx_word' id='word_1_841' title='bbox 2883 5060 2973 5129; x_wconf 91' lang='lat' dir='ltr'><strong>qui</strong></span> <span class='ocrx_word' id='word_1_842' title='bbox 2998 5060 3142 5114; x_wconf 91' lang='lat' dir='ltr'><strong>velut</strong></span> <span class='ocrx_word' id='word_1_843' title='bbox 3168 5060 3442 5115; x_wconf 87' lang='lat' dir='ltr'><strong>lunaticus</strong></span> <span class='ocrx_word' id='word_1_844' title='bbox 3469 5056 3576 5115; x_wconf 86' lang='lat' dir='ltr'><strong>ille,</strong></span> <span class='ocrx_word' id='word_1_845' title='bbox 3596 5062 3722 5107; x_wconf 92' lang='lat' dir='ltr'><strong>nunc</strong></span> <span class='ocrx_word' id='word_1_846' title='bbox 3742 5052 3831 5097; x_wconf 74' lang='lat' dir='ltr'><strong>sli“</strong></span> 
     </span>
    </p>
   </div>
   <div class='ocr_carea' id='block_1_112' title="bbox 2292 5142 3833 5228">
    <p class='ocr_par' dir='ltr' id='par_1_112' title="bbox 2292 5142 3833 5228">
     <span class='ocr_line' id='line_1_112' title="bbox 2292 5142 3833 5228; baseline -0.008 -24"><span class='ocrx_word' id='word_1_847' title='bbox 2292 5149 2348 5204; x_wconf 88' lang='lat' dir='ltr'><strong>in</strong></span> <span class='ocrx_word' id='word_1_848' title='bbox 2380 5148 2485 5205; x_wconf 88' lang='lat' dir='ltr'><strong>ﬁde</strong></span> <span class='ocrx_word' id='word_1_849' title='bbox 2517 5150 2784 5214; x_wconf 85' lang='lat' dir='ltr'><strong>videmur,</strong></span> <span class='ocrx_word' id='word_1_850' title='bbox 2830 5165 2976 5205; x_wconf 89' lang='lat' dir='ltr'><strong>nunc</strong></span> <span class='ocrx_word' id='word_1_851' title='bbox 3005 5150 3225 5215; x_wconf 91' lang='lat' dir='ltr'><strong>inﬁrmi,</strong></span> <span class='ocrx_word' id='word_1_852' title='bbox 3276 5150 3370 5221; x_wconf 91' lang='lat' dir='ltr'><strong>qui</strong></span> <span class='ocrx_word' id='word_1_853' title='bbox 3420 5148 3487 5202; x_wconf 88' lang='lat' dir='ltr'><strong>ad</strong></span> <span class='ocrx_word' id='word_1_854' title='bbox 3532 5142 3833 5228; x_wconf 84' lang='lat' dir='ltr'><strong>tempus</strong></span> 
     </span>
    </p>
   </div>
   <div class='ocr_carea' id='block_1_113' title="bbox 2294 5220 3830 5312">
    <p class='ocr_par' dir='ltr' id='par_1_113' title="bbox 2294 5220 3830 5312">
     <span class='ocr_line' id='line_1_113' title="bbox 2294 5220 3830 5312; baseline -0.004 -16"><span class='ocrx_word' id='word_1_855' title='bbox 2294 5240 2495 5305; x_wconf 82' lang='lat' dir='ltr'><strong>dimus,</strong></span> <span class='ocrx_word' id='word_1_856' title='bbox 2519 5248 2574 5295; x_wconf 92' lang='lat' dir='ltr'><strong>et</strong></span> <span class='ocrx_word' id='word_1_857' title='bbox 2610 5242 2663 5295; x_wconf 92' lang='lat' dir='ltr'><strong>in</strong></span> <span class='ocrx_word' id='word_1_858' title='bbox 2695 5250 2937 5312; x_wconf 80' lang='lat' dir='ltr'><strong>tempore</strong></span> <span class='ocrx_word' id='word_1_859' title='bbox 2965 5220 3611 5298; x_wconf 85' lang='lat' dir='ltr'><strong>tentationisarescimus</strong></span> <span class='ocrx_word' id='word_1_860' title='bbox 3649 5220 3830 5301; x_wconf 64' lang='grc' dir='ltr'><strong>ρνοειίτί</strong></span> 
     </span>
    </p>
   </div>
   <div class='ocr_carea' id='block_1_114' title="bbox 2294 5320 3833 5406">
    <p class='ocr_par' dir='ltr' id='par_1_114' title="bbox 2294 5320 3833 5406">
     <span class='ocr_line' id='line_1_114' title="bbox 2294 5320 3833 5406; baseline 0.005 -18"><span class='ocrx_word' id='word_1_861' title='bbox 2294 5334 2363 5389; x_wconf 91' lang='lat' dir='ltr'><strong>ad</strong></span> <span class='ocrx_word' id='word_1_862' title='bbox 2401 5334 2757 5404; x_wconf 84' lang='lat' dir='ltr'><strong>peccandum,</strong></span> <span class='ocrx_word' id='word_1_863' title='bbox 2791 5336 2865 5389; x_wconf 91' lang='lat' dir='ltr'><strong>ita</strong></span> <span class='ocrx_word' id='word_1_864' title='bbox 2915 5343 2996 5400; x_wconf 92' lang='lat' dir='ltr'><strong>ut,</strong></span> <span class='ocrx_word' id='word_1_865' title='bbox 3036 5342 3130 5390; x_wconf 90' lang='lat' dir='ltr'><strong>aut</strong></span> <span class='ocrx_word' id='word_1_866' title='bbox 3177 5335 3231 5389; x_wconf 93' lang='lat' dir='ltr'><strong>in</strong></span> <span class='ocrx_word' id='word_1_867' title='bbox 3283 5335 3465 5406; x_wconf 89' lang='lat' dir='ltr'><strong>ignem</strong></span> <span class='ocrx_word' id='word_1_868' title='bbox 3495 5320 3833 5406; x_wconf 63' lang='lat' dir='ltr'><strong>concuP,i~&quot;°e_“&#39;</strong></span> 
     </span>
    </p>
   </div>
   <div class='ocr_carea' id='block_1_115' title="bbox 2296 5403 3833 5498">
    <p class='ocr_par' dir='ltr' id='par_1_115' title="bbox 2296 5403 3833 5498">
     <span class='ocr_line' id='line_1_115' title="bbox 2296 5403 3833 5498; baseline -0.008 -15"><span class='ocrx_word' id='word_1_869' title='bbox 2296 5403 2495 5483; x_wconf 89' lang='lat' dir='ltr'><strong>tiarum</strong></span> <span class='ocrx_word' id='word_1_870' title='bbox 2528 5426 2951 5497; x_wconf 73' lang='lat' dir='ltr'><strong>przecipitamur,</strong></span> <span class='ocrx_word' id='word_1_871' title='bbox 2977 5428 3103 5498; x_wconf 90' lang='lat' dir='ltr'><strong>quia</strong></span> <span class='ocrx_word' id='word_1_872' title='bbox 3125 5403 3327 5483; x_wconf 24' lang='lat' dir='ltr'><strong>omnes:</strong></span> <span class='ocrx_word' id='word_1_873' title='bbox 3344 5424 3696 5479; x_wconf 82' lang='lat' dir='ltr'><strong>adulterantes</strong></span> <span class='ocrx_word' id='word_1_874' title='bbox 3720 5403 3833 5498; x_wconf 59' lang='lat' dir='ltr'><strong>Vell“</strong></span> 
     </span>
    </p>
   </div>
   <div class='ocr_carea' id='block_1_116' title="bbox 2295 5495 3833 5595">
    <p class='ocr_par' dir='ltr' id='par_1_116' title="bbox 2295 5495 3833 5595">
     <span class='ocr_line' id='line_1_116' title="bbox 2295 5495 3833 5595; baseline -0.003 -21"><span class='ocrx_word' id='word_1_875' title='bbox 2295 5495 2543 5575; x_wconf 78' lang='lat' dir='ltr'><strong>clibanus</strong></span> <span class='ocrx_word' id='word_1_876' title='bbox 2586 5495 2783 5575; x_wconf 87' lang='lat' dir='ltr'><strong>ardens</strong></span> <span class='ocrx_word' id='word_1_877' title='bbox 2812 5520 2979 5576; x_wconf 84' lang='lat' dir='ltr'><strong>corda</strong></span> <span class='ocrx_word' id='word_1_878' title='bbox 2996 5495 3203 5575; x_wconf 73' lang='lat' dir='ltr'><strong>eorum</strong></span> <span class='ocrx_word' id='word_1_879' title='bbox 3231 5536 3244 5572; x_wconf 88' lang='lat'><strong>:</strong></span> <span class='ocrx_word' id='word_1_880' title='bbox 3277 5526 3370 5572; x_wconf 86' lang='lat' dir='ltr'><strong>aut</strong></span> <span class='ocrx_word' id='word_1_881' title='bbox 3396 5504 3642 5572; x_wconf 79' lang='lat' dir='ltr'><strong>fluctibus</strong></span> <span class='ocrx_word' id='word_1_882' title='bbox 3671 5495 3833 5595; x_wconf 50' lang='lat' dir='ltr'><strong>merbj&#39;</strong></span> 
     </span>
    </p>
   </div>
   <div class='ocr_carea' id='block_1_117' title="bbox 2296 5598 3832 5673">
    <p class='ocr_par' dir='ltr' id='par_1_117' title="bbox 2296 5598 3832 5673">
     <span class='ocr_line' id='line_1_117' title="bbox 2296 5598 3832 5673; baseline -0.01 -8"><span class='ocrx_word' id='word_1_883' title='bbox 2296 5625 2421 5666; x_wconf 88' lang='lat' dir='ltr'><strong>mur</strong></span> <span class='ocrx_word' id='word_1_884' title='bbox 2469 5609 2657 5673; x_wconf 90' lang='lat' dir='ltr'><strong>maris,</strong></span> <span class='ocrx_word' id='word_1_885' title='bbox 2712 5609 2801 5663; x_wconf 93' lang='lat' dir='ltr'><strong>ubi</strong></span> <span class='ocrx_word' id='word_1_886' title='bbox 2852 5621 2950 5663; x_wconf 77' lang='lat' dir='ltr'><strong>rex</strong></span> <span class='ocrx_word' id='word_1_887' title='bbox 3007 5610 3249 5664; x_wconf 89' lang='lat' dir='ltr'><strong>omnium</strong></span> <span class='ocrx_word' id='word_1_888' title='bbox 3300 5621 3490 5663; x_wconf 90' lang='lat' dir='ltr'><strong>eorum</strong></span> <span class='ocrx_word' id='word_1_889' title='bbox 3524 5601 3610 5673; x_wconf 92' lang='lat' dir='ltr'><strong>qui</strong></span> <span class='ocrx_word' id='word_1_890' title='bbox 3658 5598 3762 5651; x_wconf 64' lang='lat' dir='ltr'><strong>sunt</strong></span> <span class='ocrx_word' id='word_1_891' title='bbox 3792 5598 3832 5638; x_wconf 69' lang='lat' dir='ltr'><strong>I0</strong></span> 
     </span>
    </p>
   </div>
   <div class='ocr_carea' id='block_1_118' title="bbox 2299 5677 3833 5773">
    <p class='ocr_par' dir='ltr' id='par_1_118' title="bbox 2299 5677 3833 5773">
     <span class='ocr_line' id='line_1_118' title="bbox 2299 5677 3833 5773; baseline -0.008 -16"><span class='ocrx_word' id='word_1_892' title='bbox 2299 5701 2474 5773; x_wconf 87' lang='lat' dir='ltr'><strong>aquis,</strong></span> <span class='ocrx_word' id='word_1_893' title='bbox 2525 5702 2690 5757; x_wconf 82' lang='lat' dir='ltr'><strong>draco</strong></span> <span class='ocrx_word' id='word_1_894' title='bbox 2722 5702 2902 5766; x_wconf 89' lang='lat' dir='ltr'><strong>cubat,</strong></span> <span class='ocrx_word' id='word_1_895' title='bbox 2931 5709 2988 5757; x_wconf 90' lang='lat' dir='ltr'><strong>et</strong></span> <span class='ocrx_word' id='word_1_896' title='bbox 3016 5700 3203 5772; x_wconf 83' lang='lat' dir='ltr'><strong>dejicit</strong></span> <span class='ocrx_word' id='word_1_897' title='bbox 3246 5716 3275 5755; x_wconf 91' lang='lat' dir='ltr'><strong>a</strong></span> <span class='ocrx_word' id='word_1_898' title='bbox 3304 5700 3558 5756; x_wconf 91' lang='lat' dir='ltr'><strong>libertate</strong></span> <span class='ocrx_word' id='word_1_899' title='bbox 3581 5690 3768 5748; x_wconf 56' lang='lat' dir='ltr'><strong>animat.</strong></span> <span class='ocrx_word' id='word_1_900' title='bbox 3793 5677 3833 5731; x_wconf 69' lang='lat' dir='ltr'><strong>in</strong></span> 
     </span>
    </p>
   </div>
  </div>
