4008 6354
150 329 241 388 593

878 328 1241 389 EXPOSITIO
1276 332 1344 388 IN
1378 306 1815 389 nummum.
1855 356 1926 369 -
1962 325 2089 381 us.
2131 325 2264 391 vui,
2303 325 2458 382 esp.
2494 326 2652 382 xvu.

3306 327 3408 382 594

152 448 460 523 profundum
485 445 746 512 maris,id
764 454 849 501 est
875 444 931 499 in
949 445 1145 501 malam
1167 456 1221 502 et
1241 448 1533 517 pessimam
1559 444 1717 515 hujus
1742 447 1797 505 Α
1816 441 2016 512 quibus
2060 441 2290 495 necdum
2319 439 2559 510 expliciti
2614 447 2795 503 erant,
2845 436 3007 493 simul
3054 454 3179 493 cum
3208 438 3288 492 eis
3330 440 3413 493 in-

154 542 262 595 vit:
293 537 768 602 consuetudinem,
821 537 895 591 ita
943 545 1001 591 ut
1037 526 1419 607 cooperiimtur
1467 537 1720 592 vitiorum

157 632 406 689 fluctibus.
438 630 515 685 De
559 630 758 685 talibus
780 643 912 700 ergo
949 627 1227 700 Sapientia
1256 629 1405 693 dicit,
1441 630 1568 684 dum
1594 644 1724 685 con-

159 725 391 779 stantiam
440 722 715 791 justorum
772 721 1151 776 commendare
1199 720 1414 775 videtur
1450 740 1462 775 :
1502 721 1723 790 Sapiens

159 819 270 872 sicut
304 813 385 869 sol
425 822 719 883 permanet,
746 812 993 881 insipiens
1023 821 1198 866 autem
1233 813 1366 866 sicut
1401 811 1526 867 luna
1551 826 1724 865 muta-

164 918 234 963 tur
259 907 274 968 (
292 904 458 961 Eccli.
500 919 672 967 xxvii,
704 903 823 971 12).
850 902 946 957 Est
971 901 1188 972 quidem
1232 904 1412 958 videre
1443 904 1495 958 in
1529 903 1725 958 talibus

167 995 368 1065 impetus
388 994 653 1063 quosdam
672 993 827 1062 quasi
861 993 1097 1049 habeant
1122 1008 1286 1064 Opera
1325 992 1622 1063 iustorum,
1651 994 1726 1050 ita

169 1096 214 1140 ut
230 1086 500 1155 subripere
528 1085 735 1155 possint
756 1084 825 1139 ab
848 1084 1157 1139 hominibus
1173 1084 1356 1139 laudes
1368 1084 1458 1154 qui
1481 1084 1730 1139 nesciunt

173 1176 413 1232 occultam
445 1175 837 1230 conscientiam
860 1174 1040 1228 cordis
1065 1170 1229 1245 714
1249 1189 1456 1229 eorum.
1490 1173 1641 1241 Quod
1680 1173 1728 1229 si

88 1257 103 1265 “
171 1275 269 1336 post
296 1264 568 1319 modicum
612 1279 711 1318 eos
746 1263 1068 1333 inspexeris,
1108 1264 1315 1318 videbis
1361 1262 1731 1332 hujuscemodi

171 1356 389 1410 homines
442 1354 613 1409 minui
661 1369 728 1408 ac
777 1352 1013 1408 deficere
1058 1354 1199 1407 sicut
1248 1353 1424 1407 lunam
1456 1370 1485 1407 a
1529 1352 1731 1408 lumine

166 1447 383 1516 justitize,
418 1454 474 1499 et
502 1444 742 1499 tenebris
766 1444 1022 1499 vitiomm
1050 1443 1352 1498 obscurari.
1388 1442 1588 1498 Tamen
1616 1457 1733 1497 om-

171 1536 282 1591 nino
306 1551 422 1589 cum
469 1534 691 1598 videris,
735 1534 864 1604 quid
893 1534 1037 1589 aliud
1073 1526 1202 1588 eum.
1239 1549 1401 1603 quam
1434 1533 1731 1588 lunaticum

170 1625 408 1680 vocabis?
436 1622 548 1679 Non
573 1623 702 1693 quid
730 1639 798 1679 ex
836 1624 967 1679 vitio
993 1624 1132 1679 lunae
1155 1626 1467 1689 descendat,
1506 1633 1567 1678 ut
1585 1625 1734 1694 quis-

1823 539 2009 601 crepat
2028 538 2087 584 ut
2111 538 2428 601 purgentur.
2459 529 2726 585 Caeterum
2773 538 2827 583 et
2876 531 2929 584 hi
2977 531 3067 600 qui
3106 546 3229 586 cum
3261 539 3416 601 patre

1824 632 2135 689 censentur,
2162 633 2218 679 et
2239 624 2330 693 qui
2360 639 2483 679 cum
2515 624 2752 679 lunatico
2784 634 3270 689 connumerantur,
3301 643 3416 682 me-

1824 715 1929 769 rito
1967 732 2075 769 una
2127 715 2432 785 generatio,
2486 731 2594 771 non
2638 715 2813 770 solum
2860 716 3167 779 incredula,
3227 731 3418 771 verum

1825 809 1986 862 etiam
2000 823 2250 879 perversa
2271 809 2597 879 increpatur.
2617 809 2823 877 Quibus
2844 811 3090 880 profecto
3115 811 3439 881 plangentis

1827 898 2021 955 affectu
2050 900 2246 954 dicitur
2266 919 2281 955 :
2305 900 2589 971 Quousque
2614 918 2703 955 ero
2729 902 3015 965 vobiscum,
3034 920 3303 974 quousque
3329 921 3421 958 vos

1825 991 2001 1061 patiar
2022 992 2048 1046 .7
2076 990 2191 1047 Non
2214 992 2356 1062 quod
2386 993 2544 1048 taulio
2572 995 2823 1064 superior
2849 995 2920 1049 sit
2955 995 3276 1051 mitissimus
3315 996 3423 1050 Do-

1829 1083 2027 1148 minus,
2058 1094 2113 1138 et
2163 1083 2634 1140 mansuetissimus
2681 1101 2870 1155 agnus,
2923 1087 3012 1157 qui
3072 1088 3426 1157 nonaperuit

1829 1190 2006 1228 coram
2031 1174 2272 1228 tondente
2308 1191 2364 1229 se
2390 1190 2451 1229 os
2478 1191 2637 1230 suum
2663 1177 2810 1247 (Act.
2863 1192 2981 1239 vin,
3005 1177 3134 1249 32),
3160 1194 3334 1247 neque
3366 1177 3422 1232 in

1828 1266 1991 1321 verba
2018 1264 2218 1322 furoris
2240 1268 2439 1337 erupit,
2476 1268 2569 1323 sed
2594 1269 2736 1339 quod
2770 1270 2821 1323 in
2852 1268 3263 1323 similitudinem
3304 1284 3417 1323 me-

1830 1356 1955 1420 dici,
1981 1358 2027 1411 si
2055 1367 2315 1428 aegrotum
2346 1360 2526 1414 videat
2561 1370 2751 1414 contra
2794 1376 2889 1414 sua
2914 1369 3182 1431 prmcepta
3210 1374 3422 1430 gerere,

1831 1446 1973 1501 dicat
1990 1462 2004 1500 :
2020 1447 2311 1518 Quousque
2330 1451 2582 1505 accedam
2609 1450 2677 1504 ad
2703 1451 2921 1505 domum
2948 1461 3118 1516 tuam,
3142 1467 3424 1522 quousque

1832 1545 1965 1599 artis
1988 1546 2210 1615 perdam
2240 1546 2581 1611 industriam,
2631 1549 2758 1602 dum
2791 1563 2876 1602 me
2902 1547 3047 1603 aliud
3096 1547 3339 1616 jubente,
3369 1556 3427 1604 et

1833 1645 1885 1691 te
1935 1636 2080 1691 aliud
2135 1645 2483 1707 perpetrante
2537 1652 2751 1706 semper
2796 1638 3123 1708 tegrotaris?
3173 1636 3427 1707 Cmperat

174 1718 310 1786 illam
352 1718 415 1769 ad
445 1716 710 1770 insaniam
739 1716 947 1785 P8008”
998 1725 1255 1782 εονηιιιη
1303 1716 1398 1771 8εά
1440 1718 1565 1787 (illia
1591 1717 1735 1771 δίεοι
1834 1726 1977 1781 enim
2004 1726 2162 1794 longe
2200 1726 2310 1795 jam
2343 1729 2431 1781 diu
2463 1729 2573 1798 pati
2605 1729 2673 1782 ab
2698 1728 2796 1792 eis,
2841 1730 3189 1799 cum‘quihus
3214 1743 3429 1798 semper

173 1807 286 1860 luna
338 1809 671 1869 obscuratur,
701 1815 758 1861 et
806 1806 863 1860 in
914 1807 1026 1861 suis
1067 1806 1369 1861 devolvitur
1415 1806 1735 1862 delictorum

1855 1825 1957 1873 arat
1985 1815 2179 1872 all‘ectu
2208 1818 2453 1888 pietatis;
2475 1819 2677 1874 idcirco
2698 1835 2803 1873 non
2838 1820 3040 1873 homini
3069 1819 3423 1881 irascebatur,

171 1898 457 1953 menstruis.
490 1897 557 1951 Et
584 1899 881 1952 notandum
902 1898 1044 1967 quod
1081 1899 1405 1969 evangelista
1425 1914 1548 1954 eum
1570 1900 1735 1954 etiam

170 1991 302 2060 juxta
347 1991 518 2060 patris
556 2005 744 2046 vocem
792 1999 850 2045 et
897 1992 1309 2047 mstimationem
1361 1991 1505 2063 vulgi
1543 1992 1737 2047 lunati-

175 2099 280 2137 cnm
310 2092 478 2137 vocat.
514 2079 629 2135 Non
679 2081 823 2151 quod
853 2097 884 2135 a
928 2081 1052 2136 luna
1097 2081 1296 2151 aliquid
1325 2092 1602 2152 pateretur
1626 2100 1738 2139 mo-

177 2172 352 2236 leStize,
404 2173 495 2241 qui
552 2172 747 2243 spiritu
804 2173 1104 2227 vexabatur
1140 2173 1439 2239 immundo,
1471 2175 1565 2228 sed
1612 2175 1737 2245 quia

178 2265 380 2320 callidus
428 2266 598 2319 hostis
622 2266 701 2320 sic
739 2266 851 2320 suis
879 2267 1208 2335 Operabatur
1254 2265 1501 2322 ludibriis
1543 2268 1598 2322 in
1645 2268 1741 2322 ho-

179 2354 490 2423 mine,juxta
519 2355 767 2409 lunarem
793 2370 1030 2418 cursum,
1064 2364 1125 2410 ut
1155 2355 1224 2410 ab
1267 2371 1331 2412 ea
1360 2357 1471 2426 pati
1504 2358 1743 2412 aestima-

180 2460 311 2503 retur
341 2466 368 2502 a
397 2449 616 2520 populo,
642 2458 909 2518 quatenus
941 2464 1038 2518 per
1058 2449 1161 2504 hoe
1186 2450 1281 2505 Dei
1321 2459 1590 2516 creatura,
1623 2466 1744 2521 qua:

179 2540 302 2594 bona
330 2550 508 2594 creata
537 2547 642 2602 est,
665 2550 828 2609 atque
854 2539 1165 2595 hominibus
1192 2539 1436 2609 perutilis
1466 2549 1521 2595 et
1557 2556 1745 2597 neces-

179 2633 324 2696 saria,
353 2632 742 2693 inlirmaretur,
790 2628 1013 2700 ejusque
1057 2628 1333 2685 infamiam
1376 2631 1443 2685 ad
1471 2630 1746 2686 Creatoris

180 2720 410 2789 iniuriam
437 2728 838 2789 retorquerent.
863 2719 988 2790 Agit
1024 2721 1166 2775 enim
1212 2721 1317 2775 hoc
1359 2729 1476 2775 arte
1500 2736 1597 2775 sua
1628 2722 1747 2776 dia-

178 2812 336 2879 bolus,
362 2821 420 2867 ut
445 2813 498 2867 in
525 2811 671 2867 nullo
701 2812 835 2865 fides
860 2820 1129 2866 servetur.
1176 2811 1328 2868 Unde
1358 2813 1424 2867 de
1454 2812 1647 2867 talibus
1672 2814 1748 2868 lo-

177 2914 401 2973 quuntur
450 2904 643 2959 medici
700 2903 1058 2974 quodcunque
1111 2904 1331 2969 volunt,
1383 2905 1474 2974 qui
1515 2920 1611 2959 nec
1653 2920 1748 2959 eos

176 2994 494 3051 immundum
528 2995 732 3050 habere
766 2994 1012 3063 spiritum
1043 2994 1396 3060 arbitrantur,
1431 2995 1525 3049 sed
1558 3010 1749 3063 corpo-

177 3088 336 3143 ralem
360 3090 598 3159 aliquam
614 3089 943 3159 passionem,
971 3096 1192 3158 propter
1221 3088 1499 3143 humorem
1538 3088 1747 3144 cerebri

174 3178 227 3234 in
264 3180 396 3234 luna:
414 3148 579 3234 cursu
604 3148 878 3243 vitiatum,
904 3148 1028 3247 quia
1052 3148 1106 3233 et
1130 3176 1252 3232 luna
1281 3177 1556 3232 humidam
1588 3178 1751 3232 habet
1777 3148 1823 3213 Ο

173 3278 432 3325 naturam.
465 3268 579 3323 Nos
613 3275 826 3334 tamen,
879 3267 1007 3338 quia
1033 3266 1324 3336 Evangelio
1350 3266 1640 3331 credimus,
1672 3266 1752 3320 di-

174 3362 340 3416 cimus
363 3362 503 3416 hanc
528 3360 836 3430 passionem
869 3358 922 3412 in
952 3358 1261 3414 hominibus
1284 3358 1617 3414 immundum
1645 3356 1755 3427 spi-

173 3451 333 3505 ritum
362 3450 595 3520 Operari.
643 3450 711 3504 Et
739 3449 860 3504 ideo
888 3450 967 3504 sic
1010 3448 1318 3517 requirendi
1344 3457 1471 3504 sunt
1502 3447 1694 3503 medici
1722 3464 1754 3502 a

174 3540 403 3606 talibus,
423 3552 483 3595 ut
508 3556 613 3595 non
643 3539 946 3610 negligatur
976 3540 1137 3604 Deus,
1168 3556 1196 3593 a
1226 3554 1333 3608 quo
1374 3548 1429 3594 et
1468 3555 1565 3608 per
1593 3554 1754 3609 quem

169 3633 365 3688 omnis
392 3633 595 3686 medela
622 3641 745 3697 est;
778 3648 847 3687 ne
872 3631 1009 3686 forte
1040 3631 1235 3701 aliquis
1275 3631 1402 3685 dum
1430 3630 1524 3685 Dei
1544 3639 1759 3685 creatu-

168 3736 297 3776 ram
332 3720 643 3792 culpabilem
668 3722 920 3785 mstimat,
954 3720 1158 3791 aliquid
1204 3729 1390 3777 contra
1433 3721 1600 3776 Deum
1629 3737 1758 3776 sen-

172 3813 278 3869 tire
308 3814 571 3877 videatur,
606 3830 713 3884 quo
737 3813 910 3885 magis
942 3811 1195 3868 offendat.
1229 3811 1371 3867 Ecce
1394 3812 1449 3866 in
1469 3813 1571 3867 hoc
1598 3812 1759 3867 mira-

176 3906 295 3960 culo
321 3914 431 3961 tres
455 3904 618 3961 simul
637 3904 923 3975 culpantur
945 3918 1209 3974 personas,
1233 3911 1389 3974 pater
1409 3903 1553 3974 quod
1570 3901 1764 3959 obtulit

178 3998 366 4067 ﬁlium,
396 4009 450 4056 et
474 4002 709 4056 latenter
742 4008 965 4056 accusat
988 3999 1280 4070 apostolos,
1306 4010 1362 4055 et
1386 4000 1488 4069 ipsi
1511 3999 1762 4070 apostoli,

185 4106 411 4161 quorum
458 4092 816 4147 incredulitas
843 4093 1150 4155 denotatur,
1179 4090 1248 4144 ad
1272 4090 1519 4145 ultimum
1547 4092 1661 4160 ipse
1698 4090 1765 4145 ll-

186 4182 285 4237 lius
305 4183 592 4247 lunaticus,
614 4183 705 4252 qui
730 4184 1028 4237 vexabatur
1049 4180 1540 4236 dtemonio.0mnes
1563 4191 1763 4246 tamen,

188 4271 305 4328 licet
332 4275 532 4329 diversi
556 4274 669 4329 sint
698 4272 826 4338 fide,
854 4288 962 4328 uno
989 4271 1190 4328 Christi
1210 4272 1568 4341 correptionis
1596 4273 1769 4344 elogio

193 4366 525 4422 denotamur.
545 4367 590 4421 Ο
611 4367 902 4437 generatio,
916 4365 1111 4436 inquit,
1134 4363 1408 4419 incredula
1432 4373 1481 4418 et
1504 4380 1767 4434 perversa,

196 4473 446 4529 quousque
472 4474 563 4513 ero
609 4456 896 4521 uobiscum,
943 4472 1211 4526 quousque
1254 4471 1344 4509 vos
1396 4454 1617 4524 patiar?
1665 4454 1770 4509 Sed

201 4561 297 4602 non
324 4565 428 4605 uno
449 4550 612 4604 modo
640 4548 995 4618 increpantur
1019 4562 1240 4611 omnes;
1266 4546 1392 4615 quia
1418 4547 1519 4601 etsi
1544 4546 1772 4616 apostoli

206 4636 363 4693 adhuc
390 4638 653 4694 increduli
679 4646 858 4703 erant,
898 4645 959 4692 ut
1000 4635 1251 4708 Magister
1274 4634 1356 4691 eis
1379 4636 1624 4691 veritatis
1675 4636 1787 4692 de-

210 4729 414 4792 nuntiat,
436 4745 546 4784 non
576 4739 757 4784 tamen
788 4742 1077 4800 perversos
1104 4726 1291 4791 fuisse,
1319 4741 1455 4796 quos
1480 4727 1646 4783 semel
1668 4728 1771 4782 sibi

214 4818 647 4884 sanctificaverat,
682 4817 1083 4874 aestimandum.
1128 4817 1373 4886 Denique
1422 4817 1476 4871 in
1518 4832 1627 4873 uno
1677 4833 1772 4874 eo-

220 4905 422 4978 demque
447 4924 679 4981 corpore
706 4909 918 4965 diversa
938 4920 1067 4965 sunt
1084 4908 1351 4974 membra,
1367 4908 1594 4978 ideoque
1618 4908 1776 4965 Chri-

222 5006 319 5055 stus
344 5005 418 5057 sic
463 5003 724 5072 loquitur,
755 5010 818 5057 ut
858 5016 1046 5057 omnes
1074 5002 1292 5056 videant
1312 5002 1456 5072 quod
1485 5002 1775 5072 unicuique

222 5104 471 5162 congruat.
524 5096 792 5162 Quoniam
855 5095 955 5151 etsi
992 5095 1221 5165 apostoli
1268 5095 1337 5151 ab
1388 5096 1771 5151 incredulitate

225 5185 422 5242 nocitum
469 5189 686 5260 purgati
727 5197 907 5254 erant,
934 5196 998 5242 ut
1047 5202 1114 5243 ex
1146 5194 1258 5244 toto
1301 5187 1487 5243 divino
1542 5187 1780 5243 illustra-

228 5285 386 5331 rentur
410 5278 635 5344 lumine,
682 5278 840 5349 longe
890 5286 1073 5332 tamen
1101 5276 1172 5331 ab
1199 5277 1284 5332 his
1315 5278 1553 5332 tenebris
1598 5286 1777 5344 erant,

228 5361 271 5416 in
295 5369 475 5436 quibus
496 5369 767 5423 lunaticus
781 5366 942 5439 715
963 5366 1054 5423 ille
1073 5366 1370 5422 vexabatur
1386 5384 1401 5433 ;
1416 5367 1516 5423 etsi
1549 5369 1776 5423 necdum

227 5452 445 5514 illustrati
474 5468 635 5515 erant
653 5475 683 5513 a
715 5458 917 5512 lumine
939 5458 1093 5522 solis,
1115 5473 1182 5512 ex
1208 5466 1318 5512 toto
1346 5456 1458 5526 jam
1491 5473 1594 5512 non
1625 5467 1784 5513 erant

225 5546 269 5603 in
294 5554 516 5608 tenebris
536 5553 628 5621 qui
654 5550 1019 5620 sequebantur
1044 5551 1213 5605 solem
1237 5550 1482 5621 justitize.
1518 5550 1623 5605 Sed
1652 5551 1780 5621 quia

224 5639 451 5698 deorsum
474 5650 874 5707 remanserunt,
904 5640 1085 5696 fervor
1105 5642 1323 5696 luminis
1348 5650 1402 5697 et
1426 5644 1623 5699 caloris
1650 5643 1786 5699 forte

210 5737 376 5791 minor
402 5745 545 5807 erat.
582 5734 791 5792 ldcirco
844 5719 1053 5789 adhnc'
1079 5748 1200 5790 cum
1248 5734 1444 5809 quibus
1498 5733 1726 5803 fuerant,
1756 5714 1787 5791 ξι

1840 1910 1933 1965 sed
1953 1909 2105 1963 vitio.
2144 1908 2220 1963 lta
2248 1919 2307 1964 ut
2327 1926 2422 1980 per
2446 1911 2590 1966 hunc
2618 1927 2781 1965 unum
2812 1912 3085 1966 hominem
3116 1928 3222 1966 non
3254 1911 3429 1965 solum

1840 2001 2062 2072 apostoli
2093 2010 2147 2055 et
2165 2010 2319 2071 pater
2337 2002 2705 2072 culparentnr,
2737 2003 2826 2071 qui
2851 2003 2981 2056 vitio
3018 2004 3191 2057 adhuc
3219 2016 3430 2072 preme-

1840 2093 2038 2147 bantur
2094 2092 2506 2157 incredulitatis,
2547 2109 2730 2148 verum
2761 2094 2925 2147 etiam
2973 2109 3159 2148 onmes
3216 2092 3431 2147 .ludteos

1841 2184 2035 2254 tangit,
2067 2191 2123 2238 et
2152 2183 2417 2248 infideles,
2443 2199 2566 2239 cum
2605 2183 2800 2253 quibus
2828 2183 3037 2238 laborat
3065 2183 3299 2237 Verbum
3331 2184 3426 2237 Dei

1842 2274 2350 2344 impraesentiarum.
2392 2272 2497 2327 Sed
2527 2273 2626 2343 ipsi
2659 2289 2764 2327 non
2789 2272 3048 2327 festinant
3071 2273 3313 2343 recipere
3342 2286 3433 2326 sa-

1843 2365 2090 2420 nitatem.
2122 2365 2199 2420 Ac
2224 2380 2322 2434 per
2346 2356 2449 2419 hoc
2478 2360 2532 2417 in
2560 2379 2667 2418 uno
2698 2366 2800 2419 isto
2830 2365 3065 2419 lunatico
3097 2380 3349 2434 maguum
3373 2374 3429 2418 et

1843 2454 2062 2508 evidens
2083 2461 2358 2507 ostensum
2387 2459 2470 2505 est
2501 2451 2701 2505 Christi
2744 2462 3168 2516 sacramentum,
3214 2454 3354 2506 sicut
3380 2464 3438 2506 et

1846 2544 1900 2598 in
1923 2543 2134 2612 leproso
2167 2542 2276 2605 illo,
2302 2542 2520 2611 quando
2545 2541 2610 2594 de
2632 2550 2815 2595 monte
2840 2542 3139 2606 descendit,
3170 2542 3273 2596 nisi
3290 2541 3433 2608 quod

1848 2632 1936 2687 ille
1962 2648 2058 2687 sua
2088 2644 2278 2701 sponte
2303 2631 2471 2696 venit,
2512 2631 2601 2685 hic
2646 2640 2825 2684 autem
2860 2645 2958 2685 nec
2997 2631 3165 2695 venit,
3193 2645 3294 2684 nec
3336 2644 3432 2682 ve—

1848 2723 1965 2777 nire
1994 2721 2221 2784 curavit,
2256 2721 2510 2790 quoniam
2535 2719 2671 2773 male
2701 2735 2730 2772 a
2758 2719 3024 2773 dzcmonio
3047 2720 3394 2789 premebatur
3418 2736 3431 2781 ;

1848 2813 1941 2869 sed
1970 2828 2067 2867 nec
2092 2812 2194 2882 ipsi
2224 2812 2317 2881 qui
2345 2811 2568 2864 curandi
2598 2819 2918 2879 acceperant
2951 2819 3299 2879 potestatem,
3336 2824 3438 2863 nec

1848 2913 2003 2975 pater
2031 2902 2122 2972 qui
2171 2917 2268 2971 pro
2322 2900 2414 2955 illo
2451 2902 2862 2970 deprecabatur,
2921 2901 3191 2955 immunes
3241 2908 3367 2954 sunt
3408 2916 3438 2951 a

1850 2997 2029 3066 culpa,
2061 2996 2310 3066 quamvis
2337 2993 2742 3065 impossibilitas
2790 2992 3015 3047 curandi
3072 3010 3177 3049 non
3228 3006 3443 3062 semper

1852 3089 2273 3146 imbecillitatem
2305 3086 2634 3150 curantium,
2658 3085 2750 3140 sed
2778 3085 2846 3139 ad
2876 3101 3062 3141 eorum
3088 3086 3178 3154 qui
3209 3085 3441 3139 curandi

1855 3191 1982 3238 sunt
2015 3181 2174 3236 fidem
2206 3179 2497 3244 referatur,
2520 3178 2735 3232 dicente
2760 3177 3028 3231 Domino:
3062 3174 3184 3229 Fiat
3227 3175 3320 3229 tibi
3358 3193 3442 3229 se-

1854 3274 2084 3328 cundum
2108 3272 2267 3341 ﬁdem
2301 3281 2448 3325 tuam
2493 3269 2718 3341 (Matth.
2755 3286 2869 3333 xxx,
2902 3269 3021 3339 l9).
3061 3253 3444 3322 Verumtamen

1855 3382 1964 3421 non
1992 3365 2170 3420 omnis
2194 3364 2309 3418 haec
2339 3361 2659 3431 increpatio,
2687 3368 2748 3415 ut
2788 3361 2920 3424 dixi,
2973 3361 3039 3415 ad
3068 3359 3341 3429 apostolos
3365 3368 3446 3414 est

1858 3456 2162 3520 referenda,
2186 3455 2311 3525 quia
2340 3453 2417 3507 illi
2457 3453 2557 3507 etsi
2602 3453 2780 3506 adhuc
2807 3460 2963 3507 erant
3009 3450 3294 3513 increduli,
3340 3464 3447 3503 non

1858 3558 2038 3603 tamen
2061 3546 2323 3616 perversi.
2378 3545 2676 3599 Lunaticus
2700 3558 2831 3599 vero
2878 3552 2934 3596 et
2984 3541 3177 3604 Ιυάερί,
3209 3556 3444 3610 quorum

1860 3645 2009 3694 tenet
2041 3637 2293 3699 formam,
2344 3635 2529 3703 utique
2583 3632 2742 3687 simul
2788 3630 3048 3686 increduli
3103 3638 3159 3683 et
3206 3629 3450 3699 perversi

1862 3736 2055 3794 erant;
2090 3728 2345 3798 quoniam
2381 3741 2447 3782 ex
2497 3723 2853 3796 perversitate
2900 3724 2952 3776 in
2992 3723 3073 3777 eis
3109 3721 3315 3776 malitia
3365 3730 3451 3776 est

1863 3819 2189 3883 introducta,
2218 3819 2290 3872 ita
2330 3826 2391 3872 ut
2416 3827 2570 3872 extra
2601 3824 2851 3871 naturam
2882 3814 3024 3869 male
3056 3822 3376 3885 paterentur
3414 3828 3445 3867 a

1865 3909 2219 3965 daemonibus.
2239 3908 2341 3965 Ubi
2367 3918 2421 3963 et
2443 3907 2770 3978 perversitas
2798 3906 2963 3961 totius
2987 3904 3208 3959 humani
3237 3903 3456 3973 generis

1867 4003 2199 4070 increpatur.
2230 3999 2426 4069 quibus
2452 3998 2605 4068 quasi
2631 4006 2887 4069 gravatus
2914 4010 3102 4051 eorum
3152 3993 3354 4048 malitia
3402 4000 3459 4046 ct

1867 4091 2283 4147 conversatione
2311 4105 2434 4143 cum
2484 4090 2582 4152 eis,
2609 4088 2784 4142 dicit:
2826 4085 3104 4157 Usqueth
3154 4102 3241 4140 ero
3283 4084 3454 4138 vobis-

1869 4200 1986 4238 cum
2014 4184 2040 4237 ?
2064 4199 2324 4254 usquequo
2352 4197 2440 4235 vos
2469 4181 2680 4252 patiar?
2698 4181 2863 4252 716
2888 4179 3149 4249 Culpatnr
3172 4178 3317 4234 enim
3361 4190 3456 4248 ge-

1870 4291 1974 4330 nus
2002 4275 2055 4328 in
2080 4274 2281 4344 Specie,
2309 4289 2433 4329 cum
2461 4288 2565 4327 una
2587 4272 2865 4343 generatio
2886 4272 3068 4337 simul,
3098 4279 3321 4341 propter
3339 4284 3463 4339 per-

1872 4364 2075 4429 fidiam,
2106 4367 2265 4419 omne
2316 4365 2609 4418 humanum
2656 4378 2823 4434 genus
2867 4358 3460 4433 (nisirenascaturju-

1874 4456 2013 4527 giter
2035 4456 2101 4509 ad
2143 4455 2340 4525 fidem)
2367 4471 2487 4511 esse
2529 4456 2728 4510 dicitur
2755 4472 2770 4514 :
2802 4455 2927 4525 quia
2978 4462 3099 4525 post
3150 4461 3462 4526 perceptam

1878 4546 2000 4602 fidei
2029 4546 2301 4611 notitiam,
2327 4545 2506 4611 multi,
2531 4553 2592 4599 ut
2615 4545 2953 4614 praemissum
2978 4553 3083 4611 est,
3103 4545 3157 4600 in
3189 4544 3313 4610 fide,
3341 4559 3463 4614 qua:

1877 4654 1975 4711 per
2000 4638 2345 4693 dilectionem
2374 4647 2653 4707 operatur,
2688 4646 2988 4707 tepescunt.
3018 4636 3225 4693 Idcirco
3244 4652 3347 4693 nec
3367 4638 3469 4692 im-

1875 4731 2072 4786 merito
2101 4729 2320 4784 lunatici
2344 4738 2606 4784 vocantur
2626 4727 2797 4784 donec
2820 4729 2958 4784 ﬁrmi
2987 4737 3041 4785 et
3061 4728 3283 4784 stabiles
3311 4729 3464 4782 fiant.

1877 4822 1985 4878 Sed
2020 4821 2126 4877 nisi
2171 4820 2434 4875 Dominus
2476 4820 2541 4874 de
2589 4828 2771 4874 monte
2821 4819 3223 4885 descendisset,
3265 4828 3319 4874 et
3370 4832 3469 4871 nos

1875 4913 2109 4984 primum
2151 4911 2437 4980 quaesisset
2464 4910 2516 4965 in
2545 4912 2726 4976 terris,
2770 4927 2930 4966 nemo
2964 4912 3031 4967 ad
3062 4922 3185 4968 eum
3207 4909 3467 4971 venisset,

1881 5016 2042 5057 nemo
2086 5016 2187 5056 nos
2225 5008 2493 5066 curasset,
2525 5015 2684 5055 nemo
2715 5016 2881 5057 sanus
2908 5002 3061 5058 fieret
3091 5019 3106 5066 ;
3140 5017 3204 5056 ac
3231 5014 3329 5070 per
3367 5000 3471 5054 hoc

1880 5091 2023 5147 inter
2068 5090 2359 5161 leprosum,
2411 5092 2627 5161 quando
2658 5093 2723 5147 de
2753 5105 2939 5150 monte
2970 5091 3266 5155 descendit,
3309 5105 3473 5160 expo-

1882 5183 2003 5239 sitis
2029 5182 2154 5238 vitae
2178 5183 2539 5249 documentis,
2562 5193 2617 5238 et
2658 5185 2804 5240 hunc
2840 5185 3138 5240 lunaticum
3169 5181 3471 5239 diﬂ‘erentia

1881 5281 2228 5346 peccatorum
2256 5282 2629 5340 monstratur;
2661 5276 2754 5329 sed
2781 5292 2888 5331 una
2919 5290 3039 5331 esse
3067 5274 3276 5331 curatio
3304 5288 3333 5326 a
3359 5271 3477 5327 solo

1886 5364 1999 5419 Deo
2023 5365 2346 5421 ostenditur.
2374 5365 2474 5432 Qui
2501 5366 2622 5421 ideo
2642 5367 2814 5431 venit,
2854 5367 2974 5422 ideo
2998 5367 3109 5437 pati
3136 5366 3323 5426 voluit,
3381 5364 3475 5419 sed

1888 5457 2204 5528 quousque?
2255 5472 2364 5513 non
2390 5457 2535 5511 enim
2563 5457 2615 5510 in
2646 5456 2863 5527 longum
2894 5467 3123 5527 tempus,
3157 5474 3222 5514 ex
3246 5473 3312 5513 eo
3334 5455 3474 5518 loco,
3518 5505 3525 5511 ,

1889 5558 1950 5604 ut
1973 5559 2273 5620 pateretur,
2302 5549 2652 5605 differebatur
2683 5551 2863 5619 passio
2897 5551 3126 5619 Christi,
3170 5551 3295 5609 licet
3318 5550 3479 5620 longe

1886 5642 1999 5713 jam
2032 5653 2179 5700 retro
2208 5644 2453 5713 coeperit,
2483 5651 2541 5697 et
2580 5643 2757 5698 adhuc
2784 5644 2944 5699 hodie
2984 5648 3036 5701 in
3086 5646 3342 5702 membris
3367 5645 3479 5699 suis

1894 5736 2247 5807 compleatur.
2273 5736 2443 5804 Quam
2465 5749 2597 5795 sane
2617 5737 2930 5806 passionem
2961 5747 3088 5795 tunc
3113 5739 3169 5795 in
3191 5737 3480 5808 semetipso
