4008 6354
585 335 690 392 595

1312 366 1323 371 ι
1402 334 1459 388 s.
1496 330 1851 389 pascutsu
1890 312 2239 387 assentiri
2271 330 2563 387 ABBATIS
2600 326 3048 387 CORBEIENSIS

3736 310 3835 388 396

579 447 692 516 jam
726 460 825 513 per
847 442 1164 514 patientiam
1197 441 1515 504 sustinebat,
1548 449 1606 495 ut
1646 449 1788 496 esset
1837 442 2015 510 passio
2039 447 2164 495 ante
2190 444 2237 501 Α
2266 438 2529 495 Christus.
2563 440 2695 508 Quia
2711 441 2770 504 ,εἰ
2798 440 2919 495 talis
2950 449 3203 510 tantaque
3233 438 3394 495 fuerit
3414 438 3589 511 qualis
3618 447 3704 495 est
3728 442 3839 511 ipse

584 534 1066 608 passionem,sicut
1091 541 1146 586 et
1181 542 1302 602 post
1332 533 1638 601 passionem
1664 533 1716 585 in
1740 533 1998 585 membris
2021 531 2158 600 ejus,

584 627 757 681 donec
785 637 1066 694 quousque
1093 620 1329 685 ﬁniatur,
1362 620 1756 689 adimplebitur.
1778 619 1956 673 llisita
1981 621 2158 684 dictis,

582 718 660 771 ait
681 714 1099 785 benignissimus
1122 710 1411 765 Salvator:
1435 712 1627 779 A/fcrte
1649 712 1749 763 huc
1776 711 1926 763 illum
1957 711 2025 763 ad
2060 725 2159 763 me.

585 806 684 863 Ubi
725 805 963 875 ejusdem
997 804 1193 857 inﬁrmi
1225 803 1386 855 nimia
1420 798 1635 855 vexatio
1661 809 2010 865 monstratur,
2038 815 2162 855 cum

581 896 762 951 afferri
803 894 1045 964 jubetur,
1072 892 1197 961 quia
1226 893 1406 944 venire
1432 908 1535 946 non
1572 901 1803 961 poterat.
1839 889 1943 945 Sed
1967 892 2163 958 quibus

574 986 728 1053 jubet
771 984 1246 1053 quantulacuntpte
1297 983 1376 1035 eis
1428 984 1560 1037 fides
1603 993 1755 1045 erat,
1807 993 1862 1036 et
1905 980 2161 1035 afferendi

582 1075 833 1138 facultas,
864 1075 951 1129 ubi
983 1073 1206 1142 apostoli
1235 1082 1289 1126 et
1318 1073 1486 1127 turba:
1525 1073 1681 1126 simul
1710 1074 1761 1125 in
1801 1074 1915 1125 loco
1947 1088 2009 1126 ac
2039 1087 2163 1125 cum

581 1169 659 1223 eis
694 1178 849 1236 pater
887 1175 1022 1220 erat.
1057 1165 1201 1218 inter
1242 1180 1396 1233 quos.
1424 1180 1523 1218 nec
1567 1165 1762 1217 mirqu
1811 1163 1854 1216 si
1908 1163 2167 1227 dicimus,

582 1260 707 1329 quia
752 1257 884 1313 ﬁdes
929 1256 1358 1327 patriarcharum
1403 1263 1545 1317 erat,
1584 1270 1701 1322 qua:
1749 1252 1969 1307 offerret
2021 1253 2165 1307 hunc

584 1349 997 1410 daunouiacmm
1021 1348 1274 1416 quoniam
1298 1347 1413 1400 sine
1443 1345 1547 1399 ﬁde
1574 1343 1766 1398 salvari
1792 1360 1897 1397 non
1929 1350 2157 1411 poterat.

654 1441 722 1496 Et
746 1441 1026 1511 increpavit
1053 1439 1201 1493 illum
1222 1439 1399 1501 Jesus,
1420 1449 1463 1492 et
1486 1439 1612 1491 exiit
1636 1437 1701 1489 ab
1736 1453 1796 1490 eo
1822 1437 2159 1499 da'moniutn,

582 1546 629 1590 et
662 1544 874 1587 curatus
897 1544 971 1586 est
997 1550 1129 1602 puer
1153 1547 1218 1585 ea:
1253 1531 1346 1585 illa
1371 1532 1503 1584 hora
1540 1538 1791 1599 potestate
1818 1528 2031 1582 Christi.
2055 1527 2166 1583 Cur

582 1634 761 1680 autem
791 1623 1148 1694 incrcparerit
1168 1637 1289 1676 eum
1311 1621 1401 1690 qui
1431 1622 1728 1674 vexabatur
1756 1636 1785 1671 a
1831 1619 2021 1687 spiritu
2064 1618 2166 1670 im-

582 1715 799 1774 mundo,
827 1721 881 1766 et
927 1727 1032 1766 non
1062 1727 1185 1765 eum
1213 1712 1303 1780 qui
1350 1710 1496 1763 illum
1530 1709 1784 1771 vexabat,
1815 1724 1937 1761 cum
1985 1707 2163 1775 potius

581 1805 828 1874 spiritmn
880 1804 1157 1871 increpare
1190 1800 1482 1863 debuisset,
1525 1799 1809 1854 manifesta
1869 1798 2006 1851 ratio
2034 1806 2158 1861 est;

581 1897 705 1966 quia
754 1905 973 1966 propter
1019 1902 1237 1963 peccata
1285 1910 1378 1945 sua
1426 1892 1509 1946 hic
1556 1893 1863 1959 patiebatur
1899 1898 1953 1943 et
1988 1889 2164 1943 fuerat

580 2005 893 2060 oppressus,
924 1988 1046 2042 ideo
1076 1987 1225 2041 illum
1250 1985 1342 2054 qui
1366 1985 1713 2050 corrigendus
1741 1992 1857 2037 erat
1880 1982 2058 2051 potius
2077 1982 2167 2035 de-

581 2078 697 2139 buit
727 2079 1030 2147 increpare.
1064 2092 1225 2145 quam
1248 2075 1491 2142 eumqui
1529 2089 1802 2142 nunquam
1831 2073 2027 2143 corrigi
2051 2072 2163 2137 jam

580 2170 721 2224 ultra
754 2178 947 2239 potest.
986 2168 1091 2223 Sed
1119 2170 1171 2221 in
1198 2183 1263 2221 eo
1291 2168 1456 2221 verbo
1490 2167 1811 2235 percutitur,
1841 2181 1963 2221 cum
2013 2165 2165 2220 inﬁr-

582 2274 703 2313 mus
730 2258 799 2311 ab
832 2258 1036 2311 insania
1068 2266 1352 2311 revoc:ntur
1381 2265 1434 2308 et
1464 2270 1630 2308 sanus
1652 2255 1900 2308 eﬁicitur.

656 2347 800 2400 Tunc
845 2358 1171 2401 accesserunt
1223 2345 1466 2415 discipuli
1511 2345 1581 2398 ad
1626 2343 1809 2397 Iesum
1856 2354 2077 2409 secreto,
2113 2354 2163 2399 et

584 2441 826 2493 dixerunt
863 2439 910 2491 ei
934 2456 953 2494 :
985 2439 1161 2504 Quare
1184 2456 1276 2492 nos
1307 2455 1409 2492 non
1455 2439 1720 2506 potuimus
1748 2437 1935 2505 ejicere
1964 2436 2114 2489 illum
2139 2436 2166 2489 2

585 2528 688 2595 Qui
716 2530 846 2584 dixit
875 2528 1021 2583 illis:
1052 2539 1260 2597 propter
1300 2527 1717 2582 incredulitatem
1764 2536 1998 2580 vestram.
2052 2525 2163 2581 Hoc

581 2630 664 2675 est
691 2621 835 2690 quod
864 2620 990 2673 alibi
1018 2620 1148 2673 dicit
1174 2635 1190 2674 :
1225 2618 1561 2687 Qua'cuuque
1596 2619 1650 2671 in
1680 2618 1885 2670 nomine
1928 2633 2038 2669 meo
2077 2631 2167 2684 pe—

584 2714 769 2765 tieritis
797 2712 1079 2773 credentes,
1120 2709 1383 2777 accipietis
1417 2707 1629 2779 (Matth.
1667 2723 1780 2771 ut,
1810 2706 1924 2775 22).
1954 2706 2021 2759 Ει
2046 2706 2165 2760 ideo

585 2805 1010 2873 quotiescunque
1033 2811 1276 2871 petentes
1292 2818 1396 2854 non
1413 2802 1728 2870 accipimus,
1745 2815 1850 2855 non
1869 2799 2166 2853 Salvatoris

585 2894 757 2948 nostri
808 2904 893 2947 est
945 2892 1365 2961 impossibilitas,
1399 2893 1494 2946 sed
1540 2891 1695 2959 culpa
1738 2889 2160 2959 deprecantium,

587 2985 747 3059 717
778 2986 903 3040 dum
932 2992 1027 3037 aut
1055 2983 1191 3037 male
1237 2990 1448 3051 petunt,
1495 2992 1588 3036 aut
1637 2997 1745 3035 non
1786 2996 1920 3035 cum
1959 2980 2165 3050 integra

588 3074 692 3131 ﬁde
727 3082 930 3144 petunt.
963 3073 1096 3128 Nam
1141 3082 1330 3127 curato
1374 3072 1610 3126 lunatico
1636 3080 1765 3125 tunc
1815 3077 2164 3125 accesserunt

588 3175 801 3223 secreto
849 3181 1001 3220 more
1028 3179 1141 3227 suo,
1174 3172 1234 3217 ut
1257 3162 1654 3231 interrogarent
1676 3175 1821 3224 eum,
1852 3167 1908 3213 et
1934 3159 2165 3213 instrue-

590 3254 779 3316 retitur
807 3258 1090 3321 secretius,
1129 3255 1283 3326 quasi
1312 3254 1611 3310 domestici.
1667 3253 1873 3319 Quibus
1901 3266 2022 3307 cum
2074 3265 2161 3306 re-

589 3352 931 3423 spondisset,
998 3350 1139 3420 quod
1191 3357 1407 3419 propter
1470 3345 1898 3401 incredulitatem
1974 3358 2163 3399 eorum

589 3444 792 3501 factum
832 3452 993 3508 esset,
1029 3444 1183 3497 docet
1210 3450 1264 3496 et
1302 3441 1481 3495 erudit
1506 3453 1599 3493 eos
1639 3446 1895 3509 quantam
1935 3436 2165 3492 debeant

588 3535 790 3590 habere
818 3534 998 3601 ﬁdem,
1024 3542 1081 3590 et
1099 3532 1228 3604 quid
1255 3532 1520 3603 agendum
1546 3529 1617 3585 sit
1640 3530 1695 3584 in
1723 3530 1827 3585 hoc
1847 3543 2013 3599 opere
2039 3543 2163 3583 cum

587 3626 708 3683 ﬁde.

659 3718 722 3774 Si
748 3718 1055 3781 habueritis,
1087 3717 1293 3791 inquit,-
1316 3715 1474 3784 ﬁdem
1518 3713 1652 3769 velut
1692 3730 1912 3784 granum
1943 3713 2164 3780 sinapis,

585 3819 633 3865 et
677 3809 913 3865 dixeritis
957 3808 1120 3863 monti
1152 3806 1318 3860 huic:
1359 3803 1546 3860 Transi
1580 3804 1735 3867 hinc;
1768 3803 2029 3858 transibit.
2064 3800 2166 3856 Ubi

586 3915 709 3955 cum
761 3899 915 3962 dicit,
970 3898 1015 3952 si
1076 3895 1370 3951 habueritis
1425 3894 1583 3948 ﬁdem
1642 3893 1790 3947 velut
1824 3907 2049 3963 granum
2098 3891 2170 3947 si-

587 3988 763 4056 napis,
804 3985 1039 4040 ostendit
1080 3984 1170 4053 qui
1212 3982 1375 4037 corda
1418 3981 1737 4051 inspiciebat
1777 3996 1986 4041 eorum,
2024 3978 2169 4048 quod

592 4075 820 4133 necdum
854 4083 1055 4128 tantam
1088 4073 1358 4127 habebant
1386 4071 1569 4126 ﬁdem.
1597 4069 1783 4123 Adhuc
1812 4070 2007 4138 quippe
2036 4068 2168 4122 ﬁdes

587 4182 773 4223 eorum
807 4164 1228 4236 parturiebatur,
1266 4176 1406 4217 nunc
1436 4160 1718 4223 doctrinis,
1763 4173 1905 4213 nunc
1935 4160 2169 4213 miracu-

587 4260 675 4324 lis,
698 4268 756 4314 et
781 4257 1146 4313 instruebatur
1170 4263 1226 4309 ut
1265 4252 1556 4324 perfectam
1594 4252 1658 4305 de
1687 4250 1776 4305 illo
1811 4251 2070 4305 haberent
2107 4249 2169 4304 ﬁ-

588 4352 730 4406 dem.
761 4348 929 4404 Nemo
964 4358 1143 4401 tamen
1171 4344 1434 4399 modicam
1463 4342 1692 4396 aestimet
1727 4341 1908 4405 ﬁdem,
1935 4340 1980 4395 si
2008 4338 2171 4395 fuerit

589 4450 738 4495 tanta
766 4448 1025 4511 quantum
1049 4450 1130 4495 est
1159 4452 1385 4509 granum
1410 4435 1630 4504 sinapis.
1656 4435 1731 4527 De
1754 4449 1861 4504 quo
1886 4448 2056 4527 grano
2081 4448 2166 4489 sas
2195 4468 2246 4527 Β

589 4532 660 4587 tis
682 4533 793 4602 jam
834 4547 995 4602 supra
1033 4531 1288 4593 diximus,
1334 4528 1388 4583 in
1422 4542 1485 4584 ea
1519 4526 1773 4597 parabola
1810 4525 1900 4581 ubi
1945 4539 2166 4594 regnum

588 4624 846 4681 etelorum
877 4638 1044 4693 grano
1083 4622 1285 4693 sinapis
1326 4620 1501 4676 simile
1538 4635 1657 4675 esse
1704 4619 1919 4674 dicitur.
1962 4617 2020 4671 In
2061 4631 2170 4687 quo

586 4716 830 4788 profecto
851 4715 971 4770 loco
995 4714 1288 4786 intelligere
1314 4714 1593 4777 debemus,
1619 4712 1761 4781 quod
1784 4725 2036 4780 magnum
2060 4717 2165 4774 est,

588 4808 674 4865 cui
724 4824 943 4877 regnum
979 4806 1238 4862 caelorum
1289 4813 1652 4875 comparatur.
1701 4803 1767 4857 Et
1805 4802 1927 4856 ideo
1959 4817 2064 4856 non
2099 4799 2169 4855 ad

587 4899 937 4971 exiguitatem
977 4898 1149 4969 grani,
1193 4897 1287 4953 sed
1328 4899 1393 4951 ad
1434 4912 1556 4951 eum
1605 4895 1696 4966 qui
1735 4896 1922 4951 similis
1958 4896 2007 4950 ei
2049 4909 2171 4950 esse

589 4994 787 5049 dicitur
834 4993 1112 5047 intendere
1163 4991 1450 5053 debemus;
1492 4988 1748 5058 quoniam
1797 4989 2019 5043 omnino
2065 4988 2170 5043 hoc

590 5102 812 5157 granum
843 5095 928 5140 est
955 5086 1096 5149 ﬁdei,
1129 5083 1271 5152 quod
1300 5082 1621 5137 seminatum
1648 5081 1734 5134 vel
1772 5081 2067 5148 plantatum
2114 5079 2169 5133 in

590 5177 749 5232 horto
771 5177 1023 5232 Ecclesim
1048 5174 1407 5230 fructiﬁcavit.
1447 5173 1502 5226 id
1542 5181 1626 5225 est
1655 5172 1963 5225 huumuitas
1990 5172 2169 5224 incar-

591 5270 701 5322 nati
734 5269 913 5329 Verbi,
945 5283 1064 5337 qum
1088 5266 1258 5320 erevit
1286 5265 1339 5317 in
1370 5265 1617 5318 arborem
1652 5275 1919 5329 magnam,
1947 5270 1999 5314 et
2030 5259 2171 5313 dila-

614 5362 689 5416 ati
727 5371 850 5416 sunt
888 5362 1023 5416 rami
1051 5359 1168 5428 ejus
1209 5373 1370 5427 super
1409 5357 1714 5410 universum
1758 5356 1967 5418 orbem,
2011 5355 2085 5407 ita
2112 5359 2174 5406 ut

591 5449 840 5505 volucres
867 5449 1010 5513 cmli,
1051 5448 1222 5504 sancti
1257 5447 1485 5510 scilicet,
1536 5446 1835 5499 inhabitent
1870 5452 1923 5498 et
1962 5443 2173 5511 requie~

594 5553 747 5597 scant
790 5544 859 5596 ab
901 5552 1034 5595 testu
1104 5542 1156 5596 in
1207 5540 1534 5595 umbraculis
1580 5540 1714 5609 ejus.
1766 5539 1831 5591 Et
1879 5537 2169 5590 notandum

595 5635 736 5702 quod
768 5634 841 5688 ait
867 5632 956 5687 :Si
982 5633 1267 5687 habueritis
1280 5634 1435 5702 fidem
1462 5635 1594 5686 sicut
1626 5647 1847 5701 granum
1870 5630 2091 5699 sinapis,
2113 5636 2173 5683 ut

599 5721 721 5783 talis
746 5731 999 5797 tantaque
1035 5724 1106 5785 sit
1130 5724 1266 5782 ﬁdes
1298 5732 1506 5794 nostra,
1532 5731 1766 5795 quantus
1793 5728 1848 5778 et
1886 5720 2061 5794 qualis
2089 5728 2175 5779 est

2265 540 2332 609 et.
2360 540 2592 600 quantus
2637 532 2702 585 de
2731 545 2839 600 quo
2884 540 2989 595 est,
3018 539 3142 585 tunc
3180 531 3367 601 utique
3406 532 3612 603 integra
3639 537 3694 584 et
3722 546 3839 601 per-

2266 622 2404 676 fecta
2445 622 2576 677 ﬁdes
2609 631 2708 677 est.
2745 622 2850 677 Sed
2879 639 2984 676 non
3011 624 3250 677 omnium
3284 622 3408 677 talis
3434 632 3527 676 aut
3554 631 3703 677 tanta
3741 631 3836 678 est.

2264 712 2470 768 Idcirco
2517 729 2638 768 cum
2690 714 2789 768 fuit
2837 713 2967 768 ﬁdes
3014 714 3374 784 apostolorum
3421 730 3589 782 grano
3640 716 3843 786 sinapis

2264 813 2562 873 cozequata,
2592 813 2652 857 ut
2682 814 2829 858 tanta
2862 813 3004 859 esset
3035 804 3168 859 ﬁdes
3196 820 3380 859 eorum
3418 805 3482 859 de
3517 805 3757 868 Christo,
3792 814 3845 861 et

2267 896 2318 951 in
2349 896 2583 955 Christo,
2620 897 2723 973 noli
2755 907 2942 966 putare
2976 901 3116 965 quod
3140 914 3305 968 parva
3336 909 3497 961 esset,
3527 898 3570 954 si
3603 914 3711 952 non
3750 900 3844 955 de-

2266 988 2397 1057 sipis
2424 989 2562 1056 quod
2600 987 2847 1043 Christus
2884 999 2977 1042 aut
3002 1006 3189 1059 parum
3222 999 3314 1044 aut
3349 990 3479 1044 nihil
3511 1000 3686 1054 esset;
3721 992 3847 1061 quia

2265 1078 2363 1132 etsi
2414 1079 2712 1132 minoratus
2755 1088 2837 1132 est
2883 1080 2950 1132 ab
2994 1080 3220 1147 angelis,
3272 1088 3326 1134 et
3370 1091 3720 1149 comparatus
3768 1089 3850 1136 est

2266 1167 2457 1230 veruti,
2485 1176 2543 1219 ut
2572 1168 2684 1235 ipse
2710 1184 2804 1238 per
2833 1167 3155 1237 Prophetam
3184 1170 3248 1222 tlc
3289 1183 3346 1223 se
3378 1170 3452 1223 ait
3480 1187 3492 1221 :
3528 1168 3640 1239 Ego
3670 1181 3848 1223 autent

2264 1272 2377 1310 sum
2426 1273 2608 1311 rermts
2655 1267 2701 1309 et
2746 1274 2847 1310 non
2882 1258 3057 1319 homo,
3089 1258 3419 1328 opprobrium
3467 1257 3763 1322 hominum,
3801 1266 3847 1311 et

2266 1346 2411 1413 abiec
2433 1347 2483 1399 io
2509 1346 2667 1415 plebis
2693 1344 2862 1416 (Psal.
2894 1362 3007 1410 ut,
3028 1346 3081 1416 '7)
3117 1364 3129 1400 :
3166 1356 3342 1401 tamen
3374 1347 3545 1417 major
3566 1357 3651 1401 est
3679 1362 3849 1418 ange-

2266 1436 2353 1501 lis,
2376 1438 2500 1507 qnia
2531 1437 2820 1507 cochualis
2844 1445 2899 1491 et
2926 1438 3404 1493 consubstantialis
3431 1449 3514 1493 est
3539 1437 3649 1493 Deo
3672 1438 3848 1494 Patri.

2266 1528 2333 1582 Et
2358 1529 2479 1582 ideo
2507 1530 2620 1583 hate
2650 1528 2804 1592 ﬁdes,
2835 1544 2953 1597 qum
2991 1536 3135 1581 tanta
3166 1539 3248 1582 est
3281 1537 3337 1581 ut
3369 1544 3595 1599 granum
3620 1528 3849 1598 sinapis,

2267 1617 2381 1687 ipsa
2417 1626 2501 1672 cst
2539 1619 2763 1687 integra,
2802 1625 2857 1671 et
2902 1617 3211 1687 incorrupta
3254 1616 3404 1671 ﬁdes.
3432 1615 3549 1686 ipsa
3591 1625 3677 1671 est
3702 1617 3855 1672 etde

2267 1726 2371 1779 qua
2395 1710 2677 1781 Apostolus
2703 1709 2865 1763 dicit:
2893 1708 2952 1763 Si
2985 1708 3214 1762 habuero
3242 1724 3446 1762 omnem
3472 1707 3651 1775 ﬁdem,
3686 1709 3764 1760 ita
3796 1716 3853 1761 at

2266 1814 2465 1855 montes
2490 1801 2802 1864 transferam
2830 1799 2882 1868 (1
2906 1798 3027 1854 Cor.
3057 1800 3290 1870 no.2);
3324 1800 3446 1868 quia
3474 1808 3522 1853 et
3553 1798 3853 1854 transferre

2268 1903 2479 1948 montes
2504 1901 2682 1961 potest
2711 1891 2938 1961 imperio
2967 1905 3083 1951 suo,
3119 1890 3285 1961 718
3306 1890 3446 1943 sicut
3474 1888 3739 1944 Dominus
3767 1904 3854 1945 re-

2268 1985 2551 2055 promittit.
2583 1984 2697 2053 Ipsa
2724 1995 2809 2037 est
2838 1983 3015 2036 oumis
3038 1982 3189 2045 ﬁdes,
3220 1993 3273 2037 et
3301 1982 3421 2036 ideo
3458 1998 3650 2053 magna
3695 1980 3853 2048 ﬁdes,

2268 2092 2428 2146 quam
2462 2075 2697 2130 [heretici
2733 2075 2857 2145 quia
2886 2074 3171 2129 noluerunt
3212 2072 3433 2138 habere,
3470 2088 3575 2128 non
3613 2071 3717 2127 fuit
3755 2087 3853 2128 eo-

2267 2183 2387 2222 rum
2417 2181 2542 2219 vera
2586 2166 2745 2229 ﬁdes;
2785 2175 3097 2235 peccatores
3131 2173 3185 2218 et
3224 2164 3340 2218 falsi
3370 2164 3688 2223 Christiani.
3727 2163 3856 2233 quia

2266 2260 2605 2315 violaverunt
2634 2259 2803 2323 illam,
2835 2273 2938 2311 non
2971 2257 3069 2310 fuit
3098 2257 3409 2326 incorrupta
3451 2265 3503 2311 et
3535 2255 3857 2310 incontami-

2268 2365 2393 2411 nata
2445 2354 2595 2408 ﬁdes.
2647 2351 2939 2421 Propterea
2991 2366 3092 2405 nec
3132 2351 3449 2419 semetipsos
3492 2365 3522 2403 a
3564 2349 3855 2404 vexatione

2266 2445 2573 2517 plenilunii,
2627 2459 2725 2498 nec
2769 2459 2799 2497 a
2849 2443 3138 2497 menstruis
3183 2442 3295 2497 suis
3346 2457 3403 2496 se
3457 2440 3852 2495 liberaverunt.

2267 2540 2475 2593 Interea
2503 2535 2752 2607 quamvis
2776 2534 2954 2589 omnis
2973 2543 3219 2587 creatura
3246 2530 3645 2601 quodammodo
3667 2530 3856 2585 audiat

2268 2628 2599 2688 Creatorem,
2635 2624 2709 2679 ita
2736 2632 2794 2677 ut
2821 2624 2873 2676 in
2905 2622 3177 2676 montibus
3203 2622 3336 2675 ﬁdes
3364 2620 3632 2691 imperare
3658 2620 3852 2690 possit,

2269 2720 2371 2773 hoc
2416 2717 2533 2772 loco
2562 2716 2809 2771 Christus
2839 2729 2945 2767 non
2972 2710 3039 2767 de
3080 2711 3199 2766 istis
3223 2711 3495 2766 montibus
3529 2709 3685 2774 dicit,
3718 2720 3855 2778 quos

2267 2809 2436 2863 oculis
2460 2807 2672 2862 carneis
2705 2803 3093 2874 conspicimus,
3125 2802 3219 2857 sed
3243 2802 3310 2857 de
3334 2800 3422 2855 illo
3445 2800 3537 2870 qui
3562 2815 3593 2853 a
3624 2799 3857 2855 Domino

2270 2898 2563 2953 translatus
2595 2897 2768 2951 fuerat
2801 2904 2855 2949 et
2880 2894 3085 2965 ejectus
3111 2910 3139 2947 a
3168 2891 3422 2947 lunatico.
3462 2891 3538 2945 De
3567 2905 3677 2960 quo
3710 2906 3777 2944 ac
3816 2886 3858 2945 sl

2269 2989 2435 3058 digito
2480 3002 2602 3042 eum
2641 2984 2974 3049 ostenderet,
3031 2984 3075 3039 si
3116 2983 3384 3047 dixeritis,
3440 2982 3637 3052 inquit,
3685 2980 3883 3035 monti

2268 3077 2415 3141 huic,
2445 3077 2612 3131 transi
2650 3076 2793 3138 hinc,
2840 3083 2895 3129 et
2939 3074 3209 3129 transibit.
3238 3072 3489 3142 Alioquin
3535 3085 3638 3126 nec
3681 3071 3856 3141 ipsum

2267 3168 2543 3225 Christum
2583 3168 2686 3222 hoc
2730 3166 2922 3222 fecisse
2958 3164 3183 3237 legimus
3220 3161 3593 3235 corporalibus
3621 3162 3857 3232 aspecti-

2267 3258 2388 3323 bus,
2413 3259 2466 3313 in
2488 3273 2596 3327 quo
2621 3248 2792 3328 magis
2816 3256 3105 3312 ostentatio
3127 3264 3521 3310 monstraretur
3541 3268 3710 3324 quam
3737 3265 3857 3323 pro-

2269 3347 2460 3403 fectus.
2492 3347 2568 3402 Ex
2591 3362 2697 3417 quo
2724 3346 2984 3417 arguendi
3011 3355 3137 3400 sunt
3165 3345 3255 3415 qui
3282 3344 3616 3401 contendunt
3640 3352 3854 3413 aposto-

2268 3436 2348 3491 los
2377 3452 2566 3493 omnes
2607 3437 2766 3491 fidem
2807 3451 2911 3491 non
2957 3435 3231 3499 habuisse,
3270 3435 3395 3505 quia
3442 3433 3623 3488 nullus
3666 3446 3855 3489 eorum

2269 3536 2479 3581 montes
2528 3526 2893 3590 transtulerit,
2952 3527 3095 3595 quod
3142 3540 3245 3581 nec
3299 3525 3557 3581 Dominus
3604 3525 3852 3592 intendit.

2271 3617 2394 3673 licet
2420 3619 2535 3673 ﬁeri
2567 3619 2828 3688 potuisset
2856 3633 2952 3688 per
2984 3617 3167 3673 iidem.
3202 3617 3310 3673 Sed
3333 3619 3511 3673 omnis
3538 3619 3776 3675 intentio
3807 3626 3857 3675 et

2268 3709 2515 3764 voluntas
2556 3711 2623 3765 de
2668 3709 2840 3764 salute
2887 3710 3109 3764 humani
3149 3711 3365 3780 generis
3397 3718 3499 3772 est,
3531 3719 3593 3765 ut
3622 3709 3852 3782 apostoli

2268 3812 2365 3869 per
2394 3799 2551 3853 ﬁdem
2596 3800 2667 3853 ibi
2708 3799 2975 3869 accipiant
3015 3809 3357 3870 potestatem,
3390 3801 3482 3856 ubi
3502 3803 3688 3857 omnis
3734 3817 3856 3859 con-

2272 3891 2523 3945 tradictio
2544 3889 2667 3945 ﬁdei
2693 3898 2748 3945 et
2777 3890 3051 3961 corruptio
3080 3892 3202 3946 boni
3226 3900 3327 3947 est.

2342 3980 2410 4034 Et
2433 3980 2585 4043 nihil,
2617 3980 2812 4049 inquit,
2835 3980 3154 4049 impossibile
3183 3980 3280 4035 erit
3306 3979 3468 4037 vobis.
3499 3981 3579 4037 Ac
3607 3981 3654 4037 si
3679 3984 3851 4039 dicat:

2270 4071 2527 4141 quidquid
2542 4071 2663 4125 boni
2680 4071 2965 4141 petieritis;
2982 4071 3233 4140 quoniam
3248 4073 3426 4129 omnia
3439 4072 3724 4143 possibilia
3738 4078 3855 4128 sunt

2270 4162 2710 4229 credenti.Quam
2723 4162 3045 4218 sententiam
3058 4161 3293 4235 nonnulli
3310 4162 3438 4218 dum
3452 4163 3711 4219 subtilius
3727 4164 3856 4234 lege-

2271 4270 2331 4309 re
2342 4265 2628 4320 conantur,
2645 4254 2757 4308 suis
2773 4263 3068 4309 extenuant
3085 4254 3412 4326 syllogismis
3421 4254 3728 4325 simplicem
3743 4268 3860 4311 sen-

2270 4348 2575 4418 sum,qnasi
2600 4346 2647 4402 id
2665 4348 2808 4418 quod
2831 4347 2960 4401 nihil
2980 4356 3064 4402 est
3077 4344 3859 4418 solummodoimpossibileeis

2271 4437 2464 4491 debeat
2491 4451 2632 4502 esse,
2664 4437 2869 4507 reliqua
2896 4452 3023 4491 vero
3051 4437 3229 4492 omnia
3254 4453 3375 4507 qua:
3399 4446 3524 4494 sunt
3552 4439 3855 4508 possibilia.

2270 4531 2559 4601 ipsumque
2601 4529 2732 4583 nihil
2780 4528 2967 4583 volunt
2995 4543 3115 4584 esse
3150 4527 3371 4600 aliquid,
3404 4538 3496 4583 aut
3535 4528 3703 4592 forte,
3737 4526 3858 4601 quia

2272 4623 2338 4678 de
2361 4621 2528 4676 nihilo
2555 4620 2753 4690 aliquid
2779 4620 2977 4685 facere,
3009 4629 3069 4673 ut
3099 4619 3262 4685 Deus,
3286 4633 3392 4675 non
3422 4620 3725 4690 potuerint.
3756 4618 3863 4677 Sed

2273 4714 2375 4769 ista
2408 4711 2781 4783 interpretatio
2805 4711 3101 4767 otiosorum
3126 4720 3231 4777 est,
3259 4713 3399 4767 sicut
3423 4721 3479 4767 et
3506 4710 3615 4774 illa,
3639 4727 3755 4783 qua
3784 4711 3864 4765 di-

2273 4812 2399 4859 cunt
2428 4804 2568 4872 quod
2604 4802 2722 4857 sine
2752 4802 2867 4871 ipso
2901 4801 3101 4857 factum
3131 4811 3214 4857 est
3241 4800 3393 4866 nihil,
3425 4801 3555 4858 dum
3586 4802 3866 4871 disputant

2273 4896 2426 4966 quasi
2458 4894 2587 4949 nihil
2630 4893 2832 4962 aliquid
2874 4893 2946 4948 sit
2981 4892 3125 4963 quod
3163 4908 3192 4946 a
3222 4892 3333 4948 Deo
3375 4909 3480 4949 non
3512 4894 3607 4949 sit.
3642 4892 3713 4948 Et
3737 4893 3865 4947 dum

2273 4987 2377 5043 hoc
2414 4987 2513 5041 sibi
2564 4986 2794 5057 ﬁngunt,
2826 4984 2927 5056 ipsi
2971 5000 3071 5040 nec
3103 4984 3376 5040 immerito
3416 4985 3533 5041 sine
3571 4983 3687 5040 Deo
3717 4985 3865 5039 inre-

2274 5078 2514 5131 ninntur.
2546 5076 2676 5143 Qua:
2720 5075 2970 5129 nimirum
3015 5075 3306 5144 disputatio
3341 5091 3477 5130 vana
3512 5086 3600 5131 est
3623 5091 3654 5129 a
3697 5088 3861 5139 rem;

2275 5170 2367 5223 sed
2406 5169 2525 5223 ideo
2554 5167 2780 5222 dixerim
2808 5174 2865 5220 ut
2905 5165 3061 5229 tales,
3091 5165 3183 5235 qui
3221 5167 3339 5221 hoc'
3357 5166 3533 5222 solent
3556 5181 3807 5229 movere,
3832 5179 3866 5218 a

2274 5257 2365 5312 tali
2413 5272 2469 5310 se
2499 5258 2783 5312 cohibeant
2827 5253 3083 5324 eloquio:
3122 5256 3376 5324 quoniam
3410 5257 3512 5311 etsi
3537 5256 3866 5312 exercitium

2279 5351 2333 5405 in
2359 5366 2425 5405 eo
2452 5364 2571 5405 esse
2599 5357 2792 5418 potest,
2828 5347 3035 5403 fructus
3057 5346 3423 5420 intelligentiae
3444 5349 3631 5405 nescio
3653 5349 3701 5405 si
3724 5346 3867 5403 nhs

2278 5459 2398 5499 esse
2427 5443 2613 5513 possit.

2353 5534 2486 5596 Hoc,
2522 5533 2713 5601 inquit,
2752 5547 2915 5601 genus
2955 5548 3058 5586 non
3085 5533 3295 5601 eiicitur
3318 5533 3420 5587 nisi
3450 5549 3543 5603 per
3572 5531 3870 5587 orationem

2277 5636 2324 5681 et
2348 5625 2636 5695 jejunium.
2669 5624 2806 5693 Ergo
2840 5626 2965 5678 dum
2993 5624 3148 5679 docet
3169 5624 3363 5693 qui-bus
3385 5624 3558 5679 modis
3587 5622 3869 5693 ncquissi-

2278 5732 2399 5776 mus
2432 5717 2640 5775 daemon
2668 5714 2838 5789 possit
2862 5713 3078 5787 expelli,
3108 5728 3298 5772 omnes
3321 5713 3557 5771 instituit
3578 5713 3645 5770 ad
3663 5713 3869 5771 vitam.
