4008 6354
149 382 233 441 επ
860 366 1227 427 ιειιρθεπιο
1261 369 1330 427 ιιι
1368 364 1713 427 timum

1842 390 1914 408 -ι
1951 361 2076 421 LIB.
2119 360 2251 431 VIII,
2291 361 2443 418 CAP.
2484 360 2644 418 XVII.

3290 361 3394 419 508
3412 386 3427 429 ῖ

151 492 281 553 [inde
321 488 385 545 de
424 485 744 547 nonnobis.
789 483 881 553 qui
939 484 1329 540 sbrenuntiant
1372 484 1589 539 sarculo.
1646 482 1702 537 lu
1731 482 1783 543 Α
1808 479 1934 541 boli,
1962 477 2156 535 deinde
2185 477 2252 533 ab
2283 476 2398 547 ipso
2439 477 2753 532 adversario
2794 476 3043 532 universa
3089 477 3417 541 substantia,

152 586 280 645 locis,
307 580 478 651 inquit
499 577 761 633 canonica
787 576 1104 638 auctoritas,
1137 575 1192 631 in
1216 575 1412 645 quibus
1437 575 1710 630 abrenun-

148 680 412 735 tiaverunt,
451 667 674 739 jejueiis
711 674 769 722 et
806 666 1144 721 mulionibus
1172 665 1412 722 serviant
1438 664 1705 721 Domino:

154 766 373 839 eueniant
398 759 567 832 719
593 761 645 812 in
686 757 772 813 his
817 757 1025 813 duobus
1064 757 1245 812 anima
1283 764 1339 811 et
1371 768 1570 826 corpus
1599 756 1706 810 Do-

153 862 274 912 mino
295 853 763 911 commendantur,
788 857 845 903 et
873 849 941 903 ab
965 848 1112 904 omni
1136 847 1448 919 integritate
1475 846 1711 905 hominis

153 944 361 1005 diabolus
388 940 721 1001 excluditur,
751 939 822 993 ita
861 946 920 993 ιιι
949 953 1051 993 nec
1080 938 1132 993 in
1158 939 1339 993 animo
1360 937 1531 1007 possit
1555 944 1707 993 astu—

155 1039 209 1092 tia
243 1033 451 1095 diaboli,
477 1049 591 1102 quo
608 1031 792 1101 vigent
817 1030 1110 1093 orationes,
1138 1045 1240 1085 nec
1263 1031 1314 1083 in
1334 1044 1521 1093 carne,
1545 1044 1710 1100 quam

143 1127 311 1199 jejuni:
337 1124 628 1193 castigant,
662 1120 809 1176 fraus
839 1121 1063 1176 inimici.
1105 1119 1241 1187 Quia
1269 1121 1347 1176 sic
1371 1121 1573 1175 dictum
1599 1129 1706 1185 est,

153 1222 232 1274 hoc
255 1232 435 1288 gemis.
478 1230 604 1271 cum
642 1214 741 1277 ait;
783 1220 841 1268 ut
884 1222 977 1267 aut
1006 1211 1278 1267 lunaticus
1317 1220 1549 1277 tantum,
1615 1220 1710 1267 aut

147 1326 281 1369 omne
302 1324 472 1381 genus
499 1308 821 1375 daemonum,
855 1306 909 1359 in
941 1304 1026 1359 his
1064 1304 1280 1359 vincere
1314 1319 1476 1373 posse
1507 1303 1708 1358 intelli-

149 1418 243 1473 gas.
269 1400 397 1468 Quia
426 1400 572 1456 sicut
599 1398 741 1452 valet
776 1396 952 1451 oratio
995 1403 1183 1450 contra
1230 1394 1359 1450 vitia
1400 1394 1616 1458 animae,
1656 1402 1712 1449 et

146 1494 423 1547 adcarnem
449 1504 623 1559 usque
650 1488 929 1559 pertingit,
956 1488 1032 1541 sic
1057 1484 1262 1555 jejunia
1285 1485 1353 1539 ad
1373 1485 1710 1565 carnisvitia

147 1585 482 1655 reprimenda,
519 1592 578 1638 et
613 1581 683 1636 ad
714 1581 909 1637 animae
948 1592 1119 1651 usque
1159 1578 1480 1639 munditiam
1517 1592 1711 1648 perve-

150 1674 259 1728 nire
285 1674 549 1728 festinant.

208 1764 623 1820 Conversantibus
658 1761 765 1817 illis
793 1761 847 1815 in
880 1758 1102 1815 Calilwa
1139 1760 1272 1814 dixit
1307 1757 1463 1817 Iesus
1488 1772 1508 1811 :
1535 1757 1709 1814 Filius

1810 580 1865 625 et
1897 568 2039 625 bona
2073 569 2242 639 ipsius
2278 567 2472 623 tradita
2513 576 2641 623 sunt
2667 568 2848 623 omnia
2889 567 2943 623 in
2973 583 3168 624 manus
3194 567 3390 639 prmdo-

1809 677 1938 718 num
1979 661 2071 731 qui
2110 675 2173 716 ea
2219 661 2534 730 diriperent,
2583 667 2806 731 accepta
2856 659 3006 731 prius
3052 668 3320 731 potestate
3364 676 3394 714 a

1809 753 1922 809 Deo
1958 771 1971 807 :
2004 753 2083 808 sic
2125 762 2181 807 et
2219 752 2397 822 aliqua
2440 751 2579 807 forte
2615 751 2847 806 dicimus
2884 753 3219 821 operatione,
3249 750 3395 821 prin-

1811 862 1937 917 ceps
1984 847 2270 917 potestatis
2314 845 2457 907 aeris
2508 845 2686 914 hujus,
2733 847 2825 916 qui
2870 855 3126 917 operatur
3176 846 3230 900 in
3270 846 3398 902 ﬁliis

1810 936 2137 1001 dididentius,
2166 938 2424 992 traditum
2456 937 2559 992 sibi
2587 955 2613 990 a
2640 936 2751 991 Deo
2776 936 2936 991 Patre
2963 938 3257 1007 accipiens,
3285 948 3397 993 tra-

1811 1029 1945 1085 didit
1974 1045 2096 1084 eutn
2146 1029 2198 1083 in
2247 1044 2439 1084 manus
2481 1029 2779 1093 hominum,
2825 1028 2879 1083 in
2925 1027 3120 1098 quibus
3152 1025 3400 1082 etJudas

1810 1131 1949 1187 erat,
1990 1123 2041 1177 in
2088 1138 2249 1192 quem
2301 1131 2425 1193 post
2462 1137 2656 1193 panem
2709 1130 2956 1177 sanctum
2999 1122 3273 1191 ingressus
3317 1128 3403 1176 est

1813 1215 2062 1271 Satanas.
2096 1214 2388 1271 Considera
2424 1224 2621 1278 tamen,
2660 1216 2784 1285 quia
2824 1216 2981 1271 aliter
3016 1229 3138 1269 eum
3179 1213 3402 1271 tradidit
3496 1286 3505 1291 _

1812 1310 1954 1365 Deus
1978 1309 2154 1375 Pater,
2180 1320 2273 1363 aut
2294 1309 2408 1379 ipse
2434 1322 2493 1364 se
2524 1308 2693 1365 Filius
2711 1321 2932 1379 propter
2953 1307 3397 1379 benignissimum

1812 1402 2243 1458 misericordiam
2274 1418 2447 1467 suam,
2492 1410 2551 1456 ut
2597 1400 2830 1457 salvaret
2873 1416 3044 1472 genus
3080 1401 3397 1456 humanum.

1811 1494 2291 1550 Aliter'contrariae
2319 1503 2632 1564 potestates,
2657 1503 2926 1564 potestate
2959 1501 3203 1562 accepta,
3235 1491 3401 1547 tradi-

1812 1587 2007 1642 derunt
2031 1588 2316 1642 Dominum
2344 1589 2397 1642 in
2423 1604 2619 1644 manus
2648 1589 2946 1654 hominum,
2974 1604 3079 1643 non
3104 1604 3201 1658 pro
3227 1587 3399 1643 salute

1815 1677 2144 1747 aliquorum,
2182 1681 2277 1735 sed
2305 1691 2569 1749 quantum
2613 1683 2679 1735 ad
2710 1696 2791 1746 se,
2823 1682 2947 1751 quia
2976 1682 3286 1737 nescierunt
3321 1696 3402 1737 sa-

1813 1768 2070 1837 pientiam
2114 1770 2205 1825 Dei
2236 1770 2605 1827 absconditam
2636 1772 2689 1827 in
2730 1773 3005 1843 mysterio.
3038 1773 3400 1828 Tradiderunt

148 1857 340 1911 hominis
364 1855 660 1911 tradendus
688 1865 763 1908 est
786 1856 839 1906 in
864 1870 1051 1907 manus
1079 1853 1368 1917 hominum,
1394 1861 1442 1905 et
1471 1851 1704 1905 occident
1736 1841 1781 1903 Β
1809 1874 1956 1926 eum,
1985 1876 2093 1915 ιιοιι
2140 1872 2198 1915 ιιι
2234 1861 2345 1932 ipse
2376 1864 2667 1919 moriendo.
2694 1841 2921 1921 moi-tem
2960 1866 3270 1935 perimeret,
3300 1865 3400 1920 sed

147 1964 257 2008 cun,
283 1956 328 2001 et
369 1947 461 1999 die
495 1946 650 1999 tertia
690 1953 940 2013 resurget.
972 1940 1039 1996 Et
1074 1941 1369 1996 contristati
1395 1949 1514 1994 sunt
1538 1939 1706 1995 valde.

152 2035 373 2105 Magister
398 2034 637 2089 eximius
664 2042 723 2088 ut
748 2033 1057 2089 introducat
1079 2030 1294 2086 animos
1319 2028 1708 2099 diScipulorum

146 2128 366 2198 paulatim
410 2128 482 2183 ad
510 2126 703 2192 ﬁdem;
733 2140 943 2196 semper
970 2125 1240 2195 prosperis
1264 2140 1328 2180 ac
1361 2122 1572 2178 blandis
1612 2124 1710 2178 tri-

143 2220 225 2275 stia
252 2222 465 2285 miscet,
504 2228 561 2275 et
600 2217 877 2274 miraculis
918 2217 1189 2273 contraria
1219 2216 1409 2280 sociat,
1449 2224 1508 2269 ut
1535 2214 1710 2272 elevet

146 2313 321 2368 animos
346 2313 425 2367 ad
455 2312 659 2377 divina,
695 2319 751 2366 et
779 2317 1045 2380 praeparet
1071 2323 1164 2364 eos
1198 2322 1386 2364 contra
1410 2307 1590 2363 omnia
1615 2306 1708 2362 ad-

139 2419 287 2469 versa,
329 2416 391 2460 ut
449 2419 575 2459 cum
619 2411 846 2473 repente
889 2400 1157 2462 venerint,
1198 2415 1305 2456 non
1347 2406 1705 2470 perterreant.

140 2493 245 2553 lude
264 2507 341 2553 est
366 2512 510 2567 ergo
530 2496 675 2565 quod
696 2504 817 2565 post
846 2494 1004 2550 ﬁdem
1030 2493 1177 2548 Petri
1201 2494 1471 2548 contraria
1494 2492 1707 2547 denun-

139 2587 251 2653 tiat;
279 2588 401 2643 inde
445 2588 592 2657 quod
618 2602 759 2643 nunc
787 2596 910 2659 post
938 2585 1380 2641 clarificationem
1418 2583 1471 2638 in
1501 2592 1706 2651 monte,

139 2689 241 2749 post
273 2680 604 2735 miraculum
646 2695 828 2735 coram
872 2680 1126 2736 omnibus
1165 2678 1489 2742 exhibitum,
1520 2693 1710 2735 rursus

140 2772 416 2837 denuntiat,
466 2773 612 2842 quod
658 2772 949 2828 tradendus
994 2772 1066 2829 sit
1112 2770 1253 2827 illius
1299 2771 1552 2833 hominis,
1599 2778 1704 2826 etc.

141 2859 255 2927 Quia
290 2864 341 2919 in
368 2865 483 2919 hoc
512 2864 726 2919 laborat
747 2875 807 2921 ut
849 2879 1003 2934 aeque
1024 2877 1150 2920 eum
1181 2863 1485 2934 intelligant
1513 2861 1708 2918 Filium

138 2950 215 3005 Dei
240 2963 393 3024 atque
424 2952 627 3009 Filiqu
658 2954 914 3017 hominis,
948 2969 1113 3007 unmn
1147 2963 1326 3007 tamen
1354 2952 1708 3021 eamdemque

139 3039 402 3100 Christum.
446 3045 676 3109 Yidetur
708 3054 888 3101 autem
931 3046 1123 3102 eadem
1153 3053 1398 3114 repetere
1427 3043 1494 3099 de
1536 3052 1708 3099 morte

140 3146 241 3198 sua,
262 3150 372 3204 quae
411 3149 582 3205 supra
623 3136 864 3201 dixerat;
896 3135 990 3191 sed
1020 3152 1125 3192 non
1158 3143 1240 3192 est
1272 3136 1345 3191 ita
1375 3149 1471 3205 per
1500 3133 1702 3200 omnia,

142 3198 362 3295 quoniam
395 3198 562 3298 longe
603 3228 749 3283 aliud
792 3198 877 3283 est
918 3228 1207 3284 ostendere
1247 3198 1524 3298 disci-polis
1577 3198 1705 3297 quia
1733 3198 1780 3264 Β

140 3327 327 3385 oportet
352 3318 508 3374 illum
530 3319 611 3375 ire
639 3319 694 3379 in
721 3318 1041 3389 Jerusalem,
1073 3330 1127 3377 et
1149 3321 1313 3375 multa
1338 3321 1448 3392 pati
1473 3329 1528 3376 et
1556 3321 1704 3377 occi-

140 3407 204 3473 di,
233 3418 281 3464 et
317 3411 463 3467 aliud
491 3427 616 3467 cum
647 3421 792 3468 esset
829 3412 882 3468 in
909 3412 1154 3479 Galilma,
1188 3412 1333 3483 quod
1363 3427 1469 3469 non
1509 3413 1705 3468 didicic

136 3514 247 3555 mus
273 3516 455 3572 supra.
497 3501 765 3561 Futurum
798 3512 910 3569 est,
942 3504 1134 3574 inquit,
1177 3512 1237 3557 ut
1275 3501 1443 3558 Filius
1472 3503 1708 3560 hominis

136 3590 372 3645 tradatur
398 3593 457 3647 in
484 3609 670 3650 manus
708 3595 1028 3660 hominum;
1067 3594 1316 3667 quamvis
1351 3594 1555 3665 reliqua
1591 3611 1710 3651 om-

134 3680 217 3736 nia
244 3682 496 3739 similiter
531 3685 685 3741 dicat.
723 3686 860 3754 Quia
889 3686 955 3741 de
990 3695 1166 3744 morte
1202 3685 1319 3757 ejus
1352 3701 1513 3742 omne
1541 3702 1705 3741 scan-

137 3772 302 3829 dalum
331 3774 576 3833 futurum
604 3788 745 3843 erat,
784 3778 906 3833 ideo
928 3778 1210 3839 .multoties
1237 3779 1427 3836 eadem
1458 3778 1707 3849 replicat,

137 3874 187 3923 et
223 3866 533 3926 intromittit
560 3870 817 3940 paulatim
842 3886 909 3926 ea
948 3884 1070 3940 qua:
1099 3871 1337 3927 nondum
1368 3870 1601 3937 dixerat,
1651 3877 1712 3931 ut

134 3968 220 4015 eos
253 3959 317 4013 ad
355 3959 523 4017 tidem
570 3960 898 4017 introducat.
963 3960 1306 4017 Tradendum
1362 3977 1507 4027 eum,
1546 3977 1709 4032 supe-

136 4046 238 4104 rius
278 4060 360 4108 est
400 4051 653 4118 dictum;
693 4052 780 4109 hic
811 4062 994 4109 autem
1024 4068 1131 4108 nou
1156 4052 1331 4110 solum
1360 4054 1707 4121 tradendum,

138 4138 217 4193 sed
242 4140 399 4198 etiam
435 4143 495 4196 in
528 4157 723 4199 manus
762 4144 1044 4203 hominum
1082 4159 1205 4200 esse
1232 4144 1569 4201 tradendum.
1598 4145 1712 4204 Illic

137 4229 297 4304 itaque
330 4236 631 4293 didicimus
666 4251 700 4292 a
749 4237 947 4308 quibus
981 4237 1239 4308 patietur,
1267 4246 1323 4293 et
1350 4238 1405 4293 in
1446 4253 1556 4309 quo
1592 4239 1713 4297 loco

136 4327 376 4395 patietur;
419 4330 518 4386 hic
540 4337 728 4386 autem
768 4330 1051 4396 discimus,
1080 4330 1225 4401 quod
1254 4330 1420 4385 multa
1454 4340 1717 4400 passurus

136 4419 240 4477 sita
271 4424 628 4497 supradictis,
660 4438 764 4480 non
792 4424 923 4495 ipsis
952 4432 1132 4481 tamen
1171 4438 1391 4481 causam
1423 4424 1719 4495 praebenti-

135 4508 239 4578 bus,
271 4525 330 4570 ut
363 4515 547 4575 multa
576 4516 840 4586 patiatur,
875 4515 1133 4586 quoniam
1163 4515 1280 4585 ipse
1312 4515 1395 4572 vel
1442 4515 1545 4586 ipsi
1586 4530 1717 4573 θωτ-

136 4613 234 4658 Itttn
257 4608 537 4676 passionis
555 4607 675 4678 q’us
698 4608 1091 4679 prastiterunt,
1111 4608 1203 4678 qui
1226 4624 1351 4663 eum
1377 4607 1718 4666 tradiderunt

136 4691 184 4749 in
206 4710 392 4756 manus
421 4699 733 4757 hominum.
767 4700 873 4756 Sed
915 4716 981 4757 ne
1009 4700 1150 4757 forte
1174 4699 1369 4759 Judam
1411 4718 1536 4758 eum
1563 4704 1717 4759 dieao

134 4799 239 4845 mus
278 4791 581 4848 tradidisse
622 4793 676 4847 in
712 4806 908 4848 manus
938 4792 1240 4858 hominum,
1281 4803 1338 4849 et
1383 4795 1498 4865 ipse
1532 4796 1718 4865 utique

134 4878 278 4938 llo-0
298 4883 427 4950 fuit,
464 4885 518 4939 in
544 4884 699 4952 cujus
720 4886 975 4941 nimirum
1000 4900 1195 4942 manus
1214 4887 1397 4943 nescio
1417 4904 1448 4942 a
1475 4903 1585 4957 quo
1610 4886 1719 4944 alio

140 4973 347 5031 traditus
366 4975 546 5047 720
571 4974 690 5031 fuit.
715 4976 997 5033 Traditum
1024 4977 1191 5049 igitur
1208 4976 1404 5033 Filium
1429 4977 1720 5047 Apostolus

138 5075 303 5120 narrat
328 5083 361 5123 a
392 5068 512 5123 Deo
531 5066 716 5141 Patre,
746 5069 822 5124 ita
848 5070 1060 5125 dicens:
1082 5067 1188 5135 Qui
1215 5070 1427 5139 proprio
1459 5066 1597 5126 Filio
1623 5079 1721 5125 τεο

139 5165 228 5207 Ian
269 5157 540 5227 pepercit,
586 5157 679 5212 sed
718 5174 815 5228 pro
855 5157 1003 5215 nobis
1042 5158 1284 5217 omnibus
1326 5158 1553 5214 tradidit
1602 5172 1722 5219 eum

137 5239 293 5307 (Rom.
327 5262 454 5313 vnt,
482 5247 598 5318 32).
627 5246 765 5314 Quid
794 5256 949 5318 putas
981 5249 1068 5309 cui
1098 5249 1321 5305 tradidit
1341 5250 1501 5311 eum?
1526 5249 1722 5308 Utrum

135 5334 354 5403 primum
400 5338 640 5410 principi
688 5339 850 5407 huius
888 5340 1095 5407 saeculi.
1139 5342 1230 5412 qui
1270 5342 1496 5401 immisit
1531 5344 1589 5400 in
1629 5359 1725 5401 ων

135 5421 271 5481 Jutb
295 5438 360 5484 ut
391 5429 641 5487 traderet
667 5447 813 5495 eum,
839 5441 895 5488 et
922 5432 975 5489 in
1005 5431 1209 5495 Iudaeis
1240 5443 1308 5497 .ut
1348 5451 1468 5497 eum
1507 5437 1725 5493 occide-

136 5526 266 5582 rent,
291 5536 364 5575 an
395 5521 607 5578 eisdem
637 5521 837 5579 ludatis
866 5523 1009 5580 Deus
1032 5523 1194 5583 Pater
1220 5541 1346 5581 eum
1373 5528 1615 5594 tradidit,
1640 5528 1726 5585 vel

134 5609 244 5681 ipse
278 5614 461 5673 Filius
490 5632 551 5673 se
591 5618 816 5674 tradidit
836 5618 1168 5675 oblationem
1196 5618 1309 5675 Deo
1336 5619 1484 5689 Patri
1514 5621 1565 5676 in
1594 5623 1725 5678 odov

135 5717 241 5769 ιω
262 5709 600 5772 suavitatis?
626 5708 761 5767 Nam
787 5720 843 5768 et
868 5709 994 5778 Job,
1018 5722 1076 5769 et
1102 5712 1353 5768 universa
1382 5727 1502 5783 quae
1524 5713 1725 5773 habere

131 5799 331 5873 Μ,
356 5800 605 5876 prinum
641 5802 838 5864 tradita
864 5812 1050 5865 sunto
1073 5803 1187 5863 Deo
1210 5804 1273 5864 in
1314 5813 1583 5876 potestate
1608 5806 1724 5865 ἀίιιι

1812 1960 1872 2008 ttt
1895 1968 2015 2008 eum
2039 1953 2255 2008 inimica
2283 1970 2431 2010 mors
2457 1954 2573 2023 ejus
2592 1955 2883 2023 subjiceret
2911 1957 3012 2013 sibi
3044 1958 3182 2012 sicut
3209 1970 3402 2012 omnes

1813 2043 2061 2098 homines
2102 2045 2194 2115 qui
2234 2045 2607 2101 moriebantur
2634 2048 2686 2101 in
2716 2049 2908 2107 Adam,
2940 2064 3037 2118 per
3061 2063 3221 2117 quem
3254 2064 3402 2103 mors

1812 2135 2053 2190 introivit
2092 2136 2147 2189 in
2176 2136 2360 2191 orbem
2406 2146 2696 2192 terrarum.
2738 2137 2998 2193 Similiter
3026 2147 3079 2193 et
3106 2138 3181 2192 illi
3211 2152 3404 2194 omnes

1810 2228 1901 2297 qui
1928 2225 2204 2281 Christum
2231 2228 2566 2293 occiderunt,
2598 2230 2794 2299 quibus
2823 2229 3053 2285 traditus
3089 2239 3173 2285 est
3211 2245 3240 2282 a
3288 2231 3403 2284 dia-

1810 2318 1955 2383 bolo,
1984 2334 2051 2373 eo
2078 2320 2222 2388 quod
2249 2329 2406 2375 erant
2442 2321 2684 2375 membra
2715 2321 2936 2384 diaboli.
2969 2337 3073 2377 non
3102 2302 3399 2378 secundum

1808 2404 2142 2459 voluntatem
2191 2405 2308 2469 Dei,
2331 2404 2442 2473 jam
2475 2421 2504 2460 a
2544 2405 2656 2461 Deo
2694 2407 3134 2475 praeordinatam,
3176 2408 3228 2461 id
3266 2407 3403 2462 fece-

1812 2505 1957 2560 runt,
1988 2497 2082 2551 sed
2111 2496 2409 2551 secundum
2439 2494 2772 2552 voluntatem
2812 2505 3141 2566 potestatum
3187 2497 3280 2566 qui
3311 2496 3402 2551 Fi-

1810 2589 1940 2643 lium
1973 2590 2064 2645 Dei
2103 2588 2355 2645 volebant
2386 2589 2659 2644 subditum
2700 2590 2861 2644 morti
2903 2588 3037 2644 ﬁeri.
3073 2589 3273 2644 Verum
3302 2588 3400 2659 igi-

1813 2691 1901 2737 tur
1931 2684 2072 2752 quod
2116 2698 2227 2738 non
2276 2683 2346 2738 ab
2390 2682 2701 2738 hominibus
2747 2682 2972 2737 traditus
3000 2691 3081 2737 est
3117 2682 3171 2736 in
3209 2696 3401 2736 manus

1813 2773 2115 2835 hominum,
2147 2775 2241 2838 sed
2280 2790 2310 2829 a
2341 2774 2698 2845 potestatibus
2737 2774 2934 2844 quibus
2961 2789 3083 2829 eum
3114 2788 3214 2844 pro
3243 2773 3403 2829 nobis

1812 2864 2064 2920 omnibus
2095 2866 2313 2921 tradidit
2337 2865 2523 2933 Pater,
2553 2876 2613 2922 ut
2636 2867 2690 2921 in
2720 2881 2787 2922 eo
2813 2865 2953 2935 quod
2984 2865 3234 2929 traditur,
3262 2874 3317 2919 et
3343 2864 3404 2920 tit

1812 2959 1913 3014 sub
1947 2974 2013 3013 eo
2043 2961 2133 3015 cui
2173 2962 2426 3026 traditur,
2452 2961 2697 3017 destruat
2723 2975 2846 3017 eum
2877 2961 2969 3030 qui
3008 2960 3202 3015 mortis
3232 2960 3400 3016 habe-

1812 3051 1909 3104 bat
1937 3050 2244 3121 imperium.
2272 3050 2387 3106 Non
2417 3052 2572 3107 istius
2599 3054 2787 3108 mortis
2807 3051 2932 3125 dico
2960 3052 3266 3123 imperium,
3294 3066 3400 3122 qua

1813 3143 2079 3198 morimur
2105 3158 2294 3199 omnes
2318 3146 2370 3199 in
2396 3160 2682 3201 commune
2709 3146 3009 3201 secundum
3034 3159 3275 3207 carnem,
3306 3144 3405 3199 sed

1810 3236 2003 3292 mortis
2045 3234 2190 3293 illius
2232 3254 2353 3308 qua:
2401 3239 2675 3294 contraria
2718 3248 2802 3295 est
2847 3247 2904 3294 et
2955 3239 3173 3293 inimica
3220 3237 3271 3293 ei
3308 3237 3402 3307 qui

1810 3329 1979 3384 dixit:
2011 3327 2123 3401 Ego
2141 3346 2258 3384 sum
2282 3332 2407 3385 vita.
2436 3330 2504 3385 Et
2524 3332 2817 3386 contristati
2846 3342 2990 3397 sunt,
3019 3332 3216 3401 inquit,
3244 3330 3404 3385 disci-

1808 3418 1920 3489 puli
1941 3419 2269 3476 vehementer
2295 3420 2476 3489 (Joan.
2505 3436 2631 3486 xw,
2669 3420 2745 3492 6).
2778 3421 2908 3487 Ome
2935 3422 3192 3476 nimirum
3228 3421 3402 3475 tristi-

1813 3508 1886 3562 tia
1935 3524 2043 3564 non
2096 3510 2164 3565 de
2218 3510 2537 3564 inﬁdelitate
2596 3511 2774 3575 venit,
2819 3510 2946 3565 licet
2993 3512 3171 3566 adhuc
3225 3509 3412 3591 ignari.

1811 3606 2014 3663 essent,
2064 3606 2119 3653 et
2164 3599 2440 3654 nescirent
2478 3611 2817 3655 sacramenta
2864 3600 2979 3665 Dei,
3020 3600 3120 3656 sed
3164 3598 3231 3656 de
3271 3598 3400 3656 dile-

1811 3688 1992 3744 ctione
2028 3689 2103 3761 pii
2134 3688 2398 3761 Magistri.
2440 3690 2692 3760 Alioquin
2737 3690 2981 3747 sciebant
3017 3690 3239 3745 Petrum
3273 3706 3403 3746 cor-

1813 3790 2020 3838 rectum
2060 3781 2243 3845 fuisse,
2278 3798 2449 3852 quare
2489 3798 2598 3838 non
2627 3792 2845 3853 saperet
2874 3800 2938 3838 ea
2980 3799 3097 3855 quo:
3127 3782 3225 3838 Dei
3257 3793 3401 3848 sunt,

1812 3876 1901 3929 sed
1928 3874 2086 3945 721
2124 3891 2241 3946 qua:
2278 3875 2550 3930 hominum
2581 3874 2795 3947 (Matth.
2827 3884 2937 3940 xvi,
2970 3873 3084 3945 23).
3118 3873 3274 3930 Unde
3302 3888 3405 3933 nee
3446 3860 3462 3925 ἕ

1812 3966 2008 4022 Petrus
2036 3968 2149 4038 jam
2189 3966 2481 4036 quidquam
2523 3967 2819 4038 respondit,
2850 3981 2955 4023 nec
2989 3966 3169 4024 catteri
3201 3965 3409 4035 aliquid

1815 4058 2036 4125 dicunt,
2084 4057 2181 4114 sed
2224 4056 2562 4114 solummodo
2615 4060 3008 4115 contristantur
3058 4046 3407 4112 vehementer

1814 4166 1917 4223 pro
1943 4148 2137 4206 ail‘ectu
2163 4147 2282 4217 ejus
2305 4149 2542 4215 amoris;
2575 4164 2675 4205 nec
2697 4149 2832 4205 satis
2854 4148 3041 4219 utique
3070 4148 3412 4216 sapiungaut

1816 4246 2119 4318 recogitant
2144 4243 2277 4301 illud
2306 4243 2448 4313 quod
2476 4244 2550 4300 ait
2573 4242 2673 4299 :Et
2697 4243 2850 4298 tertia
2878 4242 2963 4297 die
2993 4252 3243 4313 resurget.
3268 4241 3408 4309 Quia

1817 4353 1926 4393 non
1954 4345 2100 4395 tanta
2130 4336 2196 4391 de
2224 4344 2398 4392 morte
2420 4334 2680 4390 debuerat
2697 4333 2916 4391 evenire
2937 4333 3180 4398 tristitia,
3203 4341 3410 4403 quanta

1818 4430 1885 4485 de
1922 4429 2324 4486 resurrectione
2369 4429 2490 4500 ejus
2542 4429 2840 4484 debuerant
2879 4441 3001 4485 esse
3037 4426 3255 4499 gaudia.
3296 4424 3419 4500 Nec,

1820 4521 1986 4593 igitur
2013 4520 2432 4577 considerabam
2466 4530 2670 4591 quanta
2699 4527 2844 4575 esset
2874 4516 2991 4587 ejus
3026 4518 3290 4589 potentia,
3321 4515 3414 4573 cui

1821 4614 1887 4671 ad
1933 4608 2315 4671 destruendam
2358 4621 2594 4670 mortem
2638 4612 2850 4669 dierum
2891 4612 3055 4668 trium
3110 4609 3414 4668 suﬂiciebat

1820 4716 2057 4778 tempus.

1891 4798 2026 4853 Cum
2046 4799 2301 4855 uersisth
2323 4807 2497 4853 autem
2528 4797 2925 4869 Capuanum,
2963 4804 3290 4852 accesserunt
3318 4793 3415 4858 qui

1820 4891 2450 4962 didragma‘accipisbant
2487 4890 2557 4945 ad
2582 4888 2800 4946 Petrum
2829 4900 2878 4946 et
2922 4890 3167 4944 dixerunt
3195 4886 3261 4942 ei.
3293 4884 3417 4941 Ma-

1821 4982 1981 5053 gister
2006 4991 2169 5035 uester
2188 4996 2295 5035 non
2318 4980 2468 5036 solvit
2493 4980 2814 5051 didragmu.’
2848 4978 2974 5036 Haec
3001 4979 3267 5036 sententia
3298 4977 3417 5034 sivo

1822 5071 2210 5144 interrogative
2242 5072 2471 5143 legatur,
2501 5072 2617 5128 sive
2648 5072 3075 5143 pronuntiativo,
3102 5085 3268 5126 unum
3294 5077 3413 5138 est;

1823 5162 1948 5231 quia
1982 5162 2245 5217 insidiose
2278 5160 2464 5231 ﬁebat,
2496 5172 2557 5218 ut
2577 5177 2700 5219 eum
2733 5173 2954 5234 possent
2988 5177 3186 5233 capere
3214 5160 3418 5218 ludatis

1823 5260 2224 5317 insidiantibus.
2259 5258 2393 5316 Nam
2442 5269 2627 5316 notum
2677 5271 2763 5317 est
2804 5260 3075 5325 omnibus,
3108 5257 3251 5329 quod
3294 5264 3420 5327 post
3476 5253 3495 5262 ⁸

1823 5351 2125 5421 Augustum
2161 5349 2456 5417 Caesarem,
2486 5350 2670 5407 Judzea
2714 5351 2859 5407 facta
2902 5351 2975 5408 sit
3020 5348 3331 5412 tributaria,
3359 5352 3420 5403 et

1828 5458 2020 5497 omnes
2061 5458 2226 5499 censu
2276 5444 2471 5514 capitis
2520 5443 2839 5498 tenebantur
2876 5441 3131 5498 devincti.
3164 5439 3325 5499 Unde
3358 5446 3418 5509 at

1828 5532 2027 5605 Ioseph
2056 5546 2179 5588 eum
2207 5535 2375 5590 Maria
2402 5544 2631 5605 cognata
2659 5549 2780 5600 sua,
2806 5542 2863 5589 et
2886 5533 3115 5605 conjuge
3140 5530 3419 5603 profectus

1829 5636 1913 5682 est
1960 5625 2016 5680 in
2063 5624 2363 5680 Bethleem.
2391 5625 2560 5690 Hinc,
2612 5625 2869 5695 quoniam
2925 5625 3163 5679 nutritus
3204 5632 3323 5678 erat
3358 5620 3418 5679 in

1830 5716 2124 5782 Nazareth,
2173 5718 2318 5787 quod
2367 5725 2452 5773 est
2479 5718 2734 5788 oppidum
2767 5715 3000 5774 Galilaaae
3035 5716 3416 5788 Capharnautlt

1831 5807 1951 5863 urbi
1979 5803 2284 5877 subjacens,
2318 5817 2680 5879 reposcuntur
2707 5810 2773 5865 ab
2794 5824 2859 5865 eo
2889 5806 3122 5875 tributa;
3152 5806 3245 5871 sed
