4008 6354
634 340 741 398 599
767 341 776 366 ”

634 456 914 526 signorum
947 455 1315 525 magnitudine
1365 454 1415 506 hi
1457 453 1549 522 qui
1591 453 1877 522 exigebant
1915 451 2216 521 didragma,

632 562 742 604 nou
777 547 978 599 audent
1013 546 1184 615 ipsum
1229 555 1495 613 repetere,
1528 545 1620 599 sed
1656 545 1976 614 discipulum
2023 560 2219 598 conve-

631 640 790 695 niunt
825 639 939 692 sive
970 639 1233 692 malitiose
1279 638 1635 708 interrogant,
1674 645 1853 689 utrum
1900 635 2087 690 reddat
2126 635 2218 689 tri-

628 731 782 791 bula,
815 740 908 785 aut
935 730 1272 785 contradicat
1302 730 1530 784 Caesaris
1579 727 1858 789 voluntati,
1894 743 1959 780 ne
1997 740 2215 780 censum

629 821 843 878 solvere
872 807 1018 874 velit.
1049 819 1210 875 Juxta
1241 820 1382 889 quod
1413 828 1467 874 et
1494 821 1544 872 in
1572 819 1675 872 alio
1703 817 1820 871 loco
1844 817 2212 882 interrogant:

627 913 773 970 Licet
801 931 1012 968 censum
1039 914 1158 967 dari
1185 930 1252 966 an
1289 912 1432 966 non?
1457 911 1672 979 (Matth.
1704 926 1836 970 xin,
1868 912 1978 976 l7.)
2007 909 2079 962 Ex
2111 923 2217 978 quo

627 1015 801 1076 patet,
834 1005 959 1074 quia
990 1020 1093 1058 non
1127 1003 1266 1058 sicut
1297 1003 1514 1071 quidam
1550 1001 1756 1064 volunt,
1788 1001 1855 1055 de
1885 1015 2048 1054 censu
2087 1008 2218 1051 tcm—

626 1095 699 1166 pli
727 1096 820 1150 Dei
849 1103 903 1148 et
935 1095 1122 1148 altaris
1174 1093 1544 1163 accipiendum
1572 1100 1674 1155 est,
1703 1091 1796 1145 sed
1819 1091 1884 1144 de
1905 1104 2070 1144 censu
2097 1087 2214 1142 Ca:-

627 1187 788 1252 saris,
816 1188 907 1256 qui
938 1188 1017 1241 eis
1044 1202 1142 1256 pro
1172 1185 1349 1254 capite
1381 1185 1665 1254 impositus
1690 1191 1824 1238 erat.
1861 1181 2011 1237 Unde
2039 1180 2218 1234 Domi-

627 1295 731 1334 ntts
761 1297 772 1331 :
808 1277 1046 1340 Reddite,
1095 1277 1290 1346 inquit,
1323 1274 1524 1330 Cwsari
1570 1291 1686 1345 quae
1737 1284 1855 1327 sunt
1893 1271 2139 1336 Cwsarts,
2169 1280 2216 1324 et

623 1389 743 1442 qum
779 1381 897 1425 sunt
938 1371 1056 1434 Dei,
1096 1370 1206 1424 Deo
1237 1369 1431 1440 (Marc.
1479 1385 1576 1432 xu,
1617 1367 1726 1436 Π).
1782 1367 1836 1420 ln
1875 1367 1992 1436 lege
2037 1375 2216 1420 autem

626 1463 793 1518 siclus
827 1461 1122 1516 sanctuarii
1163 1461 1414 1523 dabatur,
1446 1459 1636 1530 viginti
1673 1457 1882 1512 scilicet
1908 1456 2092 1511 obolos
2122 1457 2217 1510 ha-

623 1555 778 1610 bens.
834 1555 931 1609 llic
983 1563 1166 1608 autem
1218 1553 1496 1622 didragma
1555 1550 1810 1619 exigitur,
1855 1549 1906 1602 iu
1945 1564 2051 1617 qua
2100 1560 2219 1604 erat

624 1648 805 1718 imago
847 1645 1078 1701 Caesaris
1125 1646 1356 1715 sculpta.
1391 1645 1493 1710 Qui
1545 1643 1786 1713 profecto
1840 1657 2067 1704 census,
2120 1657 2217 1694 nu-

623 1739 821 1792 misma
863 1744 1109 1791 vocatur.
1162 1735 1333 1790 Porro
1385 1735 1663 1803 didragma
1721 1731 1916 1785 dicitur
1959 1745 2024 1783 eo
2073 1730 2216 1798 quod

622 1832 761 1886 duas
808 1832 862 1885 in
904 1845 963 1885 se
1003 1831 1206 1885 habeat
1259 1830 1531 1898 dragmas,
1556 1838 1610 1880 et
1659 1833 1784 1879 sunt
1832 1821 2065 1891 scrupuli
2101 1838 2215 1886 sex,

621 1922 834 1991 siliqua:
867 1935 996 1975 vero
1042 1920 1263 1989 triginta
1306 1929 1358 1973 et
1405 1933 1532 1981 sex;
1565 1915 1762 1986 quibus
1792 1913 2034 1983 profecto
2066 1913 2213 1966 horis

620 2029 724 2084 pro
776 2012 931 2067 nobis
983 2011 1245 2067 Dominus
1295 2009 1347 2062 in
1396 2015 1572 2062 morte
1630 2005 1796 2058 fuisse
1851 2002 2108 2064 creditur,
2157 2009 2216 2054 ut

621 2120 723 2158 nos
766 2120 796 2157 a
837 2101 1021 2158 saeculi
1057 2115 1224 2158 censu
1268 2099 1560 2154 redimeret
1586 2103 1642 2151 et
1669 2095 1774 2150 sibi
1801 2094 2005 2148 faceret
2045 2091 2214 2146 tribu-

620 2198 814 2253 tarios.

695 2290 764 2344 Et
808 2305 928 2344 cum
967 2289 1214 2342 intrasset
1246 2283 1437 2338 Petrus
1473 2282 1528 2335 in
1558 2281 1791 2341 domum,
1823 2277 2069 2346 praevenit
2095 2291 2212 2329 eum

620 2383 800 2446 Jesus,
831 2382 1008 2436 dicens
1033 2394 1052 2431 :
1083 2379 1225 2446 Quid
1249 2377 1341 2430 tibi
1364 2376 1584 2439 videtur,
1621 2371 1844 2426 Simon?
1870 2369 2032 2440 Reges
2060 2377 2212 2422 terra:

619 2493 653 2528 a
681 2476 866 2545 quibus
905 2474 1166 2540 accipiunt
1202 2471 1452 2524 tributum
1493 2467 1570 2521 vel
1605 2481 1836 2528 censum,
1868 2481 1899 2516 a
1939 2461 2065 2530 ﬁliis
2103 2461 2212 2515 suis

621 2584 690 2619 an
717 2567 781 2618 ab
813 2565 1038 2619 alienis?
1065 2563 1205 2617 Dicit
1235 2563 1280 2616 ei
1303 2559 1534 2614 Petrus:
1559 2557 1634 2610 Ab
1657 2555 1862 2610 alienis.
1893 2553 2029 2606 Dicit
2055 2555 2101 2607 ei
2121 2552 2212 2606 Je-

619 2672 752 2711 sus:
788 2657 929 2727 Ergo
970 2655 1122 2708 liberi
1149 2663 1270 2708 sunt
1305 2653 1424 2720 ﬁlii.
1455 2650 1721 2705 Prmvenit
1761 2663 1889 2717 ergo
1928 2647 2084 2702 Jesus
2117 2661 2212 2700 an-

621 2757 841 2817 tequam
893 2753 1146 2816 suggeret
1181 2744 1232 2797 ei
1276 2741 1486 2803 Petrus,
1521 2749 1574 2793 et
1623 2740 1921 2808 interrogat
1963 2754 2082 2806 quae
2118 2737 2212 2791 ab-

621 2848 776 2891 sente
809 2853 867 2892 se
895 2851 1044 2906 geSta
1090 2835 1174 2890 vel
1221 2835 1361 2888 dicta
1397 2833 1558 2902 722
1598 2839 1743 2894 sunt,
1772 2846 1841 2884 ne
1881 2829 2210 2885 scandaliza-

621 2935 812 2980 rentur
859 2925 1086 2994 apostoli
1136 2925 1202 2978 ad
1255 2923 1594 2977 exactionem
1637 2921 1844 2984 tributi,
1877 2928 1936 2973 ut
1973 2935 2095 2973 cum
2133 2918 2214 2972 vi-

623 3015 834 3069 dissent
859 3030 980 3070 eum
1013 3030 1170 3068 nosse
1200 3029 1318 3082 qua:
1354 3013 1406 3066 in
1433 3020 1644 3066 secreto
1672 3011 1816 3065 dicta
1849 3019 1994 3073 sunt,
2021 3010 2209 3065 crede-

627 3117 747 3160 rent
784 3122 906 3161 eum
949 3107 1117 3160 Deum
1145 3120 1289 3169 esse,
1321 3112 1376 3158 et
1409 3103 1840 3159 consolarentur.
1878 3102 1956 3158 Ac
1988 3103 2033 3157 si
2069 3102 2214 3157 dice-

624 3209 708 3254 ret
734 3218 746 3252 :
775 3198 888 3270 Ego
916 3197 1215 3252 secundum
1242 3211 1460 3250 carnem
1494 3193 1636 3248 filius
1663 3194 1826 3247 David
1859 3193 2018 3264 regis,
2039 3201 2093 3246 et
2121 3206 2209 3246 δε·
2239 3187 2285 3252 C

623 3290 862 3345 cundum
894 3288 1262 3351 Diviuitatem,
1295 3286 1464 3340 Filius
1500 3285 1591 3338 Dei
1624 3284 1753 3349 vivi,
1791 3284 1928 3339 liber
1976 3299 2094 3338 sum
2145 3282 2212 3336 ab

621 3383 772 3437 onmi
802 3397 991 3445 censu,
1015 3381 1170 3450 juxta
1205 3380 1349 3450 leges
1375 3380 1680 3441 humanas;
1711 3385 1764 3430 et
1805 3377 1923 3430 ideo
1953 3375 2210 3429 tributum

623 3475 836 3531 solvere
866 3488 970 3527 non
1010 3471 1200 3526 debeo.
1230 3469 1493 3538 Quoniam
1527 3469 1580 3523 in
1608 3468 1754 3523 oumi
1785 3483 1950 3539 regno
1980 3467 2214 3538 singula-

621 3583 743 3622 rum
781 3567 1024 3638 gentium
1073 3563 1352 3618 sciendum
1404 3562 1603 3617 liberos
1643 3575 1762 3616 esse
1799 3561 1960 3625 filios,
1992 3576 2060 3615 ne
2106 3560 2214 3615 sint

621 3658 934 3729 vectigales.
969 3657 1121 3722 Quod
1153 3656 1199 3710 si
1233 3656 1303 3708 ita
1349 3663 1432 3708 est
1475 3655 1526 3706 in
1558 3652 1867 3708 conditione
1896 3653 2078 3708 carnis
2110 3653 2213 3707 hu-

621 3768 819 3817 mante,
852 3751 1026 3806 multo
1065 3750 1238 3820 magis
1277 3747 1432 3801 liberi
1480 3764 1600 3802 esse
1647 3747 1845 3802 debent
1889 3747 1942 3801 in
1973 3747 2216 3817 quolibet

622 3861 789 3915 regno
817 3854 1060 3907 terreno,
1096 3842 1191 3895 lilii
1221 3840 1371 3911 regni
1412 3840 1555 3893 illius
1587 3840 1687 3893 sub
1726 3854 1834 3908 quo
1877 3847 2002 3893 sunt
2031 3839 2214 3893 omnia

622 3954 788 4008 regna
820 3946 1054 3991 terrena.
1087 3933 1223 4000 Quia
1252 3934 1501 3988 Christus
1529 3942 1584 3988 et
1611 3933 1838 4002 apostoli
1875 3943 2029 3987 extra
2062 3949 2218 3987 mun-

622 4031 751 4084 dom
782 4035 958 4090 erant,
988 4027 1040 4080 in
1074 4036 1336 4096 quantum
1364 4025 1506 4079 illius
1536 4024 1772 4078 caelestis
1802 4026 1951 4094 regni
1983 4025 2082 4078 iste
2113 4025 2216 4078 Do-

623 4121 825 4184 minus,
860 4127 914 4172 et
944 4118 1016 4172 illi
1050 4116 1140 4170 filii
1169 4123 1345 4170 erant.
1376 4115 1482 4170 Sed
1511 4131 1672 4184 quam
1716 4114 1958 4169 infelices
1994 4130 2091 4169 nos
2127 4131 2217 4169 su-

623 4231 766 4279 mus,
797 4213 889 4282 qui
919 4213 1232 4268 Christiano
1261 4226 1552 4266 censemur
1581 4209 1820 4273 nomine,
1850 4225 1971 4265 cum
2005 4209 2092 4264 ille
2120 4227 2217 4280 pro

622 4307 783 4363 nobis
837 4319 1053 4361 crucem
1105 4303 1391 4369 sustinuit,
1438 4310 1492 4357 et
1556 4301 1757 4355 tributa
1803 4301 2068 4366 reddidit,
2116 4318 2216 4358 nos

621 4415 754 4456 vero
782 4414 879 4469 pro
903 4399 1045 4453 illius
1087 4412 1272 4452 amore
1309 4404 1435 4449 vota
1475 4409 1573 4449 nec
1603 4394 1804 4448 tributa
1838 4395 2134 4459 reddimus,
2164 4402 2219 4449 et

581 4492 587 4497 '
624 4490 779 4560 quasi
827 4488 919 4542 ﬁlii
960 4487 1103 4556 regis
1129 4503 1158 4540 a
1192 4486 1544 4557 vectigalibus
1573 4485 1841 4539 immunes
1871 4499 2083 4550 sumus,
2112 4485 2216 4540 nisi

625 4583 679 4636 in
708 4590 970 4651 quantum
1001 4579 1288 4649 imaginem
1322 4577 1553 4632 Caesaris
1584 4575 1990 4641 reassumimus,
2019 4584 2078 4630 ut
2109 4585 2218 4630 ter-
2241 4551 2295 4612 D

625 4689 758 4728 rena
787 4671 1254 4740 concupiscamus.
1288 4669 1538 4738 Alioquin
1573 4669 1616 4722 si
1646 4675 1800 4722 extra
1828 4676 2028 4721 terram
2061 4682 2214 4722 esse-

549 4817 556 4828 ,
623 4781 766 4831 mus,
791 4765 946 4821 liberi
981 4765 1169 4832 utique
1201 4776 1474 4825 essemus;
1512 4759 1557 4814 si
1591 4776 1691 4815 nos
1716 4757 1986 4830 Egyptus
2016 4759 2068 4812 in
2097 4775 2212 4812 ser-

623 4859 851 4914 vitutem
905 4874 1010 4913 non
1060 4855 1411 4926 opprimeret,
1459 4863 1678 4922 propter
1723 4867 1857 4920 quos
1905 4851 2214 4906 liberandos

624 4950 796 5005 Filius
841 4949 934 5004 Dei
987 4949 1214 5001 formam
1259 4945 1400 4999 servi
1432 4944 1690 5013 suscepit,
1718 4944 1966 5012 quamvis
2007 4943 2212 4997 nullum

624 5055 763 5111 Opus
797 5041 996 5094 luteum
1029 5039 1219 5092 fecerit
1240 5037 1323 5091 vel
1350 5037 1562 5098 servile,
1598 5038 1693 5090 sed
1721 5035 2058 5090 solummodo
2087 5035 2214 5105 quia

625 5131 818 5186 habuit
843 5131 1072 5185 formatn
1099 5130 1265 5192 servi,
1299 5129 1556 5181 tributum
1591 5137 1645 5181 et
1671 5143 1894 5182 censum
1925 5129 2073 5182 dedit
2108 5143 2216 5182 non

627 5223 792 5277 alium
833 5223 902 5275 ab
946 5236 1034 5285 eo,
1063 5220 1206 5291 quod
1251 5219 1397 5274 dedit
1427 5219 1704 5288 discipulis
1745 5217 1880 5286 ejus.
1915 5219 2033 5287 Ipse
2069 5219 2215 5272 enim

625 5324 800 5370 stater
828 5313 1150 5378 sufﬁciebat,
1177 5322 1233 5367 et
1277 5326 1441 5364 unum
1485 5311 1773 5374 uumisma,
1807 5312 1948 5380 quod
1985 5312 2218 5366 dabatur

625 5422 728 5478 pro
757 5405 885 5462 Jesu
907 5415 962 5461 et
992 5422 1089 5475 pro
1118 5405 1382 5473 discipulo
1405 5403 1540 5472 ejus.
1575 5400 1691 5455 Non
1721 5403 1865 5470 quod
1895 5417 2016 5456 eum
2049 5403 2213 5458 debe-

628 5509 712 5553 ret
754 5497 930 5563 Jesus,
957 5498 1051 5552 sed
1095 5513 1163 5553 ne
1214 5495 1611 5551 scandalizaret
1660 5508 1775 5558 eos,
1803 5509 1870 5547 ne
1915 5494 2052 5548 forte
2093 5507 2218 5550 ante

631 5601 843 5661 tempus
887 5592 1208 5662 praefinitum
1257 5607 1378 5645 eum
1423 5588 1753 5653 occiderent,
1786 5594 1842 5640 et
1878 5587 2031 5642 nobis
2066 5590 2218 5645 daret

629 5685 934 5754 exemplqu
962 5694 1223 5756 quantum
1251 5701 1318 5740 ex
1354 5686 1508 5740 nobis
1537 5694 1639 5748 est,
1666 5692 1725 5738 ut
1751 5682 1957 5738 nullum
1986 5684 2214 5740 scanda-

630 5775 879 5831 litemus.

1422 341 1478 395 S.
1523 338 1877 396 PASCHASII
1913 338 2259 393 RADBERTI
2295 337 2587 393 ABBATIS
2626 336 3077 394 CORBEIENSIS

3736 363 3813 415 σω

2247 457 2299 516 Α
2398 450 2541 504 Tunc
2571 453 2643 504 ait
2673 449 2833 505 Petro
2863 466 2882 502 :
2921 448 3062 505 Vade
3087 451 3158 506 ad
3187 468 3328 509 mare
3349 467 3395 510 et
3422 461 3552 516 mitte
3575 466 3764 536 hamum,
3779 490 3818 531 et
3849 521 3859 530 _

2319 549 2667 618 eum-piscem
2711 549 2801 617 qui
2841 547 2989 616 prius
3035 550 3344 615 ascenderit,
3373 554 3503 618 tolle,
3532 572 3614 612 seu
3647 535 3815 622 caetera.
3850 535 3858 550 ’

2318 638 2374 692 In
2403 653 2510 707 quo
2535 636 2797 691 miraculo
2836 637 2973 690 mira
3000 637 3095 691 Dei
3123 637 3418 694 declaratur
3449 650 3754 719 praescientia,
3777 668 3818 710 et

2319 727 2455 782 mira
2481 727 2789 797 magnitudo
2814 727 3089 796 potentite.
3125 727 3378 794 Primum,
3402 737 3532 800 quod
3557 743 3704 804 potuit
3723 760 3818 812 pra.

2318 833 2566 882 noscere,
2599 827 2653 872 ut
2701 818 2861 883 Deus,
2911 819 3116 888 piscem
3153 819 3308 874 talem
3345 831 3633 896 tantumque
3663 845 3756 886 esse
3780 835 3820 888 in

2318 913 2481 975 mari,
2503 918 2558 964 et
2580 911 2723 980 quod
2750 911 3180 979 prtecognoverit
3201 919 3448 968 staterem
3473 914 3524 969 in
3546 932 3629 972 ore
3651 920 3818 987 habere,

2319 1017 2414 1056 seu
2461 1001 2587 1070 quia
2644 1002 2989 1071 praeparavit,
3025 1010 3083 1055 ut
3140 1002 3250 1072 ipse
3309 1005 3507 1072 primus
3557 1022 3818 1068 occurreret.

2326 1093 2475 1149 Unde
2502 1108 2601 1148 nec
2629 1092 2850 1147 dubium
2877 1095 3019 1162 quod
3045 1109 3142 1162 per
3165 1095 3335 1164 ipsum
3359 1106 3519 1153 stater
3537 1100 3584 1154 in
3603 1117 3684 1157 ore
3701 1107 3822 1173 piscis

2318 1193 2537 1240 creatos
2565 1193 2668 1249 est,
2694 1192 2747 1238 et
2778 1184 2923 1255 quod
2969 1185 3204 1240 futurum
3239 1196 3355 1242 erat
3383 1189 3492 1260 ipse
3519 1191 3743 1262 loquendo
3763 1195 3820 1251 fe-

2319 1280 2414 1334 cit.
2445 1278 2626 1332 Noluit
2662 1279 2808 1332 enim
2853 1279 2922 1333 de
2968 1279 3157 1333 loculis
3191 1279 3338 1335 Judaa
3376 1284 3616 1338 tributum
3646 1287 3819 1353 solvere,

2321 1387 2390 1426 ne
2418 1370 2779 1426 substantiam
2825 1385 3121 1440 pauperum
3152 1371 3205 1424 in
3237 1387 3362 1426 suos
3396 1388 3516 1426 usus
3542 1376 3746 1444 proprios
3764 1378 3820 1429 vi-

2321 1465 2543 1531 deretur
2592 1474 2942 1528 convertere,
2985 1466 3079 1519 sed
3125 1465 3191 1520 de
3233 1476 3349 1520 arte
3388 1465 3543 1521 Petri.
3571 1468 3630 1522 Et
3661 1470 3754 1524 ideo
3774 1472 3820 1523 ad

2322 1571 2480 1611 suum
2514 1557 2752 1611 studium
2783 1571 2906 1610 eum
2939 1557 3100 1627 723
3132 1558 3449 1622 remittit,ut
3467 1568 3517 1614 et
3541 1560 3820 1615 humilitatem

2321 1649 2387 1703 de
2408 1664 2466 1703 se
2488 1649 2764 1713 exhibeat,
2790 1656 2845 1704 et
2869 1649 2921 1702 in
2948 1649 3212 1704 miraculo
3235 1651 3421 1704 altiora
3450 1651 3661 1706 declaret
3683 1664 3820 1722 myste-

2322 1740 2434 1804 ria;
2489 1740 2741 1810 quoniam
2790 1740 2957 1808 piscis
3007 1741 3060 1794 in
3107 1742 3245 1814 mari
3282 1752 3418 1803 erat.
3447 1751 3499 1796 et
3525 1751 3670 1796 stater
3693 1743 3734 1796 in
3756 1758 3821 1798 ore

2249 1831 2295 1889 B
2323 1832 2488 1902 piscis
2510 1831 2726 1885 marini.
2753 1831 2924 1897 Quem
2950 1832 3152 1901 piscem
3184 1833 3342 1887 video
3361 1833 3601 1888 divinitus
3620 1848 3820 1902 prepara-

2321 1930 2433 1976 tum
2473 1921 2784 1976 ascendisse
2813 1919 2880 1974 ad
2918 1921 3136 1975 hamum
3176 1919 3342 1986 Petri,
3374 1920 3462 1990 qui
3501 1921 3736 1975 hominum
3767 1922 3821 1991 pl~

2317 2025 2500 2071 scator
2537 2013 2709 2068 fuerat
2731 2012 2846 2082 jam
2881 2015 3075 2069 factus.
3108 2013 3265 2070 Unde
3301 2013 3426 2081 quid
3468 2014 3672 2082 primum
3701 2013 3821 2066 admi-

2318 2110 2546 2165 randum
2579 2109 2670 2174 sit,
2711 2107 3050 2176 praescientia
3075 2106 3397 2171 divinitatis,
3428 2121 3492 2160 an
3517 2105 3722 2175 potentia
3743 2118 3820 2157 ma-

2309 2202 2526 2273 jestatis
2554 2200 2689 2269 ejus,
2717 2209 2777 2254 ut
2802 2199 2986 2254 statim
3015 2199 3286 2270 loquendo
3309 2198 3537 2254 effecerit
3563 2207 3707 2252 stater
3721 2204 3822 2250 esset

2317 2295 2370 2349 in
2402 2309 2497 2348 ore
2531 2294 2697 2363 piscis
2735 2302 2971 2355 creatus,
3001 2307 3106 2345 non
3134 2292 3371 2346 invenio.
3407 2289 3498 2344 Est
3525 2299 3679 2343 autem
3701 2295 3821 2341 stater

2310 2385 2462 2455 juxta
2515 2384 2649 2438 alios
2695 2384 2858 2438 siclus
2895 2383 3218 2448 sanctuarii,
3256 2381 3440 2451 viginti
3492 2381 3541 2434 in
3584 2394 3634 2434 se
3673 2376 3820 2431 habens

2315 2474 2504 2529 obolos
2536 2492 2548 2527 :
2581 2473 2670 2528 alii
2702 2473 3056 2527 semiunciam
3081 2488 3211 2528 eum
3243 2488 3362 2528 esse
3389 2472 3578 2535 dicunt,
3607 2483 3734 2539 quem
3755 2480 3822 2519 nos

2315 2565 2583 2633 duplicem
2613 2565 2892 2635 didragma
2921 2580 3064 2629 esse,
3099 2566 3537 2636 interpretamur,
3565 2573 3614 2616 ut
3636 2576 3714 2630 pro
3733 2560 3820 2611 duo-

2314 2655 2415 2711 bus
2467 2655 2712 2709 sullicere
2758 2666 2961 2725 posset.
3003 2655 3109 2710 Sed
3150 2657 3469 2719 notandum,
3505 2655 3631 2724 quod
3663 2665 3745 2704 non
3769 2647 3820 2700 ait

2317 2746 2584 2812 Salvator,
2613 2747 2776 2802 redde
2802 2762 2900 2816 pro
2927 2748 3116 2814 nobis;
3147 2749 3249 2803 sed
3274 2747 3536 2810 distincte,
3561 2744 3692 2798 redde
3716 2739 3818 2793 illum

2313 2857 2407 2911 pro
2447 2858 2529 2895 me
2573 2851 2621 2896 et
2662 2851 2732 2906 te,
2761 2850 2820 2894 ut
2858 2840 3199 2910 intelligatur
3231 2843 3372 2896 inter
3398 2839 3653 2894 Dominum
3678 2843 3720 2888 et
3739 2846 3821 2886 ser-

2314 2948 2440 2986 vum
2469 2948 2718 3003 magnam
2746 2948 2868 2988 esse
2899 2933 3324 2999 discretionem;
3364 2933 3496 2986 inter
3519 2945 3625 2985 eum
3649 2926 3720 2996 qui
3739 2924 3818 2977 sine

2314 3033 2538 3094 peccato
2569 3033 2702 3086 erat,
2731 3034 2786 3078 et
2819 3025 2964 3080 inter
2990 3041 3113 3080 eum
3144 3028 3243 3095 qui
3291 3024 3470 3081 multis
3492 3021 3715 3077 obnoxius
3739 3024 3819 3070 erat

2319 3118 2576 3188 peccatis.
2604 3117 2714 3172 Nec
2760 3118 2925 3187 igitur
2962 3118 3226 3174 admirari
3264 3119 3460 3190 poterit
3501 3115 3625 3186 quod
3660 3128 3712 3166 ex
3747 3119 3820 3161 tam

2317 3211 2660 3265 convcnicnti
2705 3209 2823 3265 loco
2868 3212 3035 3265 maris
3084 3212 3381 3283 imaginem
3414 3208 3624 3266 Caesaris
3653 3200 3820 3270 accepit.

2316 3308 2377 3354 ut
2406 3301 2496 3354 det
2526 3316 2644 3355 eam
2695 3316 2794 3371 pro
2824 3317 2883 3356 se
2923 3311 2978 3355 et
3015 3317 3115 3372 pro
3154 3303 3424 3373 discipulo
3453 3316 3563 3364 suo,
3588 3299 3647 3352 ita
3683 3303 3726 3346 ut
3756 3291 3823 3342 de-

2315 3401 2647 3448 monstraret
2684 3407 2744 3447 se
2787 3394 3086 3449 debitorem
3131 3411 3243 3450 non
3275 3411 3395 3450 esse
3424 3391 3564 3462 regni
3593 3383 3764 3444 terreni,
3785 3388 3823 3433 et

2315 3494 2494 3541 tamen
2532 3487 2768 3542 reddidit
2789 3486 3052 3552 debitum,
3077 3489 3169 3558 qui
3201 3505 3309 3544 non
3337 3486 3562 3556 suscepit
3581 3479 3818 3535 utdelieret,

2317 3593 2492 3647 neque
2522 3578 2812 3647 acquisivit
2840 3587 2898 3631 ut
2921 3578 3254 3648 possideret,
3288 3580 3410 3648 quia
3438 3562 3822 3640 noluitaliquando

2317 3679 2375 3724 ut
2425 3671 2603 3739 imago
2653 3668 2889 3725 Caesaris
2939 3671 3080 3741 apud
3130 3671 3427 3742 imaginem
3479 3662 3721 3724 invisibilis
3757 3653 3822 3710 Dei

2318 3772 2630 3817 versaretur
2663 3763 2715 3816 in
2752 3763 2924 3818 nobis.
2956 3763 3128 3818 Porro
3172 3765 3470 3822 secundum
3515 3757 3731 3830 mysticos
3763 3748 3822 3802 in-

2319 3851 2588 3916 tellectus,
2620 3853 2834 3908 videtur
2865 3853 2965 3908 iste
2993 3854 3159 3924 piscis
3188 3869 3314 3910 esse
3339 3855 3557 3925 primus,
3586 3848 3662 3918 qui
3692 3849 3824 3909 ωρίυθ

2319 3951 2432 4005 est;
2463 3952 2518 3996 et
2542 3944 2594 3995 in
2625 3942 2892 4011 profundo
2923 3944 3090 3998 maris
3117 3946 3464 4008 versabatur,
3495 3943 3543 3997 in
3573 3936 3705 3994 salsis
3724 3941 3823 3986 ama-

2320 4031 2504 4099 risque
2532 4033 2838 4102 gurgitibus
2867 4035 3075 4099 mundi,
3108 4034 3203 4090 ille
3245 4037 3338 4106 qui
3378 4029 3722 4105 primogenitus
3745 4034 3824 4075 suro

2322 4122 2462 4176 rexit
2493 4137 2522 4174 a
2553 4124 2802 4177 mortuis.
2835 4124 2900 4178 Et
2929 4133 3099 4180 stater
3148 4128 3244 4196 qui
3286 4129 3338 4181 in
3378 4142 3473 4180 ore
3507 4125 3612 4193 ejus
3645 4119 3826 4172 invenllls

2321 4219 2424 4273 est,
2454 4212 2699 4268 soliditas
2727 4223 2810 4268 est
2837 4214 2959 4269 fidei
2990 4231 3110 4286 quae
3137 4217 3195 4271 in
3224 4217 3558 4274 confessione
3594 4218 3679 4271 est,
3703 4214 3745 4259 ιιι
3764 4212 3830 4270 Pro

2322 4301 2485 4357 Petro
2531 4313 2583 4358 et
2627 4319 2728 4374 pro
2758 4305 2986 4360 Domino
3021 4307 3301 4374 reddatur,
3348 4310 3400 4363 id
3439 4294 3520 4362 εὲι
3556 4317 3642 4373 pro
3672 4292 3830 4353 Chrile

2323 4402 2378 4448 et
2403 4394 2676 4460 Ecclesia;
2711 4395 2838 4465 quia
2883 4412 2980 4466 per
3024 4397 3250 4454 Petrum
3294 4400 3531 4455 Ecclesia
3561 4394 3828 4461 designatur;

2321 4500 2421 4556 pro
2450 4486 2644 4555 quibus
2685 4485 2804 4540 duae
2847 4487 3132 4542 solvuntur
3162 4490 3481 4560 didragmse,
3509 4493 3710 4556 quatuor
3731 4470 3831 4528 scili-

2321 4589 2406 4634 cet
2433 4579 2721 4650 Evangelia
2765 4596 2886 4649 quaa
2933 4582 2998 4636 de
3051 4598 3146 4636 ore
3193 4583 3401 4640 Christi
3446 4582 3719 4636 manarunt,
3749 4576 3831 4633 11"“

2320 4679 2447 4726 sunt
2475 4679 2708 4739 quatuor
2732 4669 2989 4742 dragmaz.
3027 4672 3093 4726 Et
3117 4673 3242 4729 ideo
3283 4690 3391 4729 non
3420 4674 3474 4727 in
3509 4676 3676 4725 ventre
3697 4654 3829 4731 piscis.

2319 4764 2415 4818 sed
2449 4763 2501 4816 in
2527 4779 2622 4817 ore
2652 4772 2822 4818 stater
2843 4772 3111 4830 servatur,
3146 4765 3201 4820 in
3234 4783 3344 4836 quo
3376 4764 3562 4821 dilfusa
3592 4767 3664 4814 est
3683 4749 3831 4826 galia;

2319 4856 2445 4928 quia
2475 4856 2575 4910 etsi
2619 4857 2774 4910 corde
2808 4856 3040 4909 creditur
3063 4858 3132 4909 ad
3154 4858 3450 4926 justitiam,
3474 4871 3558 4910 ore
3583 4859 3726 4905 autem
3749 4851 3834 4928 conf

2319 4926 2477 5016 fessio
2507 4949 2566 5016 ﬁt
2609 4950 2679 5002 ad
2711 4949 2932 5003 salutem
2975 4947 3153 5019 (Rom.
3179 4967 3237 5015 x,
3268 4951 3380 5021 10).
3407 4949 3549 5003 Alias
3570 4951 3739 4999 autem,
3763 4926 3835 4984 niSi

2325 5041 2570 5095 subesset
2599 5041 2956 5110 praesentibus
2988 5043 3149 5098 rebus
3182 5044 3414 5098 interior
3444 5041 3576 5095 ratio
3601 5029 3836 5096 intelligen-

2323 5133 2399 5197 di,
2424 5142 2618 5187 natura
2647 5134 2812 5203 piscis
2837 5148 2944 5187 non
2971 5143 3090 5189 erat
3113 5144 3172 5190 ut
3197 5137 3251 5190 in
3279 5137 3462 5191 littore
3488 5131 3643 5189 maris
3669 5118 3836 5178 fortuitu

2321 5224 2674 5293 reperiretur,
2697 5225 2750 5278 in
2776 5240 2871 5280 ore
2898 5228 3076 5296 potius
3107 5235 3370 5283 staterem
3403 5231 3600 5281 teneret
3627 5228 3758 5289 quam
3781 5209 3837 5260 ίη·

2320 5323 2405 5370 tra
2448 5317 2654 5372 viscera
2711 5332 2834 5371 mox
2886 5319 3165 5384 conderet,
3202 5331 3258 5374 et
3305 5318 3586 5388 deglutiret
3623 5305 3739 5379 quod
3773 5308 3838 5349 ore

2326 5408 2696 5465 absorbuerat.
2732 5410 2809 5464 Ex
2841 5410 3039 5478 quibus
3086 5411 3344 5466 omnibus
3390 5409 3585 5478 liquido
3611 5395 3835 5465 colligitur.

2323 5501 2376 5555 in
2408 5501 2492 5556 his
2519 5499 2811 5556 efﬁciendis
2841 5503 3003 5557 rebus
3050 5503 3183 5557 nihil
3230 5518 3300 5557 ex
3343 5509 3535 5558 eventu
3572 5485 3835 5576 provenisse:

2323 5594 2417 5648 sed
2443 5594 2702 5648 divinitus
2737 5595 2870 5649 scita
2901 5602 2956 5650 et
2987 5603 3310 5665 praeparata,
3339 5582 3400 5647 ut
3440 5591 3593 5645 ﬁdem
3639 5595 3712 5636 ιἐε
3744 5573 3835 5665 fa?"

2324 5686 2581 5741 solidaret
2609 5687 2770 5762 724
2802 5688 2852 5740 in
2883 5662 3166 5752 miraculo,
3196 5693 3252 5740 et
3284 5686 3538 5741 docerent
3560 5669 3738 5745 singula
3759 5662 3836 5715 tif;

2325 5785 2497 5830 tutum
2524 5780 2863 5836 documenta.
2888 5779 2963 5834 Ita
3004 5789 3064 5834 ut
3093 5794 3192 5836 nec
3221 5777 3389 5848 piscis
3415 5775 3614 5846 primus
3641 5767 3794 5832 εεψωδ
3813 5764 3838 5811 ³
