4012 6362
152 327 236 381 σοι
817 316 1176 375 EXPOSITIO
1214 318 1282 374 IN
1321 316 1759 374 MATTHEUM.
1790 348 1861 358 —-
1899 318 2028 375 LIB.
2073 321 2204 388 VIII,
2247 323 2399 378 CAP.
2438 324 2627 380 XVIII.

3272 331 3376 388 602

146 439 316 501 Petro,
357 447 510 504 quem
559 438 860 501 sequuntur
905 440 959 484 et
1005 431 1118 494 alii.
1146 438 1300 484 vacet
1327 444 1357 482 a
1396 430 1684 498 mysterio;
1715 436 1769 492 Α
1795 433 1921 496 cati,
1963 433 2260 502 inspirante
2290 435 2423 500 Deo,
2455 445 2514 490 ut
2552 447 2939 495 convertantur
2967 443 3033 496 ad
3069 445 3402 504 doctrinam.

146 546 237 585 nec
262 537 411 583 stater
435 525 489 580 in
519 539 614 579 ore
641 521 758 591 ejus
781 532 1044 592 repertus,
1075 523 1189 575 sine
1219 535 1415 590 magno
1438 519 1693 574 doctrina:

145 619 394 678 miraculo.
424 618 559 686 Quia
586 615 777 670 Petrus
805 615 1043 683 piscator
1069 614 1345 667 hominum
1373 613 1483 682 jam
1517 610 1692 667 factus

141 727 265 779 erat,
290 732 316 770 a
340 714 556 768 Domino
581 712 812 767 m'ittitur
841 720 899 764 ut
930 711 1160 779 primum
1186 711 1380 780 capiat,
1410 725 1567 780 quem
1601 711 1691 764 de-

140 827 273 865 mum
305 816 588 876 sequantur
609 804 806 875 plures.
844 803 948 856 Sed
973 803 1151 857 nullus
1177 819 1364 858 eorum
1391 805 1583 873 dignus
1610 811 1692 858 est

139 916 166 953 a
201 899 361 958 Petro.
389 899 540 967 jussu
586 894 808 959 Christi,
835 910 865 947 a
891 894 1140 949 ﬂuctibus
1178 895 1414 960 extrahi,
1447 896 1549 950 nisi
1599 896 1689 964 qui

141 991 232 1043 hoc
275 988 528 1042 numisma
573 1001 769 1040 census
813 986 865 1039 in
920 999 1014 1039 ore
1065 969 1263 1046 tulerit.
1315 984 1465 1040 Unde
1502 988 1691 1042 beatus

137 1080 352 1134 Hilarius
395 1078 623 1132 eximius
673 1077 877 1139 doctor,
926 1077 1069 1130 hunc
1108 1077 1333 1145 piscem,
1366 1076 1455 1145 qui
1485 1076 1690 1146 primus

133 1186 227 1241 pro
247 1169 447 1224 Christo
481 1183 511 1221 a
533 1167 694 1222 Petro
725 1167 952 1235 capitur,
988 1166 1119 1220 dicit
1141 1180 1258 1219 esse
1285 1166 1517 1234 primum
1545 1182 1686 1220 mar-

133 1271 294 1332 tyrem
324 1261 672 1331 Stephanum,
699 1260 789 1328 qui
825 1258 1032 1328 primus
1062 1273 1161 1328 pro
1185 1258 1403 1312 Christo
1433 1258 1691 1328 martyrio

132 1365 208 1407 est
237 1353 451 1417 oblatus,
475 1353 526 1406 in
555 1351 709 1421 cujus
743 1366 839 1405 ore
860 1359 1029 1405 stater
1052 1360 1135 1404 est
1164 1365 1305 1405 vera:
1335 1349 1690 1404 confessionis

131 1447 390 1512 inventus,
417 1454 470 1500 et
519 1445 696 1514 imago
739 1443 938 1498 Christi
983 1458 1239 1512 expressa
1285 1443 1338 1496 in
1383 1442 1684 1510 superficie,

129 1545 286 1606 atque
307 1535 556 1606 insculpta
581 1536 728 1589 intus
753 1544 806 1588 et
836 1533 987 1589 foris.
1015 1534 1115 1601 Qui
1143 1535 1350 1605 primus
1381 1543 1440 1587 ut
1464 1549 1689 1589 corona-

127 1639 276 1683 retur
301 1629 573 1699 martyrio,
621 1627 870 1682 ascendit
911 1628 976 1681 ad
1017 1629 1232 1682 hamum
1271 1626 1414 1680 Petri
1453 1627 1688 1679 rationa-

127 1722 307 1788 bilem,
333 1731 381 1777 et
408 1722 826 1791 comprehensus
849 1731 1009 1790 atque
1031 1720 1286 1784 salvatus,
1308 1721 1541 1789 primum
1572 1719 1688 1774 red-

123 1811 271 1875 didit,
298 1827 360 1866 ne
388 1811 522 1866 ultra
555 1811 779 1865 haberet
808 1811 861 1865 in
892 1827 990 1865 suo
1022 1826 1118 1864 ore
1150 1819 1402 1865 staterem
1435 1809 1685 1879 imaginis

119 1905 310 1960 terreni
339 1905 492 1975 regis,
529 1905 622 1959 sed
646 1919 744 1974 pro
773 1919 838 1958 eo
869 1904 1094 1958 haberet
1131 1904 1404 1974 didragma
1435 1885 1685 1956 sanctua-

117 1995 202 2054 rii.
240 1995 288 2049 id
316 2003 396 2048 est
423 1995 708 2064 imaginem
745 1993 868 2058 Dei;
911 1994 1036 2062 quia
1083 1993 1288 2064 eloquia
1317 1994 1527 2047 Domini
1581 1993 1685 2048 elo-

117 2086 237 2155 quia
259 2095 394 2139 casta
422 2083 594 2153 (Psal.
627 2101 704 2149 xi,
734 2085 789 2154 7)
817 2085 869 2138 in
901 2100 966 2138 eo
987 2093 1161 2139 erant.
1197 2085 1330 2139 l‘liuc
1367 2083 1686 2139 mirabiliter

117 2177 247 2230 satis
274 2184 436 2230 stater
478 2191 636 2242 unus,
663 2175 718 2230 id
746 2183 830 2230 est
870 2175 976 2229 duo
1028 2175 1246 2246 dragma
1289 2175 1342 2228 in
1387 2191 1482 2229 ore
1521 2175 1686 2245 piscis

119 2269 479 2334 inveniuntur,
515 2269 768 2338 quoniam
798 2277 918 2322 erat
946 2268 1058 2338 jam
1089 2270 1142 2322 in
1174 2284 1339 2323 censu
1373 2267 1686 2322 salvationis

111 2366 382 2428 humanae;
417 2372 474 2418 ut
512 2373 568 2418 et
600 2379 795 2419 census
823 2363 1056 2418 Caesaris
1085 2365 1318 2432 primum
1349 2363 1684 2428 redderetur,

110 2455 302 2509 deinde
346 2469 538 2510 census
587 2454 879 2510 sanctuarii
928 2454 1024 2508 Dei
1076 2454 1343 2508 nmnisma
1381 2453 1521 2522 quod
1571 2462 1688 2507 erat

107 2557 372 2602 sanctum.
401 2547 475 2600 De
502 2562 612 2616 quo
637 2546 834 2600 dicitur
848 2545 1000 2614 juxta
1033 2544 1408 2616 Septuaginta,
1439 2545 1686 2614 Accipies

105 2639 347 2707 quinque
384 2636 546 2692 Siclos
593 2637 888 2692 secundum
933 2637 1212 2706 didragma
1239 2645 1509 2699 sanctum,
1541 2635 1687 2705 quod

105 2740 162 2784 et
188 2746 287 2800 pro
307 2731 554 2786 omnibus
579 2730 700 2784 liliis
720 2730 882 2784 Israel
903 2730 1132 2785 dabatur
1147 2731 1301 2800 juxta
1327 2739 1486 2798 caput
1509 2729 1688 2784 unius-

103 2821 389 2891 cujusque.
422 2821 531 2876 Sed
565 2823 699 2891 quia
731 2837 834 2876 non
864 2822 990 2876 licet
1021 2822 1144 2876 ﬁliis
1173 2823 1320 2892 regni
1351 2821 1591 2876 etelestis
1617 2821 1690 2874 si-

101 2915 217 2968 mul
260 2914 456 2969 habere
505 2913 816 2984 didragmas
863 2913 1162 2968 sanctuarii
1196 2930 1317 2968 cum
1358 2912 1689 2968 didrachmis

98 3005 266 3072 hujus
311 3003 518 3068 mundi,
561 3005 798 3066 metallo,
833 3013 888 3060 ct
932 3005 1187 3074 pondere,
1220 3019 1283 3058 ac
1327 3004 1688 3057 charactismo

101 3096 502 3164 coinquinatas,
535 3094 730 3149 debent
758 3095 990 3164 primum
1019 3095 1264 3159 reddere,
1288 3092 1440 3162 juxta
1475 3093 1686 3147 Domini

97 3197 450 3256 praeceptum,
477 3184 698 3249 Caesari,
720 3187 810 3255 qui
835 3195 917 3240 est
943 3187 1193 3256 princeps
1225 3187 1380 3256 hujus
1406 3187 1612 3250 mundi,
1634 3194 1688 3240 et

98 3278 487 3331 abrenuntiare
510 3277 726 3342 saiculo,
745 3279 936 3332 deinde
968 3279 1076 3332 Deo
1106 3279 1328 3332 reddere
1347 3279 1687 3348 didragmum

93 3377 351 3421 sanctum
383 3367 526 3436 quod
558 3377 643 3421 est
669 3367 722 3421 in
751 3367 891 3437 lege,
920 3377 978 3422 ut
1020 3385 1086 3422 ex
1129 3369 1246 3438 ipso
1281 3370 1558 3440 didragmo
1604 3371 1688 3424 lex

91 3460 437 3528 compleatur
464 3470 520 3514 et
547 3461 912 3532 Evangelium.
947 3461 1154 3516 Idcirco
1196 3462 1298 3516 illis
1340 3463 1638 3516 dicentibus
1670 3480 1681 3515 :

91 3549 359 3619 Magister
375 3559 554 3604 vester
579 3567 682 3604 non
715 3551 1195 3622 solvit'didragma,
1228 3555 1484 3622 praecepit
1508 3553 1688 3607 Salva-

89 3649 188 3694 tor
210 3640 326 3692 dari
350 3649 605 3694 staterem
628 3641 718 3710 qui
743 3641 992 3695 inventus
1013 3651 1094 3695 est
1116 3642 1167 3694 in
1191 3657 1285 3695 ore
1307 3643 1489 3710 piscis,
1507 3643 1558 3695 in
1581 3657 1687 3711 quo

79 3739 256 3784 emnt
282 3729 388 3784 duo
414 3731 784 3800 didragmata;
820 3732 890 3785 ita
923 3741 982 3785 ut
1012 3749 1175 3786 unum
1203 3733 1479 3803 didragma
1508 3734 1685 3788 solva-

81 3832 182 3876 tur
209 3836 314 3890 pro
343 3821 497 3875 nobis
529 3821 717 3876 relicto
738 3822 954 3886 mundo,
984 3822 1130 3879 aliud
1161 3839 1289 3879 vero
1312 3823 1550 3878 solvatur
1577 3825 1688 3880 Deo

75 3911 341 3974 caelesti,
373 3911 600 3981 imagine
640 3913 693 3966 in
737 3914 891 3967 nobis
921 3915 1189 3968 reinduta.
1221 3914 1470 3984 Alioquin
1509 3916 1688 3971 nullus

74 4003 242 4056 liber
266 4010 354 4056 est
382 4017 412 4054 a
451 4004 662 4068 tributo,
690 4005 944 4072 quoniam
976 4005 1066 4074 qui
1102 4005 1269 4059 servit
1305 4016 1544 4074 peccato,
1574 4025 1687 4060 ser-

65 4112 180 4149 tas
218 4104 300 4147 est
337 4096 531 4164 peccati
568 4095 752 4164 (Joan.
789 4111 905 4159 xxx,
935 4096 1062 4165 25);
1095 4097 1186 4166 qui
1215 4106 1394 4150 autem
1428 4097 1478 4172 in
1511 4099 1688 4154 verbis

63 4187 212 4243 Jesu
245 4197 492 4253 manent,
524 4188 680 4243 liberi
723 4199 850 4246 sunt
893 4189 1141 4244 libertate
1179 4206 1281 4260 qua
1317 4190 1566 4245 Christus
1596 4207 1688 4248 eos

63 4282 368 4336 liberavit.
385 4282 453 4336 Et
466 4283 558 4352 qui
574 4282 726 4337 liberi
743 4283 1055 4352 sunt,725
1070 4284 1308 4338 charitas
1331 4292 1506 4338 vestra
1524 4300 1687 4355 quam

59 4373 258 4429 libere
311 4373 366 4427 in
411 4375 664 4428 omnibus
700 4374 993 4428 advocatus
1026 4384 1210 4430 noster
1249 4374 1556 4430 libertatem
1598 4393 1690 4432 no-

59 4477 259 4523 stram
302 4465 586 4532 defendat,
607 4475 662 4522 et
708 4468 975 4522 immunes
1006 4468 1134 4522 velit
1159 4484 1254 4523 nos
1288 4484 1409 4524 esse
1443 4470 1510 4523 ab
1541 4470 1688 4524 omni

53 4574 249 4613 censu
276 4559 385 4612 sub
413 4559 517 4612 hoc
550 4558 797 4626 exemplo
832 4567 893 4612 ut
921 4558 1054 4612 nihil
1090 4559 1234 4613 aliud
1262 4560 1551 4614 admodum
1596 4562 1685 4615 de-

49 4654 340 4716 beamus,
373 4651 480 4705 nisi
532 4659 593 4705 ut
630 4650 858 4706 invicem
903 4651 1216 4722 diligamus;
1259 4653 1515 4722 quoniam
1570 4653 1685 4707 haec

44 4744 308 4799 dilectio
340 4759 541 4799 census
565 4753 647 4799 est
677 4743 773 4799 Dei
801 4753 856 4799 et
885 4745 1137 4815 proximi.
1165 4744 1318 4800 Unde
1345 4745 1594 4800 Christus
1616 4761 1685 4801 ne

41 4836 408 4892 scandalum
442 4838 508 4892 de
537 4853 595 4892 se
623 4837 861 4907 praebeat
901 4837 1102 4907 impiis,
1135 4837 1202 4890 ad
1251 4837 1682 4894 informationem

40 4931 356 4985 doctrinae
381 4940 582 4986 nostrai
604 4940 821 5001 praestat
855 4938 909 4984 et
939 4929 1098 4985 solvit
1126 4929 1406 4984 tributum.
1444 4929 1684 4986 Sollicite

39 5007 306 5090 quidem
340 5021 454 5091 agit
477 5023 590 5091 ipse
612 5037 734 5075 cum
763 5022 836 5077 sit
864 5021 1019 5084 liber,
1044 5029 1100 5074 et
1125 5021 1230 5083 sui,
1263 5037 1330 5074 ne
1353 5021 1684 5075 scandaliza-

39 5121 141 5166 ret
178 5126 295 5166 eos
328 5112 423 5180 qui
459 5111 737 5182 didragma
781 5113 1023 5182 exigunt,
1051 5111 1135 5166 vel
1172 5127 1327 5181 reges
1371 5122 1553 5175 terrae,
1587 5127 1678 5168 seu

39 5203 211 5257 ﬁlios
244 5217 470 5258 eorum.
511 5204 685 5274 Rogat
723 5204 792 5258 ob
833 5205 936 5259 hoc
975 5203 1135 5260 Petro
1173 5214 1292 5258 arte
1337 5221 1432 5259 sua
1472 5205 1687 5274 perqui-

39 5312 188 5352 rere
247 5297 535 5366 quomodo
583 5298 820 5366 pretium
866 5297 1111 5352 exsolvat
1163 5297 1373 5362 tributi,
1407 5307 1465 5350 ut
1515 5297 1685 5352 libera

39 5387 116 5441 sit
151 5386 506 5454 praedicatio
533 5386 826 5458 Evangelii,
859 5396 912 5441 et
939 5388 1029 5441 dat
1072 5387 1376 5457 exemplum
1409 5388 1682 5454 omnibus,

40 5488 97 5531 ιι
139 5478 311 5540 dixi,
350 5481 602 5548 quamvis
632 5480 741 5533 sint
791 5480 983 5549 iniqui,
1025 5490 1079 5534 et
1127 5481 1300 5546 avari,
1327 5481 1417 5550 qui
1464 5481 1686 5550 exigunt

40 5573 404 5642 rectigalia,
439 5589 504 5627 ne
551 5573 980 5628 scandalizemus
1034 5572 1402 5641 hujuscemodi
1447 5574 1692 5628 homines

39 5679 144 5716 pro
211 5663 606 5733 peculiaribus
653 5665 836 5724 rebus.
881 5680 946 5718 ne
1002 5663 1140 5720 forte
1197 5666 1424 5736 amplius
1467 5674 1688 5736 peccent

40 5755 477 5822 candalizati;
505 5766 598 5812 aut
617 5756 661 5813 si
688 5756 829 5813 forte
853 5758 1132 5829 contingat
1161 5759 1455 5824 benelicus,
1486 5774 1683 5830 provo-

1797 523 2022 589 Christi,
2051 533 2106 579 et
2141 534 2420 590 sanentur,
2445 529 2700 596 quoniam
2734 530 2855 584 talis
2884 533 3148 587 exsolutio
3179 550 3376 594 census

1794 617 2015 673 libertas
2038 620 2089 672 in
2117 618 2332 674 Christo
2357 627 2454 675 est.
2485 621 2550 674 Et
2579 621 2698 675 ideo
2725 624 2962 679 caelestis
2990 619 3175 680 orator
3200 637 3377 682 osten-

1794 709 1871 764 dit
1909 724 2006 777 pro
2048 709 2179 771 suis,
2212 709 2337 778 quia
2366 726 2556 764 omnes
2599 710 2752 766 liberi
2796 723 2940 778 sunt,
2979 723 3186 770 tantum
3217 732 3285 772 ne
3313 717 3378 771 li-

1791 801 2053 855 bertatem
2084 801 2284 855 Christi
2316 811 2530 856 vertant
2564 803 2614 856 in
2652 805 2982 859 scandalum.

1865 892 2015 962 (Car.
2044 891 2248 961 XVlll.)
2274 892 2339 946 In
2361 892 2452 946 illa
2474 895 2604 947 liora
2640 905 2967 950 accesserunt
2997 897 3066 950 ad
3091 897 3274 952 Jesum
3295 898 3377 952 di-

1792 985 1978 1053 scipuli
2015 985 2128 1054 ejus
2149 985 2378 1038 dicentes
2406 1001 2424 1038 :
2452 984 2604 1050 Quis,
2628 997 2802 1055 putas,
2830 989 3002 1057 major
3034 999 3108 1043 est
3138 991 3191 1043 in
3221 1007 3378 1060 regno

1791 1077 2075 1130 caelorum?
2102 1075 2214 1130 Non
2247 1077 2362 1131 sine
2390 1093 2551 1131 causa
2581 1078 2818 1133 additum
2853 1089 2954 1145 est,
2990 1082 3042 1135 iu
3075 1081 3162 1135 illa
3208 1081 3377 1147 hora,

1792 1165 1875 1219 vel
1906 1168 1958 1220 in
1992 1165 2080 1218 illa
2109 1166 2194 1220 dic
2212 1165 2366 1233 juxta
2391 1168 2674 1223 veritatem
2697 1170 2965 1250 codicum:
2991 1171 3066 1228 Et,
3081 1171 3199 1226 ideo
3227 1187 3378 1242 qua:-

1793 1260 2019 1312 rendmn
2047 1259 2276 1321 aestimo,
2309 1258 2437 1327 quid
2462 1273 2686 1315 necesse
2707 1259 2872 1316 fuerit
2923 1261 3199 1328 Matthzeo,
3253 1278 3378 1318 cum

1794 1356 1940 1401 tanta
1967 1348 2244 1415 diligentia
2271 1349 2471 1402 addere
2514 1350 2653 1403 hanc
2687 1349 3068 1418 adjectionem,
3102 1368 3208 1422 qua
3261 1353 3375 1406 ait:

1791 1439 1859 1494 In
1890 1439 1981 1493 illa
2003 1441 2134 1493 liora
2156 1451 2483 1494 accesserunt
2528 1442 2771 1511 discipuli
2795 1443 2864 1496 ad
2893 1443 3099 1508 Iesum,
3125 1446 3376 1511 dicentes,

1794 1531 1943 1596 Quis,
1975 1541 2149 1601 putas,
2167 1532 2342 1601 major
2367 1543 2440 1586 est
2462 1533 2518 1586 in
2544 1550 2697 1604 regno
2723 1534 3378 1606 caelorum?Neduaquam

1793 1625 1956 1695 igitur
2017 1625 2246 1678 dixerim
2293 1626 2409 1680 sine
2456 1641 2616 1680 causa
2673 1628 2773 1681 hoc
2829 1627 3041 1683 fecisse.
3076 1627 3181 1683 Sed
3233 1629 3378 1698 quod

1793 1731 1933 1786 saepe
1959 1717 2162 1780 monui,
2193 1718 2294 1771 hoc
2323 1724 2405 1771 est
2453 1718 2596 1786 quod
2626 1718 2890 1772 dictiones
2922 1719 3251 1788 singularum
3287 1735 3378 1774 re-

1713 1793 1762 1852 Β
1791 1825 1931 1873 rum,
1979 1818 2034 1863 et
2068 1825 2245 1863 causa:
2275 1809 2446 1878 plenae
2477 1819 2604 1863 sunt
2648 1810 2918 1865 sensibus.
2969 1810 3120 1866 Unde
3162 1811 3378 1866 Marcus

1787 1902 1861 1954 ait
1886 1880 2171 1971 quodcum
2211 1903 2490 1955 venissent
2518 1901 2920 1970 Capharnaum,
2945 1912 2992 1956 et
3022 1913 3187 1957 essent
3211 1904 3375 1967 danti,

1786 1992 2140 2061 interrogabat
2185 2009 2271 2046 eos
2302 1992 2428 2062 quid
2457 1993 2509 2044 in
2544 1994 2625 2045 via
2656 1993 3083 2046 tractabatis?At
3125 1993 3206 2046 illi
3233 2003 3376 2047 tare-

1789 2083 1930 2136 bant.
1988 2083 2260 2152 Siquidem
2307 2083 2440 2135 inter
2488 2099 2542 2136 se
2588 2085 2643 2136 in
2679 2084 2759 2136 via
2806 2084 3216 2152 disputaverunt,
3259 2085 3377 2154 quis

1786 2183 1915 2227 esset
1947 2173 2156 2226 illorum
2208 2173 2380 2242 major
2422 2171 2618 2243 (Marc.
2666 2189 2744 2238 1x,
2782 2173 2872 2239 55,
2903 2174 3015 2245 54).
3046 2173 3222 2230 Lucas
3246 2190 3377 2229 vero

1786 2275 1994 2330 narrat,
2025 2267 2166 2335 quod
2201 2267 2487 2320 intraverit
2515 2267 2772 2338 cogitatio
2813 2268 2866 2322 in
2893 2283 3010 2333 eos,
3042 2269 3164 2338 quis
3187 2283 3374 2324 eorum

1786 2357 1960 2426 major
2005 2367 2166 2412 esset.
2219 2339 2297 2411 Es
2347 2359 2544 2427 quibus
2594 2360 2950 2427 perdocemur
3005 2360 3198 2425 dictis,
3247 2365 3376 2430 quia

1787 2449 2147 2518 Evangelistze
2199 2449 2254 2502 in
2285 2449 2433 2504 nullo
2461 2448 2604 2502 inter
2631 2465 2690 2502 se
2721 2449 3068 2513 dissentiunt,
3092 2449 3186 2503 sed
3211 2464 3376 2503 unum

1788 2543 2062 2612 explicant
2087 2557 2329 2605 sensum,
2362 2549 2421 2594 ut
2449 2539 2745 2611 intelligere
2771 2541 3038 2608 possimus
3074 2541 3222 2609 quod
3249 2553 3376 2608 apo-

1787 2635 1910 2690 stoli
1940 2635 2115 2688 adhuc
2139 2633 2280 2688 inter
2301 2647 2360 2687 se
2383 2633 2584 2686 invidia
2616 2635 2994 2687 movebantur.
3015 2632 3163 2698 Quos
3193 2633 3377 2686 Domi-

1789 2742 1890 2781 nus
1919 2727 2104 2780 volens
2127 2742 2155 2779 a
2183 2725 2353 2779 livore
2375 2739 2572 2778 sanare
2598 2724 2832 2788 invidiae,
2870 2724 3113 2778 insinuat
3144 2738 3201 2778 se
3222 2724 3377 2794 juxta

1788 2819 2027 2874 Marcum
2057 2829 2112 2874 et
2131 2819 2352 2882 Lucam,
2373 2819 2571 2887 ubique
2599 2827 2659 2872 ut
2684 2819 2850 2872 Deuni
2882 2833 3003 2873 esse
3031 2826 3375 2888 praesentem,

1791 2929 1948 2982 quem
1999 2912 2144 2966 nulla
2173 2912 2354 2967 cordis
2384 2920 2594 2965 secreta
2623 2911 2807 2965 latent.
2838 2911 3043 2965 Idcirco
3077 2924 3172 2965 eos
3211 2911 3379 2965 inter-

1790 3017 1946 3078 rogat
1973 3008 2025 3060 in
2057 3007 2140 3060 via
2183 3007 2311 3076 quid
2353 3006 2516 3076 726
2564 2993 2922 3060 tractasscnt?
2953 3003 3057 3058 Sed
3095 2999 3379 3058 Matthzeus

1790 3098 1978 3153 volens
2025 3099 2312 3152 ostendere
2345 3098 2484 3156 unde
2531 3097 2646 3152 haec
2675 3096 3009 3164 conqmestio
3061 3103 3178 3150 orta
3211 3102 3378 3158 esset,

1793 3190 1906 3243 ait:
1936 3188 2004 3242 In
2050 3189 2141 3242 illa
2168 3190 2298 3242 hora
2336 3198 2664 3242 accesserunt
2708 3187 2954 3258 discipuli
2991 3189 3060 3241 ad
3088 3187 3292 3252 Iesum,
3325 3188 3378 3242 id

1791 3293 1872 3336 est
1901 3283 2115 3350 quando
2144 3298 2241 3351 pro
2278 3280 2440 3336 Petro
2483 3290 2538 3336 et
2567 3297 2664 3350 pro
2693 3281 2919 3335 Domino
2944 3283 3086 3335 idem
3117 3281 3378 3336 tributum

1790 3371 2058 3425 redditmn
2086 3371 2287 3424 vident.
2327 3370 2591 3424 Arbitrati
2623 3378 2748 3423 sunt
2776 3371 2920 3424 enim
2962 3387 3058 3440 per
3081 3372 3184 3425 hoc
3207 3371 3381 3424 maxi-

1790 3477 1938 3516 mum
1971 3477 1998 3514 a
2034 3461 2261 3514 Domino
2292 3461 2554 3514 honorem
2609 3461 2772 3529 Petrq
2817 3476 2959 3518 esse.
2995 3460 3274 3523 collatum,
3323 3472 3382 3515 ut

1791 3561 1900 3606 tam
1931 3568 1997 3607 ex
2051 3553 2154 3607 hac
2191 3552 2479 3607 occasione
2526 3567 2686 3620 quam
2734 3561 2782 3606 et
2845 3567 2956 3620 pra:
3009 3551 3222 3606 caeteris
3271 3552 3384 3606 suis

1789 3658 1952 3712 quam
1978 3659 2118 3712 salpe
2148 3642 2443 3712 privilegiis
2468 3642 2608 3694 inter
2634 3656 2692 3696 se
2721 3641 3101 3709 dijudicareut,
3124 3659 3246 3697 eum
3271 3657 3375 3697 ca:-

1790 3738 1924 3793 teris
1975 3737 2252 3807 discipulis
2306 3737 2358 3790 in
2409 3751 2574 3806 regno
2624 3735 2907 3798 ca-lorum,
2946 3735 3222 3789 meliorem
3261 3749 3384 3790 esse

1789 3828 2057 3884 futurum.
2091 3828 2244 3884 Unde
2271 3829 2532 3898 suspicati
2582 3839 2728 3893 sunt,
2757 3829 2799 3882 si
2838 3827 3242 3898 interrogarent
3281 3827 3385 3880 Do-

1791 3922 2019 3985 minum,
2049 3920 2193 3990 quod
2246 3929 2301 3975 et
2330 3919 2597 3984 fecerunt,
2621 3919 2744 3973 licet
2786 3919 2898 3987 jam
2930 3918 3161 3972 convicti
3181 3903 3384 3990 ,ηιξοᾲ

1789 4013 1906 4068 Ιιωθ
1934 4015 2075 4066 inter
2101 4029 2158 4067 se
2181 4012 2660 4066 confabularentur
2687 4012 2738 4065 in
2764 4011 2867 4074 via,
2892 4020 2952 4063 ut
2979 4018 3202 4077 possent
3222 4019 3385 4064 caute

1792 4104 2199 4174 deprehendere
2229 4102 2505 4171 responsis
2539 4101 2773 4165 Domini,
2805 4109 2984 4155 utrum
3016 4100 3208 4155 Petrus
3243 4117 3385 4172 pra:—

1791 4194 1987 4250 cellere
2020 4196 2241 4249 deberet
2272 4193 2439 4264 gradu
2473 4193 2716 4257 honoris,
2765 4208 2832 4245 an
2879 4201 2932 4246 et
2961 4190 3231 4256 Joannes,
3290 4192 3384 4260 qui

1792 4288 1964 4358 magis
1993 4303 2021 4340 a
2046 4285 2273 4340 Domino
2313 4285 2619 4348 amabatur,
2653 4284 2920 4354 comquari
2946 4285 2994 4338 ei
3026 4294 3240 4355 posset,
3287 4301 3382 4340 seu

1793 4377 2027 4434 Iacobus
2072 4394 2194 4432 cum
2252 4377 2384 4446 ipsis
2406 4378 2810 4441 connmnerari,
2838 4378 2962 4447 quia
2995 4387 3050 4432 et
3095 4377 3208 4446 ipse
3259 4395 3385 4434 cum

1713 4499 1768 4560 Β
1794 4471 1998 4526 eisdem
2029 4471 2080 4523 in
2126 4480 2310 4524 monte
2336 4479 2647 4539 assumptus
2678 4470 2872 4523 fuerat.
2899 4468 3014 4525 Hoc
3042 4485 3172 4541 ergo
3197 4470 3386 4527 volens

1793 4563 2078 4618 ostendere
2121 4560 2433 4625 Mattheus,
2481 4560 2624 4628 quod
2664 4560 2766 4614 ista
2813 4559 2956 4614 inter
3013 4575 3072 4614 se
3133 4561 3384 4630 discipuli

1795 4662 1942 4708 retro
1971 4651 2311 4716 molirentur,
2337 4667 2461 4705 cum
2490 4651 2715 4705 dixisset
2738 4649 2897 4706 Jesus
2921 4652 2988 4706 de
3036 4661 3238 4708 statere
3285 4669 3386 4706 nu-

1793 4745 2062 4800 mismatis
2083 4745 2261 4808 Petro,
2291 4744 2444 4799 Hunc
2476 4743 2748 4813 accipiens
2783 4745 2948 4800 redde
2976 4759 3075 4814 pro
3103 4761 3188 4799 me
3217 4754 3272 4799 et
3307 4755 3384 4812 te,

1793 4838 1860 4893 In
1887 4838 1980 4891 illa
2004 4840 2156 4901 hora,
2187 4838 2382 4906 inquit,
2409 4837 2491 4889 vel
2523 4838 2572 4890 in
2606 4837 2692 4891 illa
2719 4838 2826 4901 die,
2857 4848 3184 4892 accesserunt
3223 4837 3384 4890 disci-

1793 4930 1904 5001 puli
1931 4930 2000 4982 ad
2017 4929 2198 4983 Iesum
2224 4929 2483 4982 dicentes:
2502 4927 2656 4993 Quis,
2673 4940 2850 4998 putas,
2867 4927 3039 4998 major
3051 4939 3124 4981 est
3149 4928 3203 4980 in
3227 4942 3386 4996 regno
3429 4999 3438 5004 ν

1797 5021 2083 5075 caelorum?
2106 5019 2378 5074 Fortassis
2423 5035 2551 5089 ergo
2583 5021 2702 5074 ideo
2735 5021 2929 5075 iterum
2957 5034 3050 5072 eos
3097 5015 3388 5071 revocabat

1795 5115 2000 5186 opinio,
2038 5124 2259 5184 propter
2300 5114 2442 5183 quod
2495 5113 2705 5168 dixerat
2755 5112 2911 5169 Jesus
2947 5113 3061 5183 jam
3111 5126 3272 5181 supra
3318 5110 3387 5165 ad

1793 5206 2037 5272 Petrum,
2066 5207 2208 5275 quod
2235 5206 2354 5260 aliis
2384 5222 2490 5260 non
2521 5206 2738 5260 dixerat
2767 5204 3045 5273 discipulis
3071 5222 3084 5256 :
3123 5201 3270 5257 Vade
3302 5218 3386 5256 rc-

1793 5308 1872 5353 tro
1924 5316 2026 5363 me,
2071 5298 2316 5353 Satana:
2351 5298 2662 5352 scandalum
2689 5316 2741 5350 es
2783 5298 2928 5360 mihi,
2957 5296 3080 5366 quia
3111 5311 3214 5349 non
3244 5293 3384 5363 sapis

1793 5410 1853 5447 ea
1891 5410 2008 5462 quw
2036 5393 2136 5446 Dei
2161 5403 2299 5453 sunt,
2334 5391 2424 5446 sed
2444 5407 2560 5461 qua:
2584 5391 2852 5444 hominum
2887 5387 3103 5457 (Matth.
3127 5402 3240 5460 va,
3267 5385 3383 5456 25),

1803 5502 1870 5539 ne
1903 5484 2039 5538 forte
2071 5485 2140 5538 ob
2189 5483 2351 5537 talem
2402 5498 2644 5546 causam,
2694 5480 2779 5535 vel
2833 5476 3226 5546 hujuscemodi,
3277 5491 3387 5530 non

1800 5585 1944 5630 esset
1974 5574 2144 5643 major
2173 5575 2398 5637 Petrus,
2425 5573 2516 5626 sed
2562 5588 2701 5625 unus
2736 5587 2801 5625 ex
2847 5570 3058 5624 duobus
3107 5569 3384 5634 fratribus,

1798 5668 1888 5737 qui
1921 5683 2045 5721 cum
2074 5681 2139 5721 eo
2170 5682 2275 5720 uno
2327 5665 2378 5717 in
2422 5662 2604 5716 multis
2645 5664 2939 5715 utebantur
2981 5661 3263 5731 privilegio
3293 5659 3388 5713 ho-

1795 5761 1964 5816 noris.
2007 5758 2117 5814 Nec
2164 5758 2327 5828 igitur
2377 5753 2700 5826 ignorabant
2752 5756 2818 5812 de
2847 5753 3054 5812 Joanne
3096 5753 3388 5810 Dominum
