4008 6354
655 279 757 336 uos

1467 277 1526 335 8.
1569 276 1925 335 PASCHASll
1963 276 2309 334 RADBERTI
2341 277 2633 337 ABBATIS
2667 277 3117 337 GORBBIENSIS

3745 297 3831 361 ωή

648 388 762 456 jam
784 397 932 449 retro
956 388 1180 454 dixisse,
1201 388 1352 444 Inter
1378 400 1529 445 notos
1557 389 1837 445 mulierum
1886 406 1987 444 non
2013 390 2238 443 surrexit
2270 395 2318 454 Α
2348 397 2523 443 turam
2552 387 2723 445 fuisse
2743 404 2854 445 sua:
2880 390 3075 447 aetatis.
3099 388 3252 457 Quod
3283 403 3453 451 autem
3476 409 3590 453 eum
3608 400 3656 457 iu
3690 406 3827 462 medio

656 478 830 549 major
858 476 1066 533 Joanne
1093 477 1334 547 Baptista
1358 478 1575 548 (Matth.
1607 496 1683 543 χι.
1720 480 1825 547 ll).
1852 478 1919 534 Et
1942 479 2064 533 ideo
2100 480 2152 533 in
2179 494 2246 535 eo

658 583 849 640 regno,
881 568 1005 637 quia
1034 567 1185 623 multi
1226 570 1404 638 magni
1437 580 1616 634 erunt,
1647 580 1895 638 qurerunt
1926 570 2048 639 quis
2076 567 2247 637 major

660 662 802 717 inter
828 677 1053 732 magnos
1095 676 1216 717 esse
1241 662 1472 717 debeat?
1510 664 1640 729 Qum
1690 663 1945 718 nimirum
1993 664 2241 733 quaeatio,

659 754 784 824 quia
836 754 888 807 in
927 754 1009 807 via
1042 768 1137 809 eos
1184 753 1324 808 forte
1356 755 1647 809 decoxerat
1690 771 1754 809 ac
1779 755 1824 810 si
1865 754 2080 810 flamma
2120 746 2243 823 zeli,

657 847 1052 901 convincuntur
1068 847 1181 917 jam
1221 850 1275 901 ιἰι
1302 848 1462 902 domo
1495 848 1721 916 recepti,
1755 847 1952 901 talizius
2000 863 2059 903 se
2108 848 2246 902 invi-

658 955 775 994 cem
806 939 1055 1009 alloquiis
1082 940 1149 995 ad
1203 940 1459 994 invidiam
1492 942 1869 995 commovisse.
1904 940 2054 996 Tunc
2105 942 2250 996 fece-

660 1040 808 1093 runt,
834 1031 988 1100 jgxta
1019 1030 1352 1097 Matthaeum,
1400 1034 1541 1101 quod
1576 1032 1804 1103 primtnn
1843 1033 2021 1088 facere
2048 1033 2247 1090 debue-

660 1130 801 1174 rant.
826 1124 1183 1177 Accesserant
1204 1124 1317 1194 jam
1344 1125 1490 1178 domi
1536 1140 1658 1179 cum
1696 1136 1879 1181 essent
1906 1134 1960 1180 et
1990 1127 2243 1191 convicti,

658 1214 810 1282 quasi
845 1214 1091 1284 discipuli
1115 1217 1183 1269 ad
1223 1215 1561 1287 Magistrum,
1582 1220 1944 1288 propo'nentes
1965 1218 2246 1287 prtefatam

660 1304 1139 1376 interrogationem
1175 1308 1299 1378 quis
1352 1323 1541 1364 eorum
1577 1320 1721 1365 esset
1771 1311 1961 1378 major.
2004 1313 2246 1378 Quorum

658 1394 962 1452 imitatores
1006 1407 1061 1451 et
1102 1414 1202 1453 nos
1223 1400 1445 1455 omnino
1482 1414 1603 1455 esse
1628 1401 1992 1464 debemus,-si
2030 1401 2246 1469 quando

662 1487 862 1556 aliquid
910 1489 1051 1545 inter
1080 1506 1213 1557 nos,
1261 1493 1416 1560 quasi
1447 1492 1668 1548 dubiant
1698 1496 1960 1558 evenerit,
1989 1510 2087 1563 pro
2137 1508 2247 1562 quo

661 1578 876 1650 aliquod
907 1582 1039 1637 oriri
1070 1593 1252 1653 posset
1280 1588 1592 1655 scrupulum
1617 1589 1683 1643 ad
1714 1589 1965 1642 invicem.
1999 1588 2104 1642 Sed
2127 1588 2246 1657 pius

655 1669 933 1740 inspector
981 1674 1402 1746 benignissimus
1449 1677 1607 1733 Jesus
1662 1679 1851 1733 videns
1887 1679 2243 1748 cogitationes

2346 494 2531 534 eorum
2553 480 2825 549 proponit,
2843 480 3081 535 insinuat
3107 482 3247 550 quod
3271 483 3381 540 haec
3404 486 3560 544 virtus
3574 490 3685 547 nulli
3703 493 3828 569 738

2345 571 2567 640 propius
2592 582 2696 635 est,
2730 585 2836 625 non
2866 571 3050 635 Petro,
3084 586 3190 627 non
3233 570 3441 640 Joanni,
3464 592 3609 645 quam
3650 587 3831 655 uteris,

2346 670 2439 725 sed
2466 671 2719 725 omnibus
2743 671 2834 740 qui
2857 686 2979 724 eam
3008 670 3266 742 elegerint
3296 673 3438 741 sequi
3464 678 3725 732 communis
3751 691 3826 737 est.

2346 760 2460 815 Non
2494 772 2551 817 ut
2590 771 2803 818 attatem
2851 762 3083 819 habeant
3126 764 3401 832 puerilem,
3426 766 3513 821 sed
3542 768 3832 829 humilitatem

2346 864 2509 925 atque
2538 856 2922 919 innocentiam,
2954 873 3117 926 qttam
3162 857 3233 913 illi
3262 871 3355 926 per
3391 867 3588 915 aetatem
3626 876 3832 919 annumin

2345 949 2645 1017 possident,
2673 949 2759 1003 isti
2793 964 2887 1018 per
2916 948 3261 1012 industriam,
3310 958 3364 1004 et
3389 950 3623 1005 virtutem
3655 952 3834 1008 habeant

2344 1041 2618 1108 puritatis.
2647 1039 2994 1110 Nequaquam
3044 1040 3209 1111 igitur
3253 1055 3437 1109 parum
3479 1050 3557 1096 est
3587 1042 3835 1098 virtutista-

2349 1128 2476 1183 lium
2506 1131 2758 1184 imitatio.
2791 1131 2925 1197 Quia
2953 1131 2998 1185 si
3027 1133 3150 1201 quis
3178 1132 3259 1185 vir
3299 1133 3602 1186 constitutus
3622 1147 3678 1186 eo
3710 1147 3834 1201 usque

2347 1223 2756 1275 mortificaverit
2799 1222 2984 1277 viriles
3014 1222 3473 1290 concupiscentias
3493 1237 3607 1275 suas
3627 1222 3671 1275 in
3691 1221 3835 1289 spiritu

2346 1322 2400 1367 et
2421 1314 2729 1384 corporales
2760 1322 2935 1377 actus,
2965 1324 3023 1368 ut
3048 1327 3263 1383 semper
3290 1325 3506 1368 mortem
3529 1311 3640 1366 Jesu
3661 1312 3834 1368 circum-

2347 1402 2486 1458 ferat
2523 1405 2577 1458 in
2630 1419 2856 1474 corpore
2914 1419 3032 1469 suo,
3091 1404 3165 1459 ita
3222 1412 3281 1458 ut
3325 1418 3455 1473 puer
3495 1403 3578 1472 qui
3619 1401 3833 1456 muliebria

2345 1496 2582 1549 nondum
2614 1496 2862 1559 tentavit,
2907 1511 3007 1552 nec
3036 1496 3208 1552 sensit
3238 1505 3414 1550 motus
3437 1493 3624 1557 viriles,
3645 1492 3727 1547 iste
3746 1492 3835 1551 talis

2346 1602 2641 1643 conversus
2669 1587 2845 1643 factus
2870 1598 2953 1643 est
2982 1590 3124 1644 sicut
3149 1603 3303 1659 puer,
3352 1585 3498 1654 cujus
3525 1587 3718 1641 necdum
3744 1592 3834 1638 sunt

2344 1681 2486 1734 oculi
2539 1681 2740 1751 aperti;
2789 1696 2923 1750 quos
2958 1680 3097 1736 male
3148 1689 3365 1749 apertos
3410 1678 3462 1732 in
3512 1677 3681 1740 Adam,
3706 1674 3835 1729 adhuc

653 1775 839 1818 eorum
889 1774 943 1820 et
990 1782 1184 1823 causas
1217 1771 1349 1824 tanti
1396 1771 1599 1825 erroris
1635 1770 1795 1840 727
1852 1770 2230 1853 intelligente-5,
2269 1757 2314 1817 Β
2343 1770 2502 1826 hodie
2562 1770 2673 1839 jam
2728 1780 2952 1840 propter
3011 1784 3228 1839 plenam
3281 1766 3513 1839 peccati,
3555 1764 3687 1819 valde
3728 1762 3831 1818 dole-

654 1855 823 1912 voluit
867 1858 1164 1917 clementer
1211 1864 1537 1918 desiderium
1568 1866 1752 1934 gloria:
1787 1880 1816 1919 a
1858 1867 2111 1921 cordibus
2136 1883 2233 1921 eo-

652 1960 772 2000 rum
840 1964 1121 2006 removere
1172 1955 1656 2025 contentionesque
1709 1972 1940 2022 sanare,
1994 1960 2236 2015 antidoto

657 2039 1011 2109 humilitatis,
1062 2044 1135 2099 ita
1162 2055 1221 2100 ut
1249 2048 1527 2117 sapienter
1574 2058 1767 2105 cuncta
1806 2066 1993 2107 eorum
2018 2060 2237 2108 curaret

652 2126 899 2184 vulnera.
1242 2128 1251 2137 ’

724 2221 997 2277 Aduocans
1028 2241 1188 2279 unum
1214 2227 1489 2295 parvulum
1521 2231 1703 2284 statuit
1728 2247 1845 2287 eum
1876 2234 1929 2287 in
1958 2234 2127 2288 medio
2147 2249 2235 2288 eo-

655 2327 793 2367 rum.
812 2313 973 2369 .Multi
1001 2318 1217 2386 quidem
1263 2322 1331 2374 de
1364 2322 1462 2377 hoc
1490 2338 1658 2391 puero
1683 2335 1952 2395 quaarunt,
1980 2335 2235 2383 utrumne

653 2404 973 2476 sim‘pliciter
1024 2413 1399 2483 accipiendum
1433 2418 1501 2470 sit
1530 2417 1673 2486 quod
1706 2420 1957 2475 statuerit
2005 2420 2239 2489 quemli-

650 2493 746 2549 bet
773 2511 939 2552 unum
966 2500 1031 2555 de
1051 2504 1309 2571 parvulis,
1333 2521 1401 2560 an
1428 2506 1567 2563 forte
1592 2510 1831 2580 seipsum
1854 2512 1934 2565 eis
1955 2512 2235 2582 proposuit

652 2586 720 2639 ad
754 2590 1081 2660 exemplum,
1115 2595 1197 2649 vel
1230 2608 1379 2651 certe
1408 2598 1691 2665 Joannem,
1733 2602 1824 2670 qui
1853 2616 2042 2656 eorum
2073 2613 2235 2660 astate

645 2674 833 2768 junior
859 2682 1163 2741 videbatur.
1202 2688 1338 2756 Quia
1367 2692 1688 2759 quihusdam
1730 2695 1796 2749 de
1835 2696 2075 2765 quolibet
2104 2713 2231 2768 par-

652 2767 776 2824 vulo
823 2771 1116 2846 incongrua
1166 2780 1380 2835 videtur
1427 2784 1810 2851 propositionis
1862 2767 2229 2856 comparatio,

652 2859 778 2916 dum
803 2873 856 2918 et
882 2870 1108 2934 parvulo
1137 2872 1278 2926 nulla
1329 2875 1508 2930 adhuc
1562 2878 1615 2930 in
1656 2879 1852 2934 talibus
1899 2882 2056 2936 annis
2106 2898 2235 2951 pru-

651 2955 831 3012 dentia
875 2961 1017 3033 viget
1057 2981 1162 3036 qua
1209 2969 1382 3024 virtus
1413 2982 1691 3039 eperetur,
1743 2991 1919 3045 neque
1961 2977 2039 3032 sic
2069 2978 2231 3034 alieni

647 3057 772 3141 sunt
814 3066 843 3105 a
874 3054 1032 3117 vitiis.
1078 3073 1146 3113 ne
1174 3060 1243 3114 sit
1292 3061 1344 3115 in
1376 3062 1456 3117 eis
1487 3064 1645 3119 insita
1702 3066 1786 3121 lex
1839 3071 2069 3137 peccati,
2122 3066 2257 3141 qua

2339 1876 2478 1915 mus.

2409 1952 2476 2008 Et
2506 1952 2626 2009 ideo
2656 1950 2839 2015 talem,
2870 1959 2931 2007 ut
2978 1951 3164 2016 credo,
3195 1951 3250 2006 in
3285 1949 3458 2007 medio
3501 1962 3664 2004 eorqu
3698 1945 3833 1999 statuit

2338 2044 2644 2114 parvulum,
2676 2045 2730 2098 in
2758 2046 2914 2115 cujus
2939 2044 3252 2099 innocentia
3276 2054 3328 2100 et
3356 2041 3669 2112 simplicitate
3685 2036 3830 2102 cordis,

2339 2136 2488 2191 illum
2529 2137 2700 2191 Adam
2728 2138 2819 2206 qui
2859 2135 3034 2193 fuerat
3061 2147 3187 2192 ante
3229 2146 3523 2207 peccatum,
3551 2140 3832 2189 sanctumro-

2337 2239 2712 2299 pnesentaret,
2735 2228 2876 2285 forte
2915 2231 2968 2285 in
2992 2231 3172 2300 seipso
3192 2228 3309 2298 jam
3337 2238 3593 2291 renatum;
3614 2239 3703 2280 nou
3723 2230 3834 2276 utto-

2340 2328 2452 2374 tum
2481 2321 2824 2390 insipienti-aa.
2854 2320 2998 2389 quod
3044 2332 3165 2376 erat
3199 2319 3343 2375 infra
3372 2334 3555 2384 annos,
3599 2315 3681 2371 sed
3712 2320 3835 2367 totum

2339 2413 2663 2469 innocentia:
2702 2425 2757 2468 et
2802 2412 3058 2483 puritatis
3091 2420 3483 2480 sequerentur,
3523 2406 3652 2477 quod
3681 2410 3771 2458 erat
3798 2400 3838 2454 iu

2338 2511 2532 2557 natura
2579 2502 2730 2573 pueri
2775 2503 2981 2572 absque
3028 2502 3178 2557 vitio.
3208 2501 3288 2559 Ut
3316 2510 3508 2571 quanta
3527 2494 3722 2566 amplius
3740 2493 3837 2561 ipso-

2338 2607 2457 2647 rum
2474 2593 2718 2663 .quisque
2765 2592 3225 2663 appmpinquaret
3264 2607 3404 2646 vera:
3432 2584 3713 2645 innocentia:
3749 2592 3838 2652 pro-

2338 2684 2595 2750 fectibus,
2647 2686 2909 2741 recedens
2936 2685 3005 2739 ab
3045 2682 3365 2753 lmjustuodi
3406 2697 3520 2752 quae
3547 2686 3704 2750 postea
3734 2669 3835 2726 acci-

2338 2776 2496 2840 dunt,
2524 2785 2580 2832 et
2607 2785 2932 2832 accrescunt
2960 2774 3014 2831 in
3046 2775 3203 2830 nobis
3233 2773 3590 2844 passionibus,
3614 2774 3736 2821 tanto
3759 2776 3836 2814 am-

2335 2865 2477 2935 plius
2511 2865 2726 2921 cteteris
2753 2848 3181 2930 continentibus,
3210 2874 3278 2921 et
3317 2868 3383 2921 ad
3410 2860 3677 2935 perfectum
3698 2866 3833 2911 asoto-

2337 2957 2466 3011 dere
2509 2972 2616 3012 non
2645 2956 2979 3021 valentibus,
3024 2955 3199 3023 major
3227 2956 3493 3011 habeatur
3518 2952 3567 3005 in
3594 2960 3729 3018 regno
3759 2952 3836 2994 cot-

2337 3049 2532 3113 lorum.
2590 3048 2765 3116 Quam
2835 3063 2968 3105 sane
3028 3046 3281 3119 regulam
3336 3043 3669 3114 unusquisque
3714 3035 3755 3091 in
3796 3042 3835 3085 se

648 3136 954 3197 irascantur
976 3154 1033 3200 et
1073 3161 1396 3205 moveantur
1421 3169 1590 3223 usque
1616 3157 1681 3210 ad
1713 3156 1889 3213 fletus.
1922 3160 2032 3215 Nec
2056 3120 2231 3217 atten-

2337 3151 2714 3213 recompenset
2742 3152 2800 3197 et
2845 3142 3029 3200 videat
3064 3142 3117 3196 in
3148 3142 3234 3196 b‘is
3284 3140 3455 3195 adhuc
3483 3138 3532 3192 in
3569 3135 3666 3204 ipsa
3698 3126 3834 3223 eadem

647 3229 782 3285 dunt
807 3231 862 3286 bi
911 3235 1046 3292 tales
1074 3239 1474 3309 simplicitatem
1507 3246 1677 3301 divini
1732 3249 1931 3318 eloquii
1982 3260 2036 3305 et
2075 3255 2232 3323 puri-

649 3332 812 3380 tatem
844 3327 991 3383 vorbi
1012 3370 1027 3397 ,
1083 3336 1381 3400 prmsertim
1411 3353 1534 3392 cum
1585 3341 1763 3396 onmis
1789 3346 2123 3414 comparatio
2162 3347 2233 3402 ad

643 3415 772 3473 illud
795 3419 1077 3477 referenda
1116 3435 1219 3489 est,
1257 3429 1329 3484 ad
1355 3432 1497 3499 quod
1548 3447 1741 3490 sensus
1780 3435 2032 3507 dirigitur
2077 3456 2227 3495 com-

644 3509 907 3577 parantis,
950 3522 1006 3568 et
1044 3530 1148 3571 non
1179 3517 1247 3572 ad
1277 3521 1458 3575 omnia
1487 3536 1608 3592 qua:
1634 3523 1707 3579 illi
1746 3528 1997 3583 accidunt
2025 3531 2112 3585 cui
2144 3547 2231 3588 res

643 3599 821 3670 aliqua
880 3618 1247 3678 comparatur,
1300 3623 1358 3666 ut
1385 3621 1515 3685 puta
1564 3617 1627 3671 de
1671 3622 2013 3689 serpentibus
2040 3631 2096 3677 et
2133 3637 2230 3678 co-

644 3690 842 3758 lumba,
874 3700 1016 3766 quod
1034 3699 1147 3768 jam
1180 3712 1326 3758 retro
1362 3705 1563 3761 dictum
1590 3717 1674 3762 est
1700 3727 1711 3762 :
1748 3708 1928 3765 Estote
1948 3712 2230 3782 prudentes

640 3785 773 3840 sicut
793 3801 1078 3867 serpentes,
1102 3804 1149 3847 et
1173 3794 1434 3867 simplices
1455 3797 1588 3852 sicut
1621 3799 1875 3855 columba,
1898 3801 2117 3872 (Matth.
2168 3814 2227 3870 ι,

641 3876 752 3949 l5),
793 3895 917 3934 cum
963 3884 1131 3938 multa
1173 3887 1284 3941 sint
1314 3887 1365 3942 in
1406 3889 1488 3943 his
1516 3905 1636 3959 qua:
1675 3892 1914 3947 cavenda
1956 3902 2082 3948 sunt
2127 3910 2139 3946 :
2173 3902 2231 3948 et

644 3977 827 4025 tamen
851 3982 936 4028 est
965 3973 1018 4028 in
1048 3988 1301 4046 serpente
1331 3988 1479 4034 tanta
1510 3982 1823 4050 prudentia,
1848 3995 1965 4051 qum
1985 3981 2232 4038 sufﬁcere

640 4062 810 4131 possit
835 4067 903 4120 ad
927 4069 1259 4138 exemplum,
1281 4080 1336 4124 et
1364 4070 1415 4124 in
1442 4071 1688 4126 columba
1714 4080 1860 4127 tanta
1888 4073 2225 4143 simplicitas,

640 4164 699 4208 ut
731 4156 849 4225 ej'us
881 4157 1114 4215 imitatio
1134 4177 1289 4231 aeque
1318 4162 1548 4218 sulliciat
1573 4164 1638 4217 ad
1668 4165 1916 4219 salutem.
1947 4165 2023 4219 lta
2047 4175 2103 4222 et
2128 4168 2231 4224 hoc

640 4245 759 4302 loco
815 4248 1092 4321 eleganter
1154 4253 1462 4308 innocentia
1522 4256 1729 4323 parvuli
1788 4259 2106 4328 proponitur
2160 4261 2229 4315 ad

638 4343 969 4412 exemplum,
998 4352 1058 4398 ut
1090 4353 1305 4401 revocet
1333 4346 1606 4415 apostolos
1627 4362 1656 4400 a
1700 4360 1836 4402 vana
1861 4348 2028 4419 gloria
2053 4358 2107 4405 et
2146 4352 2231 4406 in-

643 4430 788 4487 vidia
826 4437 893 4489 ad
921 4424 1276 4491 humilitatem
1327 4448 1383 4493 et
1425 4446 1789 4508 eontemptum
1821 4440 2025 4496 steculi.
2070 4440 2225 4509 Quod

639 4525 802 4580 etiam
831 4528 946 4597 ipse
968 4545 1146 4585 sermo
1180 4526 1532 4604 Evangelicus
1560 4535 1731 4605 utagis
1756 4544 1953 4590 sonare
1983 4536 2218 4602 videtur,

638 4631 799 4686 quam
833 4620 995 4676 ullam
1041 4621 1200 4678 aliam
1231 4640 1516 4695 personam
1560 4627 1920 4689 introducere,
1956 4628 2020 4683 Et
2063 4628 2223 4683 adt-04

637 4727 783 4776 cans,
824 4715 1016 4786 inquit,
1039 4717 1198 4774 Jesus
1221 4736 1382 4773 unum
1410 4721 1707 4792 parvulum,
1742 4724 1926 4776 statuit
1973 4723 2025 4776 in
2051 4722 2223 4777 medio

636 4821 837 4861 eorum.
884 4807 989 4866 Ubi
1041 4826 1147 4867 non
1192 4829 1250 4868 se
1280 4829 1453 4883 neque
1498 4814 1758 4869 Joamtem
1815 4825 1906 4869 aut
1957 4806 2220 4884 Spiritum

638 4908 907 4967 sanctum,
955 4905 1097 4972 quod
1152 4904 1243 4959 alii
1274 4906 1488 4967 volunt,
1525 4906 1819 4961 advocasse
1867 4906 2085 4969 dicitur,
2125 4904 2222 4960 sed

635 5002 801 5046 unum
831 5006 863 5047 e
891 4993 1154 5062 parvulis,
1202 4995 1356 5066 cujus
1383 4999 1688 5052 innocentia
1738 5006 1898 5067 atque
1944 4996 2222 5050 humilitas

634 5081 918 5149 naturalis,
944 5096 1043 5138 nec
1070 5083 1344 5152 aﬂ'ectata,
1370 5087 1740 5158 magisterium
1779 5103 1899 5143 esse
1920 5095 2104 5157 posset
2130 5100 2220 5142 sa-

633 5171 781 5231 lutis.
811 5175 965 5231 Unde
987 5178 1231 5247 sequltor
1260 5197 1273 5233 :

704 5267 869 5323 Amen
919 5268 1039 5325 dico
1077 5269 1233 5335 vobis,
1280 5271 1380 5326 nisi
1422 5272 1651 5326 conversi
1700 5272 1929 5340 fueritis,
1960 5280 2008 5323 et
2033 5270 2224 5340 (niciu-

633 5360 760 5415 ηιἰηὶ
787 5362 919 5415 sicut
939 5362 1163 5433 paruuli,
1198 5380 1301 5418 non
1331 5364 1592 5417 intrabitis
1616 5365 1669 5417 in
1698 5379 1914 5433 regnum
1949 5361 2218 5415 cwlorum.

633 5448 697 5508 Et
741 5457 1059 5522 notandum,
1082 5458 1332 5528 quamvis
1359 5474 1523 5512 unum
1553 5458 1892 5527 proposuerit
1934 5456 1987 5509 in
2020 5457 2218 5522 medio,

632 5562 740 5603 non
771 5549 846 5602 ait
876 5550 1014 5604 sicut
1042 5550 1297 5619 parvulus
1324 5551 1447 5613 iste,
1472 5551 1563 5603 sed
1588 5551 1726 5603 sicut
1752 5548 1981 5619 parvuli,
2017 5557 2075 5602 ut
2097 5563 2219 5603 om-

634 5639 782 5696 nium
810 5657 997 5697 eorum
1033 5643 1308 5699 humilitas
1355 5652 1409 5696 ct
1456 5642 1757 5698 innocentia
1797 5641 2216 5712 comprobetur;

633 5722 703 5794 ne
724 5736 973 5793 videatur
994 5735 1050 5794 in
1078 5735 1191 5806 illo,
1219 5751 1383 5809 quem
1405 5745 1687 5804 statuerat,
1720 5735 1923 5807 aliquid
1953 5736 2096 5793 ultra
2119 5752 2242 5823 na-u

2204 5894 2270 5923 ξμς

2335 3244 2492 3291 tetate
2518 3249 2833 3306 puerorum,
2864 3249 3027 3304 quam
3051 3232 3170 3289 sani
3211 3233 3335 3288 sint
3366 3232 3419 3286 in
3458 3225 3678 3286 omnibus
3695 3215 3834 3306 anius

2336 3304 2680 3401 passionibus
2704 3338 2760 3382 et
2788 3326 3138 3396 languoribus
3166 3323 3356 3394 pueri,
3385 3336 3514 3393 quas
3557 3321 3707 3387 postea
3727 3304 3835 3402 inde

2336 3419 2554 3481 mitates
2600 3417 2654 3472 in
2696 3417 3055 3485 nosmetipsos
3093 3414 3493 3471 contraximus.
3529 3406 3603 3463 Ad
3632 3413 3741 3475 tum
3759 3406 3835 3466 Ρη·

2337 3525 2486 3565 ιιιιιιιι
2517 3524 2809 3579 puerorum
2836 3523 2995 3564 nemo
3017 3506 3252 3563 incurrit
3273 3547 3290 3572 ,
3317 3519 3474 3576 quam
3502 3496 3693 3567 ίικίιιῑιι
3726 3490 3836 3579 ab?

2337 3574 2734 3673 lutum—lingua:
2755 3599 3002 3672 proferre
3030 3574 3373 3663 sermonem,
3398 3610 3554 3666 quem
3577 3588 3715 3682 prius

2335 3694 2772 3765 concupiscentia
2803 3690 2986 3747 carnis
3037 3690 3231 3762 tangit,
3267 3705 3376 3746 non
3407 3690 3503 3751 ira,
3548 3695 3641 3739 non
3664 3676 3836 3769 tristitia.

2336 3801 2443 3841 non
2464 3786 2672 3851 odium,
2701 3800 2807 3839 non
2850 3782 3075 3848 invidia,
3104 3796 3207 3837 nec
3230 3782 3351 3838 ulla
3379 3786 3671 3837 ceterarum
3693 3772 3840 3837 put-90'

2335 3893 2463 3932 num
2490 3878 2730 3948 prurigo.
2754 3875 2814 3930 lu
2841 3882 3048 3929 tantum
3079 3871 3249 3928 etiam
3283 3871 3419 3929 utin
3462 3872 3623 3924 morte
3643 3854 3777 3948 patris
3795 3861 3840 3909 ις

2336 3947 2530 4025 matris
2565 3969 2649 4024 vel
2681 3966 2909 4036 alicujus
2942 3964 3127 4022 amici.
3168 3964 3349 4030 ludat,
3379 3972 3434 4019 et
3472 3961 3523 4016 in
3550 3955 3650 4013 suis

2336 4071 2427 4115 tur
2468 4060 2779 4130 crepundiis
2823 4035 3125 4129 simplicius
3160 4072 3333 4126 quam
3371 4054 3510 4111 ullus
3546 4050 3670 4105 inter
3692 4035 3837 4137 epuli!-

2336 4152 2520 4208 Nescit
2558 4125 2705 4207 enim
2754 4125 3036 4217 extollere,
3086 4125 3266 4206 nescit
3320 4149 3428 4207 alta
3472 4142 3735 4216 requirere.
3753 4125 3843 4191 illi!

2337 4261 2443 4302 non
2490 4245 2722 4317 refugit,
2754 4248 2993 4316 pretiosa
3022 4253 3079 4300 et
3106 4257 3228 4314 qua:
3269 4241 3541 4313 superbia
3560 4242 3703 4299 οωι.
3741 4217 3845 4279 “In

2335 4339 2588 4409 requirit,
2614 4338 2680 4393 ad
2706 4338 2948 4393 omnium
2980 4344 3233 4407 aspectus
3278 4336 3500 4406 gaudet.
3535 4336 3700 4387 ouum
3719 4324 3846 4383 till?"

2335 4442 2520 4488 rentes
2548 4431 2741 4501 diligit.
2767 4430 2907 4497 Quid
2930 4428 3124 4499 plura?
3165 4426 3348 4483 Etiam
3374 4441 3473 4485 nec
3495 4424 3652 4493 ίρεειω
3677 4414 3848 4513 mw

2337 4528 2509 4583 timet.
2548 4527 2703 4594 Quod
2755 4524 2800 4579 si
2832 4525 3055 4579 voluero
3100 4534 3334 4579 cunctas
3377 4521 3699 4577 dinumerare
3738 4510 3849 4558 in“?

2336 4619 2530 4674 centizc
2555 4616 2676 4687 ejus
2705 4615 2953 4679 virtutes,
2977 4613 3196 4683 longum
3226 4614 3359 4678 erit,
3384 4622 3520 4682 quas
3540 4605 3688 4665 etiam
3708 4597 3851 4653 ιηωη

2336 4712 2565 4766 virtutes
2587 4707 2835 4779 quamvis
2863 4707 3069 4771 vitiata,
3098 4708 3152 4762 in
3192 4705 3497 4776 propagine
3528 4708 3697 4757 secum
3718 4691 3851 4754 κτη-

2334 4805 2413 4860 vit
2437 4813 2492 4859 et
2540 4802 2785 4859 retinuit.
2828 4800 2982 4855 Unde
3007 4806 3129 4869 post
3160 4808 3477 4871 perceptam
3515 4786 3853 4865 gratiarum”

2333 4899 2457 4955 stoli
2488 4898 2555 4953 ad
2600 4914 2721 4953 eam
2749 4908 2911 4966 quam
2955 4896 3094 4950 bene
3141 4896 3497 4951 remittantur
3535 4880 3851 4953 integritate”:

2330 5007 2400 5047 ne
2432 4989 2689 5059 deinceps
2719 4989 2840 5043 ullis
2862 4994 3200 5058 occupentur
3230 4985 3461 5056 laqueis,
3488 4989 3545 5037 et
3578 4969 3854 5059 impliqu

2330 5052 2903 5151 concupiscentiarum
2930 5052 3236 5133 erroribus.
3268 5052 3425 5143 Quod
3450 5072 3496 5129 si
3525 5060 3778 5141 perfectior
3795 5052 3855 5109 θα

2328 5171 2459 5228 Iesu
2510 5172 2712 5228 Christi
2743 5169 2942 5234 forma,
2967 5177 3024 5223 et
3052 5169 3172 5240 ejus
3192 5167 3429 5237 exempli
3463 5152 3856 5252 imitatio.

2331 5266 2435 5320 ista
2460 5275 2543 5318 est
2573 5262 2707 5317 satis
2735 5260 2980 5317 absoluta
3003 5270 3061 5315 et
3088 5261 3342 5331 perfecta:
3378 5257 3503 5311 vita:
3529 5243 3804 5325 propositio,
3821 5244 3857 5287 It

2332 5357 2584 5412 observet
2609 5354 2836 5425 gratiam
2864 5354 3093 5423 quisque
3136 5367 3299 5422 quam
3344 5348 3575 5419 accepit,
3606 5344 3677 5397 ita
3700 5344 3751 5391 ut

2334 5448 2460 5513 sibi,
2490 5461 2591 5501 nec
2611 5414 2775 5500 alteri
2806 5414 3024 5507 noceat:
3071 5414 3199 5499 dum
3231 5452 3418 5498 tamen
3453 5414 3856 5527 operetur

2330 5542 2462 5613 quid
2491 5549 2675 5610 postea
2702 5538 2804 5594 sibi
2834 5539 3008 5592 virtus
3042 5534 3238 5591 collata
3273 5548 3374 5604 per
3400 5530 3669 5587 Christum
3695 5512 3855 5613 dictat;

2331 5611 2460 5706 quia
2512 5633 2614 5689 etsi
2663 5646 2764 5687 nec
2789 5629 2989 5701 aliquid
3035 5641 3289 5697 magnum
3314 5636 3509 5695 sapere
3533 5616 3677 5713 cadit.
3694 5611 3740 5713 ill
3759 5611 3858 5713 ναξ

2332 5704 2479 5799 rum,
2527 5725 2675 5783 nulla
2716 5731 2897 5779 tamen
2920 5720 3180 5796 jactantia
3224 5716 3440 5791 generis
3470 5711 3554 5769 vel
3578 5704 3856 5768 divitiarum.
