4008 6354
802 299 1164 361 Ευοειτιο
1195 299 1262 356 ιιι
1302 290 1735 353 IATTHEUM.
1772 318 1844 331 —
1880 288 2005 345 LIB.
2044 286 2179 351 Vlll,
2221 283 2373 341 CAP.
2412 279 2596 339 XVIII.

103 430 393 489 relaliamm
420 436 604 479 rerum
633 432 756 490 quae
773 419 1113 474 aestimantur
1139 416 1301 479 bona,
1323 412 1373 467 ei
1397 410 1640 480 delecta-
1671 406 1718 467 Α
1747 414 1995 475 poterant
2022 400 2207 472 procul
2236 400 2400 454 dubio
2439 412 2533 452 eos
2565 407 2703 465 quos
2733 392 2801 447 ad
2834 392 2994 447 ﬁdem
3029 391 3321 457 vocabant,

104 535 169 581 tur
194 523 243 581 in
268 518 466 579 animo,
491 523 547 570 et
576 514 696 567 ideo
715 510 961 580 sequitur
992 526 1006 563 :

157 614 444 680 Quicunque
481 603 834 660 humiliaeerit
865 618 919 655 se
943 601 1083 654 sicut
1126 594 1373 667 parvulus
1404 595 1516 652 iste.
1560 592 1644 645 hic

104 714 160 761 ω
185 706 339 771 major
380 700 437 751 in
487 712 645 765 regno
683 692 949 747 calorum.
984 688 1048 742 Et
1081 690 1371 759 quicunque
1399 682 1645 751 receperit

105 810 234 851 suum
252 788 528 861 parvulum
579 786 735 840 talem
772 786 828 838 in
874 784 1083 838 nomine
1120 797 1254 842 meo,
1301 794 1380 831 nte
1412 774 1642 842 suscipit.

107 883 330 951 Quoniam
375 880 491 934 haec
528 877 707 939 omnia
758 874 823 929 ad
854 872 1129 927 Christum
1184 867 1463 923 referenda
1496 871 1644 926 sunt,

109 974 274 1028 idcirco
299 971 350 1024 in
392 968 498 1022 line
534 966 818 1027 conclusit,
848 964 1157 1034 quicunque
1193 958 1453 1027 receperit
1484 970 1646 1009 unum

109 1065 347 1135 parvulum
363 1060 528 1114 talem
546 1060 597 1112 in
616 1058 829 1112 nomine
845 1072 965 1111 meo
981 1071 1063 1109 me
1079 1052 1322 1120 suscipit.
1338 1050 1417 1103 Ac
1432 1048 1475 1101 si
1498 1046 1649 1100 dice-

110 1167 188 1220 ret,
204 1169 282 1210 me
303 1151 552 1220 suscipit,
581 1151 706 1219 quia
734 1149 786 1202 in
808 1148 1004 1202 talibus
1031 1146 1143 1215 ipse
1166 1159 1307 1205 sum,
1330 1140 1420 1210 qui
1446 1140 1651 1207 seipsos

110 1252 164 1305 ita
186 1245 455 1317 dejiciunt,
487 1251 543 1296 ut
574 1250 794 1311 propter
835 1254 921 1293 me
950 1237 1016 1291 ad
1048 1245 1250 1291 tantam
1291 1229 1651 1285 innocentiam

108 1338 249 1395 redire
279 1337 476 1399 velint;
507 1345 566 1387 ut
593 1330 959 1388 habitudinem
990 1343 1152 1397 quam
1186 1324 1386 1380 habent
1412 1318 1561 1390 pueri
1584 1332 1652 1371 ex

106 1438 251 1493 etate,
295 1427 390 1497 ipsi
436 1440 538 1496 per
562 1422 829 1477 rationem
862 1429 919 1474 et
955 1419 1111 1473 (idem
1161 1417 1212 1471 in
1243 1430 1301 1472 se
1331 1412 1647 1482 suscipiant.

106 1520 247 1588 Quam
272 1517 531 1573 altissime
563 1513 955 1570 consideranda
982 1519 1107 1566 sum
1136 1509 1252 1563 luce
1282 1507 1334 1561 in
1365 1504 1565 1575 pueris,
1605 1501 1653 1556 si

104 1614 208 1680 quis
227 1611 292 1665 ad
315 1624 377 1663 ea
397 1606 509 1661 vult
556 1605 731 1660 redire
758 1603 871 1673 jam
897 1614 1209 1656 conversus.
1238 1596 1502 1664 Quoniam
1547 1591 1650 1646 nisi

105 1698 479 1771 diligi-utiSsime
501 1703 745 1750 scrutata
768 1692 927 1747 fuerit
939 1707 1125 1747 eorum
1139 1688 1391 1759 qualitas,
1411 1686 1497 1739 vix
1517 1680 1655 1765 stilli-

1751 512 1848 551 suo
1875 493 2130 549 seandalo
2166 491 2391 558 perdere
2412 529 2426 551 ,
2460 488 2586 540 dum
2608 486 2856 540 viderent
2884 496 3002 546 eos,
3038 482 3213 537 adhuc
3237 483 3325 536 in-

1751 588 1890 642 ﬁrmi
1931 586 2056 648 ﬁde,
2094 585 2234 637 inter
2264 596 2323 636 se
2352 582 2417 636 de
2445 580 2649 633 honore
2686 590 2946 645 pugnare.
2978 573 3046 628 Et
3074 574 3193 628 ideo
3224 574 3321 630 beo

1753 680 1944 747 nignus
1968 676 2222 744 magister
2253 680 2471 729 revocat
2498 685 2591 724 eos
2626 668 2693 723 ad
2728 666 3084 722 humilitatem
3111 671 3164 717 et
3195 664 3325 719 sim-

1752 772 2044 842 plicitatem
2090 767 2263 838 pueri,
2304 765 2396 834 qui
2440 763 2610 818 nescit
2659 761 2724 815 de
2771 757 3067 814 honoribus
3091 755 3323 827 litigare.

1750 862 1831 917 Ad
1862 863 2015 932 cujus
2059 859 2301 929 profecto
2325 854 2628 923 exemplum
2662 851 2764 907 nisi
2806 857 3157 907 convertatur
3179 850 3325 918 quis,

1754 955 1877 1009 lmic
1906 942 2120 1023 quidem
2150 950 2480 1019 impossibile
2519 958 2597 1003 est
2630 950 2828 1003 intrare
2850 948 2903 999 in
2934 962 3147 1016 regnum
3170 945 3327 998 aela-

1754 1063 1891 1099 rum.
1933 1044 2067 1100 Hine
2101 1060 2316 1114 quoque
2339 1051 2485 1112 patet
2522 1056 2736 1103 sensus,
2760 1038 2885 1109 quia
2919 1038 3070 1093 multi
3100 1050 3328 1089 conver-

1756 1144 1942 1192 tuntur
1978 1144 2036 1189 ut
2083 1134 2214 1190 ﬁant
2261 1133 2711 1202 quemadmodum
2758 1146 2909 1200 puer,
2943 1140 2996 1183 et
3033 1129 3334 1196 suscipiunt

1755 1225 1994 1280 habitum
2041 1224 2391 1295 discipulatus
2440 1222 2659 1281 Christi.
2713 1222 2806 1275 sed
2859 1237 2965 1274 non
3021 1234 3211 1273 olunes
3237 1216 3332 1286 qui

1756 1324 2163 1379 convertuntur,
2189 1314 2299 1382 jam
2345 1314 2659 1384 perveniunt
2706 1327 2770 1366 eo
2799 1326 2988 1379 usque,
3014 1320 3072 1364 ut
3095 1309 3226 1363 llant
3252 1306 3330 1361 si-

1758 1408 1913 1462 miles
1949 1407 2144 1477 talibns
2184 1407 2386 1477 pueris.
2438 1405 2504 1459 Et
2548 1405 2919 1473 unusquisque
2959 1418 3144 1457 eorum
3182 1408 3334 1455 tanto

1758 1499 1936 1554 minus
1962 1499 2123 1553 habet
2146 1499 2213 1553 de
2256 1498 2608 1553 similitmliue
2641 1513 2954 1567 puerorum,
2985 1504 3188 1565 quiante
3221 1494 3334 1547 lon-

1758 1604 1824 1659 ge
1847 1600 1933 1646 est
1963 1591 2030 1644 ab
2059 1590 2374 1645 habitudine
2412 1589 2620 1659 puerili,
2662 1604 2790 1658 erga
2837 1589 3115 1657 passiones
3142 1599 3336 1640 carna-

1759 1692 1859 1756 les,
1892 1691 2054 1762 730
2084 1707 2211 1762 erga
2245 1692 2467 1747 timores
2500 1700 2555 1746 et
2607 1707 2735 1763 erga
2767 1682 3156 1745 oblectamenta
3179 1688 3338 1742 vitio-

104 1751 619 1845 c—iti‘itllaenarraudi
662 1782 909 1838 facultas.
943 1751 1173 1837 Transit.
1188 1778 1451 1846 siquidem
1484 1760 1652 1845 ﬁgura

1774 1800 1898 1837 rum.
1932 1782 1986 1835 In
2016 1798 2161 1835 omni
2189 1797 2317 1851 ergo
2346 1783 2681 1836 credentium
2710 1782 3048 1836 multitudine
3070 1789 3193 1835 sunt
3217 1778 3339 1850 qui-

106 1880 155 1934 de
177 1880 290 1934 imis
311 1879 378 1931 ad
413 1891 647 1939 summa,
673 1890 796 1930 cum
824 1873 903 1928 ait
926 1887 940 1925 :
973 1872 1279 1940 Quicunque
1307 1867 1550 1935 receperit
1574 1876 1667 1921 ta—

105 1971 253 2027 1min
280 1986 487 2025 nomine
516 1984 651 2031 meo,
680 1983 759 2021 me
777 1964 1015 2034 suscipit.
1037 1961 1150 2016 Non
1176 1960 1320 2029 quod
1350 1959 1485 2012 tales
1506 1955 1656 2026 pueri

107 2068 311 2138 hospitio
338 2065 670 2136 suscipiendi
717 2063 846 2125 sint,
888 2060 981 2130 qui
1017 2058 1263 2114 nesciunt
1293 2055 1470 2110 adhuc
1506 2052 1658 2121 quid—

106 2173 235 2226 quam
296 2170 567 2227 quarrcre,
607 2167 912 2223 quanquam
944 2164 1011 2203 ex
1049 2144 1345 2202 benefactis
1388 2157 1507 2211 qua:
1561 2155 1658 2208 pro

105 2246 290 2302 Christo
322 2247 377 2301 in
411 2244 547 2314 ipsis
586 2246 742 2306 liunt,
776 2240 910 2295 nihil
936 2240 1207 2309 depereat.
1239 2233 1345 2290 Sed
1376 2233 1465 2301 qui
1497 2229 1659 2285 talem

106 2337 374 2407 susceperit
418 2350 517 2405 pro
561 2333 777 2387 nomine
807 2329 1033 2394 Christi,
1067 2336 1161 2382 aut
1209 2341 1308 2395 pro
1336 2322 1553 2378 nomine
1579 2320 1661 2375 di-

106 2429 288 2501 scipuli,
313 2427 535 2499 qualem
564 2424 674 2479 vult
718 2425 839 2494 pius
882 2421 1137 2490 magister
1167 2416 1281 2472 fieri
1320 2430 1467 2479 eum,
1498 2427 1659 2482 quem

105 2522 157 2575 ad
177 2529 375 2575 tantam
400 2518 597 2573 invitat
628 2516 909 2586 pervenire
938 2509 1324 2571 innocentiam,
1355 2514 1411 2560 ut
1442 2513 1661 2573 propter

106 2615 243 2670 Deum
269 2613 404 2668 nihil
431 2612 620 2666 timide
652 2609 900 2678 refugiat,
928 2605 1061 2662 nihil
1090 2602 1327 2665 honoris,
1355 2599 1487 2655 nihil
1532 2597 1661 2679 deli-

107 2707 309 2770 ciarum,
339 2704 477 2759 nihil
524 2703 841 2779 voluptuose
871 2700 1140 2770 requirat;
1173 2698 1298 2765 quia
1345 2693 1514 2748 forma
1555 2692 1663 2744 vir-

108 2799 212 2851 tutis
230 2806 336 2860 est.
366 2797 498 2849 dum
530 2794 696 2865 729
722 2808 855 2852 ouer
904 2791 1009 2849 sibi
1052 2788 1188 2849 nihil
1217 2785 1475 2848 vindicat,
1505 2780 1663 2838 nihil-

108 2903 191 2958 que
214 2889 463 2961 requirit.

162 2980 221 3033 Et
243 2981 332 3051 qui
344 2977 789 3035 scandalisaverit
819 2990 1002 3040 unum,
1028 2971 1224 3042 inquit,
1262 2969 1327 3024 de
1355 2966 1561 3039 pusillis
1582 2966 1661 3021 is-

1760 1877 1883 1931 dam
1908 1875 2061 1944 quasi
2105 1891 2277 1944 nuper
2327 1876 2596 1936 conversi,
2641 1884 2700 1927 ut
2734 1873 2866 1928 ﬁant
2897 1874 3049 1942 quasi
3089 1872 3259 1942 pueri,
3283 1876 3339 1925 et

1760 1970 1994 2023 uetulum
2025 1979 2201 2021 tamen
2238 1978 2362 2021 sunt
2410 1966 2564 2028 facti.
2594 1968 2843 2036 quamvis
2886 1966 3169 2020 videantur
3204 1978 3337 2017 con-

1761 2063 1922 2117 versi.
1971 2061 2150 2116 Pusilli
2189 2062 2459 2115 habentur
2497 2061 2549 2115 in
2578 2060 2796 2115 Christo
2839 2068 2893 2114 et
2931 2057 3165 2128 parvuli,
3194 2070 3342 2109 rece-

1762 2157 1943 2227 ptores
1994 2158 2255 2222 seandali,
2301 2159 2425 2227 quia
2466 2165 2691 2227 possunt
2719 2152 3103 2215 'scandalizari,
3141 2159 3195 2205 et
3224 2148 3344 2202 ideo

1760 2251 1989 2323 parvuli.
2024 2250 2271 2321 Alioquin
2304 2250 2403 2305 nisi
2430 2248 2605 2320 pusilli
2628 2257 2684 2303 et
2712 2246 2919 2319 parvuli
2948 2251 3154 2304 essent,
3177 2254 3340 2295 scan-

1763 2342 1940 2397 dalum
1998 2358 2104 2396 min
2136 2341 2462 2410 reciperent.
2502 2339 2709 2406 Quibus
2728 2340 2949 2393 omnino
2980 2331 3221 2390 scandali
3251 2343 3346 2384 oe—

1763 2434 2033 2488 casionem
2067 2449 2170 2485 non
2223 2433 2483 2485 debemus
2526 2431 2765 2499 przebere
2792 2471 2807 2494 ,
2845 2427 3098 2497 quoniam
3148 2429 3203 2476 et
3244 2416 3344 2489 ipsi

1759 2527 1870 2596 jam
1893 2536 2019 2580 sunt
2045 2528 2096 2579 in
2130 2526 2363 2579 Christo.
2399 2524 2473 2577 De
2520 2522 2715 2590 quibus
2754 2520 2807 2573 in
2853 2516 3070 2572 Psalmo
3102 2512 3301 2565 dicitur
3326 2548 3341 2571 ,

1765 2618 2038 2673 Benedixit
2062 2618 2317 2671 ,omnibus
2336 2617 2424 2687 qui
2442 2617 2623 2668 timent
2655 2613 2954 2669 Dominum.
2996 2604 3207 2677 pusillis
3227 2614 3344 2655 cum

1765 2710 2054 2779 majoribus
2094 2707 2266 2779 (Psal.
2292 2722 2447 2763 (ιιιιι.
2478 2705 2584 2774 13).
2628 2704 2702 2757 De
2737 2702 2933 2772 quibus
2964 2695 3190 2767 pusillis,
3219 2690 3345 2762 quia

1761 2801 1871 2872 jam
1905 2799 2171 2853 benedicti
2213 2808 2338 2852 sunt
2368 2815 2397 2851 a
2433 2796 2678 2857 Domino,
2702 2783 2772 2846 ὀι
2818 2789 2989 2845 renati
3025 2789 3076 2841 in
3103 2784 3344 2847 Christo,

1767 2896 1896 2949 dicit
1925 2914 1937 2947 :
1969 2893 2071 2959 Qui
2094 2892 2530 2947 scandalizaverit
2572 2903 2732 2943 unum
2772 2886 2836 2939 de
2865 2880 3070 2954 pusillis
3090 2880 3225 2937 istis.
3256 2873 3347 2945 qui

1766 2986 1822 3040 in
1846 3002 1926 3040 me
1952 2986 2188 3046 credunt,
2219 2983 2423 3051 expedit
2455 2981 2500 3035 ei
2542 2990 2596 3034 ut
2641 2976 2989 3047 suspemlatur
3009 2970 3150 3025 mola
3173 2969 3352 3021 asina-

109 3074 162 3124 lis
180 3073 260 3143 qui
285 3072 507 3127 credunt
539 3069 595 3123 in
636 3085 735 3131 me,
763 3068 966 3137 expedit
992 3067 1041 3122 ei
1067 3075 1121 3119 ιιι
1149 3062 1501 3133 suspendatur
1523 3059 1662 3113 mola

1774 3081 1849 3132 ria
1894 3080 1947 3132 in
1979 3077 2113 3131 collo
2142 3076 2279 3146 ejus,
2310 3091 2404 3130 seu
2435 3062 2658 3128 caetera.
2692 3069 2946 3124 Testatur
2987 3062 3348 3132 Hieronymus

110 3163 316 3215 asinaria
360 3162 418 3216 in
465 3159 604 3214 collo
629 3160 766 3228 ejus,
801 3168 847 3211 et
882 3158 1205 3226 dimergatur
1248 3154 1303 3206 in
1342 3151 1662 3221 profundum

109 3253 266 3307 maris.
288 3252 454 3307 Multa
481 3259 609 3307 sunt
656 3250 872 3321 quidem
906 3249 961 3303 in
1000 3248 1084 3302 his
1114 3244 1359 3300 vensibus
1405 3258 1525 3311 qum
1562 3241 1666 3296 sibi

111 3344 450 3413 dogmatisant
498 3342 738 3413 plurimi,
784 3356 883 3396 nos
925 3353 1055 3394 vero
1094 3338 1237 3392 sicut
1275 3335 1412 3391 etin
1443 3333 1667 3402 reliquis

110 3432 225 3489 locis
249 3474 270 3502 ,
314 3435 485 3490 solam
532 3442 587 3488 et
628 3431 926 3503 simplicem
966 3428 1369 3498 intelligentiam
1400 3424 1668 3481 sermonis

108 3529 435 3595 requirentes
476 3526 547 3579 ob
594 3522 878 3579 brevitatis
920 3519 1292 3589 compendium
1329 3533 1516 3571 eorum
1549 3516 1669 3585 plu-

108 3614 244 3669 rima
292 3615 778 3685 praetermittimus,
830 3628 951 3683 qua:
1001 3610 1208 3666 utiliter
1243 3610 1349 3663 dici
1398 3617 1667 3678 poterant.

108 3703 487 3761 Verumtamen
532 3705 872 3775 quaerendum
917 3711 1021 3767 est,
1064 3701 1336 3771 quomodo
1374 3699 1550 3769 pusilli
1589 3698 1672 3752 di-

111 3806 290 3852 cantur
306 3795 561 3867 apostoli,
584 3804 677 3851 aut
698 3794 893 3864 reliqui
923 3791 1304 3861 discipulorum
1329 3790 1551 3852 Christi,
1580 3787 1671 3857 qui

113 3887 171 3941 ad
192 3887 328 3942 hanc
355 3886 745 3957 perfectionem
775 3885 961 3941 venire
995 3880 1289 3952 potuerint,
1320 3879 1386 3933 ad
1416 3894 1578 3947 quam
1602 3879 1676 3933 si—

114 3986 194 4033 cut
216 3980 278 4033 ad
307 3980 683 4051 spectaculum
713 3978 990 4041 virtutum,
1030 3984 1137 4029 tam
1168 3973 1562 4041 circumspecte
1598 3970 1679 4025 in-

112 4072 329 4128 vitantur
354 4089 386 4126 a
420 4072 669 4126 Domino.
704 4068 964 4124 Novimus
998 4081 1150 4137 ergo,
1180 4064 1305 4134 quia
1340 4064 1406 4118 de
1450 4063 1533 4118 bis
1554 4077 1678 4131 par-

115 4162 235 4217 vulis
252 4179 358 4217 non
392 4163 529 4218 dicit
562 4162 655 4231 qui
684 4160 861 4215 adhuc
891 4158 1138 4213 uestiunt
1171 4154 1546 4219 scandalizari,
1581 4153 1679 4209 sed

114 4252 171 4308 de
208 4254 288 4309 his
318 4255 418 4326 qui
459 4268 651 4307 eorum
703 4249 1063 4307 innocentiam
1088 4232 1401 4318 potuerunt
1448 4246 1674 4302 imitari.

113 4342 210 4400 Etsi
254 4346 617 4415 semetipsum
664 4342 862 4399 eisdem
902 4340 1164 4412 pta-ponit
1205 4342 1286 4409 (ut
1321 4338 1542 4408 quidam
1588 4352 1681 4391 vo-

115 4434 231 4507 lunt)
280 4438 598 4510 parvulum,
639 4434 869 4505 amplior
913 4432 1174 4503 perfectio
1209 4431 1261 4484 in
1288 4430 1491 4485 eisdem
1532 4444 1681 4483 como

117 4531 382 4585 mentiatur
406 4528 645 4601 pusillis,
673 4537 729 4583 et
751 4528 795 4581 si
826 4522 1005 4597 pusilli
1029 4523 1240 4579 dicendi
1264 4531 1391 4578 sunt
1410 4523 1500 4591 qui
1527 4521 1686 4578 Chri-

114 4626 235 4674 stum
259 4622 475 4677 iuerint
506 4618 724 4674 imitati.
754 4617 906 4685 Quod
944 4617 989 4671 si
1019 4616 1152 4671 tales
1186 4614 1361 4684 magni
1395 4623 1521 4667 sunt
1550 4629 1687 4682 qua-

116 4709 302 4768 lesvult
330 4728 436 4768 eos
464 4711 604 4776 ﬁeri,
646 4718 702 4765 et
725 4710 792 4763 ad
820 4707 1122 4777 exemplum
1149 4719 1438 4775 puerorum
1468 4702 1689 4757 festinat

114 4803 532 4873 eosiniormari,
565 4811 620 4858 et
645 4802 823 4875 magni
847 4808 1107 4855 vocantur
1131 4798 1182 4851 in
1215 4811 1379 4866 regno
1401 4796 1686 4862 cwlorum,

116 4896 159 4949 bi
185 4898 314 4956 tales
354 4896 642 4969 quomodo
680 4902 906 4967 possunt
951 4889 1346 4946 scandalizari?
1387 4888 1687 4957 prtesertim

114 5000 216 5042 eum
235 4993 514 5061 scriptum
536 4986 629 5051 sit,
657 4983 772 5041 Pax
795 4984 961 5038 multa
989 4980 1320 5050 diligentibus
1340 4978 1500 5047 legem
1521 4989 1690 5043 tuam,

114 5086 152 5128 et
176 5095 273 5132 non
306 5089 388 5135 est
442 5076 552 5132 illis
591 5073 901 5129 scandalum
948 5069 1121 5139 (I’sal.
1145 5084 1335 5132 cxvm,
1375 5068 1480 5137 16).
1514 5067 1693 5135 Quan-

115 5178 257 5235 quam
282 5185 417 5229 eum
449 5169 568 5223 haec
611 5164 902 5228 sententia,
938 5160 1038 5218 etsi
1075 5158 1341 5231 generalis
1370 5174 1489 5211 esse
1518 5158 1693 5213 videa.

114 5265 208 5323 tur,
254 5263 537 5317 adversus
582 5272 771 5312 omnes
814 5254 904 5325 qui
935 5253 1169 5321 aliquem
1205 5249 1697 5304 scandalizat-crint

114 5347 170 5402 de
193 5349 273 5405 bis
293 5353 391 5422 qui
428 5351 484 5404 in
509 5347 784 5403 Christum
806 5343 1054 5406 credunt,
1086 5341 1318 5394 maxime
1345 5337 1695 5406 tamenjuvta

113 5441 564 5512 consequentiam
597 5437 863 5492 sermonis
893 5437 1055 5490 etiam
1082 5445 1267 5489 contra
1313 5435 1585 5502 apostolos
1615 5435 1699 5490 di-

113 5544 245 5590 ctum
277 5538 517 5608 intelligi
569 5545 767 5606 potest,
811 5534 900 5604 qui
948 5534 1329 5602 interrogando
1365 5534 1486 5603 quis
1530 5532 1702 5600 major

112 5640 244 5685 esset
269 5634 324 5687 in
352 5648 529 5702 regno
560 5630 843 5691 caslorum,
876 5630 1200 5682 videbantur
1229 5628 1295 5683 de
1324 5629 1586 5699 dignitate
1619 5628 1701 5681 in—

115 5729 187 5777 ter
211 5737 272 5783 se
299 5722 665 5782 contendere.
711 5720 830 5779 Etsi
862 5721 917 5778 in
958 5720 1060 5777 hoc
1087 5720 1215 5785 vitio
1249 5720 1696 5795 permansisseut.

1770 3169 1873 3224 hoc
1905 3169 2041 3231 loco,
2069 3168 2212 3238 quod
2243 3166 2536 3220 secundum
2583 3163 2744 3216 ritum
2774 3156 3065 3231 provincia:
3094 3154 3348 3220 loquatur

1771 3260 2039 3323 Christus,
2092 3258 2341 3329 quamvis
2379 3255 2467 3309 alii
2511 3255 2761 3308 doctores
2792 3250 2950 3304 aliter
2996 3248 3097 3301 hoc
3121 3242 3349 3313 dogma-

1773 3354 1959 3413 tizent,
1990 3350 2132 3420 quod
2164 3350 2263 3402 ista
2299 3347 2463 3401 fuerit
2484 3342 2819 3399 consuetudo
2848 3338 2988 3410 apud
3023 3344 3234 3390 veteres
3258 3329 3356 3386 Ju-

1773 3444 1922 3498 dazos
1952 3457 2050 3511 pro
2087 3439 2380 3507 majoribus
2410 3435 2750 3496 criminibus,
2790 3440 2847 3485 ut
2873 3431 2975 3485 hac
3003 3442 3127 3482 reus
3157 3424 3358 3494 plecte-

1775 3543 1924 3588 retur
1974 3547 2153 3601 pmna,
2185 3529 2389 3597 judicio
2427 3528 2847 3588 condemnatus;
2882 3522 3046 3592 ligato
3085 3517 3354 3587 siquidem
3390 3512 3405 3523 '

1776 3639 1907 3679 saxo
1937 3624 2002 3677 ad
2032 3622 2226 3677 collum
2248 3619 2384 3688 ejus,
2419 3620 2605 3688 sicque
2642 3618 2694 3672 in
2732 3614 3054 3686 profundum
3082 3609 3354 3676 dimerge-

1775 3714 1936 3769 batur
1971 3710 2232 3780 cujusque
2263 3708 2462 3778 abyssi.
2497 3707 2650 3773 Quod
2684 3721 2872 3760 saxum
2902 3696 3353 3766 Dominus,juxta

1780 3803 2089 3856 Malthaeum
2110 3808 2165 3853 et
2197 3798 2454 3860 Marcum,
2481 3795 2677 3850 molam
2709 3792 2998 3848 asinariam
3027 3797 3202 3849 vocat,
3230 3784 3360 3839 licet

1778 3892 1956 3947 Lucas
1986 3888 2354 3945 tantummodo
2382 3902 2500 3940 eam
2529 3885 2758 3956 lapidem
2782 3880 3033 3952 appellet.
3076 3875 3219 3931 Nulli
3254 3874 3357 3929 du-

1779 3986 1927 4041 bium
1973 3983 2116 4054 quod
2145 3980 2298 4035 molae
2326 3979 2577 4033 asinaria:
2624 3976 2763 4046 apud
2794 3974 3008 4030 Judaeos
3030 3968 3252 4031 fuerint,
3291 3964 3362 4022 si-

1782 4085 1873 4133 cut
1902 4086 1956 4130 et
1977 4074 2115 4143 apud
2141 4073 2403 4142 plurimas
2423 4077 2628 4139 gentes.
2679 4067 2887 4121 Idcirco
2916 4061 3161 4133 quamvis
3186 4058 3364 4130 lapide

1783 4168 2144 4238 qualicunque
2189 4164 2516 4234 plecteretur
2553 4160 2818 4214 dimersus
2876 4166 3055 4210 tamen
3087 4151 3210 4222 quia
3238 4160 3360 4203 tan-

1785 4268 1871 4313 tus
1901 4266 2020 4313 erat
2075 4255 2209 4325 lapis
2257 4254 2370 4317 ille,
2420 4260 2478 4305 ut
2516 4252 2683 4312 aiunt,
2740 4255 2942 4317 quanta
2996 4255 3072 4300 est
3121 4240 3361 4300 asinaria

1785 4351 1944 4409 mola.
1980 4346 2102 4416 jure
2146 4346 2407 4399 Dominus
2455 4342 2699 4398 eamdem
2738 4352 2952 4409 poenam
3003 4336 3201 4391 talibus
3222 4344 3368 4387 com.

1790 4443 2011 4497 memlat
2054 4440 2269 4502 verbis;
2302 4445 2360 4490 ut
2404 4445 2458 4490 et
2488 4435 2596 4489 reis
2619 4432 2900 4487 denuntiet
2929 4428 3055 4499 quid
3088 4424 3273 4481 utilius
3296 4420 3367 4478 sit

1791 4537 1871 4592 eis
1905 4535 1972 4589 ad
2025 4532 2287 4587 medelam
2331 4529 2476 4589 mali,
2518 4536 2571 4592 et
2599 4540 2662 4579 es
2703 4526 2816 4592 ipso
2846 4537 2944 4576 usu
2973 4518 3128 4575 mola:
3150 4526 3367 4573 sensum

1790 4624 2178 4681 evidentiorem
2224 4618 2569 4674 commendat
2611 4614 2869 4667 doctrina:
2919 4625 3028 4665 sua:
3059 4603 3371 4662 cunctisle-

1791 4716 2060 4791 gentibus.
2102 4712 2307 4765 Tamen
2355 4705 2620 4761 interdum
2665 4703 2731 4756 ad
2774 4702 3008 4755 litteram
3043 4699 3122 4752 sic
3166 4694 3370 4750 intelli-

1794 4783 2024 4877 gendum
2076 4810 2178 4859 est.
2229 4799 2370 4869 quod
2420 4796 2612 4851 melius
2640 4793 2713 4848 sit
2742 4792 2822 4854 ei,
2859 4791 3133 4857 multoque
3184 4783 3372 4839 utilius

1794 4876 1886 4966 qui
1929 4895 2105 4949 unum'
2133 4900 2321 4945 eorum
2381 4882 2826 4941 scandalizaverit
2882 4876 3365 4948 impraesentiarum

1799 4963 2014 5045 breviat:
2047 4980 2288 5049 recipere
2324 4990 2535 5044 plenam
2565 4974 2667 5028 etsi
2699 4986 2937 5042 gravem,
2963 4982 3123 5039 quam
3152 4963 3373 5020 aeternis

1802 5073 2005 5130 servari
2037 5068 2388 5130 cruciatibus,
2414 5067 2536 5136 quia
2565 5080 2670 5121 non
2689 5064 2899 5134 judieat
2928 5063 3068 5117 Deus
3094 5058 3176 5113 bis
3204 5057 3258 5111 in
3288 5058 3376 5111 id-

1804 5167 1999 5236 ipsum.
2032 5162 2135 5217 Sed
2160 5161 2286 5231 quia
2342 5158 2518 5213 solent
2571 5156 2724 5212 multi
2765 5164 3073 5209 nostrorum
3103 5150 3204 5204 ista
3228 5154 3378 5202 exto-

1805 5272 1974 5312 nuare
2003 5253 2271 5315 sensibus,
2302 5259 2358 5304 et
2386 5263 2721 5319 nequaquam
2766 5245 2883 5300 ﬁeri
2914 5244 3133 5304 debere,
3173 5252 3297 5294 cum
3321 5244 3381 5293 et

1806 5364 1953 5403 mors
1978 5356 2086 5400 tam
2117 5345 2295 5414 gravis
2332 5341 2445 5396 sola
2471 5340 2712 5410 perﬁciat
2739 5339 2805 5391 ad
2846 5349 3081 5406 pinnam,
3113 5339 3168 5385 et
3195 5326 3381 5383 nescio

1805 5438 2075 5510 quomodo
2106 5438 2156 5491 id
2196 5435 2323 5489 utile
2350 5434 2518 5503 possit
2543 5440 2818 5499 expetere,
2849 5427 2991 5495 quod
3020 5424 3266 5477 ultimum
3297 5427 3384 5476 est

1806 5532 2046 5585 ouuiium
2093 5530 2356 5583 malorum
2392 5528 2458 5580 ad
2508 5538 2742 5593 poenam.
2787 5519 3125 5587 Quapropter
3161 5515 3289 5585 quid
3314 5527 3399 5568 exi

1808 5623 1911 5675 hoc
1940 5621 2282 5674 sentiendum
2306 5617 2393 5677 sit,
2419 5613 2765 5682 quaerendum
2805 5621 2909 5673 est,
2933 5608 3233 5677 prteSertim
3263 5617 3385 5660 cum

1812 5730 1909 5769 nec.
1940 5712 2195 5777 Dominus
2224 5709 2273 5761 id
2301 5704 2537 5778 iubendo
2561 5708 2899 5775 percenseat,
2929 5700 3023 5756 sed
3045 5698 3175 5772 quid
3202 5695 3413 5754 militii-
