4008 6354
1892 134 1925 161 Α

668 257 773 314 607
1447 255 1505 311 S.
1544 254 1900 312 PASCHASII
1943 253 2294 310 RADBERTI
2323 251 2618 311 ABBATIS
2654 252 3108 312 CORBEIENSIS
3739 273 3815 332 αη
3870 334 3871 337 η

663 374 736 430 sit
761 367 1058 438 unicuique
1105 367 1364 423 insinuat.
1415 369 1802 427 Verumtamen
1862 380 1939 425 tot
1981 378 2250 438 tantaeque
2275 371 2325 432 Α
2353 369 2675 439 praestitum,
2699 372 2855 440 quasi
2885 369 3091 425 Christi
3115 371 3393 441 apostolos,
3415 374 3499 443 qui
3524 378 3709 445 pusillus
3722 399 3817 449 grex

664 479 754 520 res
781 478 888 519 non
921 461 1079 534 731
1118 461 1294 517 otiose
1343 461 1501 518 dicta:
1529 463 1827 517 creduntur
1854 480 1883 516 a
1911 462 2159 525 Domino,
2187 469 2247 514 ut
2349 470 2476 516 sunt
2530 462 2727 527 vocati,
2782 461 3280 528 scandalizaverint,
3331 463 3624 524 tolerabilius
3660 473 3817 545 alligata

662 557 806 615 mola
833 572 938 612 non
964 555 1379 626 qualiscunque,
1409 557 1508 611 sed
1537 556 1773 609 asinaria
1803 554 2163 625 suspendatur
2192 552 2245 606 in
2349 556 2486 613 collo
2534 558 2676 612 mola
2738 557 2978 612 asinaria
3034 556 3445 629 dimergerentur
3487 560 3533 614 in
3572 563 3819 632 profundum

663 650 804 707 collo
831 648 967 717 ejus,
991 655 1044 703 et
1065 648 1425 716 demergatur,
1458 663 1563 703 non
1590 648 1786 702 alicubi
1815 663 1977 717 quam
2028 647 2082 701 in
2126 661 2250 716 pro-
2350 647 2538 711 maris,
2576 647 2628 701 id
2663 657 2747 702 est
2773 647 3013 718 gentium
3039 647 3295 717 vertigine
3319 647 3581 718 depressae,
3601 654 3639 707 si
3659 656 3821 723 proluu-

664 743 833 799 fundo
881 742 1065 796 maris.
1100 740 1252 808 Quod
1283 741 1328 796 si
1368 758 1473 797 non
1522 752 1667 797 esset
1710 743 1811 796 hoc
1839 756 2090 812 magnum
2118 739 2250 794 deli-
2351 737 2571 791 dissima
2610 738 2912 807 ignorantia
2943 737 3123 794 seculi
3155 738 3716 804 trabercntur.omniuo
3734 750 3822 817 quia

662 845 831 897 etum,
856 849 1194 903 nequaquam
1213 842 1321 887 tam
1348 834 1609 889 atrociter
1630 833 1995 887 damnaretur.
2023 830 2246 894 Deinde,
2352 828 2458 883 illis
2482 828 2652 884 levius
2697 829 2888 884 fuisset
2918 830 3157 885 nescisse
3181 828 3466 897 Christum,
3493 849 3634 903 quam
3648 840 3821 907 prophe.

662 939 784 979 cum
809 932 865 978 et
907 923 1243 978 consuetudo
1294 923 1699 979 scandalizandi
1740 939 1837 993 pro
1870 909 2050 992 parvis
2093 921 2252 975 mini-
2356 927 2522 973 tntum
2572 935 2678 976 non
2728 921 3017 991 recepisse.
3073 920 3264 976 Utilius
3303 923 3507 992 quidem
3539 925 3597 978 ad
3626 928 3822 984 medelam

662 1015 873 1084 misque
919 1014 1079 1069 rebus
1104 1016 1477 1085 perpenditur,
1522 1016 1735 1073 videtur
1763 1013 2094 1084 impossibile
2129 1028 2250 1068 esse
2351 1011 2559 1079 peccati
2614 1020 2699 1066 est
2750 1013 2955 1067 homini
2998 1012 3091 1081 qui
3132 1013 3442 1082 gravissimo
3478 1016 3678 1070 trahitur
3707 1035 3826 1076 onere

662 1106 748 1161 vel
776 1106 982 1161 servari
1012 1106 1240 1171 debere,
1287 1123 1394 1161 non
1446 1107 1564 1161 dico
1592 1106 1662 1161 ad
1689 1107 1949 1170 litteram,
1982 1122 2101 1175 qua:
2128 1106 2253 1159 hor-
2353 1096 2720 1175 peccatorum.
2745 1114 2804 1158 ut
2835 1104 2914 1160 sic
2943 1105 3279 1176 dimergatur
3318 1106 3367 1159 in
3393 1104 3676 1176 profundum
3697 1112 3825 1177 maris,
3884 1096 3885 1143 ἶ

664 1206 868 1258 tantur,
896 1196 989 1251 sed
1020 1198 1184 1252 etiam
1216 1212 1315 1252 nec
1340 1199 1455 1268 ipsa
1485 1198 1736 1254 scandala
1759 1214 1948 1253 eorum
1976 1198 2067 1266 qui
2098 1213 2254 1251 scan-
2355 1209 2462 1264 quo
2488 1194 2650 1249 draco
2682 1194 2913 1250 habetur
2946 1210 3107 1264 quem
3157 1194 3407 1249 formavit
3433 1195 3564 1251 Deus
3587 1198 3643 1250 ad
3668 1197 3829 1253 illuden-

663 1288 991 1354 dalizantur,
1036 1291 1338 1345 attendere.
1383 1290 1725 1361 Quapropter
1764 1292 1903 1347 sicut
1949 1289 2251 1345 differentia
2355 1286 2480 1340 dum
2514 1286 2586 1350 ei,
2630 1294 2687 1341 et
2730 1287 2987 1355 puniatur
3017 1301 3216 1356 corpus
3250 1289 3390 1356 quod
3419 1295 3608 1341 tantum
3646 1301 3832 1358 aggravat

660 1386 745 1433 est
772 1394 957 1433 eormn
982 1380 1073 1449 qui
1120 1381 1585 1446 scandalizantar,
1635 1383 1708 1437 ita
1750 1392 1805 1436 et
1852 1390 2075 1452 propter
2110 1381 2253 1451 quod
2357 1376 2620 1441 animam;
2656 1378 2781 1447 quia
2818 1386 3005 1446 postea
3041 1386 3195 1431 extra
3233 1377 3440 1432 dolores
3465 1377 3579 1441 erit,
3610 1378 3832 1448 qnipertu-

662 1472 1139 1539 scandalizantur,
1207 1473 1293 1527 vel
1360 1474 1413 1527 in
1478 1483 1743 1544 quantum
1791 1473 2250 1529 scandalizantur.
2356 1463 2482 1519 lerit
2514 1465 2670 1534 quasi
2702 1467 2755 1520 in
2795 1465 3063 1535 profundo
3096 1466 3263 1520 maris
3303 1465 3505 1535 longam
3536 1465 3832 1535 pmnitudinem

666 1564 930 1632 Quoniam
961 1582 1067 1621 ηοη
1108 1581 1298 1622 omnes
1349 1568 1740 1622 οοηιωοιίοηρε
1788 1567 1953 1621 animi
2002 1564 2256 1620 scandala
2356 1557 2423 1610 ad
2448 1556 2724 1611 interitum
2749 1557 2950 1623 carnis,
2984 1566 3194 1611 tractus
3217 1556 3356 1610 mola
3392 1555 3607 1610 asinaria
3633 1556 3829 1611 deorsum.
3892 1562 3893 1565 ‘

662 1671 786 1714 esse
814 1659 1104 1713 admodum
1141 1658 1322 1714 dicere
1364 1658 1649 1722 debemus,
1695 1658 1820 1712 licet
1873 1655 2254 1712 scandalorum
2357 1645 2559 1700 verum
2609 1654 2665 1702 et
2714 1646 2979 1700 molarum
3031 1645 3350 1701 dill'el‘enliai
3405 1660 3468 1700 ex
3517 1646 3608 1700 hoc
3639 1645 3733 1699 1000
3756 1646 3834 1715 iure

661 1748 773 1803 sint
820 1750 1022 1820 spinae;
1049 1750 1174 1819 quia
1202 1750 1304 1805 etsi
1350 1759 1724 1805 commovetur
1751 1745 1982 1802 animus
2005 1750 2072 1802 ad
2114 1748 2251 1801 iram
2285 1742 2329 1801 B
2356 1739 2846 1809 ιιυωνιιηιυνν-ψιία
2894 1746 3021 1793 sum
3059 1752 3116 1793 θι
3154 1739 3420 1801 humana.
3448 1746 3566 1792 81"“
3595 1738 3834 1791 θίθείηπίε

664 1842 749 1898 vel
778 1843 1076 1907 tristitiam,
1128 1828 1236 1897 non
1278 1851 1458 1897 tamen
1489 1842 1749 1896 dividitur
1773 1857 1801 1893 a
1832 1854 2094 1910 compage
2123 1840 2247 1893 cha-

2250 1868 2252 1877 .
2357 1837 2519 1898 atque
2539 1828 2930 1898 iumentorum.
2975 1830 3222 1887 Humana
3251 1832 3508 1903 siquidem
3541 1831 3662 1886 mola
3686 1829 3750 1885 illa
3767 1839 3833 1892 est,

664 1931 843 1987 ritatis
873 1933 957 1989 vel
984 1934 1193 1989 unitate
1235 1935 1500 2005 corporis.
1542 1936 1880 2006 Quapropter
1925 1950 2024 2003 pro
2049 1935 2247 1989 talibus

2359 1919 2425 1975 de
2454 1936 2557 1990 qua
2595 1920 2798 1976 dicitur
2824 1929 2879 1976 et
2914 1931 3077 1977 erunt
3097 1922 3221 1977 duae
3263 1922 3515 1977 molentes
3537 1921 3595 1976 ad
3621 1937 3746 1976 unam
3764 1934 3836 1974 mo-

664 2031 721 2076 et
750 2021 1120 2090 hujuscemodi
1164 2024 1458 2087 scandalis,
1509 2041 1630 2095 qua:
1671 2026 1814 2081 inter
1866 2025 2065 2080 fratres
2090 2025 2255 2079 etiam
2359 2013 2486 2080 lam,
2520 2012 2637 2068 Una
2662 2026 2959 2070 assumetur
2981 2027 3029 2071 et
3053 2033 3160 2070 una
3189 2016 3503 2087 relinquetur
3530 2014 3833 2085 (Καμήλων,

664 2111 1112 2179 germanissimos
1166 2114 1417 2172 accidere
1466 2115 1641 2170 solent
1670 2155 1687 2181 ,
1740 2117 1989 2185 quamvis
2037 2117 2247 2171 vitanda

2360 2106 2474 2174 il).
2505 2108 2757 2163 Asinaria
2795 2117 2974 2164 autem
3025 2109 3127 2164 ista
3182 2118 3287 2174 est,
3323 2124 3440 2179 qua:
3468 2108 3721 2177 imponitur
3738 2121 3840 2161 scan

667 2201 779 2256 sint
830 2210 884 2258 et
933 2203 1187 2270 dolenda,
1241 2206 1287 2259 si
1335 2206 1655 2273 acciderint,
1709 2223 1985 2277 nunquam
2026 2207 2258 2261 dixerim
2362 2201 2617 2256 dalizanti
2666 2217 2834 2256 unum
2859 2203 2926 2256 de
2953 2201 3165 2273 pusillis
3192 2202 3252 2256 in
3274 2202 3539 2258 Christum
3562 2199 3838 2260 credentibus,
3904 2202 3905 2205 ‘

670 2289 817 2360 quod
840 2291 963 2345 talis
986 2300 1242 2362 tantaque
1266 2308 1423 2364 poena
1453 2296 1563 2350 reis
1587 2311 1686 2365 pro
1710 2274 1943 2365 quorum
1962 2306 2261 2351 evenerunt
2363 2302 2423 2347 ut
2453 2293 2819 2363 demergatur,
2841 2293 2895 2347 in
2922 2291 3258 2362 profundum
3306 2293 3494 2357 maris;
3526 2289 3736 2361 quoniam
3755 2288 3846 2341 sicut
3906 2274 3907 2287 “

669 2379 828 2449 culpa
856 2380 1160 2435 adhibenda
1188 2383 1277 2447 sit,
1312 2399 1622 2453 quanquam
1643 2385 1712 2438 sit
1736 2400 1833 2454 pro
1863 2385 1946 2440 bis
1996 2386 2051 2439 in
2098 2385 2260 2441 alter-
2364 2382 2531 2438 multa
2560 2380 2866 2436 differentia
2890 2390 2975 2454 est
3022 2390 3395 2451 peccatorum,
3436 2381 3505 2435 ita
3537 2389 3588 2434 et
3623 2391 3843 2449 pinnarum.
3908 2382 3909 2399 ‘

671 2479 853 2525 utrum
876 2472 1361 2549 ingemiscendum.
1378 2474 1643 2542 Quoniam
1660 2477 1761 2532 etsi
1790 2476 1877 2531 ille
1904 2492 2030 2532 reus
2058 2485 2142 2533 est
2166 2476 2261 2547 qui
2366 2474 2529 2531 Unde
2552 2490 2659 2529 nou
2685 2472 3130 2529 irrationabiliter
3148 2474 3263 2529 dici
3285 2480 3474 2544 potest,
3497 2480 3554 2527 ut
3583 2470 3695 2534 dixi,
3716 2482 3846 2536 corpm
3910 2500 3911 2503 η

669 2561 873 2630 intulit,
910 2552 1011 2617 nec
1041 2561 1128 2618 ille
1167 2575 1346 2621 tamen
1390 2566 1730 2636 inculpabilis
1769 2577 1884 2633 est,
1930 2568 2023 2639 qui
2054 2568 2108 2623 in
2150 2579 2259 2623 tam
2364 2566 2744 2636 gravissimum
2779 2565 3016 2621 hominis
3043 2565 3193 2632 mali,
3220 2565 3365 2621 mola
3387 2563 3608 2621 asinaria
3638 2557 3846 2631 quamsibi

671 2668 837 2723 parva
884 2670 943 2710 re
965 2657 1388 2713 scandalizatur.
1426 2658 1581 2726 Quod
1608 2661 1653 2715 si
1698 2677 1805 2716 non
1833 2663 2074 2732 potuerit
2103 2678 2260 2717 scan—
2367 2657 2606 2727 alligavit
2627 2671 2692 2711 ac
2721 2656 2768 2711 si
2789 2655 2906 2711 loro
2934 2657 3163 2726 peccati,
3196 2673 3312 2727 qua
3337 2671 3543 2726 semper
3565 2654 3684 2709 mola
3700 2664 3850 2719 pressus

667 2743 895 2799 dalizari
945 2746 1000 2799 in
1030 2761 1088 2800 re
1124 2763 1288 2817 parva
1336 2762 1429 2802 seu
1469 2765 1661 2819 magna
1702 2749 1889 2816 frater,
1930 2753 2057 2821 quia
2096 2750 2266 2822 perfe-
2367 2751 2616 2803 trahatur
2654 2749 2929 2803 deorsum.
2962 2747 3265 2818 Propterea
3305 2761 3522 2804 necesse
3551 2739 3848 2801 esttalistuit-

670 2841 793 2889 ctus
827 2844 929 2898 est,
956 2844 1011 2890 et
1040 2836 1232 2892 dilexit
1253 2838 1479 2893 multum
1512 2838 1684 2911 legem
1723 2840 1838 2905 Dei,
1872 2841 2114 2911 nunquid
2144 2841 2264 2896 ideo
2367 2850 2514 2897 tatur
2547 2850 2699 2895 extra
2723 2838 3043 2906 Ecclesiam,
3072 2850 3128 2896 et
3151 2841 3435 2913 redigatur
3459 2840 3521 2895 ad
3547 2835 3848 2908 paenitentiam.

669 2925 760 2981 ille
782 2927 921 2982 alter
950 2928 1208 2984 immunis
1238 2940 1322 2985 est
1348 2948 1377 2985 a
1416 2932 1612 3001 culpa?
1637 2932 1889 3003 Alioquin
1921 2935 1964 2988 si
1992 2935 2065 2988 ita
2096 2943 2262 3001 esset,
2370 2921 2475 2987 Sed
2499 2946 2658 2987 nemo
2679 2933 2818 2986 hanc
2830 2931 3029 2985 molam
3054 2947 3246 2987 secum
3272 2933 3375 2988 nisi
3400 2945 3566 2987 caecus
3585 2928 3734 2983 trahit.
3756 2921 3854 2979 Unde

669 3017 977 3074 Alexander
1008 3020 1235 3076 aerarius
1265 3022 1357 3091 qui
1406 3021 1573 3079 Paulo
1609 3024 1778 3079 multa
1811 3026 1952 3080 mala
1981 3027 2262 3097 irrogavit,
2370 3031 2427 3078 et
2464 3023 2695 3078 Samson
2747 3022 2836 3077 ille
2880 3020 3234 3089 fortissimus,
3272 3040 3379 3080 non
3400 3022 3542 3095 prius
3575 3021 3633 3076 ad
3658 3016 3855 3073 molam!!!

670 3109 881 3165 alienus
921 3126 951 3163 a
984 3120 1134 3167 reatu
1164 3122 1327 3167 esset.
1363 3113 1468 3167 Sed
1514 3116 1641 3184 quia
1697 3132 1804 3171 non
1853 3128 1936 3172 est
1988 3118 2084 3184 ita,
2142 3118 2264 3174 ideo
2293 3123 2340 3187 C
2371 3116 2561 3182 molat,
2594 3115 2851 3179 mittitur,
2884 3131 3045 3185 quam
3074 3117 3124 3171 ei
3150 3117 3302 3171 oculi
3340 3125 3605 3171 eruantur.
3637 3112 3730 3179 Qua
3754 3105 3856 3163 ceci-

671 3198 870 3255 Paulus
895 3200 994 3265 ait,
1035 3202 1223 3257 reddet
1266 3204 1340 3258 illi
1371 3204 1663 3273 Dominus;
1707 3208 1816 3271 cui,
1847 3210 1900 3262 ni
1937 3208 2114 3277 fallor,
2145 3226 2258 3266 me-
2366 3216 2480 3262 tate
2512 3207 2821 3277 quicunque
2847 3222 3138 3277 percussus
3174 3207 3347 3264 fuerit
3368 3208 3422 3263 in
3444 3207 3648 3263 circuitu
3673 3218 3722 3257 ac
3740 3200 3773 3254 si
3794 3199 3858 3251 im-

673 3292 779 3349 lius
803 3304 949 3351 esset
982 3295 1027 3350 si
1060 3296 1128 3351 ad
1172 3297 1368 3352 collum
1404 3297 1523 3367 ejus
1554 3300 1672 3355 haec
1718 3300 1857 3355 mola
1906 3303 2140 3357 asinaria
2171 3319 2261 3358 su-
2363 3298 2486 3368 pius
2517 3297 2720 3368 jugiter
2766 3299 3028 3365 ambulat,
3064 3298 3212 3354 curis
3252 3298 3433 3355 szeculi
3464 3307 3517 3352 et
3536 3293 3741 3352 oneribus
3762 3287 3856 3341 faci-

668 3403 864 3460 spensa
897 3389 1110 3459 fuisset,
1141 3400 1195 3447 et
1222 3392 1493 3449 dimersus
1522 3395 1748 3449 essetin
1783 3394 2115 3465 profundum
2146 3413 2263 3451 ma-
2364 3406 2561 3447 norum
2591 3406 2812 3448 suorum
2845 3407 3018 3463 usque
3059 3393 3126 3449 ad
3152 3393 3269 3448 ima
3318 3392 3512 3449 inferni
3557 3388 3676 3447 male
3707 3386 3862 3454 depres-

669 3479 746 3534 ris
781 3495 879 3550 pro
898 3481 1106 3537 scelere
1134 3498 1235 3536 suo
1257 3523 1271 3547 ,
1302 3499 1466 3553 quam
1514 3484 1567 3539 in
1613 3484 1810 3540 talibus
1839 3495 2261 3556 perseverasset.
2366 3498 2479 3539 sus.

670 3569 823 3638 Quod
850 3586 1049 3627 cavens
1074 3573 1366 3643 Apostolus
1396 3589 1465 3629 ne
1490 3574 1580 3629 ulli
1607 3573 1674 3630 de
1696 3591 1757 3631 se
1780 3576 2101 3632 scandalum
2128 3593 2263 3647 prte-
2438 3574 2599 3645 733
2640 3572 2727 3629 Va:
2753 3574 2973 3640 mundo,
3006 3574 3202 3645 inquit,
3235 3593 3275 3629 a
3310 3572 3590 3631 scandulis.
3628 3567 3865 3624 Neretum

669 3659 844 3726 beret,
871 3660 1078 3718 Bonum
1121 3674 1194 3719 est
1240 3665 1390 3731 mihi,
1433 3666 1631 3737 inquit,
1665 3684 1876 3722 carnem
1908 3685 2011 3722 non
2042 3670 2267 3724 mandu-
2367 3674 2425 3719 ut
2448 3665 2653 3719 veniant
2682 3665 2957 3719 scandala.
3004 3662 3495 3720 Verumtamen-va:
3520 3660 3694 3717 homini
3716 3655 3869 3719 illt',l"r

670 3767 791 3806 care
820 3762 870 3807 et
891 3755 1067 3808 vinum
1106 3771 1209 3809 non
1251 3756 1422 3810 bibere
1462 3759 1516 3811 in
1551 3767 1826 3825 aeternum,
1863 3775 2023 3830 quam
2063 3769 2117 3814 ut
2147 3760 2264 3831 [ra-
2368 3772 2520 3828 quem
2565 3755 2878 3810 scandalum
2918 3757 3072 3810 venit.
3122 3754 3295 3811 Multa
3343 3755 3595 3811 Dominus
3617 3759 3666 3806 et
3693 3746 3869 3803 Saan

673 3851 805 3895 trem
832 3859 1005 3897 meum
1035 3846 1457 3902 scandalizarem
1485 3846 1662 3917 (Rom.
1704 3866 1815 3914 xw,
1846 3850 1938 3923 2|)
1966 3867 1980 3916 ;
2009 3852 2266 3922 quoniam
2370 3857 2559 3905 noster
2583 3848 2651 3903 de
2694 3847 2965 3903 scandalis
3008 3848 3287 3917 disputat;
3325 3848 3453 3919 quia
3483 3855 3536 3902 et
3586 3838 3869 3899 scandalon'm

677 3933 880 3987 malum
901 3944 986 3989 est
1034 3937 1259 4003 homini,
1292 3939 1383 4008 qui
1414 3954 1512 4008 per
1552 3939 1935 3997 olfendiculum
1976 3944 2269 3999 manducat
2371 3938 2540 3995 multa
2573 3946 2699 3994 sunt
2724 3952 2943 4009 genera,
2994 3939 3295 4009 multaeque
3339 3939 3643 3995 occasiones
3674 3946 3751 4003 per
3783 3936 3872 3996 φης

675 4031 769 4077 aut
815 4023 969 4079 bibit.
1007 4025 1271 4083 Similiter
1298 4038 1354 4083 et
1397 4030 1453 4083 in
1482 4032 1697 4086 caeteris
1726 4034 1955 4098 actibus,
1984 4036 2036 4089 in
2071 4037 2267 4107 quibus
2350 4029 2628 4085 scandala
2658 4030 2911 4084 οτίυηιιιτ
2938 4037 2995 4084 ει
3023 4030 3277 4084 νθηί¹¹¹¹ιο
3310 4029 3680 4085 verumtamen
3705 4036 3784 4076 ¹¹⁰¹¹

676 4113 928 4169 scandala
961 4127 1293 4187 generantur
1318 4128 1411 4174 aut
1457 4122 1791 4177 nutriuntur.
1823 4125 1887 4179 Et
1927 4126 2047 4182 ideo
2072 4105 2259 4183 caven-

2377 4122 2469 4192 qui
2514 4123 2569 4177 in
2617 4124 2819 4177 mundo
2847 4130 2903 4177 et
2933 4123 2999 4177 de
3033 4123 3233 4177 mundo
3260 4132 3413 4189 sunt,
3445 4133 3668 4192 unquam
3690 4105 3878 4171 scindi“-

678 4204 808 4261 dum
836 4221 904 4260 ne
933 4206 1025 4261 ulli
1061 4209 1404 4276 praebeamus
1432 4212 1794 4281 occasionem,
1833 4217 1957 4286 quia
1996 4218 2274 4275 seandalo-
2376 4222 2589 4269 zantur.
2620 4214 2688 4268 Et
2724 4214 2847 4269 ideo
2872 4214 2968 4278 ait,
3016 4210 3102 4268 Vw
3123 4215 3325 4270 mundo
3356 4234 3390 4269 a
3414 4210 3687 4274 scandalis,
3707 4205 3803 4275 (ιυίδ
3819 4196 3881 4267 (ιυί

676 4311 801 4351 rum
827 4298 993 4352 multa
1031 4308 1158 4354 sunt
1186 4316 1403 4370 genera,
1438 4304 1531 4359 sed
1557 4304 1721 4373 nulla,
1757 4317 1816 4361 ut
1859 4308 2069 4364 aestimo
2088 4351 2104 4376 ,
2151 4327 2274 4382 gra-
2377 4305 2445 4360 de
2473 4306 2676 4361 mundo
2697 4312 2844 4370 sunt,
2875 4305 3059 4361 omnia
3082 4306 3344 4362 scandala
3370 4307 3453 4363 eis
3480 4305 3695 4361 afferunt
3722 4311 3801 4359 τε,
3822 4286 3885 4359 (ἰαί

675 4386 829 4442 viora
867 4387 1021 4453 ﬁunt,
1057 4404 1219 4459 quam
1257 4392 1312 4446 in
1361 4394 1665 4451 resistendo
1720 4398 2073 4466 doctoribus,
2119 4411 2272 4459 certe
2376 4405 2556 4450 autem
2587 4405 2743 4451 extra
2768 4397 3028 4452 mundum
3068 4406 3216 4462 sunt.
3241 4399 3491 4454 arbitror
3511 4396 3632 4467 quia
3652 4393 3748 4463 iam
3778 4395 3887 4439 εωη·

679 4494 772 4534 aut
793 4480 894 4550 ipsi
918 4481 1167 4538 doctores
1196 4484 1241 4539 si
1276 4487 1524 4557 exemplo
1549 4503 1648 4544 suo
1676 4492 1954 4548 auditores
1981 4509 2110 4549 suos
2135 4495 2276 4551 male
2303 4474 2355 4535 Ῑ)
2381 4487 2607 4543 dalizari
2652 4503 2760 4543 non
2790 4498 3037 4559 possunt.
3066 4488 3278 4545 Idcirco
3312 4506 3441 4547 cum
3469 4489 3614 4552 dicit,
3651 4480 3729 4537 Va
3748 4469 3887 4572 mund:

680 4582 1053 4665 corrumpant.
1102 4574 1199 4631 Est
1253 4585 1431 4633 tamen
1487 4580 1541 4635 in
1596 4581 1681 4637 his
1730 4596 1787 4638 et
1814 4584 1952 4638 alius
1981 4599 2173 4640 sensus
2211 4588 2278 4643 de
2379 4602 2412 4638 a
2440 4582 2726 4646 scandalis,
2757 4597 2865 4638 non
2891 4583 3055 4639 credo
3076 4584 3223 4655 quod
3253 4585 3325 4640 de
3352 4581 3637 4640 elementis
3668 4562 3889 4665 dicat

679 4664 825 4720 mola
854 4666 1114 4735 asinaria,
1145 4684 1245 4725 nec
1274 4674 1702 4741 pnetereundus.
1732 4675 1932 4730 Dicunt
1950 4676 2096 4731 enim
2116 4678 2276 4751 732
2381 4692 2446 4731 ac
2483 4686 2663 4742 terrm,
2689 4677 2784 4732 sed
2828 4678 3126 4733 secundum
3175 4676 3587 4747 Scripturarum
3626 4656 3894 4726 consuetﬂdl‘

681 4757 825 4826 quod
878 4757 1034 4813 mehe
1062 4774 1198 4829 opus
1242 4761 1397 4818 labor
1441 4764 1515 4819 sit
1555 4765 1837 4832 caecitatis,
1876 4767 2120 4838 nihilque
2167 4780 2278 4826 tam
2381 4783 2505 4823 nem
2530 4777 2776 4823 terrenus
2796 4783 3039 4839 quosque
3060 4783 3125 4823 ac
3146 4767 3400 4823 carnales
3418 4766 3662 4823 homines
3691 4754 3894 4839 ἀδίκων

681 4862 886 4904 caecum
916 4863 1079 4920 quam
1124 4852 1374 4919 stultitia,
1431 4855 1675 4925 nihilque
1728 4867 1837 4912 tam
1877 4872 2061 4929 grave,
2114 4876 2279 4931 quam
2383 4862 2475 4932 qui
2514 4861 2754 4916 radicem
2795 4838 2978 4917 cordis
3021 4862 3075 4916 in
3125 4876 3316 4917 amore
3364 4860 3554 4917 nmndi
3594 4856 3822 4912 fixerunt:
3853 4838 3898 4892 de

685 4942 935 4998 avaritia.
970 4943 1125 5000 Unde
1146 4947 1397 5016 congruit
1418 4948 1685 5017 cupiditas
1714 4964 1808 5004 seu
1839 4952 2068 5006 avaritia
2097 4969 2275 5008 rerum
2384 4970 2491 5025 quo
2530 4955 2731 5010 mundo
2772 4954 2901 5010 alibi
2937 4956 3153 5020 dicitur,
3198 4956 3344 5026 quod
3373 4954 3611 5011 Mundus
3652 4951 3702 5004 in
3730 4938 3900 5026 mali!”

691 5037 1091 5107 temporalium,
1130 5037 1257 5107 quia
1300 5038 1552 5109 colligata
1590 5050 1674 5097 est
1726 5043 1778 5096 in
1828 5044 1993 5099 corde
2039 5046 2187 5101 stulti
2217 5062 2282 5103 ac
2383 5046 2583 5115 positus
2628 5055 2703 5099 est
2754 5043 2939 5116 (Joan.
2970 5061 3025 5111 v,
3058 5046 3169 5114 l9).
3209 5046 3269 5101 In
3298 5062 3412 5117 quo
3459 5044 3674 5106 mundo,
3714 5032 3822 5089 Erat
3838 5025 3902 5078 lli

687 5132 841 5196 caeci,
871 5141 929 5185 ut
959 5133 1209 5187 eumdem
1240 5132 1461 5187 stultum
1508 5150 1630 5188 cum
1662 5137 1900 5206 pondere
1930 5154 2029 5193 suo
2051 5140 2281 5195 deducat
2386 5152 2505 5190 vera
2548 5153 2667 5207 qua:
2715 5135 2980 5192 illuminat
3029 5154 3233 5193 omnem
3278 5140 3548 5194 hominem
3595 5133 3834 5190 renientent
3865 5118 3905 5169 ξι

688 5223 755 5278 ad
778 5223 1077 5279 interitum.
1114 5224 1307 5279 Dicunt
1327 5225 1473 5279 enim
1496 5227 1640 5295 quod
1669 5228 1823 5283 mola:
1852 5229 2050 5285 clausis
2065 5232 2282 5301 jumen-
2385 5229 2524 5283 hunc
2569 5229 2843 5283 mundum.
2888 5230 2958 5285 In
2994 5232 3190 5287 mundo
3236 5242 3371 5296 erat,
3421 5230 3617 5301 inquit,
3666 5234 3709 5280 et
3734 5211 3904 5309 ωκπάιξ

692 5324 867 5371 torum
889 5317 1061 5373 oculis
1086 5317 1393 5387 agunturin
1420 5333 1631 5389 gyrum.
1656 5319 1721 5372 Et
1748 5321 1847 5374 sub
1870 5322 2037 5377 asinae
2062 5324 2279 5393 quidem
2387 5336 2479 5391 per
2523 5338 2641 5376 eum
2696 5322 2868 5392 factus
2917 5333 2993 5377 est
3050 5334 3100 5378 et
3151 5325 3378 5379 mundus
3419 5339 3540 5377 eum
3594 5334 3691 5373 non
3730 5306 3908 5378 WW‘

693 5409 908 5462 nomine
932 5407 1247 5478 frequenter
1280 5410 1555 5480 gentilitas
1580 5412 1912 5481 designatur.
1943 5413 2054 5470 Nec
2092 5416 2281 5473 imme—
2392 5411 2574 5485 (Joan.
2598 5429 2638 5477 ι,
2664 5414 2743 5483 9).
2779 5414 2842 5469 Et
2873 5416 2998 5484 quia
3025 5431 3148 5470 eum
3176 5432 3284 5471 non
3311 5414 3585 5485 cognovit,
3619 5409 3722 5464 ideo
3754 5403 3797 5455 in
3823 5404 3908 5448 ιη³⁸

697 5496 823 5561 rito,
850 5499 973 5567 quia
999 5510 1184 5571 gentes
1205 5501 1333 5572 quid
1365 5512 1527 5572 agant
1557 5504 1821 5567 nesciunt,
1863 5513 1917 5558 et
1947 5507 1998 5559 in
2027 5507 2151 5561 vitae
2172 5524 2283 5564 suae
2391 5502 2536 5575 ligno
2565 5504 2785 5559 relictus
2810 5515 2915 5571 est,
2947 5488 3056 5577 quo
3096 5508 3413 5578 priusquam
3444 5506 3671 5565 veniret,
3709 5506 3813 5548 Vm
3845 5485 3909 5578 1"}

699 5598 859 5653 Opere
890 5590 1121 5647 detenta:
1158 5594 1458 5665 ignorantia
1500 5596 1627 5650 (κιξοί
1666 5595 1865 5651 laboris
1911 5600 2279 5656 continentur.
2394 5573 2455 5652 in
2478 5600 2622 5654 hunc
2654 5600 2913 5655 mundum
2961 5573 3168 5670 positus
3193 5573 3329 5657 erat.
3358 5599 3461 5654 Cui
3506 5594 3735 5668 profecto
3758 5573 3911 5640 mundo

698 5671 899 5736 Iudaeis
921 5695 1050 5749 vero
1090 5683 1224 5756 legis
1272 5686 1495 5743 scientia
1524 5688 1729 5745 credita
1769 5697 1872 5757 est,
1918 5698 1973 5745 et
2020 5689 2123 5747 iter
2157 5692 2283 5750 vitae
2397 5692 2646 5750 imminet
2669 5707 2750 5749 Vte
2783 5708 2815 5747 a
2846 5694 3135 5762 scandalis,
3162 5695 3288 5766 quia
3327 5693 3381 5749 in
3414 5708 3483 5749 eo
3518 5698 3573 5747 et
3593 5702 3658 5743 ex
3691 5672 3912 5737 900m"
