4012 6362
72 325 174 381 609

803 320 1164 377 EXPOSITIO
1200 319 1266 375 IN
1304 315 1738 374 MATTHIEUM.
1773 346 1844 357 —
1881 316 2006 370 LIB.
2050 315 2184 382 VIII,
2218 315 2372 372 CAP.
2413 316 2595 372 XVIII.

3216 322 3320 378 610

71 448 155 492 tur
183 433 428 490 scandala
457 441 513 489 et
552 421 864 486 nutriuntur
904 432 957 486 in
989 433 1242 487 universo
1288 432 1419 486 orbe
1465 439 1635 484 terra-
1663 434 1710 490 Α
1737 429 1815 484 eis
1843 428 2072 483 infertur
2103 443 2286 498 poena,
2323 445 2514 483 verum
2537 430 2662 500 quia
2693 430 2824 486 nihil
2862 433 3040 488 minor
3062 444 3325 506 sequetur

73 545 208 584 rum.
235 529 304 582 De
325 541 432 597 quo
456 525 632 580 fateor
670 525 870 578 mundo
901 541 1006 580 non
1039 535 1196 580 erant
1241 525 1352 594 jam
1387 523 1637 594 discipuli

68 620 287 682 Christi,
332 619 473 672 sicut
524 632 624 671 nec
669 615 922 686 Magister
952 632 1137 672 eorum
1186 619 1252 671 de
1289 619 1393 671 hoc
1441 618 1642 670 mundo

69 723 205 768 erat.
237 712 298 766 Et
323 712 445 766 ideo
474 709 675 764 nemini
708 723 896 763 eorum
923 725 1002 763 va:
1041 724 1070 763 a
1106 709 1373 764 scandalis
1417 717 1554 772 erat,
1589 708 1642 762 in

69 815 325 877 quantum
356 801 729 871 unusquisque
755 815 943 854 eorum
961 798 1073 867 jam
1111 810 1292 854 mente
1315 808 1466 853 extra
1488 813 1660 853 mun-'

71 899 193 950 dum
230 902 363 949 erat.
407 892 474 947 Et
519 892 639 947 ideo
685 890 806 960 pius
855 889 1111 960 Magister
1139 890 1215 944 ait
1271 891 1338 944 ad
1383 889 1639 944 Patrem:

71 985 250 1048 Pater,
288 983 614 1053 manifestavi
651 999 839 1060 nomen
879 971 1026 1035 tuum
1053 983 1368 1046 hominibus,
1394 999 1522 1052 quos
1555 983 1645 1035 de-

75 1080 192 1133 disti
221 1078 343 1130 mihi
369 1077 434 1130 de
480 1076 677 1129 mundo
705 1073 887 1144 (Joan.
912 1091 1024 1138 xw,
1049 1075 1137 1144 6);
1179 1084 1234 1129 et
1271 1083 1394 1144 post
1421 1090 1587 1144 pauca
1626 1093 1638 1127 :

71 1171 202 1240 Ego,
236 1168 424 1238 inquit,
448 1183 542 1236 pro
571 1167 645 1220 eis
668 1182 812 1235 rogo,
853 1183 955 1219 non
993 1182 1087 1235 pro
1131 1167 1328 1220 mundo
1372 1183 1517 1236 rogo,
1541 1164 1644 1219 ‘sed

69 1275 161 1328 pro
190 1259 260 1310 eis
287 1273 414 1327 quos
461 1254 652 1308 dedisti
681 1253 806 1307 mihi
837 1252 1018 1321 (Joan.
1053 1269 1187 1316 xvn,
1217 1254 1293 1324 9).
1343 1253 1443 1309 Ubi
1475 1253 1647 1308 mani-

72 1349 204 1402 feste
241 1345 498 1410 ostendit,
538 1345 684 1414 quod
725 1343 878 1411 juxta
935 1344 1463 1412 praedestinationem
1524 1343 1641 1408 Dei,

61 1441 175 1508 jam
214 1441 298 1494 isti
347 1439 413 1493 de
445 1437 646 1491 mundo
691 1450 795 1489 non
850 1443 1040 1498 erant;
1076 1445 1132 1489 et
1169 1435 1290 1488 ideo
1321 1449 1426 1503 pax
1478 1434 1645 1487 multa

70 1530 177 1584 illis
203 1537 313 1583 erat
344 1528 520 1598 potius
548 1541 712 1596 quam
741 1541 840 1588 vce,
878 1525 1001 1594 quia
1036 1524 1207 1594 legem
1247 1523 1336 1576 Dei
1371 1538 1436 1577 ex
1481 1523 1645 1577 corde

60 1623 180 1691 jam
205 1610 816 1688 diligebant.Siquidem
849 1624 902 1668 et
931 1614 1130 1668 Christi
1165 1613 1426 1682 discipulo
1452 1627 1644 1683 quam-

65 1713 157 1764 vis
185 1711 237 1763 in
261 1709 450 1762 mundo
491 1707 728 1774 undique
775 1702 1025 1759 scandala
1059 1703 1305 1756 ferveant
1331 1713 1386 1756 et
1426 1702 1645 1755 crebre-

1743 521 1980 575 vindicta
2008 537 2314 591 quamqua:
2341 522 2703 576 comminatur
2738 538 2768 576 a
2821 523 3070 580 Domino.
3122 524 3231 582 Sed
3271 537 3332 584 et.

1745 617 1837 686 qui
1887 626 2126 686 pmsunt
2176 618 2314 670 hanc
2367 631 2561 670 cavere
2615 615 2814 671 debent
2859 620 3209 684 sententiam,
3261 634 3331 675 ne
3417 689 3419 692 q

1747 708 1886 762 forte
1937 707 2049 762 suis
2097 709 2306 762 actibus
2333 707 2703 762 scandalizent
2736 708 2836 763 sibi
2877 707 3171 777 subjectos,
3201 709 3329 780 quia

1747 802 1813 855 ab
1847 800 1928 854 eis
1954 800 2068 854 btec
2102 800 2280 854 omnia
2314 800 2552 853 atrocius
2599 799 2888 870 exiguntur
2913 816 2943 854 a
2983 800 3179 870 quibus
3219 817 3330 856 non

1747 891 1867 946 dico
1888 890 2143 946 scandala
2185 899 2413 954 tantum,
2448 890 2494 944 si
2529 889 2828 954 intulerint,
2875 906 3062 945 verum
3113 892 3216 946 nisi
3245 891 3324 946 lu-

1746 997 1838 1037 cra
1867 981 2264 1052 reportaverint
2300 981 2647 1045 talentorum,
2680 995 2868 1051 pugnas
2905 980 3054 1052 luent
3091 996 3190 1052 pro
3225 982 3329 1036 sibi

1747 1075 2072 1128 commissis.
2105 1074 2276 1128 Porro
2314 1073 2457 1143 quod
2506 1073 2604 1138 ait,
2656 1071 2880 1127 Necesse
2924 1083 3086 1128 estut
3124 1075 3330 1128 veniant

1747 1164 2020 1228 scandala,
2053 1165 2268 1218 videtur
2299 1179 2394 1218 eos
2425 1165 2694 1218 immunes
2739 1163 2921 1219 facere
2950 1180 2978 1217 a
3026 1164 3203 1234 culpa,
3233 1165 3328 1234 qui

1749 1256 1870 1310 aliis
1898 1257 2180 1310 intulerint
2209 1257 2486 1320 scandala,
2519 1257 2646 1326 quia
2699 1255 2902 1310 faciunt
2933 1257 3074 1326 quod
3107 1271 3332 1311 necesse

1749 1354 1850 1408 est,
1869 1345 2023 1413 juxta
2061 1361 2246 1400 vocem
2277 1346 2350 1416 pii
2404 1345 2667 1413 Magistri,
2699 1357 2756 1399 ut
2797 1348 2947 1400 ﬁant.
2982 1347 3088 1401 Sed
3119 1363 3226 1402 non
3257 1348 3330 1402 ita

1748 1441 2172 1510 intelligendum,
2229 1441 2329 1494 etsi
2383 1439 2558 1494 Lucas
2605 1441 2784 1494 adhuc
2821 1439 2982 1510 735
3016 1421 3366 1510 expressius

1749 1533 1916 1597 dicat,
1957 1532 2286 1600 Impossibile
2315 1543 2390 1586 est
2415 1542 2473 1586 ut
2503 1550 2606 1586 non
2651 1533 2858 1586 veniant
2887 1532 3142 1587 scandala
3175 1531 3328 1603 (Luc.

1748 1640 1884 1688 xvn,
1918 1625 1970 1694 l)
1998 1626 2172 1694 :quod
2210 1626 2254 1679 si
2288 1625 2620 1695 impossibile
2649 1633 2754 1690 est,
2779 1628 2962 1680 utnon
2990 1626 3230 1690 veniant,
3252 1633 3335 1680 est

1724 1726 1974 1771 'neccsse
2022 1726 2078 1770 ut
2127 1718 2376 1782 veniant;
2415 1720 2761 1787 quaerendum
2808 1719 3078 1788 quomodo
3133 1719 3331 1773 intelli—

65 1810 244 1861 scant,
297 1797 494 1853 nullum
547 1797 796 1850 imminet
844 1811 943 1860 vae,
995 1809 1060 1848 eo
1104 1793 1248 1864 quod
1277 1807 1382 1847 non
1427 1801 1648 1862 tangant

1753 1807 1984 1875 gendum
2033 1806 2124 1870 sit,
2178 1806 2304 1875 quia
2351 1783 2614 1860 inﬁrmari
2670 1822 2775 1861 non
2825 1783 3008 1876 potest
3062 1808 3332 1864 sententia

69 1889 319 1945 scandala
359 1904 482 1942 eum
514 1888 559 1941 si
611 1902 718 1940 non
747 1885 912 1940 fuerit
943 1884 1009 1940 de
1052 1885 1155 1940 hoc
1193 1886 1394 1940 mundo
1433 1886 1486 1938 in
1538 1891 1664 1955 quo'

68 1997 152 2035 vae
177 1979 438 2041 abundat;
468 1978 594 2048 quia
644 1977 844 2047 ubique
887 1977 944 2030 in
984 1991 1048 2030 eo
1095 1977 1453 2030 exardescunt
1488 1990 1646 2029 scan-

67 2071 208 2125 dala.
242 2070 388 2137 Quod
419 2070 464 2124 si
495 2068 723 2139 quilibet
749 2067 1009 2137 parvulus
1031 2067 1123 2136 qui
1146 2067 1259 2136 jam
1288 2066 1504 2120 videtur
1527 2080 1646 2120 esse

66 2163 269 2220 Christi
295 2163 616 2234 discipulus,
665 2160 920 2216 scandala
949 2161 1134 2215 mundi
1169 2160 1222 2213 in
1253 2174 1310 2214 se
1357 2159 1643 2228 receperit,

65 2265 163 2309 aut
186 2263 402 2325 propter
447 2251 866 2308 inconstantiam
909 2251 1032 2306 ﬁdei
1084 2264 1216 2315 suae,
1259 2258 1354 2303 aut
1381 2249 1506 2318 quia
1537 2264 1645 2302 non

65 2365 134 2404 ex
171 2357 284 2403 toto
313 2347 474 2402 corde
511 2345 760 2409 credidit,
790 2344 874 2398 vel
925 2345 1048 2411 quia
1095 2359 1202 2396 non
1245 2357 1313 2396 ex
1368 2350 1483 2395 toto
1537 2339 1647 2394 Deo

64 2441 288 2496 obedire
337 2438 630 2502 consensit,
690 2444 838 2490 tanta
883 2434 1149 2504 siquidem
1205 2448 1329 2488 eum
1389 2430 1646 2486 scandala

63 2532 289 2588 omnino
308 2527 783 2599 comprehendent,
815 2527 1033 2596 quantis
1058 2524 1219 2578 fuerit
1257 2525 1420 2578 rebus
1443 2522 1648 2590 obliga-

65 2633 158 2676 tus
186 2619 348 2692 734
382 2619 436 2674 iu
480 2618 698 2673 mundo.
747 2617 816 2671 Et
867 2617 1162 2670 notandum
1215 2618 1357 2684 quod
1389 2616 1486 2678 ait,
1520 2613 1645 2684 quia

64 2727 276 2765 necesse
325 2719 400 2764 est
445 2719 499 2763 ut
553 2710 763 2763 veniant
813 2706 1090 2762 scandala.
1125 2706 1278 2774 Quod
1314 2706 1361 2761 si
1402 2705 1644 2770 veniunt,

62 2801 419 2873 quaerendum
451 2801 592 2855 unde
636 2800 858 2854 veniunt
882 2808 938 2853 et
989 2813 1086 2868 per
1113 2813 1250 2866 quos
1298 2805 1353 2852 et
1401 2797 1468 2850 ad
1508 2810 1646 2866 quos

61 2897 312 2950 veniunt.
344 2893 480 2960 Quia
509 2893 750 2958 omnino,
803 2891 1050 2962 quamvis
1091 2905 1316 2945 necesse
1364 2889 1435 2942 sit
1467 2896 1527 2942 ut
1552 2902 1646 2940 ve-

61 2987 244 3048 niant,
270 2998 542 3054 nunquam
567 2983 671 3036 nisi
705 2997 736 3035 a
766 2981 907 3036 malo
939 2990 994 3034 et
1017 2995 1115 3050 per
1145 2979 1316 3034 malos
1351 2979 1420 3033 ad
1449 2978 1648 3046 imper—

61 3077 241 3133 fectos
289 3075 534 3138 veniunt,
585 3087 812 3141 quorum
865 3071 1149 3125 instinctor
1199 3079 1254 3124 et
1300 3078 1644 3139 propagator,

1748 1897 2067 1953 Salvatoris.
2099 1898 2207 1954 Nec
2237 1914 2294 1952 se
2322 1898 2641 1969 impugnant
2663 1899 2828 1953 verba
2855 1899 3022 1969 ipsius
3057 1915 3181 1954 cum
3211 1899 3287 1953 ait
3315 1916 3330 1952 :

1749 1987 1851 2053 Qui
1896 1989 2332 2043 scandalizaverit
2374 2006 2536 2043 unum
2567 2005 2631 2043 ea:
2670 1990 2802 2052 istis,
2841 1991 3046 2060 expedit
3077 1993 3125 2045 ei
3152 2001 3209 2044 ut
3243 2008 3334 2044 su-

1745 2079 2034 2148 spendatur
2055 2079 2198 2157 mola
2225 2080 2486 2142 asinaria,
2528 2087 2636 2132 etc.
2675 2078 2830 2133 Unde
2859 2075 3207 2148 quaerendum
3251 2089 3335 2135 est

1746 2171 1888 2239 quod
1915 2171 2011 2236 ait,
2041 2171 2168 2240 quia
2194 2170 2424 2226 Necesse
2445 2179 2528 2225 est
2562 2179 2622 2224 ut
2661 2171 2880 2226 veniant
2907 2159 3180 2234 scandala,
3210 2186 3332 2240 quae

1746 2264 2048 2318 necessitas
2078 2263 2188 2318 sit?
2213 2262 2328 2317 Non
2366 2263 2530 2318 credo
2561 2263 2763 2317 dictum
2811 2265 2952 2332 quod
2999 2263 3076 2316 ita
3109 2261 3346 2318 necesse

1747 2353 1835 2414 sit,
1870 2361 1928 2406 ut
1953 2353 2208 2422 expediat
2229 2353 2277 2406 ei
2323 2353 2412 2422 qui
2443 2350 2606 2406 infert
2631 2353 2901 2412 scandala,
2927 2353 3012 2407 vel
3049 2353 3212 2407 etiam
3255 2353 3332 2408 illi

1748 2442 1839 2511 qui
1888 2443 2324 2506 scandalizatur,
2374 2443 2472 2497 sed
2533 2443 2630 2507 ita,
2687 2450 2747 2496 ut
2792 2441 2968 2496 Lucas
3019 2443 3331 2514 diligentius

1747 2532 2036 2602 expressit,
2069 2533 2192 2601 quia
2224 2531 2559 2600 impossibile
2585 2541 2669 2587 est
2691 2541 2751 2585 ut
2783 2547 2890 2586 non
2919 2532 3140 2586 veniant
3174 2548 3332 2586 scan-

1751 2624 1895 2680 dala.
1931 2622 2022 2678 Sic
2069 2623 2267 2694 quippe
2297 2623 2465 2677 multa
2513 2623 2766 2678 dicuntur
2814 2623 3138 2678 necessaria.
3180 2622 3333 2679 Sicut

1747 2715 1930 2778 homo,
1960 2713 2050 2782 qui
2075 2713 2325 2768 mortalis
2355 2721 2457 2777 est,
2490 2726 2712 2768 necesse
2736 2723 2820 2767 est
2861 2719 2921 2766 ut
2962 2713 3244 2780 moriatur,
3275 2723 3332 2770 et

1748 2805 1888 2859 sicut
1917 2803 2008 2872 qui
2043 2803 2284 2856 ambulat
2318 2818 2543 2857 necesse
2585 2811 2672 2857 est
2712 2811 2772 2857 ut
2809 2817 2867 2857 se
2909 2812 3142 2870 moveat,
3191 2819 3328 2874 quo-

1747 2895 1892 2948 niam
1919 2894 2078 2948 aliter
2103 2909 2225 2948 esse
2251 2909 2357 2948 non
2375 2901 2567 2963 potest.
2584 2893 2650 2947 Et
2671 2893 2791 2948 ideo
2809 2893 2927 2948 haec
2955 2893 3250 2949 necessitas
3264 2894 3334 2949 ad

1749 2984 2008 3039 mundum
2064 2983 2346 3056 referenda
2393 2993 2496 3048 est,
2529 2983 2616 3038 cui
2643 2998 2722 3038 va:
2747 2990 2832 3037 est
2873 2998 2904 3036 a
2957 2983 3247 3050 scandalis,
3279 2993 3336 3040 et

1750 3091 1858 3130 non
1889 3076 1954 3128 ad
2003 3091 2126 3130 eum
2162 3075 2420 3130 mundum
2450 3076 2540 3146 qui
2587 3069 3022 3145 redemptus‘est
3077 3093 3107 3130 a
3163 3077 3331 3143 malo,

60 3186 168 3243 per
211 3169 460 3224 homines
490 3166 662 3220 malos
708 3167 774 3220 ad
822 3179 958 3234 quos
989 3164 1216 3227 accedit,
1259 3179 1324 3217 ac
1351 3163 1394 3216 si
1427 3163 1493 3216 ad
1519 3176 1645 3215 vasa
1675 3148 1720 3211 C
1752 3165 1877 3219 licet
1906 3176 2094 3220 contra
2123 3181 2246 3220 eum
2295 3165 2550 3221 scandala
2590 3177 2820 3229 moveat,
2855 3168 3144 3238 instigatus
3171 3169 3218 3224 is
3245 3169 3333 3224 cui

63 3276 191 3326 sua,
220 3275 324 3314 non
345 3258 448 3313 nisi
479 3255 722 3312 diabolus
743 3255 1074 3324 intelligitur,
1109 3253 1198 3323 qui
1237 3252 1573 3323 principatur
1595 3251 1648 3304 in

63 3351 214 3406 ﬁlios
239 3347 568 3412 dillidentite,
602 3357 658 3401 et
691 3361 789 3416 per
841 3360 936 3400 eos
981 3352 1202 3399 exercet
1243 3359 1370 3399 suas
1400 3354 1567 3408 artes,
1590 3350 1650 3396 ut

64 3443 219 3497 ultra
247 3441 479 3494 latenter
504 3452 702 3492 nocere
727 3436 917 3505 possit.
964 3434 1256 3504 Propterea
1303 3432 1473 3487 multo
1501 3431 1650 3502 pejus

61 3541 156 3588 est
181 3531 261 3584 illi
289 3530 381 3599 qui
411 3528 764 3592 scandalizat,
808 3540 972 3596 quam
1003 3526 1095 3596 qui
1139 3524 1556 3579 scandalizatur.
1585 3522 1650 3576 Et

59 3623 202 3693 quia
236 3635 455 3675 necesse
485 3628 568 3674 est
618 3627 679 3672 ut
717 3617 937 3672 veniant
989 3615 1267 3679 scandala,
1311 3612 1649 3668 tolerabilius

55 3721 169 3772 est,
221 3719 281 3763 ut
329 3724 425 3778 per
451 3723 547 3764 eos
577 3709 816 3772 veniant,
846 3707 938 3777 qui
989 3705 1154 3772 alieni
1183 3713 1308 3759 sunt
1344 3719 1373 3757 a
1415 3704 1508 3757 Dei
1539 3702 1672 3760 cul-,

57 3815 215 3868 tura,
247 3819 413 3872 quam
437 3817 533 3872 per
555 3818 650 3857 eos
671 3803 760 3871 qui
785 3801 1034 3855 videntur
1065 3798 1249 3853 ﬁdeles
1275 3812 1415 3852 esse.
1447 3795 1652 3863 Quibus

53 3906 117 3950 et
167 3892 350 3963 majus
401 3894 658 3949 incumbit
691 3910 770 3948 va:
820 3908 920 3962 per
977 3908 1113 3962 quos
1158 3889 1438 3959 contingit,
1489 3904 1650 3959 quam

53 3984 318 4058 parvulis
338 3992 394 4038 et
422 3985 612 4040 mundo
638 3986 723 4039 cui
745 3984 1024 4055 contingit.
1057 3983 1195 4049 Quia
1229 3981 1511 4036 remissius
1533 3989 1652 4035 erat

59 4081 217 4150 Tyro
243 4088 300 4133 et
331 4077 514 4133 Sidoni
558 4094 720 4148 quam
751 4077 854 4132 illis
890 4077 1200 4132 civitatibus
1225 4091 1361 4146 quas
1393 4075 1652 4128 Dominus

61 4174 184 4226 suis
207 4171 506 4225 virtutibus
536 4187 640 4224 non
679 4171 854 4240 potuit
893 4170 1271 4238 corrigere'et
1313 4177 1648 4223 convertere.

61 4265 464 4320 Verumtamen
511 4263 613 4317 etsi
656 4263 742 4316 his
766 4277 843 4314 va:
882 4269 984 4322 est,
1029 4259 1121 4329 qui
1167 4259 1234 4314 de
1262 4261 1461 4313 mundo
1493 4268 1548 4313 et
1599 4259 1652 4312 in

60 4358 278 4413 mundo
307 4353 565 4410 scandala
619 4355 884 4408 seminam
918 4361 974 4406 ct
1024 4353 1289 4416 nutriunt,
1329 4366 1428 4406 nec
1457 4351 1652 4405 immu-

58 4464 166 4503 nes
200 4456 331 4502 sunt
361 4462 393 4500 a
424 4455 578 4500 reatu
601 4453 658 4499 et
683 4443 837 4514 culpa
861 4443 1057 4512 quibus
1083 4451 1139 4497 et
1176 4458 1255 4497 vae
1277 4443 1497 4504 dicitur,
1525 4443 1652 4510 quia

1755 3272 1836 3310 vae
1865 3266 1950 3312 est
1973 3272 2002 3310 a
2034 3257 2322 3322 scandalis,
2351 3258 2545 3326 quibus
2574 3257 2718 3312 nulla
2749 3260 3043 3315 necessitas
3073 3268 3156 3314 est
3189 3261 3242 3314 in
3269 3275 3334 3316 eo

1753 3349 1974 3410 mundo,
2007 3357 2064 3400 ut
2093 3349 2331 3409 veniant.
2402 3349 2496 3402 sed
2543 3363 2736 3418 magna
2775 3349 2998 3405 libertas
3039 3366 3105 3404 ex
3161 3353 3335 3422 gratia

1753 3437 1847 3490 Dei
1877 3446 1934 3490 ut
1957 3437 2182 3507 repellat
2209 3447 2264 3491 et
2283 3438 2485 3491 vincat.
2543 3436 2807 3512 Caeterum
2852 3441 2905 3493 in
2933 3441 3024 3494 illo
3047 3450 3103 3495 et
3149 3443 3218 3496 ab
3248 3441 3337 3498 illo

1755 3527 1954 3581 mundo
1989 3527 2121 3581 cum
2151 3528 2364 3581 nonnisi
2393 3543 2474 3580 vae
2493 3541 2613 3582 esse
2639 3536 2840 3599 potest,
2871 3545 3094 3586 necesse
3133 3540 3219 3586 est
3272 3542 3332 3588 ut

1753 3617 1971 3671 veniant
1998 3616 2274 3680 scandala,
2328 3617 2456 3686 quia
2486 3617 2691 3682 abhis,
2737 3619 2827 3687 qui
2868 3619 2922 3672 in
2972 3635 3038 3674 eo
3095 3619 3333 3676 ﬁxerunt

1754 3705 1938 3768 corda,
1979 3705 2122 3761 aliud
2173 3706 2361 3760 venire
2405 3721 2510 3760 non
2551 3715 2748 3777 potest,
2800 3709 2962 3764 etiam
3009 3710 3112 3764 etsi
3145 3725 3333 3779 pacem

1754 3794 2129 3864 polliceantur,
2163 3795 2215 3848 in
2237 3804 2498 3864 quantum
2523 3795 2576 3850 in
2598 3797 2678 3851 eis
2702 3797 3038 3868 principatur
3058 3799 3333 3863 inimicus,

1755 3901 1918 3954 aquo
1968 3885 2112 3940 aliud
2162 3886 2296 3940 nihil
2337 3901 2499 3957 quam
2547 3887 2797 3942 scandala
2848 3889 3034 3944 venire
3086 3900 3335 3959 possunt.

1755 3980 1908 4047 Quod
1937 3980 1980 4034 si
2013 3981 2127 4034 haec
2157 3980 2450 4035 necessitas
2495 3980 2813 4050 simpliciter
2863 3981 3208 4054 intelligenda
3232 3992 3334 4050 est,

1755 4083 1859 4138 qua
1882 4069 2100 4134 dicitur,
2133 4071 2259 4138 quia
2279 4084 2502 4124 necesse
2529 4077 2690 4124 estut
2715 4071 2936 4124 veniant
2960 4071 3238 4138 scandala,
3266 4073 3334 4128 de

1755 4161 2006 4230 passione
2063 4161 2265 4216 Christi
2322 4162 2492 4231 magis
2526 4162 2728 4216 dictum
2783 4162 3186 4234 intelligendum
3233 4174 3336 4230 est,

1756 4251 1880 4321 quia
1913 4252 2186 4306 humilitas
2211 4251 2412 4306 Christi
2437 4261 2491 4306 et
2524 4253 2728 4322 passio,
2753 4255 2957 4309 mundo
2979 4271 3008 4308 a
3049 4271 3157 4325 quo
3185 4271 3339 4311 scan-

1757 4344 1876 4398 dala
1907 4345 2148 4408 veniunt,
2188 4344 2376 4413 utique
2402 4344 2718 4400 scandalum
2748 4354 2834 4400 est
2879 4347 2932 4400 in
2973 4347 3075 4402 hoc
3102 4350 3338 4406 maxime

1758 4436 1884 4506 quia
1912 4435 2214 4504 ignorantia
2242 4435 2513 4490 detinetur
2552 4437 2785 4490 humana
2814 4451 3052 4505 pressus,
3085 4454 3186 4506 nec
3222 4456 3342 4496 cre-

56 4541 413 4595 miscuerunt
449 4551 509 4590 se
554 4497 794 4598 mundo:
815 4497 900 4588 cui
939 4541 1024 4588 est
1074 4540 1243 4586 totum
1273 4547 1353 4586 vae
1381 4497 1655 4585 voluntate
1683 4497 1736 4560 Ῑ)
1760 4529 1838 4583 dit
1862 4543 1959 4582 nec
1989 4527 2182 4596 recipit
2221 4527 2364 4596 quod
2386 4526 2486 4580 sub
2526 4525 2872 4583 deformitate
2898 4530 3100 4594 crucis,
3124 4541 3342 4588 aeterne

58 4637 294 4698 recepta
326 4636 386 4681 ut
415 4623 917 4680 scaudalizarentur
941 4637 1065 4677 cum
1092 4622 1309 4676 mundo.
1327 4621 1530 4674 Tamen
1551 4619 1657 4698 illis

53 4697 292 4791 gravius
345 4732 426 4771 va:
477 4709 643 4770 restat
681 4729 779 4786 per
821 4728 958 4784 quos
986 4712 1295 4768 scandalum
1326 4712 1494 4776 venit,
1524 4697 1656 4781 quo-

53 4812 217 4864 niam
267 4807 618 4877 prazbucrunt
670 4820 730 4860 se
765 4804 1044 4874 spiritibus
1079 4803 1372 4858 immundis
1397 4803 1464 4856 ad
1502 4817 1659 4857 scan-

53 4899 423 4956 dalizandum
474 4898 719 4952 homines
756 4897 998 4952 inﬁrmos
1048 4906 1104 4951 et
1149 4895 1471 4958 mundiales,
1518 4894 1658 4950 fece-

53 5007 315 5066 runtque
337 5011 396 5050 se
425 5004 628 5050 satana:
659 4997 956 5051 ministros.
983 4996 1156 5050 Etiam
1192 4995 1293 5048 etsi
1331 4994 1512 5064 magni
1542 4993 1659 5047 fue-

51 5095 175 5145 rint
225 5091 284 5143 in
326 5089 588 5152 Ecclesia,
639 5105 778 5160 quos
807 5104 912 5143 non
938 5097 1141 5158 queant
1186 5087 1573 5147 scandalizare,
1602 5094 1663 5139 ut

49 5197 234 5250 supra
270 5180 388 5250 jam
414 5181 650 5236 diximus
691 5181 759 5236 de
802 5179 968 5234 Paulo
990 5181 1076 5235 cui
1106 5179 1412 5234 Alexander
1440 5179 1664 5233 aararius

47 5274 242 5328 inunita
282 5273 425 5327 mala
459 5275 703 5344 ingessit,
732 5282 792 5328 ut
815 5273 1134 5329 scandalum
1181 5272 1334 5352 ﬁeret
1370 5271 1662 5341 Evangelio

47 5365 206 5432 ejus,
263 5380 379 5419 non
411 5365 532 5420 ideo
562 5374 741 5420 tamen
772 5364 1026 5420 immunis
1058 5363 1159 5418 fuit
1207 5378 1238 5416 a
1270 5371 1445 5424 reatu,
1474 5377 1663 5432 quam-

47 5459 142 5511 vis
167 5457 366 5510 minus
396 5457 634 5526 potuerit
655 5457 879 5528 implere
909 5472 1030 5526 quae
1065 5455 1250 5509 voluit.
1284 5454 1374 5508 Sic
1400 5463 1454 5508 et
1482 5454 1660 5508 omni-

47 5549 164 5602 bus
212 5549 334 5602 erit
360 5552 451 5618 qui
495 5549 770 5604 scandalis
796 5547 1107 5603 deserviunt
1151 5555 1206 5600 et
1247 5562 1434 5601 servos
1476 5546 1566 5598 Dei
1607 5546 1658 5598 in

43 5637 256 5708 aliqua
327 5639 604 5692 servitutis
655 5636 857 5692 Christi
907 5634 1088 5690 ofﬁcio
1131 5635 1500 5689 scandalizare
1555 5650 1658 5687 non

39 5737 363 5790 metuunt;
413 5731 667 5787 quoniam
709 5730 809 5783 ctsi
862 5745 968 5783 non
1021 5729 1505 5798 imprzesentiarum
1539 5727 1660 5782 talis

1762 4619 1949 4690 gloria:
1998 4618 2256 4672 Dominus
2299 4619 2533 4687 potuerit
2579 4634 2638 4672 se
2665 4620 2970 4688 humiliare,
3013 4633 3073 4677 ut
3114 4624 3260 4693 ligno
3282 4641 3342 4680 se

1763 4711 1994 4766 voluerit
2023 4709 2298 4779 suspendi.
2331 4709 2398 4762 Et
2427 4709 2570 4777 quod
2593 4709 2792 4764 mundo
2815 4711 2869 4765 in
2905 4712 3140 4785 maligno
3165 4715 3340 4783 posito

1763 4811 1874 4859 tam
1931 4801 2314 4871 periculosum,
2363 4815 2523 4868 quam
2578 4799 2814 4857 noluisse
2856 4803 3130 4859 Christum
3164 4807 3355 4862 cruci-‘

1767 4901 1934 4954 ﬁxum
1987 4896 2253 4964 recipere.
2301 4895 2712 4962 Verumtamen,
2769 4899 2870 4953 sub
2912 4900 3071 4954 unius
3111 4902 3346 4956 nominis

1767 4988 2165 5056 nuncupatione
2193 4984 2439 5039 absolute
2465 4985 2746 5042 Iudaicum
2794 4992 3045 5060 populum
3074 4993 3341 5064 designat,

1764 5095 1864 5152 per
1888 5094 2048 5150 quem
2078 5093 2238 5132 omne
2289 5078 2414 5132 huic
2465 5081 2664 5136 mundo
2700 5085 3012 5138 scandalum
3067 5085 3238 5150 venit,
3285 5094 3346 5139 ut

1764 5172 2042 5229 Christum
2081 5173 2135 5225 in
2158 5170 2407 5241 passione
2434 5187 2625 5228 omnes
2648 5177 2935 5248 abnegent,
2964 5192 3122 5247 quem
3155 5178 3237 5232 lex
3290 5186 3346 5232 et

1765 5267 2042 5338 prophetae
2082 5279 2298 5335 semper
2329 5265 2638 5334 passibilem
2687 5269 3067 5337 praedicarunt.
3102 5269 3166 5324 Et
3214 5284 3345 5339 pro-

1768 5370 1954 5430 pterea
2010 5358 2152 5412 sicut
2205 5358 2308 5421 ait,
2333 5374 2552 5414 necesse
2593 5369 2712 5413 erat
2757 5361 2939 5414 venire
2982 5361 3257 5428 scandala,
3288 5369 3348 5416 ut

1767 5450 1946 5505 omnis
1983 5450 2036 5503 in
2063 5449 2313 5518 passione
2339 5450 2564 5513 Christi,
2591 5450 2675 5503 lex
2703 5458 2757 5503 et
2785 5451 3069 5519 prophetia
3103 5453 3214 5506 suis
3259 5468 3347 5508 re-

1769 5544 2098 5599 formaretur
2137 5541 2342 5613 ﬁguris,
2374 5543 2660 5610 ornuiaquc
2692 5549 3030 5620 sacramenta
3081 5542 3348 5616 Redemp-

1769 5635 1930 5690 tionis
1977 5643 2176 5687 nostrae
2224 5633 2275 5685 in
2337 5648 2398 5686 ea
2449 5632 2748 5687 humilitate
2793 5632 3211 5702 complerentur.
3269 5637 3349 5692 Id-
3435 5663 3444 5686 ~.

1769 5727 1916 5782 circo
1945 5725 2044 5780 etsi
2078 5724 2286 5794 plurimi
2339 5724 2404 5777 de
2440 5731 2612 5777 morte
2659 5723 2858 5779 Christi
2889 5726 3326 5782 scandalizatum
