  <div class='ocr_page' id='page_1' title='image "/cluster/home/n/w/nwhite01/storage/ocr_20150623/120/hvd.32044015466923/311.png"; bbox 0 0 4008 6354; ppageno 0'>
   <div class='ocr_carea' id='block_1_1' title="bbox 1525 295 3847 365">
    <p class='ocr_par' dir='ltr' id='par_1_1' title="bbox 1525 295 3847 365">
     <span class='ocr_line' id='line_1_1' title="bbox 1525 295 3847 365; baseline -0.006 0"><span class='ocrx_word' id='word_1_1' title='bbox 1525 306 1584 365; x_wconf 91' lang='lat' dir='ltr'><strong>s.</strong></span> <span class='ocrx_word' id='word_1_2' title='bbox 1616 304 1976 365; x_wconf 65' lang='lat' dir='ltr'><strong>rascmsn</strong></span> <span class='ocrx_word' id='word_1_3' title='bbox 2012 300 2357 360; x_wconf 64' lang='lat' dir='ltr'><strong>nausea“</strong></span> <span class='ocrx_word' id='word_1_4' title='bbox 2392 300 2680 357; x_wconf 68' lang='lat' dir='ltr'><strong>seems</strong></span> <span class='ocrx_word' id='word_1_5' title='bbox 2717 295 3162 357; x_wconf 73' lang='lat' dir='ltr'><strong>connmsns</strong></span> <span class='ocrx_word' id='word_1_6' title='bbox 3773 306 3847 364; x_wconf 74' lang='grc' dir='ltr'><strong>οη</strong></span> 
     </span>
    </p>
   </div>
   <div class='ocr_carea' id='block_1_2' title="bbox 712 411 3848 503">
    <p class='ocr_par' dir='ltr' id='par_1_2' title="bbox 712 411 3848 503">
     <span class='ocr_line' id='line_1_2' title="bbox 712 411 3848 503; baseline -0.005 -15"><span class='ocrx_word' id='word_1_7' title='bbox 712 428 878 503; x_wconf 70' lang='lat'><strong>736</strong></span> <span class='ocrx_word' id='word_1_8' title='bbox 896 443 1121 486; x_wconf 80' lang='lat' dir='ltr'><strong>necesse</strong></span> <span class='ocrx_word' id='word_1_9' title='bbox 1141 435 1326 483; x_wconf 81' lang='lat' dir='ltr'><strong>tamen</strong></span> <span class='ocrx_word' id='word_1_10' title='bbox 1350 432 1405 479; x_wconf 90' lang='lat' dir='ltr'><strong>et</strong></span> <span class='ocrx_word' id='word_1_11' title='bbox 1426 422 1893 495; x_wconf 85' lang='lat' dir='ltr'><strong>pernecessarium</strong></span> <span class='ocrx_word' id='word_1_12' title='bbox 1922 429 2061 484; x_wconf 88' lang='lat' dir='ltr'><strong>erat,</strong></span> <span class='ocrx_word' id='word_1_13' title='bbox 2091 434 2197 472; x_wconf 89' lang='lat' dir='ltr'><strong>non</strong></span> <span class='ocrx_word' id='word_1_14' title='bbox 2226 425 2284 470; x_wconf 87' lang='grc' dir='ltr'><strong>ιιι</strong></span> <span class='ocrx_word' id='word_1_15' title='bbox 2313 420 2359 477; x_wconf 83' lang='grc' dir='ltr'><strong>Α</strong></span> <span class='ocrx_word' id='word_1_16' title='bbox 2388 424 2684 470; x_wconf 75' lang='lat' dir='ltr'><strong>retrorsum</strong></span> <span class='ocrx_word' id='word_1_17' title='bbox 2717 430 2824 469; x_wconf 89' lang='lat' dir='ltr'><strong>non</strong></span> <span class='ocrx_word' id='word_1_18' title='bbox 2862 414 3143 468; x_wconf 68' lang='lat' dir='ltr'><strong>adhaerens</strong></span> <span class='ocrx_word' id='word_1_19' title='bbox 3171 411 3326 481; x_wconf 89' lang='lat' dir='ltr'><strong>capiti</strong></span> <span class='ocrx_word' id='word_1_20' title='bbox 3353 424 3467 477; x_wconf 87' lang='lat' dir='ltr'><strong>suo,</strong></span> <span class='ocrx_word' id='word_1_21' title='bbox 3492 422 3645 481; x_wconf 77' lang='lat' dir='ltr'><strong>neque</strong></span> <span class='ocrx_word' id='word_1_22' title='bbox 3659 417 3848 476; x_wconf 70' lang='lat' dir='ltr'><strong>mandata</strong></span> 
     </span>
    </p>
   </div>
   <div class='ocr_carea' id='block_1_3' title="bbox 712 510 2288 585">
    <p class='ocr_par' dir='ltr' id='par_1_3' title="bbox 712 510 2288 585">
     <span class='ocr_line' id='line_1_3' title="bbox 712 510 2288 585; baseline -0.011 -7"><span class='ocrx_word' id='word_1_23' title='bbox 712 520 966 579; x_wconf 78' lang='lat' dir='ltr'><strong>scandala</strong></span> <span class='ocrx_word' id='word_1_24' title='bbox 1018 520 1231 580; x_wconf 82' lang='lat' dir='ltr'><strong>ﬂerent.</strong></span> <span class='ocrx_word' id='word_1_25' title='bbox 1265 518 1357 572; x_wconf 87' lang='lat' dir='ltr'><strong>sed</strong></span> <span class='ocrx_word' id='word_1_26' title='bbox 1390 523 1447 569; x_wconf 92' lang='lat' dir='ltr'><strong>ut</strong></span> <span class='ocrx_word' id='word_1_27' title='bbox 1490 515 1670 585; x_wconf 87' lang='lat' dir='ltr'><strong>passio</strong></span> <span class='ocrx_word' id='word_1_28' title='bbox 1695 513 1895 567; x_wconf 86' lang='lat' dir='ltr'><strong>Christi</strong></span> <span class='ocrx_word' id='word_1_29' title='bbox 1926 510 2288 580; x_wconf 84' lang='lat' dir='ltr'><strong>compleretur</strong></span> 
     </span>
    </p>
   </div>
   <div class='ocr_carea' id='block_1_4' title="bbox 712 602 2288 684">
    <p class='ocr_par' dir='ltr' id='par_1_4' title="bbox 712 602 2288 684">
     <span class='ocr_line' id='line_1_4' title="bbox 712 602 2288 684; baseline -0.011 -13"><span class='ocrx_word' id='word_1_30' title='bbox 712 628 810 684; x_wconf 76' lang='lat' dir='ltr'><strong>per</strong></span> <span class='ocrx_word' id='word_1_31' title='bbox 832 627 1068 674; x_wconf 87' lang='lat' dir='ltr'><strong>crucem,</strong></span> <span class='ocrx_word' id='word_1_32' title='bbox 1096 625 1192 679; x_wconf 91' lang='lat' dir='ltr'><strong>per</strong></span> <span class='ocrx_word' id='word_1_33' title='bbox 1211 623 1371 678; x_wconf 84' lang='lat' dir='ltr'><strong>quam</strong></span> <span class='ocrx_word' id='word_1_34' title='bbox 1398 609 1509 660; x_wconf 68' lang='lat' dir='ltr'><strong>lucc</strong></span> <span class='ocrx_word' id='word_1_35' title='bbox 1528 604 1781 659; x_wconf 84' lang='lat' dir='ltr'><strong>scandala</strong></span> <span class='ocrx_word' id='word_1_36' title='bbox 1808 604 2070 657; x_wconf 88' lang='lat' dir='ltr'><strong>venirent.</strong></span> <span class='ocrx_word' id='word_1_37' title='bbox 2096 602 2288 667; x_wconf 66' lang='lat' dir='ltr'><strong>Qumso</strong></span> 
     </span>
    </p>
   </div>
   <div class='ocr_carea' id='block_1_5' title="bbox 713 693 2288 774">
    <p class='ocr_par' dir='ltr' id='par_1_5' title="bbox 713 693 2288 774">
     <span class='ocr_line' id='line_1_5' title="bbox 713 693 2288 774; baseline -0.01 -13"><span class='ocrx_word' id='word_1_38' title='bbox 713 719 874 761; x_wconf 68' lang='lat' dir='ltr'><strong>nemo</strong></span> <span class='ocrx_word' id='word_1_39' title='bbox 904 704 1038 774; x_wconf 85' lang='lat' dir='ltr'><strong>pios.</strong></span> <span class='ocrx_word' id='word_1_40' title='bbox 1073 701 1201 756; x_wconf 90' lang='lat' dir='ltr'><strong>licet</strong></span> <span class='ocrx_word' id='word_1_41' title='bbox 1244 714 1437 754; x_wconf 78' lang='lat' dir='ltr'><strong>sensus</strong></span> <span class='ocrx_word' id='word_1_42' title='bbox 1466 698 1727 756; x_wconf 88' lang='lat' dir='ltr'><strong>diversos,</strong></span> <span class='ocrx_word' id='word_1_43' title='bbox 1772 696 1862 765; x_wconf 88' lang='lat' dir='ltr'><strong>qui</strong></span> <span class='ocrx_word' id='word_1_44' title='bbox 1900 711 1929 748; x_wconf 88' lang='lat' dir='ltr'><strong>a</strong></span> <span class='ocrx_word' id='word_1_45' title='bbox 1961 693 2162 748; x_wconf 84' lang='lat' dir='ltr'><strong>sanctis</strong></span> <span class='ocrx_word' id='word_1_46' title='bbox 2188 693 2288 746; x_wconf 85' lang='lat' dir='ltr'><strong>Pa-</strong></span> 
     </span>
    </p>
   </div>
   <div class='ocr_carea' id='block_1_6' title="bbox 716 783 2284 857">
    <p class='ocr_par' dir='ltr' id='par_1_6' title="bbox 716 783 2284 857">
     <span class='ocr_line' id='line_1_6' title="bbox 716 783 2284 857; baseline -0.01 -6"><span class='ocrx_word' id='word_1_47' title='bbox 716 794 884 851; x_wconf 66' lang='lat' dir='ltr'><strong>Uibus</strong></span> <span class='ocrx_word' id='word_1_48' title='bbox 909 792 1213 853; x_wconf 85' lang='lat' dir='ltr'><strong>traduntur,</strong></span> <span class='ocrx_word' id='word_1_49' title='bbox 1238 803 1411 857; x_wconf 90' lang='lat' dir='ltr'><strong>neque</strong></span> <span class='ocrx_word' id='word_1_50' title='bbox 1434 787 1665 854; x_wconf 75' lang='lat' dir='ltr'><strong>aliquem</strong></span> <span class='ocrx_word' id='word_1_51' title='bbox 1688 800 1874 838; x_wconf 88' lang='lat' dir='ltr'><strong>eorum</strong></span> <span class='ocrx_word' id='word_1_52' title='bbox 1905 783 2284 851; x_wconf 83' lang='lat' dir='ltr'><strong>reprehendat,</strong></span> 
     </span>
    </p>
   </div>
   <div class='ocr_carea' id='block_1_7' title="bbox 712 877 2288 954">
    <p class='ocr_par' dir='ltr' id='par_1_7' title="bbox 712 877 2288 954">
     <span class='ocr_line' id='line_1_7' title="bbox 712 877 2288 954; baseline -0.008 -13"><span class='ocrx_word' id='word_1_53' title='bbox 712 886 805 941; x_wconf 83' lang='lat' dir='ltr'><strong>sed</strong></span> <span class='ocrx_word' id='word_1_54' title='bbox 852 900 1064 954; x_wconf 77' lang='lat' dir='ltr'><strong>semper</strong></span> <span class='ocrx_word' id='word_1_55' title='bbox 1112 881 1578 936; x_wconf 73' lang='lat' dir='ltr'><strong>circumstantiam</strong></span> <span class='ocrx_word' id='word_1_56' title='bbox 1626 877 1874 931; x_wconf 80' lang='lat' dir='ltr'><strong>lectionis</strong></span> <span class='ocrx_word' id='word_1_57' title='bbox 1937 878 2201 941; x_wconf 79' lang='lat' dir='ltr'><strong>intendat,</strong></span> <span class='ocrx_word' id='word_1_58' title='bbox 2234 885 2288 928; x_wconf 89' lang='lat' dir='ltr'><strong>ct</strong></span> 
     </span>
    </p>
   </div>
   <div class='ocr_carea' id='block_1_8' title="bbox 712 966 2288 1045">
    <p class='ocr_par' dir='ltr' id='par_1_8' title="bbox 712 966 2288 1045">
     <span class='ocr_line' id='line_1_8' title="bbox 712 966 2288 1045; baseline -0.008 -13"><span class='ocrx_word' id='word_1_59' title='bbox 712 974 791 1032; x_wconf 82' lang='lat' dir='ltr'><strong>sic</strong></span> <span class='ocrx_word' id='word_1_60' title='bbox 827 976 893 1029; x_wconf 88' lang='lat' dir='ltr'><strong>de</strong></span> <span class='ocrx_word' id='word_1_61' title='bbox 939 972 1164 1045; x_wconf 76' lang='lat' dir='ltr'><strong>singulis</strong></span> <span class='ocrx_word' id='word_1_62' title='bbox 1190 972 1354 1026; x_wconf 78' lang='lat' dir='ltr'><strong>elidat</strong></span> <span class='ocrx_word' id='word_1_63' title='bbox 1381 971 1507 1038; x_wconf 88' lang='lat' dir='ltr'><strong>quid</strong></span> <span class='ocrx_word' id='word_1_64' title='bbox 1539 968 1603 1021; x_wconf 88' lang='lat' dir='ltr'><strong>ad</strong></span> <span class='ocrx_word' id='word_1_65' title='bbox 1635 968 2037 1035; x_wconf 80' lang='lat' dir='ltr'><strong>intelligentiam</strong></span> <span class='ocrx_word' id='word_1_66' title='bbox 2074 967 2175 1020; x_wconf 87' lang='lat' dir='ltr'><strong>loci</strong></span> <span class='ocrx_word' id='word_1_67' title='bbox 2220 966 2288 1020; x_wconf 90' lang='lat' dir='ltr'><strong>de</strong></span> 
     </span>
    </p>
   </div>
   <div class='ocr_carea' id='block_1_9' title="bbox 712 1056 2288 1135">
    <p class='ocr_par' dir='ltr' id='par_1_9' title="bbox 712 1056 2288 1135">
     <span class='ocr_line' id='line_1_9' title="bbox 712 1056 2288 1135; baseline -0.007 -14"><span class='ocrx_word' id='word_1_68' title='bbox 712 1081 820 1135; x_wconf 89' lang='lat' dir='ltr'><strong>quo</strong></span> <span class='ocrx_word' id='word_1_69' title='bbox 850 1065 1044 1134; x_wconf 72' lang='lat' dir='ltr'><strong>agitur,</strong></span> <span class='ocrx_word' id='word_1_70' title='bbox 1102 1063 1271 1132; x_wconf 74' lang='lat' dir='ltr'><strong>magis</strong></span> <span class='ocrx_word' id='word_1_71' title='bbox 1315 1070 1592 1130; x_wconf 80' lang='lat' dir='ltr'><strong>congruat.</strong></span> <span class='ocrx_word' id='word_1_72' title='bbox 1627 1060 1763 1125; x_wconf 83' lang='lat' dir='ltr'><strong>Quia</strong></span> <span class='ocrx_word' id='word_1_73' title='bbox 1813 1059 1912 1113; x_wconf 88' lang='lat' dir='ltr'><strong>etsi</strong></span> <span class='ocrx_word' id='word_1_74' title='bbox 1954 1059 2007 1111; x_wconf 92' lang='lat' dir='ltr'><strong>in</strong></span> <span class='ocrx_word' id='word_1_75' title='bbox 2061 1060 2145 1113; x_wconf 82' lang='lat' dir='ltr'><strong>his</strong></span> <span class='ocrx_word' id='word_1_76' title='bbox 2192 1056 2288 1111; x_wconf 91' lang='lat' dir='ltr'><strong>do-</strong></span> 
     </span>
    </p>
   </div>
   <div class='ocr_carea' id='block_1_10' title="bbox 712 1148 2289 1231">
    <p class='ocr_par' dir='ltr' id='par_1_10' title="bbox 712 1148 2289 1231">
     <span class='ocr_line' id='line_1_10' title="bbox 712 1148 2289 1231; baseline -0.009 -16"><span class='ocrx_word' id='word_1_77' title='bbox 712 1169 894 1231; x_wconf 74' lang='lat' dir='ltr'><strong>gmata</strong></span> <span class='ocrx_word' id='word_1_78' title='bbox 915 1158 1281 1215; x_wconf 89' lang='lat' dir='ltr'><strong>doctrinarum</strong></span> <span class='ocrx_word' id='word_1_79' title='bbox 1305 1155 1657 1224; x_wconf 87' lang='lat' dir='ltr'><strong>amplissima,</strong></span> <span class='ocrx_word' id='word_1_80' title='bbox 1678 1151 1977 1205; x_wconf 84' lang='lat' dir='ltr'><strong>veneranda</strong></span> <span class='ocrx_word' id='word_1_81' title='bbox 2001 1160 2145 1213; x_wconf 90' lang='lat' dir='ltr'><strong>sunt,</strong></span> <span class='ocrx_word' id='word_1_82' title='bbox 2170 1148 2289 1217; x_wconf 83' lang='lat' dir='ltr'><strong>qui-</strong></span> 
     </span>
    </p>
   </div>
   <div class='ocr_carea' id='block_1_11' title="bbox 710 1240 2285 1314">
    <p class='ocr_par' dir='ltr' id='par_1_11' title="bbox 710 1240 2285 1314">
     <span class='ocr_line' id='line_1_11' title="bbox 710 1240 2285 1314; baseline -0.008 -8"><span class='ocrx_word' id='word_1_83' title='bbox 710 1252 812 1307; x_wconf 78' lang='lat' dir='ltr'><strong>bus</strong></span> <span class='ocrx_word' id='word_1_84' title='bbox 838 1250 1117 1305; x_wconf 80' lang='lat' dir='ltr'><strong>delicietur</strong></span> <span class='ocrx_word' id='word_1_85' title='bbox 1161 1249 1396 1309; x_wconf 90' lang='lat' dir='ltr'><strong>animus,</strong></span> <span class='ocrx_word' id='word_1_86' title='bbox 1427 1244 1643 1314; x_wconf 88' lang='lat' dir='ltr'><strong>propria</strong></span> <span class='ocrx_word' id='word_1_87' title='bbox 1680 1251 1859 1296; x_wconf 68' lang='lat' dir='ltr'><strong>ttuuen</strong></span> <span class='ocrx_word' id='word_1_88' title='bbox 1910 1240 2285 1309; x_wconf 77' lang='lat' dir='ltr'><strong>investiganda</strong></span> 
     </span>
    </p>
   </div>
   <div class='ocr_carea' id='block_1_12' title="bbox 711 1331 2287 1411">
    <p class='ocr_par' dir='ltr' id='par_1_12' title="bbox 711 1331 2287 1411">
     <span class='ocr_line' id='line_1_12' title="bbox 711 1331 2287 1411; baseline -0.008 -14"><span class='ocrx_word' id='word_1_89' title='bbox 711 1340 975 1411; x_wconf 82' lang='lat' dir='ltr'><strong>estprius</strong></span> <span class='ocrx_word' id='word_1_90' title='bbox 1001 1339 1269 1393; x_wconf 79' lang='lat' dir='ltr'><strong>sententia</strong></span> <span class='ocrx_word' id='word_1_91' title='bbox 1320 1336 1638 1399; x_wconf 82' lang='lat' dir='ltr'><strong>scribentis;</strong></span> <span class='ocrx_word' id='word_1_92' title='bbox 1682 1349 1749 1387; x_wconf 88' lang='lat' dir='ltr'><strong>ne</strong></span> <span class='ocrx_word' id='word_1_93' title='bbox 1790 1334 1929 1388; x_wconf 82' lang='lat' dir='ltr'><strong>forte</strong></span> <span class='ocrx_word' id='word_1_94' title='bbox 1971 1334 2097 1386; x_wconf 88' lang='lat' dir='ltr'><strong>dum</strong></span> <span class='ocrx_word' id='word_1_95' title='bbox 2127 1331 2287 1385; x_wconf 81' lang='lat' dir='ltr'><strong>ﬂores</strong></span> 
     </span>
    </p>
   </div>
   <div class='ocr_carea' id='block_1_13' title="bbox 712 1426 1687 1497">
    <p class='ocr_par' dir='ltr' id='par_1_13' title="bbox 712 1426 1687 1497">
     <span class='ocr_line' id='line_1_13' title="bbox 712 1426 1687 1497; baseline -0.01 -10"><span class='ocrx_word' id='word_1_96' title='bbox 712 1431 917 1487; x_wconf 77' lang='lat' dir='ltr'><strong>mavult</strong></span> <span class='ocrx_word' id='word_1_97' title='bbox 936 1430 1152 1497; x_wconf 77' lang='lat' dir='ltr'><strong>eligere,</strong></span> <span class='ocrx_word' id='word_1_98' title='bbox 1185 1427 1416 1481; x_wconf 80' lang='lat' dir='ltr'><strong>fructum</strong></span> <span class='ocrx_word' id='word_1_99' title='bbox 1450 1426 1687 1479; x_wconf 85' lang='lat' dir='ltr'><strong>amittat.</strong></span> 
     </span>
    </p>
   </div>
   <div class='ocr_carea' id='block_1_14' title="bbox 782 1510 2286 1586">
    <p class='ocr_par' dir='ltr' id='par_1_14' title="bbox 782 1510 2286 1586">
     <span class='ocr_line' id='line_1_14' title="bbox 782 1510 2286 1586; baseline -0.005 -12"><span class='ocrx_word' id='word_1_100' title='bbox 782 1521 934 1586; x_wconf 75' lang='lat' dir='ltr'><strong>Quod</strong></span> <span class='ocrx_word' id='word_1_101' title='bbox 973 1520 1017 1575; x_wconf 82' lang='lat' dir='ltr'><strong>si</strong></span> <span class='ocrx_word' id='word_1_102' title='bbox 1067 1534 1254 1572; x_wconf 65' lang='lat' dir='ltr'><strong>malum</strong></span> <span class='ocrx_word' id='word_1_103' title='bbox 1284 1526 1375 1569; x_wconf 83' lang='lat' dir='ltr'><strong>tua</strong></span> <span class='ocrx_word' id='word_1_104' title='bbox 1416 1514 1495 1569; x_wconf 86' lang='lat' dir='ltr'><strong>vel</strong></span> <span class='ocrx_word' id='word_1_105' title='bbox 1545 1531 1634 1584; x_wconf 83' lang='lat' dir='ltr'><strong>pes</strong></span> <span class='ocrx_word' id='word_1_106' title='bbox 1683 1524 1803 1567; x_wconf 81' lang='lat' dir='ltr'><strong>tuus</strong></span> <span class='ocrx_word' id='word_1_107' title='bbox 1846 1510 2173 1566; x_wconf 79' lang='lat' dir='ltr'><strong>scandalizat</strong></span> <span class='ocrx_word' id='word_1_108' title='bbox 2216 1521 2286 1574; x_wconf 83' lang='lat' dir='ltr'><strong>te,</strong></span> 
     </span>
    </p>
   </div>
   <div class='ocr_carea' id='block_1_15' title="bbox 689 1605 2288 1678">
    <p class='ocr_par' dir='ltr' id='par_1_15' title="bbox 689 1605 2288 1678">
     <span class='ocr_line' id='line_1_15' title="bbox 689 1605 2288 1678; baseline -0.009 -7"><span class='ocrx_word' id='word_1_109' title='bbox 689 1612 955 1671; x_wconf 63' lang='lat' dir='ltr'><strong>abscinde</strong></span> <span class='ocrx_word' id='word_1_110' title='bbox 994 1626 1118 1669; x_wconf 71' lang='lat' dir='ltr'><strong>sum</strong></span> <span class='ocrx_word' id='word_1_111' title='bbox 1155 1618 1201 1663; x_wconf 84' lang='lat' dir='ltr'><strong>et</strong></span> <span class='ocrx_word' id='word_1_112' title='bbox 1240 1608 1435 1678; x_wconf 85' lang='lat' dir='ltr'><strong>projice</strong></span> <span class='ocrx_word' id='word_1_113' title='bbox 1460 1607 1552 1661; x_wconf 86' lang='lat' dir='ltr'><strong>abs</strong></span> <span class='ocrx_word' id='word_1_114' title='bbox 1581 1616 1650 1660; x_wconf 80' lang='lat' dir='ltr'><strong>te.</strong></span> <span class='ocrx_word' id='word_1_115' title='bbox 1696 1605 1901 1659; x_wconf 84' lang='lat' dir='ltr'><strong>Bonum</strong></span> <span class='ocrx_word' id='word_1_116' title='bbox 1926 1616 2000 1659; x_wconf 82' lang='lat' dir='ltr'><strong>est</strong></span> <span class='ocrx_word' id='word_1_117' title='bbox 2029 1605 2165 1658; x_wconf 86' lang='lat' dir='ltr'><strong>enim</strong></span> <span class='ocrx_word' id='word_1_118' title='bbox 2196 1605 2288 1657; x_wconf 89' lang='lat' dir='ltr'><strong>tibi</strong></span> 
     </span>
    </p>
   </div>
   <div class='ocr_carea' id='block_1_16' title="bbox 709 1695 2282 1761">
    <p class='ocr_par' dir='ltr' id='par_1_16' title="bbox 709 1695 2282 1761">
     <span class='ocr_line' id='line_1_16' title="bbox 709 1695 2282 1761; baseline -0.004 -7"><span class='ocrx_word' id='word_1_119' title='bbox 709 1702 762 1755; x_wconf 82' lang='lat' dir='ltr'><strong>in</strong></span> <span class='ocrx_word' id='word_1_120' title='bbox 819 1702 979 1754; x_wconf 81' lang='lat' dir='ltr'><strong>vitam</strong></span> <span class='ocrx_word' id='word_1_121' title='bbox 1031 1700 1250 1754; x_wconf 83' lang='lat' dir='ltr'><strong>introire</strong></span> <span class='ocrx_word' id='word_1_122' title='bbox 1288 1711 1559 1761; x_wconf 71' lang='lat' dir='ltr'><strong>(uernam,</strong></span> <span class='ocrx_word' id='word_1_123' title='bbox 1609 1696 1857 1750; x_wconf 83' lang='lat' dir='ltr'><strong>claudum</strong></span> <span class='ocrx_word' id='word_1_124' title='bbox 1912 1696 1985 1749; x_wconf 78' lang='lat' dir='ltr'><strong>vel</strong></span> <span class='ocrx_word' id='word_1_125' title='bbox 2027 1695 2282 1758; x_wconf 79' lang='lat' dir='ltr'><strong>debilem,</strong></span> 
     </span>
    </p>
   </div>
   <div class='ocr_carea' id='block_1_17' title="bbox 2386 501 3846 574">
    <p class='ocr_par' dir='ltr' id='par_1_17' title="bbox 2386 501 3846 574">
     <span class='ocr_line' id='line_1_17' title="bbox 2386 501 3846 574; baseline 0.003 -16"><span class='ocrx_word' id='word_1_126' title='bbox 2386 506 2509 558; x_wconf 66' lang='lat' dir='ltr'><strong>vitm</strong></span> <span class='ocrx_word' id='word_1_127' title='bbox 2532 506 2839 558; x_wconf 80' lang='lat' dir='ltr'><strong>custodiens</strong></span> <span class='ocrx_word' id='word_1_128' title='bbox 2857 502 3296 557; x_wconf 80' lang='lat' dir='ltr'><strong>scandalizaverit</strong></span> <span class='ocrx_word' id='word_1_129' title='bbox 3316 501 3532 555; x_wconf 84' lang='lat' dir='ltr'><strong>membra</strong></span> <span class='ocrx_word' id='word_1_130' title='bbox 3553 503 3720 559; x_wconf 80' lang='lat' dir='ltr'><strong>Christi</strong></span> <span class='ocrx_word' id='word_1_131' title='bbox 3737 522 3846 574; x_wconf 82' lang='lat' dir='ltr'><strong>satis,</strong></span> 
     </span>
    </p>
   </div>
   <div class='ocr_carea' id='block_1_18' title="bbox 2386 589 3846 663">
    <p class='ocr_par' dir='ltr' id='par_1_18' title="bbox 2386 589 3846 663">
     <span class='ocr_line' id='line_1_18' title="bbox 2386 589 3846 663; baseline -0.001 -15"><span class='ocrx_word' id='word_1_132' title='bbox 2386 609 2607 648; x_wconf 84' lang='lat' dir='ltr'><strong>necesse</strong></span> <span class='ocrx_word' id='word_1_133' title='bbox 2637 603 2719 647; x_wconf 86' lang='lat' dir='ltr'><strong>est</strong></span> <span class='ocrx_word' id='word_1_134' title='bbox 2767 594 2908 647; x_wconf 80' lang='lat' dir='ltr'><strong>dicat</strong></span> <span class='ocrx_word' id='word_1_135' title='bbox 2938 600 3101 662; x_wconf 87' lang='lat' dir='ltr'><strong>caput</strong></span> <span class='ocrx_word' id='word_1_136' title='bbox 3149 589 3440 659; x_wconf 72' lang='lat' dir='ltr'><strong>huiusmodi</strong></span> <span class='ocrx_word' id='word_1_137' title='bbox 3475 591 3630 656; x_wconf 86' lang='lat' dir='ltr'><strong>oculo,</strong></span> <span class='ocrx_word' id='word_1_138' title='bbox 3655 593 3725 647; x_wconf 80' lang='lat' dir='ltr'><strong>vel</strong></span> <span class='ocrx_word' id='word_1_139' title='bbox 3744 598 3846 663; x_wconf 79' lang='lat' dir='ltr'><strong>pedi,</strong></span> 
     </span>
    </p>
   </div>
   <div class='ocr_carea' id='block_1_19' title="bbox 2387 680 3852 750">
    <p class='ocr_par' dir='ltr' id='par_1_19' title="bbox 2387 680 3852 750">
     <span class='ocr_line' id='line_1_19' title="bbox 2387 680 3852 750; baseline 0 -13"><span class='ocrx_word' id='word_1_140' title='bbox 2387 697 2479 737; x_wconf 91' lang='lat' dir='ltr'><strong>seu</strong></span> <span class='ocrx_word' id='word_1_141' title='bbox 2514 685 2720 748; x_wconf 90' lang='lat' dir='ltr'><strong>manui,</strong></span> <span class='ocrx_word' id='word_1_142' title='bbox 2757 698 2861 735; x_wconf 89' lang='lat' dir='ltr'><strong>non</strong></span> <span class='ocrx_word' id='word_1_143' title='bbox 2892 690 2975 737; x_wconf 87' lang='lat' dir='ltr'><strong>est</strong></span> <span class='ocrx_word' id='word_1_144' title='bbox 3003 680 3133 735; x_wconf 85' lang='lat' dir='ltr'><strong>mihi</strong></span> <span class='ocrx_word' id='word_1_145' title='bbox 3159 680 3495 741; x_wconf 87' lang='lat' dir='ltr'><strong>necessarius,</strong></span> <span class='ocrx_word' id='word_1_146' title='bbox 3520 681 3601 733; x_wconf 86' lang='lat' dir='ltr'><strong>sed</strong></span> <span class='ocrx_word' id='word_1_147' title='bbox 3627 682 3852 750; x_wconf 74' lang='lat' dir='ltr'><strong>praecidens</strong></span> 
     </span>
    </p>
   </div>
   <div class='ocr_carea' id='block_1_20' title="bbox 2385 772 3852 847">
    <p class='ocr_par' dir='ltr' id='par_1_20' title="bbox 2385 772 3852 847">
     <span class='ocr_line' id='line_1_20' title="bbox 2385 772 3852 847; baseline -0.001 -18"><span class='ocrx_word' id='word_1_148' title='bbox 2385 777 2634 847; x_wconf 82' lang='lat' dir='ltr'><strong>projiciat</strong></span> <span class='ocrx_word' id='word_1_149' title='bbox 2671 792 2793 830; x_wconf 91' lang='lat' dir='ltr'><strong>eum</strong></span> <span class='ocrx_word' id='word_1_150' title='bbox 2825 791 2853 828; x_wconf 91' lang='lat' dir='ltr'><strong>a</strong></span> <span class='ocrx_word' id='word_1_151' title='bbox 2898 790 2989 839; x_wconf 82' lang='lat' dir='ltr'><strong>se;</strong></span> <span class='ocrx_word' id='word_1_152' title='bbox 3036 772 3225 828; x_wconf 87' lang='lat' dir='ltr'><strong>melius</strong></span> <span class='ocrx_word' id='word_1_153' title='bbox 3250 781 3331 827; x_wconf 88' lang='lat' dir='ltr'><strong>est</strong></span> <span class='ocrx_word' id='word_1_154' title='bbox 3374 772 3509 825; x_wconf 82' lang='lat' dir='ltr'><strong>enim</strong></span> <span class='ocrx_word' id='word_1_155' title='bbox 3555 779 3608 825; x_wconf 91' lang='lat' dir='ltr'><strong>ut</strong></span> <span class='ocrx_word' id='word_1_156' title='bbox 3645 774 3852 829; x_wconf 84' lang='lat' dir='ltr'><strong>residuum</strong></span> 
     </span>
    </p>
   </div>
   <div class='ocr_carea' id='block_1_21' title="bbox 2387 850 3854 937">
    <p class='ocr_par' dir='ltr' id='par_1_21' title="bbox 2387 850 3854 937">
     <span class='ocr_line' id='line_1_21' title="bbox 2387 850 3854 937; baseline -0.003 -14"><span class='ocrx_word' id='word_1_157' title='bbox 2387 883 2581 937; x_wconf 89' lang='lat' dir='ltr'><strong>corpus</strong></span> <span class='ocrx_word' id='word_1_158' title='bbox 2610 869 2773 923; x_wconf 86' lang='lat' dir='ltr'><strong>intret</strong></span> <span class='ocrx_word' id='word_1_159' title='bbox 2811 867 2880 921; x_wconf 88' lang='lat' dir='ltr'><strong>ad</strong></span> <span class='ocrx_word' id='word_1_160' title='bbox 2918 866 3081 920; x_wconf 87' lang='lat' dir='ltr'><strong>vitam</strong></span> <span class='ocrx_word' id='word_1_161' title='bbox 3110 850 3360 919; x_wconf 59' lang='lat' dir='ltr'><strong>aeternam</strong></span> <span class='ocrx_word' id='word_1_162' title='bbox 3381 863 3490 918; x_wconf 88' lang='lat' dir='ltr'><strong>sine</strong></span> <span class='ocrx_word' id='word_1_163' title='bbox 3515 862 3723 917; x_wconf 88' lang='lat' dir='ltr'><strong>membro</strong></span> <span class='ocrx_word' id='word_1_164' title='bbox 3743 879 3854 918; x_wconf 79' lang='lat' dir='ltr'><strong>scan-</strong></span> 
     </span>
    </p>
   </div>
   <div class='ocr_carea' id='block_1_22' title="bbox 2387 952 3855 1028">
    <p class='ocr_par' dir='ltr' id='par_1_22' title="bbox 2387 952 3855 1028">
     <span class='ocr_line' id='line_1_22' title="bbox 2387 952 3855 1028; baseline -0.004 -15"><span class='ocrx_word' id='word_1_165' title='bbox 2387 959 2670 1021; x_wconf 85' lang='lat' dir='ltr'><strong>dalizante,</strong></span> <span class='ocrx_word' id='word_1_166' title='bbox 2733 973 2895 1028; x_wconf 87' lang='lat' dir='ltr'><strong>quam</strong></span> <span class='ocrx_word' id='word_1_167' title='bbox 2940 965 3112 1012; x_wconf 90' lang='lat' dir='ltr'><strong>totum</strong></span> <span class='ocrx_word' id='word_1_168' title='bbox 3160 969 3354 1023; x_wconf 89' lang='lat' dir='ltr'><strong>corpus</strong></span> <span class='ocrx_word' id='word_1_169' title='bbox 3406 952 3670 1016; x_wconf 62' lang='lat' dir='ltr'><strong>Ecclesia,</strong></span> <span class='ocrx_word' id='word_1_170' title='bbox 3719 956 3855 1009; x_wconf 82' lang='lat' dir='ltr'><strong>morbo</strong></span> 
     </span>
    </p>
   </div>
   <div class='ocr_carea' id='block_1_23' title="bbox 2387 1041 3854 1116">
    <p class='ocr_par' dir='ltr' id='par_1_23' title="bbox 2387 1041 3854 1116">
     <span class='ocr_line' id='line_1_23' title="bbox 2387 1041 3854 1116; baseline -0.004 -14"><span class='ocrx_word' id='word_1_171' title='bbox 2387 1048 2624 1102; x_wconf 52' lang='lat' dir='ltr'><strong>scantlali</strong></span> <span class='ocrx_word' id='word_1_172' title='bbox 2654 1062 2749 1116; x_wconf 89' lang='lat' dir='ltr'><strong>per</strong></span> <span class='ocrx_word' id='word_1_173' title='bbox 2778 1046 2959 1100; x_wconf 87' lang='lat' dir='ltr'><strong>omnia</strong></span> <span class='ocrx_word' id='word_1_174' title='bbox 2995 1045 3235 1101; x_wconf 87' lang='lat' dir='ltr'><strong>membra</strong></span> <span class='ocrx_word' id='word_1_175' title='bbox 3264 1044 3523 1106; x_wconf 65' lang='lat' dir='ltr'><strong>saeviente,</strong></span> <span class='ocrx_word' id='word_1_176' title='bbox 3563 1041 3682 1095; x_wconf 87' lang='lat' dir='ltr'><strong>mitti</strong></span> <span class='ocrx_word' id='word_1_177' title='bbox 3710 1042 3751 1096; x_wconf 89' lang='lat' dir='ltr'><strong>in</strong></span> <span class='ocrx_word' id='word_1_178' title='bbox 3788 1058 3854 1111; x_wconf 68' lang='lat' dir='ltr'><strong>ge-</strong></span> 
     </span>
    </p>
   </div>
   <div class='ocr_carea' id='block_1_24' title="bbox 2387 1135 3855 1195">
    <p class='ocr_par' dir='ltr' id='par_1_24' title="bbox 2387 1135 3855 1195">
     <span class='ocr_line' id='line_1_24' title="bbox 2387 1135 3855 1195; baseline -0.003 -1"><span class='ocrx_word' id='word_1_179' title='bbox 2387 1141 2639 1194; x_wconf 85' lang='lat' dir='ltr'><strong>bennam.</strong></span> <span class='ocrx_word' id='word_1_180' title='bbox 2673 1141 2938 1194; x_wconf 87' lang='lat' dir='ltr'><strong>Debemus</strong></span> <span class='ocrx_word' id='word_1_181' title='bbox 2965 1150 3146 1195; x_wconf 81' lang='lat' dir='ltr'><strong>autem</strong></span> <span class='ocrx_word' id='word_1_182' title='bbox 3178 1139 3279 1193; x_wconf 86' lang='lat' dir='ltr'><strong>hoc</strong></span> <span class='ocrx_word' id='word_1_183' title='bbox 3308 1136 3383 1191; x_wconf 88' lang='lat' dir='ltr'><strong>uti</strong></span> <span class='ocrx_word' id='word_1_184' title='bbox 3424 1135 3698 1191; x_wconf 84' lang='lat' dir='ltr'><strong>testimonio</strong></span> <span class='ocrx_word' id='word_1_185' title='bbox 3720 1146 3855 1191; x_wconf 77' lang='lat' dir='ltr'><strong>contra</strong></span> 
     </span>
    </p>
   </div>
   <div class='ocr_carea' id='block_1_25' title="bbox 2388 1223 3854 1296">
    <p class='ocr_par' dir='ltr' id='par_1_25' title="bbox 2388 1223 3854 1296">
     <span class='ocr_line' id='line_1_25' title="bbox 2388 1223 3854 1296; baseline -0.003 -13"><span class='ocrx_word' id='word_1_186' title='bbox 2388 1230 2709 1285; x_wconf 74' lang='lat' dir='ltr'><strong>domesticos</strong></span> <span class='ocrx_word' id='word_1_187' title='bbox 2762 1239 2997 1293; x_wconf 91' lang='lat' dir='ltr'><strong>nostros,</strong></span> <span class='ocrx_word' id='word_1_188' title='bbox 3045 1228 3135 1295; x_wconf 88' lang='lat' dir='ltr'><strong>qui</strong></span> <span class='ocrx_word' id='word_1_189' title='bbox 3189 1226 3339 1296; x_wconf 90' lang='lat' dir='ltr'><strong>quasi</strong></span> <span class='ocrx_word' id='word_1_190' title='bbox 3382 1226 3626 1288; x_wconf 85' lang='lat' dir='ltr'><strong>membra,</strong></span> <span class='ocrx_word' id='word_1_191' title='bbox 3663 1223 3723 1278; x_wconf 81' lang='lat' dir='ltr'><strong>ita</strong></span> <span class='ocrx_word' id='word_1_192' title='bbox 3746 1225 3854 1279; x_wconf 82' lang='lat' dir='ltr'><strong>nobis</strong></span> 
     </span>
    </p>
   </div>
   <div class='ocr_carea' id='block_1_26' title="bbox 2386 1312 3855 1384">
    <p class='ocr_par' dir='ltr' id='par_1_26' title="bbox 2386 1312 3855 1384">
     <span class='ocr_line' id='line_1_26' title="bbox 2386 1312 3855 1384; baseline -0.004 -13"><span class='ocrx_word' id='word_1_193' title='bbox 2386 1316 2673 1372; x_wconf 81' lang='lat' dir='ltr'><strong>dilectione</strong></span> <span class='ocrx_word' id='word_1_194' title='bbox 2702 1315 2971 1384; x_wconf 84' lang='lat' dir='ltr'><strong>conjuncti</strong></span> <span class='ocrx_word' id='word_1_195' title='bbox 3012 1325 3142 1370; x_wconf 75' lang='lat' dir='ltr'><strong>sunt</strong></span> <span class='ocrx_word' id='word_1_196' title='bbox 3183 1324 3238 1369; x_wconf 93' lang='lat' dir='ltr'><strong>et</strong></span> <span class='ocrx_word' id='word_1_197' title='bbox 3268 1314 3548 1383; x_wconf 84' lang='lat' dir='ltr'><strong>compacti.</strong></span> <span class='ocrx_word' id='word_1_198' title='bbox 3588 1312 3684 1367; x_wconf 83' lang='lat' dir='ltr'><strong>sive</strong></span> <span class='ocrx_word' id='word_1_199' title='bbox 3722 1322 3855 1368; x_wconf 78' lang='lat' dir='ltr'><strong>contra</strong></span> 
     </span>
    </p>
   </div>
   <div class='ocr_carea' id='block_1_27' title="bbox 2386 1403 3851 1480">
    <p class='ocr_par' dir='ltr' id='par_1_27' title="bbox 2386 1403 3851 1480">
     <span class='ocr_line' id='line_1_27' title="bbox 2386 1403 3851 1480; baseline -0.005 -19"><span class='ocrx_word' id='word_1_200' title='bbox 2386 1421 2656 1480; x_wconf 85' lang='lat' dir='ltr'><strong>parentes,</strong></span> <span class='ocrx_word' id='word_1_201' title='bbox 2690 1410 2804 1463; x_wconf 87' lang='lat' dir='ltr'><strong>sive</strong></span> <span class='ocrx_word' id='word_1_202' title='bbox 2842 1409 3047 1462; x_wconf 85' lang='lat' dir='ltr'><strong>amicos</strong></span> <span class='ocrx_word' id='word_1_203' title='bbox 3092 1405 3552 1467; x_wconf 85' lang='lat' dir='ltr'><strong>familiarissimos,</strong></span> <span class='ocrx_word' id='word_1_204' title='bbox 3582 1403 3744 1470; x_wconf 80' lang='lat' dir='ltr'><strong>quibus</strong></span> <span class='ocrx_word' id='word_1_205' title='bbox 3767 1416 3851 1470; x_wconf 83' lang='lat' dir='ltr'><strong>par-</strong></span> 
     </span>
    </p>
   </div>
   <div class='ocr_carea' id='block_1_28' title="bbox 2388 1493 3857 1569">
    <p class='ocr_par' dir='ltr' id='par_1_28' title="bbox 2388 1493 3857 1569">
     <span class='ocr_line' id='line_1_28' title="bbox 2388 1493 3857 1569; baseline -0.007 -14"><span class='ocrx_word' id='word_1_206' title='bbox 2388 1516 2513 1555; x_wconf 86' lang='lat' dir='ltr'><strong>cere</strong></span> <span class='ocrx_word' id='word_1_207' title='bbox 2545 1516 2648 1554; x_wconf 89' lang='lat' dir='ltr'><strong>nou</strong></span> <span class='ocrx_word' id='word_1_208' title='bbox 2690 1509 2903 1569; x_wconf 88' lang='lat' dir='ltr'><strong>oportet</strong></span> <span class='ocrx_word' id='word_1_209' title='bbox 2950 1499 3145 1553; x_wconf 71' lang='lat' dir='ltr'><strong>anima:</strong></span> <span class='ocrx_word' id='word_1_210' title='bbox 3183 1506 3379 1550; x_wconf 69' lang='lat' dir='ltr'><strong>nostra:</strong></span> <span class='ocrx_word' id='word_1_211' title='bbox 3428 1493 3736 1556; x_wconf 82' lang='lat' dir='ltr'><strong>nocentibus;</strong></span> <span class='ocrx_word' id='word_1_212' title='bbox 3764 1505 3857 1559; x_wconf 80' lang='lat' dir='ltr'><strong>quos</strong></span> 
     </span>
    </p>
   </div>
   <div class='ocr_carea' id='block_1_29' title="bbox 2388 1580 3856 1662">
    <p class='ocr_par' dir='ltr' id='par_1_29' title="bbox 2388 1580 3856 1662">
     <span class='ocr_line' id='line_1_29' title="bbox 2388 1580 3856 1662; baseline -0.007 -18"><span class='ocrx_word' id='word_1_213' title='bbox 2388 1593 2680 1662; x_wconf 54' lang='lat' dir='ltr'><strong>praecidere</strong></span> <span class='ocrx_word' id='word_1_214' title='bbox 2727 1592 2989 1646; x_wconf 84' lang='lat' dir='ltr'><strong>debemus</strong></span> <span class='ocrx_word' id='word_1_215' title='bbox 3033 1605 3064 1644; x_wconf 91' lang='lat' dir='ltr'><strong>a</strong></span> <span class='ocrx_word' id='word_1_216' title='bbox 3117 1588 3272 1643; x_wconf 88' lang='lat' dir='ltr'><strong>nobis</strong></span> <span class='ocrx_word' id='word_1_217' title='bbox 3322 1585 3522 1642; x_wconf 85' lang='lat' dir='ltr'><strong>etiamsi</strong></span> <span class='ocrx_word' id='word_1_218' title='bbox 3559 1591 3692 1653; x_wconf 89' lang='lat' dir='ltr'><strong>pater</strong></span> <span class='ocrx_word' id='word_1_219' title='bbox 3728 1580 3856 1635; x_wconf 77' lang='lat' dir='ltr'><strong>siuei</strong></span> 
     </span>
    </p>
   </div>
   <div class='ocr_carea' id='block_1_30' title="bbox 2390 1674 3854 1753">
    <p class='ocr_par' dir='ltr' id='par_1_30' title="bbox 2390 1674 3854 1753">
     <span class='ocr_line' id='line_1_30' title="bbox 2390 1674 3854 1753; baseline -0.011 -13"><span class='ocrx_word' id='word_1_220' title='bbox 2390 1695 2564 1740; x_wconf 87' lang='lat' dir='ltr'><strong>mater</strong></span> <span class='ocrx_word' id='word_1_221' title='bbox 2591 1693 2881 1753; x_wconf 83' lang='lat' dir='ltr'><strong>antequam</strong></span> <span class='ocrx_word' id='word_1_222' title='bbox 2908 1699 2938 1736; x_wconf 89' lang='lat' dir='ltr'><strong>a</strong></span> <span class='ocrx_word' id='word_1_223' title='bbox 2964 1682 3142 1751; x_wconf 86' lang='lat' dir='ltr'><strong>capite</strong></span> <span class='ocrx_word' id='word_1_224' title='bbox 3181 1679 3397 1736; x_wconf 85' lang='lat' dir='ltr'><strong>Christo</strong></span> <span class='ocrx_word' id='word_1_225' title='bbox 3425 1674 3730 1732; x_wconf 81' lang='lat' dir='ltr'><strong>scandalizati</strong></span> <span class='ocrx_word' id='word_1_226' title='bbox 3755 1685 3854 1726; x_wconf 79' lang='lat' dir='ltr'><strong>rece-</strong></span> 
     </span>
    </p>
   </div>
   <div class='ocr_carea' id='block_1_31' title="bbox 706 1764 3858 1863">
    <p class='ocr_par' dir='ltr' id='par_1_31' title="bbox 706 1764 3858 1863">
     <span class='ocr_line' id='line_1_31' title="bbox 706 1764 3858 1863; baseline -0.01 -17"><span class='ocrx_word' id='word_1_227' title='bbox 706 1808 866 1863; x_wconf 81' lang='lat' dir='ltr'><strong>qusm</strong></span> <span class='ocrx_word' id='word_1_228' title='bbox 894 1791 1029 1846; x_wconf 83' lang='lat' dir='ltr'><strong>duas</strong></span> <span class='ocrx_word' id='word_1_229' title='bbox 1054 1808 1261 1853; x_wconf 84' lang='lat' dir='ltr'><strong>manus,</strong></span> <span class='ocrx_word' id='word_1_230' title='bbox 1296 1790 1374 1844; x_wconf 68' lang='lat' dir='ltr'><strong>vel</strong></span> <span class='ocrx_word' id='word_1_231' title='bbox 1395 1790 1526 1842; x_wconf 85' lang='lat' dir='ltr'><strong>duos</strong></span> <span class='ocrx_word' id='word_1_232' title='bbox 1564 1788 1717 1857; x_wconf 78' lang='lat' dir='ltr'><strong>pedes</strong></span> <span class='ocrx_word' id='word_1_233' title='bbox 1743 1787 2032 1848; x_wconf 79' lang='lat' dir='ltr'><strong>habentem,</strong></span> <span class='ocrx_word' id='word_1_234' title='bbox 2067 1786 2201 1837; x_wconf 85' lang='lat' dir='ltr'><strong>mitti</strong></span> <span class='ocrx_word' id='word_1_235' title='bbox 2228 1784 2282 1837; x_wconf 83' lang='lat' dir='ltr'><strong>in</strong></span> <span class='ocrx_word' id='word_1_236' title='bbox 2316 1773 2357 1831; x_wconf 86' lang='grc' dir='ltr'><strong><em>Β</em></strong></span> <span class='ocrx_word' id='word_1_237' title='bbox 2387 1780 2605 1843; x_wconf 90' lang='lat' dir='ltr'><strong>damus;</strong></span> <span class='ocrx_word' id='word_1_238' title='bbox 2643 1779 2835 1831; x_wconf 78' lang='lat' dir='ltr'><strong>adhoc</strong></span> <span class='ocrx_word' id='word_1_239' title='bbox 2866 1776 3063 1846; x_wconf 83' lang='lat' dir='ltr'><strong>quippe</strong></span> <span class='ocrx_word' id='word_1_240' title='bbox 3100 1775 3246 1827; x_wconf 83' lang='lat' dir='ltr'><strong>venit</strong></span> <span class='ocrx_word' id='word_1_241' title='bbox 3280 1769 3435 1825; x_wconf 81' lang='lat' dir='ltr'><strong>Jesus</strong></span> <span class='ocrx_word' id='word_1_242' title='bbox 3460 1768 3671 1838; x_wconf 73' lang='lat' dir='ltr'><strong>gladium</strong></span> <span class='ocrx_word' id='word_1_243' title='bbox 3708 1764 3858 1817; x_wconf 80' lang='lat' dir='ltr'><strong>mittere</strong></span> 
     </span>
    </p>
   </div>
   <div class='ocr_carea' id='block_1_32' title="bbox 708 1876 2286 1953">
    <p class='ocr_par' dir='ltr' id='par_1_32' title="bbox 708 1876 2286 1953">
     <span class='ocr_line' id='line_1_32' title="bbox 708 1876 2286 1953; baseline -0.006 -16"><span class='ocrx_word' id='word_1_244' title='bbox 708 1885 1159 1953; x_wconf 67' lang='lat' dir='ltr'><strong>ignema&#39;ternum.</strong></span> <span class='ocrx_word' id='word_1_245' title='bbox 1186 1882 1447 1949; x_wconf 72' lang='lat' dir='ltr'><strong>Superius</strong></span> <span class='ocrx_word' id='word_1_246' title='bbox 1467 1897 1586 1935; x_wconf 91' lang='lat' dir='ltr'><strong>cum</strong></span> <span class='ocrx_word' id='word_1_247' title='bbox 1613 1881 1836 1934; x_wconf 76' lang='lat' dir='ltr'><strong>dixiss‘et</strong></span> <span class='ocrx_word' id='word_1_248' title='bbox 1855 1897 1866 1931; x_wconf 93' lang='lat'>:</span> <span class='ocrx_word' id='word_1_249' title='bbox 1888 1877 1949 1931; x_wconf 86' lang='lat' dir='ltr'><strong>Si</strong></span> <span class='ocrx_word' id='word_1_250' title='bbox 1968 1878 2083 1946; x_wconf 82' lang='lat' dir='ltr'><strong>quis</strong></span> <span class='ocrx_word' id='word_1_251' title='bbox 2104 1876 2286 1930; x_wconf 74' lang='lat' dir='ltr'><strong>viderit</strong></span> 
     </span>
    </p>
   </div>
   <div class='ocr_carea' id='block_1_33' title="bbox 708 1968 2285 2039">
    <p class='ocr_par' dir='ltr' id='par_1_33' title="bbox 708 1968 2285 2039">
     <span class='ocr_line' id='line_1_33' title="bbox 708 1968 2285 2039; baseline -0.006 -13"><span class='ocrx_word' id='word_1_252' title='bbox 708 1971 980 2026; x_wconf 80' lang='lat' dir='ltr'><strong>mulierem</strong></span> <span class='ocrx_word' id='word_1_253' title='bbox 1006 1972 1073 2024; x_wconf 87' lang='lat' dir='ltr'><strong>ad</strong></span> <span class='ocrx_word' id='word_1_254' title='bbox 1100 1971 1570 2039; x_wconf 82' lang='lat' dir='ltr'><strong>concupiscendum</strong></span> <span class='ocrx_word' id='word_1_255' title='bbox 1600 1986 1738 2029; x_wconf 85' lang='lat' dir='ltr'><strong>eam,</strong></span> <span class='ocrx_word' id='word_1_256' title='bbox 1767 1968 1883 2037; x_wconf 80' lang='lat' dir='ltr'><strong>jam</strong></span> <span class='ocrx_word' id='word_1_257' title='bbox 1910 1968 2190 2019; x_wconf 74' lang='lat' dir='ltr'><strong>mwclmtus</strong></span> <span class='ocrx_word' id='word_1_258' title='bbox 2211 1975 2285 2019; x_wconf 84' lang='lat' dir='ltr'><strong>est</strong></span> 
     </span>
    </p>
   </div>
   <div class='ocr_carea' id='block_1_34' title="bbox 708 2055 2285 2130">
    <p class='ocr_par' dir='ltr' id='par_1_34' title="bbox 708 2055 2285 2130">
     <span class='ocr_line' id='line_1_34' title="bbox 708 2055 2285 2130; baseline -0.003 -16"><span class='ocrx_word' id='word_1_259' title='bbox 708 2077 824 2114; x_wconf 80' lang='lat' dir='ltr'><strong>eam</strong></span> <span class='ocrx_word' id='word_1_260' title='bbox 862 2063 916 2114; x_wconf 80' lang='lat' dir='ltr'><strong>in</strong></span> <span class='ocrx_word' id='word_1_261' title='bbox 945 2061 1099 2115; x_wconf 82' lang='lat' dir='ltr'><strong>corde</strong></span> <span class='ocrx_word' id='word_1_262' title='bbox 1123 2078 1218 2114; x_wconf 83' lang='lat' dir='ltr'><strong>suo</strong></span> <span class='ocrx_word' id='word_1_263' title='bbox 1248 2059 1466 2130; x_wconf 79' lang='lat' dir='ltr'><strong>(Matth.</strong></span> <span class='ocrx_word' id='word_1_264' title='bbox 1494 2076 1548 2122; x_wconf 90' lang='lat' dir='ltr'><strong>v,</strong></span> <span class='ocrx_word' id='word_1_265' title='bbox 1577 2060 1669 2120; x_wconf 79' lang='lat'><strong>’28,</strong></span> <span class='ocrx_word' id='word_1_266' title='bbox 1695 2058 1805 2126; x_wconf 72' lang='lat'><strong>29),</strong></span> <span class='ocrx_word' id='word_1_267' title='bbox 1837 2067 1955 2126; x_wconf 84' lang='lat' dir='ltr'><strong>post</strong></span> <span class='ocrx_word' id='word_1_268' title='bbox 1980 2057 2095 2110; x_wconf 57' lang='lat' dir='ltr'><strong>haec</strong></span> <span class='ocrx_word' id='word_1_269' title='bbox 2122 2055 2285 2109; x_wconf 84' lang='lat' dir='ltr'><strong>verba</strong></span> 
     </span>
    </p>
   </div>
   <div class='ocr_carea' id='block_1_35' title="bbox 711 2144 2285 2217">
    <p class='ocr_par' dir='ltr' id='par_1_35' title="bbox 711 2144 2285 2217">
     <span class='ocr_line' id='line_1_35' title="bbox 711 2144 2285 2217; baseline -0.006 -11"><span class='ocrx_word' id='word_1_270' title='bbox 711 2150 896 2206; x_wconf 78' lang='lat' dir='ltr'><strong>statim</strong></span> <span class='ocrx_word' id='word_1_271' title='bbox 926 2149 1203 2217; x_wconf 79' lang='lat' dir='ltr'><strong>subjunxit</strong></span> <span class='ocrx_word' id='word_1_272' title='bbox 1244 2168 1256 2203; x_wconf 90' lang='lat'><strong>:</strong></span> <span class='ocrx_word' id='word_1_273' title='bbox 1298 2148 1358 2202; x_wconf 88' lang='lat' dir='ltr'><strong>Si</strong></span> <span class='ocrx_word' id='word_1_274' title='bbox 1388 2149 1571 2202; x_wconf 73' lang='lat' dir='ltr'><strong>dexter</strong></span> <span class='ocrx_word' id='word_1_275' title='bbox 1600 2148 1781 2200; x_wconf 74' lang='lat' dir='ltr'><strong>oculus</strong></span> <span class='ocrx_word' id='word_1_276' title='bbox 1807 2156 1946 2206; x_wconf 82' lang='lat' dir='ltr'><strong>tuus,</strong></span> <span class='ocrx_word' id='word_1_277' title='bbox 1981 2144 2056 2198; x_wconf 79' lang='lat' dir='ltr'><strong>vel</strong></span> <span class='ocrx_word' id='word_1_278' title='bbox 2098 2159 2285 2198; x_wconf 83' lang='lat' dir='ltr'><strong>manus</strong></span> 
     </span>
    </p>
   </div>
   <div class='ocr_carea' id='block_1_36' title="bbox 711 2234 2285 2306">
    <p class='ocr_par' dir='ltr' id='par_1_36' title="bbox 711 2234 2285 2306">
     <span class='ocr_line' id='line_1_36' title="bbox 711 2234 2285 2306; baseline -0.005 -11"><span class='ocrx_word' id='word_1_279' title='bbox 711 2250 801 2296; x_wconf 81' lang='lat' dir='ltr'><strong>tua</strong></span> <span class='ocrx_word' id='word_1_280' title='bbox 839 2240 1156 2296; x_wconf 75' lang='lat' dir='ltr'><strong>scandalizet</strong></span> <span class='ocrx_word' id='word_1_281' title='bbox 1190 2250 1274 2303; x_wconf 84' lang='lat' dir='ltr'><strong>te;</strong></span> <span class='ocrx_word' id='word_1_282' title='bbox 1310 2242 1602 2294; x_wconf 89' lang='lat' dir='ltr'><strong>ostendens</strong></span> <span class='ocrx_word' id='word_1_283' title='bbox 1633 2238 1758 2306; x_wconf 88' lang='lat' dir='ltr'><strong>quid</strong></span> <span class='ocrx_word' id='word_1_284' title='bbox 1799 2238 1865 2291; x_wconf 91' lang='lat' dir='ltr'><strong>de</strong></span> <span class='ocrx_word' id='word_1_285' title='bbox 1897 2237 2001 2290; x_wconf 88' lang='lat' dir='ltr'><strong>illis</strong></span> <span class='ocrx_word' id='word_1_286' title='bbox 2027 2234 2285 2289; x_wconf 82' lang='lat' dir='ltr'><strong>membris</strong></span> 
     </span>
    </p>
   </div>
   <div class='ocr_carea' id='block_1_37' title="bbox 711 2328 2286 2399">
    <p class='ocr_par' dir='ltr' id='par_1_37' title="bbox 711 2328 2286 2399">
     <span class='ocr_line' id='line_1_37' title="bbox 711 2328 2286 2399; baseline -0.007 -11"><span class='ocrx_word' id='word_1_287' title='bbox 711 2331 1198 2388; x_wconf 76' lang='lat' dir='ltr'><strong>scandalisantibus</strong></span> <span class='ocrx_word' id='word_1_288' title='bbox 1225 2330 1565 2399; x_wconf 87' lang='lat' dir='ltr'><strong>loquebatur,</strong></span> <span class='ocrx_word' id='word_1_289' title='bbox 1592 2343 1713 2397; x_wconf 75' lang='lat' dir='ltr'><strong>qurc</strong></span> <span class='ocrx_word' id='word_1_290' title='bbox 1762 2336 1887 2381; x_wconf 89' lang='lat' dir='ltr'><strong>sunt</strong></span> <span class='ocrx_word' id='word_1_291' title='bbox 1940 2328 2078 2380; x_wconf 90' lang='lat' dir='ltr'><strong>intra</strong></span> <span class='ocrx_word' id='word_1_292' title='bbox 2111 2340 2208 2378; x_wconf 91' lang='lat' dir='ltr'><strong>nos</strong></span> <span class='ocrx_word' id='word_1_293' title='bbox 2234 2332 2286 2377; x_wconf 91' lang='lat' dir='ltr'><strong>et</strong></span> 
     </span>
    </p>
   </div>
   <div class='ocr_carea' id='block_1_38' title="bbox 711 2421 2286 2493">
    <p class='ocr_par' dir='ltr' id='par_1_38' title="bbox 711 2421 2286 2493">
     <span class='ocr_line' id='line_1_38' title="bbox 711 2421 2286 2493; baseline -0.004 -14"><span class='ocrx_word' id='word_1_294' title='bbox 711 2424 1022 2493; x_wconf 88' lang='lat' dir='ltr'><strong>incorpore</strong></span> <span class='ocrx_word' id='word_1_295' title='bbox 1076 2434 1278 2478; x_wconf 87' lang='lat' dir='ltr'><strong>nostro.</strong></span> <span class='ocrx_word' id='word_1_296' title='bbox 1316 2423 1605 2490; x_wconf 87' lang='lat' dir='ltr'><strong>Propterea</strong></span> <span class='ocrx_word' id='word_1_297' title='bbox 1654 2422 1725 2475; x_wconf 84' lang='lat' dir='ltr'><strong>ibi</strong></span> <span class='ocrx_word' id='word_1_298' title='bbox 1771 2423 2051 2491; x_wconf 82' lang='lat' dir='ltr'><strong>passiones</strong></span> <span class='ocrx_word' id='word_1_299' title='bbox 2091 2421 2286 2474; x_wconf 78' lang='lat' dir='ltr'><strong>aiiitme</strong></span> 
     </span>
    </p>
   </div>
   <div class='ocr_carea' id='block_1_39' title="bbox 709 2511 2286 2583">
    <p class='ocr_par' dir='ltr' id='par_1_39' title="bbox 709 2511 2286 2583">
     <span class='ocr_line' id='line_1_39' title="bbox 709 2511 2286 2583; baseline -0.004 -14"><span class='ocrx_word' id='word_1_300' title='bbox 709 2526 803 2569; x_wconf 84' lang='lat' dir='ltr'><strong>seu</strong></span> <span class='ocrx_word' id='word_1_301' title='bbox 828 2512 1129 2567; x_wconf 86' lang='lat' dir='ltr'><strong>voluntates</strong></span> <span class='ocrx_word' id='word_1_302' title='bbox 1156 2514 1502 2583; x_wconf 79' lang='lat' dir='ltr'><strong>exposuimus</strong></span> <span class='ocrx_word' id='word_1_303' title='bbox 1525 2528 1649 2567; x_wconf 85' lang='lat' dir='ltr'><strong>esse</strong></span> <span class='ocrx_word' id='word_1_304' title='bbox 1674 2511 2091 2566; x_wconf 84' lang='lat' dir='ltr'><strong>scandalizautia</strong></span> <span class='ocrx_word' id='word_1_305' title='bbox 2121 2525 2286 2563; x_wconf 90' lang='lat' dir='ltr'><strong>mem-</strong></span> 
     </span>
    </p>
   </div>
   <div class='ocr_carea' id='block_1_40' title="bbox 709 2599 2283 2668">
    <p class='ocr_par' dir='ltr' id='par_1_40' title="bbox 709 2599 2283 2668">
     <span class='ocr_line' id='line_1_40' title="bbox 709 2599 2283 2668; baseline -0.004 -11"><span class='ocrx_word' id='word_1_306' title='bbox 709 2602 840 2668; x_wconf 87' lang='lat' dir='ltr'><strong>bra;</strong></span> <span class='ocrx_word' id='word_1_307' title='bbox 884 2602 972 2658; x_wconf 88' lang='lat' dir='ltr'><strong>hic</strong></span> <span class='ocrx_word' id='word_1_308' title='bbox 1013 2611 1194 2657; x_wconf 89' lang='lat' dir='ltr'><strong>autem</strong></span> <span class='ocrx_word' id='word_1_309' title='bbox 1224 2618 1347 2657; x_wconf 90' lang='lat' dir='ltr'><strong>cum</strong></span> <span class='ocrx_word' id='word_1_310' title='bbox 1396 2602 1623 2656; x_wconf 78' lang='lat' dir='ltr'><strong>dixisset</strong></span> <span class='ocrx_word' id='word_1_311' title='bbox 1653 2618 1666 2655; x_wconf 91' lang='lat'><strong>:</strong></span> <span class='ocrx_word' id='word_1_312' title='bbox 1705 2599 1790 2654; x_wconf 65' lang='lat' dir='ltr'><strong>Vat</strong></span> <span class='ocrx_word' id='word_1_313' title='bbox 1820 2601 2014 2654; x_wconf 83' lang='lat' dir='ltr'><strong>munda</strong></span> <span class='ocrx_word' id='word_1_314' title='bbox 2040 2600 2104 2653; x_wconf 84' lang='lat' dir='ltr'><strong>ab</strong></span> <span class='ocrx_word' id='word_1_315' title='bbox 2128 2615 2283 2652; x_wconf 82' lang='lat' dir='ltr'><strong>scau—</strong></span> 
     </span>
    </p>
   </div>
   <div class='ocr_carea' id='block_1_41' title="bbox 710 2690 2285 2758">
    <p class='ocr_par' dir='ltr' id='par_1_41' title="bbox 710 2690 2285 2758">
     <span class='ocr_line' id='line_1_41' title="bbox 710 2690 2285 2758; baseline -0.004 -11"><span class='ocrx_word' id='word_1_316' title='bbox 710 2692 869 2758; x_wconf 84' lang='lat' dir='ltr'><strong>dalis,</strong></span> <span class='ocrx_word' id='word_1_317' title='bbox 903 2710 1103 2749; x_wconf 75' lang='lat' dir='ltr'><strong>necesse</strong></span> <span class='ocrx_word' id='word_1_318' title='bbox 1140 2703 1213 2748; x_wconf 74' lang='lat' dir='ltr'><strong>est</strong></span> <span class='ocrx_word' id='word_1_319' title='bbox 1242 2704 1296 2748; x_wconf 72' lang='lat' dir='ltr'><strong>ut</strong></span> <span class='ocrx_word' id='word_1_320' title='bbox 1328 2693 1534 2747; x_wconf 82' lang='lat' dir='ltr'><strong>veniant</strong></span> <span class='ocrx_word' id='word_1_321' title='bbox 1564 2692 1841 2756; x_wconf 80' lang='lat' dir='ltr'><strong>scandala,</strong></span> <span class='ocrx_word' id='word_1_322' title='bbox 1867 2692 1957 2745; x_wconf 83' lang='lat' dir='ltr'><strong>sed</strong></span> <span class='ocrx_word' id='word_1_323' title='bbox 1987 2707 2063 2744; x_wconf 72' lang='lat' dir='ltr'><strong>me</strong></span> <span class='ocrx_word' id='word_1_324' title='bbox 2085 2690 2285 2743; x_wconf 83' lang='lat' dir='ltr'><strong>homini</strong></span> 
     </span>
    </p>
   </div>
   <div class='ocr_carea' id='block_1_42' title="bbox 710 2776 2287 2857">
    <p class='ocr_par' dir='ltr' id='par_1_42' title="bbox 710 2776 2287 2857">
     <span class='ocr_line' id='line_1_42' title="bbox 710 2776 2287 2857; baseline -0.004 -18"><span class='ocrx_word' id='word_1_325' title='bbox 710 2776 977 2857; x_wconf 54' lang='grc' dir='ltr'><strong>ρει-’ςυρψ</strong></span> <span class='ocrx_word' id='word_1_326' title='bbox 1005 2784 1312 2838; x_wconf 74' lang='lat' dir='ltr'><strong>scandalum</strong></span> <span class='ocrx_word' id='word_1_327' title='bbox 1348 2784 1501 2844; x_wconf 82' lang='lat' dir='ltr'><strong>venit,</strong></span> <span class='ocrx_word' id='word_1_328' title='bbox 1553 2798 1677 2837; x_wconf 78' lang='lat' dir='ltr'><strong>mox</strong></span> <span class='ocrx_word' id='word_1_329' title='bbox 1724 2783 2038 2851; x_wconf 78' lang='lat' dir='ltr'><strong>subjungit:</strong></span> <span class='ocrx_word' id='word_1_330' title='bbox 2076 2780 2134 2835; x_wconf 86' lang='lat' dir='ltr'><strong>Si</strong></span> <span class='ocrx_word' id='word_1_331' title='bbox 2174 2796 2287 2833; x_wconf 86' lang='lat' dir='ltr'><strong>ma-</strong></span> 
     </span>
    </p>
   </div>
   <div class='ocr_carea' id='block_1_43' title="bbox 714 2870 2282 2945">
    <p class='ocr_par' dir='ltr' id='par_1_43' title="bbox 714 2870 2282 2945">
     <span class='ocr_line' id='line_1_43' title="bbox 714 2870 2282 2945; baseline -0.004 -14"><span class='ocrx_word' id='word_1_332' title='bbox 714 2893 811 2931; x_wconf 84' lang='lat' dir='ltr'><strong>nus</strong></span> <span class='ocrx_word' id='word_1_333' title='bbox 836 2889 929 2933; x_wconf 81' lang='lat' dir='ltr'><strong>tua</strong></span> <span class='ocrx_word' id='word_1_334' title='bbox 953 2876 1027 2931; x_wconf 69' lang='lat' dir='ltr'><strong>vel</strong></span> <span class='ocrx_word' id='word_1_335' title='bbox 1063 2893 1151 2945; x_wconf 82' lang='lat' dir='ltr'><strong>pes</strong></span> <span class='ocrx_word' id='word_1_336' title='bbox 1186 2887 1332 2939; x_wconf 82' lang='lat' dir='ltr'><strong>tuus,</strong></span> <span class='ocrx_word' id='word_1_337' title='bbox 1367 2875 1443 2929; x_wconf 76' lang='lat' dir='ltr'><strong>vel</strong></span> <span class='ocrx_word' id='word_1_338' title='bbox 1466 2874 1657 2929; x_wconf 78' lang='lat' dir='ltr'><strong>oculus</strong></span> <span class='ocrx_word' id='word_1_339' title='bbox 1693 2884 1815 2929; x_wconf 77' lang='lat' dir='ltr'><strong>tuus</strong></span> <span class='ocrx_word' id='word_1_340' title='bbox 1848 2870 2175 2927; x_wconf 70' lang='lat' dir='ltr'><strong>scandalizat</strong></span> <span class='ocrx_word' id='word_1_341' title='bbox 2214 2880 2282 2924; x_wconf 78' lang='lat' dir='ltr'><strong>te.</strong></span> 
     </span>
    </p>
   </div>
   <div class='ocr_carea' id='block_1_44' title="bbox 716 2961 2285 3035">
    <p class='ocr_par' dir='ltr' id='par_1_44' title="bbox 716 2961 2285 3035">
     <span class='ocr_line' id='line_1_44' title="bbox 716 2961 2285 3035; baseline -0.004 -13"><span class='ocrx_word' id='word_1_342' title='bbox 716 2965 814 3022; x_wconf 88' lang='lat' dir='ltr'><strong>Ubi</strong></span> <span class='ocrx_word' id='word_1_343' title='bbox 842 2967 1099 3030; x_wconf 87' lang='lat' dir='ltr'><strong>ostendit,</strong></span> <span class='ocrx_word' id='word_1_344' title='bbox 1141 2967 1283 3035; x_wconf 86' lang='lat' dir='ltr'><strong>quod</strong></span> <span class='ocrx_word' id='word_1_345' title='bbox 1322 2980 1431 3019; x_wconf 89' lang='lat' dir='ltr'><strong>non</strong></span> <span class='ocrx_word' id='word_1_346' title='bbox 1458 2965 1527 3020; x_wconf 88' lang='lat' dir='ltr'><strong>de</strong></span> <span class='ocrx_word' id='word_1_347' title='bbox 1572 2964 1829 3018; x_wconf 83' lang='lat' dir='ltr'><strong>membris</strong></span> <span class='ocrx_word' id='word_1_348' title='bbox 1866 2961 2285 3017; x_wconf 81' lang='lat' dir='ltr'><strong>scandalizanti-</strong></span> 
     </span>
    </p>
   </div>
   <div class='ocr_carea' id='block_1_45' title="bbox 713 3051 2287 3127">
    <p class='ocr_par' dir='ltr' id='par_1_45' title="bbox 713 3051 2287 3127">
     <span class='ocr_line' id='line_1_45' title="bbox 713 3051 2287 3127; baseline -0.004 -15"><span class='ocrx_word' id='word_1_349' title='bbox 713 3057 815 3113; x_wconf 89' lang='lat' dir='ltr'><strong>bus</strong></span> <span class='ocrx_word' id='word_1_350' title='bbox 837 3073 956 3127; x_wconf 77' lang='lat' dir='ltr'><strong>qua:</strong></span> <span class='ocrx_word' id='word_1_351' title='bbox 986 3065 1112 3111; x_wconf 87' lang='lat' dir='ltr'><strong>sunt</strong></span> <span class='ocrx_word' id='word_1_352' title='bbox 1138 3057 1280 3110; x_wconf 91' lang='lat' dir='ltr'><strong>intra</strong></span> <span class='ocrx_word' id='word_1_353' title='bbox 1324 3070 1445 3120; x_wconf 90' lang='lat' dir='ltr'><strong>nos,</strong></span> <span class='ocrx_word' id='word_1_354' title='bbox 1477 3055 1734 3123; x_wconf 89' lang='lat' dir='ltr'><strong>loquitur,</strong></span> <span class='ocrx_word' id='word_1_355' title='bbox 1766 3054 1861 3107; x_wconf 89' lang='lat' dir='ltr'><strong>sed</strong></span> <span class='ocrx_word' id='word_1_356' title='bbox 1885 3051 1953 3107; x_wconf 88' lang='lat' dir='ltr'><strong>de</strong></span> <span class='ocrx_word' id='word_1_357' title='bbox 1980 3051 2287 3106; x_wconf 89' lang='lat' dir='ltr'><strong>hominibus</strong></span> 
     </span>
    </p>
   </div>
   <div class='ocr_carea' id='block_1_46' title="bbox 2390 1853 3859 1934">
    <p class='ocr_par' dir='ltr' id='par_1_46' title="bbox 2390 1853 3859 1934">
     <span class='ocr_line' id='line_1_46' title="bbox 2390 1853 3859 1934; baseline -0.015 -9"><span class='ocrx_word' id='word_1_358' title='bbox 2390 1871 2444 1925; x_wconf 91' lang='lat' dir='ltr'><strong>in</strong></span> <span class='ocrx_word' id='word_1_359' title='bbox 2508 1880 2740 1930; x_wconf 86' lang='lat' dir='ltr'><strong>terram,</strong></span> <span class='ocrx_word' id='word_1_360' title='bbox 2793 1876 2854 1921; x_wconf 90' lang='lat' dir='ltr'><strong>ut</strong></span> <span class='ocrx_word' id='word_1_361' title='bbox 2904 1881 2970 1921; x_wconf 88' lang='lat' dir='ltr'><strong>eo</strong></span> <span class='ocrx_word' id='word_1_362' title='bbox 3026 1864 3384 1934; x_wconf 72' lang='lat' dir='ltr'><strong>priecidamus</strong></span> <span class='ocrx_word' id='word_1_363' title='bbox 3441 1871 3616 1912; x_wconf 87' lang='lat' dir='ltr'><strong>omnes</strong></span> <span class='ocrx_word' id='word_1_364' title='bbox 3661 1853 3859 1922; x_wconf 79' lang='lat' dir='ltr'><strong>passiones</strong></span> 
     </span>
    </p>
   </div>
   <div class='ocr_carea' id='block_1_47' title="bbox 2388 1939 3859 2024">
    <p class='ocr_par' dir='ltr' id='par_1_47' title="bbox 2388 1939 3859 2024">
     <span class='ocr_line' id='line_1_47' title="bbox 2388 1939 3859 2024; baseline -0.017 -7"><span class='ocrx_word' id='word_1_365' title='bbox 2388 1963 2581 2017; x_wconf 79' lang='lat' dir='ltr'><strong>noxias</strong></span> <span class='ocrx_word' id='word_1_366' title='bbox 2631 1976 2662 2014; x_wconf 90' lang='lat' dir='ltr'><strong>a</strong></span> <span class='ocrx_word' id='word_1_367' title='bbox 2709 1960 2882 2024; x_wconf 89' lang='lat' dir='ltr'><strong>nobis,</strong></span> <span class='ocrx_word' id='word_1_368' title='bbox 2921 1965 2978 2013; x_wconf 90' lang='lat' dir='ltr'><strong>et</strong></span> <span class='ocrx_word' id='word_1_369' title='bbox 3014 1956 3196 2011; x_wconf 84' lang='lat' dir='ltr'><strong>omnia</strong></span> <span class='ocrx_word' id='word_1_370' title='bbox 3238 1951 3477 2008; x_wconf 89' lang='lat' dir='ltr'><strong>membra</strong></span> <span class='ocrx_word' id='word_1_371' title='bbox 3517 1946 3655 2003; x_wconf 87' lang='lat' dir='ltr'><strong>nobis</strong></span> <span class='ocrx_word' id='word_1_372' title='bbox 3683 1939 3859 1999; x_wconf 75' lang='lat' dir='ltr'><strong>scandala</strong></span> 
     </span>
    </p>
   </div>
   <div class='ocr_carea' id='block_1_48' title="bbox 2481 2069 2679 2106">
    <p class='ocr_par' dir='ltr' id='par_1_48' title="bbox 2481 2069 2679 2106">
     <span class='ocr_line' id='line_1_48' title="bbox 2481 2069 2679 2106; baseline 0 0"><span class='ocrx_word' id='word_1_373' title='bbox 2481 2069 2679 2106; x_wconf 89' lang='lat' dir='ltr'><strong>uenua.</strong></span> 
     </span>
    </p>
   </div>
   <div class='ocr_carea' id='block_1_49' title="bbox 2388 2063 3862 2209">
    <p class='ocr_par' dir='ltr' id='par_1_49' title="bbox 2388 2063 3862 2209">
     <span class='ocr_line' id='line_1_49' title="bbox 2427 2063 2679 2106; baseline -0.008 1"><span class='ocrx_word' id='word_1_374' title='bbox 2427 2063 2436 2067; x_wconf 84' lang='lat'>&#39;</span> <span class='ocrx_word' id='word_1_375' title='bbox 2481 2073 2492 2105; x_wconf 85' lang='grc' dir='ltr'>ι</span> <span class='ocrx_word' id='word_1_376' title='bbox 2514 2069 2562 2106; x_wconf 86' lang='lat' dir='ltr'><strong>et</strong></span> <span class='ocrx_word' id='word_1_377' title='bbox 2612 2063 2618 2065; x_wconf 82' lang='grc'><em>’</em></span> <span class='ocrx_word' id='word_1_378' title='bbox 2664 2092 2679 2105; x_wconf 93' lang='grc'>.</span> 
     </span>
     <span class='ocr_line' id='line_1_50' title="bbox 2388 2063 3862 2209; baseline -0.018 -11"><span class='ocrx_word' id='word_1_379' title='bbox 2388 2063 2666 2207; x_wconf 44' lang='grc' dir='ltr'><strong>ωιλάᾚῖ,</strong></span> <span class='ocrx_word' id='word_1_380' title='bbox 2696 2139 2891 2209; x_wconf 88' lang='lat' dir='ltr'><strong>inquit,</strong></span> <span class='ocrx_word' id='word_1_381' title='bbox 2909 2154 2972 2193; x_wconf 83' lang='lat' dir='ltr'><strong>ne</strong></span> <span class='ocrx_word' id='word_1_382' title='bbox 2992 2135 3337 2193; x_wconf 79' lang='lat' dir='ltr'><strong>contemnatis</strong></span> <span class='ocrx_word' id='word_1_383' title='bbox 3362 2146 3515 2187; x_wconf 68' lang='lat' dir='ltr'><strong>unum</strong></span> <span class='ocrx_word' id='word_1_384' title='bbox 3537 2128 3595 2183; x_wconf 80' lang='lat' dir='ltr'><strong>dc</strong></span> <span class='ocrx_word' id='word_1_385' title='bbox 3613 2123 3775 2196; x_wconf 73' lang='lat' dir='ltr'><strong>pusillis</strong></span> <span class='ocrx_word' id='word_1_386' title='bbox 3788 2121 3862 2174; x_wconf 77' lang='lat' dir='ltr'><strong>istis</strong></span> 
     </span>
    </p>
   </div>
   <div class='ocr_carea' id='block_1_50' title="bbox 2385 2213 3861 2306">
    <p class='ocr_par' dir='ltr' id='par_1_50' title="bbox 2385 2213 3861 2306">
     <span class='ocr_line' id='line_1_51' title="bbox 2385 2213 3861 2306; baseline -0.019 -17"><span class='ocrx_word' id='word_1_387' title='bbox 2385 2237 2475 2306; x_wconf 87' lang='lat' dir='ltr'><strong>qui</strong></span> <span class='ocrx_word' id='word_1_388' title='bbox 2500 2237 2554 2288; x_wconf 85' lang='lat' dir='ltr'><strong>in</strong></span> <span class='ocrx_word' id='word_1_389' title='bbox 2580 2249 2661 2287; x_wconf 84' lang='lat' dir='ltr'><strong>me</strong></span> <span class='ocrx_word' id='word_1_390' title='bbox 2683 2234 2932 2294; x_wconf 85' lang='lat' dir='ltr'><strong>credunt;</strong></span> <span class='ocrx_word' id='word_1_391' title='bbox 2956 2230 3072 2282; x_wconf 82' lang='lat' dir='ltr'><strong>dico</strong></span> <span class='ocrx_word' id='word_1_392' title='bbox 3095 2227 3236 2282; x_wconf 80' lang='lat' dir='ltr'><strong>enim</strong></span> <span class='ocrx_word' id='word_1_393' title='bbox 3262 2223 3419 2283; x_wconf 78' lang='lat' dir='ltr'><strong>vobis,</strong></span> <span class='ocrx_word' id='word_1_394' title='bbox 3438 2219 3555 2290; x_wconf 74' lang='lat' dir='ltr'><strong>quia</strong></span> <span class='ocrx_word' id='word_1_395' title='bbox 3577 2213 3721 2284; x_wconf 75' lang='lat' dir='ltr'><strong>angeli</strong></span> <span class='ocrx_word' id='word_1_396' title='bbox 3741 2224 3861 2306; x_wconf 58' lang='lat' dir='ltr'><strong>eorum</strong></span> 
     </span>
    </p>
   </div>
   <div class='ocr_carea' id='block_1_51' title="bbox 2385 2300 3864 2396">
    <p class='ocr_par' dir='ltr' id='par_1_51' title="bbox 2385 2300 3864 2396">
     <span class='ocr_line' id='line_1_52' title="bbox 2385 2300 3864 2396; baseline -0.02 -13"><span class='ocrx_word' id='word_1_397' title='bbox 2385 2300 2584 2396; x_wconf 79' lang='lat' dir='ltr'><strong>semper</strong></span> <span class='ocrx_word' id='word_1_398' title='bbox 2603 2327 2772 2380; x_wconf 73' lang='lat' dir='ltr'><strong>vident</strong></span> <span class='ocrx_word' id='word_1_399' title='bbox 2795 2324 2981 2394; x_wconf 77' lang='lat' dir='ltr'><strong>faciem</strong></span> <span class='ocrx_word' id='word_1_400' title='bbox 2997 2318 3177 2373; x_wconf 59' lang='lat' dir='ltr'><strong>Patris</strong></span> <span class='ocrx_word' id='word_1_401' title='bbox 3198 2317 3297 2371; x_wconf 79' lang='lat' dir='ltr'><strong>mei</strong></span> <span class='ocrx_word' id='word_1_402' title='bbox 3320 2316 3409 2383; x_wconf 83' lang='lat' dir='ltr'><strong>qui</strong></span> <span class='ocrx_word' id='word_1_403' title='bbox 3432 2314 3486 2366; x_wconf 69' lang='lat' dir='ltr'><strong>in</strong></span> <span class='ocrx_word' id='word_1_404' title='bbox 3497 2308 3623 2365; x_wconf 62' lang='lat' dir='ltr'><strong>culis</strong></span> <span class='ocrx_word' id='word_1_405' title='bbox 3640 2300 3864 2360; x_wconf 56' lang='lat' dir='ltr'><strong>«thetis-</strong></span> 
     </span>
    </p>
   </div>
   <div class='ocr_carea' id='block_1_52' title="bbox 2387 2404 3860 2475">
    <p class='ocr_par' dir='ltr' id='par_1_52' title="bbox 2387 2404 3860 2475">
     <span class='ocr_line' id='line_1_53' title="bbox 2387 2404 3860 2475; baseline -0.018 0"><span class='ocrx_word' id='word_1_406' title='bbox 2387 2422 2583 2475; x_wconf 87' lang='lat' dir='ltr'><strong>simum</strong></span> <span class='ocrx_word' id='word_1_407' title='bbox 2614 2417 2885 2471; x_wconf 79' lang='lat' dir='ltr'><strong>vinculum</strong></span> <span class='ocrx_word' id='word_1_408' title='bbox 2913 2412 3081 2468; x_wconf 89' lang='lat' dir='ltr'><strong>mutui</strong></span> <span class='ocrx_word' id='word_1_409' title='bbox 3108 2408 3317 2464; x_wconf 88' lang='lat' dir='ltr'><strong>amoris</strong></span> <span class='ocrx_word' id='word_1_410' title='bbox 3344 2404 3579 2474; x_wconf 85' lang='lat' dir='ltr'><strong>imponit,</strong></span> <span class='ocrx_word' id='word_1_411' title='bbox 3603 2412 3659 2453; x_wconf 88' lang='lat' dir='ltr'><strong>ao</strong></span> <span class='ocrx_word' id='word_1_412' title='bbox 3680 2410 3755 2449; x_wconf 80' lang='lat' dir='ltr'><strong>eos</strong></span> <span class='ocrx_word' id='word_1_413' title='bbox 3771 2406 3860 2462; x_wconf 66' lang='grc' dir='ltr'><strong>ραι</strong></span> 
     </span>
    </p>
   </div>
   <div class='ocr_carea' id='block_1_53' title="bbox 2387 2493 3866 2581">
    <p class='ocr_par' dir='ltr' id='par_1_53' title="bbox 2387 2493 3866 2581">
     <span class='ocr_line' id='line_1_54' title="bbox 2387 2493 3866 2581; baseline -0.024 -14"><span class='ocrx_word' id='word_1_414' title='bbox 2387 2514 2542 2581; x_wconf 88' lang='lat' dir='ltr'><strong>cipue</strong></span> <span class='ocrx_word' id='word_1_415' title='bbox 2562 2510 2654 2579; x_wconf 89' lang='lat' dir='ltr'><strong>qui</strong></span> <span class='ocrx_word' id='word_1_416' title='bbox 2684 2523 2813 2563; x_wconf 89' lang='lat' dir='ltr'><strong>vere</strong></span> <span class='ocrx_word' id='word_1_417' title='bbox 2843 2493 3071 2561; x_wconf 81' lang='lat' dir='ltr'><strong>credunt</strong></span> <span class='ocrx_word' id='word_1_418' title='bbox 3102 2502 3154 2554; x_wconf 92' lang='lat' dir='ltr'><strong>in</strong></span> <span class='ocrx_word' id='word_1_419' title='bbox 3184 2500 3436 2559; x_wconf 90' lang='lat' dir='ltr'><strong>Domino,</strong></span> <span class='ocrx_word' id='word_1_420' title='bbox 3465 2507 3591 2562; x_wconf 87' lang='lat' dir='ltr'><strong>quos</strong></span> <span class='ocrx_word' id='word_1_421' title='bbox 3611 2494 3866 2581; x_wconf 60' lang='lat' dir='ltr'><strong>contemnere</strong></span> 
     </span>
    </p>
   </div>
   <div class='ocr_carea' id='block_1_54' title="bbox 2388 2568 3868 2673">
    <p class='ocr_par' dir='ltr' id='par_1_54' title="bbox 2388 2568 3868 2673">
     <span class='ocr_line' id='line_1_55' title="bbox 2388 2568 3868 2673; baseline -0.027 -14"><span class='ocrx_word' id='word_1_422' title='bbox 2388 2568 2495 2658; x_wconf 77' lang='lat' dir='ltr'><strong>non</strong></span> <span class='ocrx_word' id='word_1_423' title='bbox 2514 2568 2746 2673; x_wconf 70' lang='lat' dir='ltr'><strong>oportet.</strong></span> <span class='ocrx_word' id='word_1_424' title='bbox 2780 2598 2886 2653; x_wconf 68' lang='lat' dir='ltr'><strong>Sed</strong></span> <span class='ocrx_word' id='word_1_425' title='bbox 2911 2590 3373 2650; x_wconf 85' lang='lat' dir='ltr'><strong>considerandum</strong></span> <span class='ocrx_word' id='word_1_426' title='bbox 3397 2584 3603 2655; x_wconf 80' lang='lat' dir='ltr'><strong>quinam</strong></span> <span class='ocrx_word' id='word_1_427' title='bbox 3631 2584 3721 2673; x_wconf 70' lang='lat' dir='ltr'><strong>sint</strong></span> <span class='ocrx_word' id='word_1_428' title='bbox 3748 2568 3868 2643; x_wconf 78' lang='lat' dir='ltr'><strong>pusilli</strong></span> 
     </span>
    </p>
   </div>
   <div class='ocr_carea' id='block_1_55' title="bbox 2388 2665 3872 2764">
    <p class='ocr_par' dir='ltr' id='par_1_55' title="bbox 2388 2665 3872 2764">
     <span class='ocr_line' id='line_1_56' title="bbox 2388 2665 3872 2764; baseline -0.016 -17"><span class='ocrx_word' id='word_1_429' title='bbox 2388 2710 2522 2764; x_wconf 88' lang='lat' dir='ltr'><strong>quos</strong></span> <span class='ocrx_word' id='word_1_430' title='bbox 2550 2665 2797 2761; x_wconf 76' lang='lat' dir='ltr'><strong>prohibet</strong></span> <span class='ocrx_word' id='word_1_431' title='bbox 2825 2695 3192 2746; x_wconf 85' lang='lat' dir='ltr'><strong>contemnere,</strong></span> <span class='ocrx_word' id='word_1_432' title='bbox 3221 2690 3290 2739; x_wconf 66' lang='lat' dir='ltr'><strong>ct</strong></span> <span class='ocrx_word' id='word_1_433' title='bbox 3318 2689 3540 2764; x_wconf 85' lang='lat' dir='ltr'><strong>quorum</strong></span> <span class='ocrx_word' id='word_1_434' title='bbox 3564 2665 3719 2764; x_wconf 51' lang='lat' dir='ltr'><strong>Annali</strong></span> 
     </span>
    </p>
   </div>
   <div class='ocr_carea' id='block_1_56' title="bbox 2388 2748 3873 2850">
    <p class='ocr_par' dir='ltr' id='par_1_56' title="bbox 2388 2748 3873 2850">
     <span class='ocr_line' id='line_1_57' title="bbox 2388 2748 3873 2850; baseline -0.021 -12"><span class='ocrx_word' id='word_1_435' title='bbox 2388 2748 2566 2838; x_wconf 45' lang='lat' dir='ltr'><strong>elident-</strong></span> <span class='ocrx_word' id='word_1_436' title='bbox 2589 2782 2776 2850; x_wconf 81' lang='lat' dir='ltr'><strong>faciem</strong></span> <span class='ocrx_word' id='word_1_437' title='bbox 2802 2776 2981 2831; x_wconf 85' lang='lat' dir='ltr'><strong>Patris</strong></span> <span class='ocrx_word' id='word_1_438' title='bbox 3022 2771 3256 2841; x_wconf 76' lang='lat' dir='ltr'><strong>(Matth-</strong></span> <span class='ocrx_word' id='word_1_439' title='bbox 3285 2782 3437 2830; x_wconf 78' lang='lat' dir='ltr'><strong>mu,</strong></span> <span class='ocrx_word' id='word_1_440' title='bbox 3474 2762 3577 2832; x_wconf 79' lang='grc'><strong>10).</strong></span> <span class='ocrx_word' id='word_1_441' title='bbox 3604 2752 3803 2823; x_wconf 74' lang='lat' dir='ltr'><strong>Nunquid</strong></span> <span class='ocrx_word' id='word_1_442' title='bbox 3829 2748 3873 2807; x_wconf 67' lang='lat' dir='ltr'><strong>dt</strong></span> 
     </span>
    </p>
   </div>
   <div class='ocr_carea' id='block_1_57' title="bbox 2389 2850 3874 2941">
    <p class='ocr_par' dir='ltr' id='par_1_57' title="bbox 2389 2850 3874 2941">
     <span class='ocr_line' id='line_1_58' title="bbox 2389 2850 3874 2941; baseline -0.024 -14"><span class='ocrx_word' id='word_1_443' title='bbox 2389 2874 2475 2927; x_wconf 90' lang='lat' dir='ltr'><strong>his</strong></span> <span class='ocrx_word' id='word_1_444' title='bbox 2501 2870 2739 2941; x_wconf 80' lang='lat' dir='ltr'><strong>parvulis</strong></span> <span class='ocrx_word' id='word_1_445' title='bbox 2766 2867 2850 2923; x_wconf 88' lang='lat' dir='ltr'><strong>vel</strong></span> <span class='ocrx_word' id='word_1_446' title='bbox 2892 2863 3103 2935; x_wconf 82' lang='lat' dir='ltr'><strong>pusillis</strong></span> <span class='ocrx_word' id='word_1_447' title='bbox 3138 2861 3302 2925; x_wconf 77' lang='lat' dir='ltr'><strong>dicit,</strong></span> <span class='ocrx_word' id='word_1_448' title='bbox 3343 2873 3409 2915; x_wconf 74' lang='lat' dir='ltr'><strong>ex</strong></span> <span class='ocrx_word' id='word_1_449' title='bbox 3457 2853 3640 2925; x_wconf 86' lang='lat' dir='ltr'><strong>quibus</strong></span> <span class='ocrx_word' id='word_1_450' title='bbox 3660 2852 3754 2907; x_wconf 78' lang='lat' dir='ltr'><strong>erat</strong></span> <span class='ocrx_word' id='word_1_451' title='bbox 3787 2850 3874 2941; x_wconf 70' lang='lat' dir='ltr'><strong>unus</strong></span> 
     </span>
    </p>
   </div>
   <div class='ocr_carea' id='block_1_58' title="bbox 2389 2932 3874 3036">
    <p class='ocr_par' dir='ltr' id='par_1_58' title="bbox 2389 2932 3874 3036">
     <span class='ocr_line' id='line_1_59' title="bbox 2389 2932 3874 3036; baseline -0.02 -17"><span class='ocrx_word' id='word_1_452' title='bbox 2389 2932 2548 3036; x_wconf 78' lang='lat' dir='ltr'><strong>quem</strong></span> <span class='ocrx_word' id='word_1_453' title='bbox 2578 2961 2767 3017; x_wconf 87' lang='lat' dir='ltr'><strong>statuit</strong></span> <span class='ocrx_word' id='word_1_454' title='bbox 2799 2960 2853 3013; x_wconf 91' lang='lat' dir='ltr'><strong>in</strong></span> <span class='ocrx_word' id='word_1_455' title='bbox 2882 2932 3060 3013; x_wconf 80' lang='lat' dir='ltr'><strong>medio</strong></span> <span class='ocrx_word' id='word_1_456' title='bbox 3081 2967 3311 3016; x_wconf 69' lang='lat' dir='ltr'><strong>eorum,</strong></span> <span class='ocrx_word' id='word_1_457' title='bbox 3355 2950 3420 3005; x_wconf 85' lang='lat' dir='ltr'><strong>ad</strong></span> <span class='ocrx_word' id='word_1_458' title='bbox 3443 2945 3587 3014; x_wconf 85' lang='lat' dir='ltr'><strong>cujus</strong></span> <span class='ocrx_word' id='word_1_459' title='bbox 3611 2932 3874 3036; x_wconf 48' lang='lat' dir='ltr'><strong>innocentia?</strong></span> 
     </span>
    </p>
   </div>
   <div class='ocr_carea' id='block_1_59' title="bbox 2391 3020 3877 3121">
    <p class='ocr_par' dir='ltr' id='par_1_59' title="bbox 2391 3020 3877 3121">
     <span class='ocr_line' id='line_1_60' title="bbox 2391 3020 3877 3121; baseline -0.022 -9"><span class='ocrx_word' id='word_1_460' title='bbox 2391 3020 2566 3112; x_wconf 61' lang='lat' dir='ltr'><strong>redire</strong></span> <span class='ocrx_word' id='word_1_461' title='bbox 2612 3054 2766 3121; x_wconf 85' lang='lat' dir='ltr'><strong>jubet</strong></span> <span class='ocrx_word' id='word_1_462' title='bbox 2814 3044 3119 3119; x_wconf 74' lang='lat' dir='ltr'><strong>apostolos?</strong></span> <span class='ocrx_word' id='word_1_463' title='bbox 3169 3041 3436 3112; x_wconf 78' lang='lat' dir='ltr'><strong>Nunquid</strong></span> <span class='ocrx_word' id='word_1_464' title='bbox 3474 3035 3659 3095; x_wconf 80' lang='lat' dir='ltr'><strong>eisdem</strong></span> <span class='ocrx_word' id='word_1_465' title='bbox 3697 3020 3877 3096; x_wconf 61' lang='lat' dir='ltr'><strong>apostolis</strong></span> 
     </span>
    </p>
   </div>
   <div class='ocr_carea' id='block_1_60' title="bbox 713 3114 3876 3220">
    <p class='ocr_par' dir='ltr' id='par_1_60' title="bbox 713 3114 3876 3220">
     <span class='ocr_line' id='line_1_61' title="bbox 713 3114 3876 3220; baseline -0.008 -17"><span class='ocrx_word' id='word_1_466' title='bbox 713 3151 803 3220; x_wconf 88' lang='lat' dir='ltr'><strong>qui</strong></span> <span class='ocrx_word' id='word_1_467' title='bbox 833 3158 959 3204; x_wconf 89' lang='lat' dir='ltr'><strong>sunt</strong></span> <span class='ocrx_word' id='word_1_468' title='bbox 984 3160 1137 3204; x_wconf 79' lang='lat' dir='ltr'><strong>extra</strong></span> <span class='ocrx_word' id='word_1_469' title='bbox 1161 3164 1278 3211; x_wconf 88' lang='lat' dir='ltr'><strong>nos,</strong></span> <span class='ocrx_word' id='word_1_470' title='bbox 1309 3156 1487 3201; x_wconf 87' lang='lat' dir='ltr'><strong>tamen</strong></span> <span class='ocrx_word' id='word_1_471' title='bbox 1529 3146 1597 3200; x_wconf 89' lang='lat' dir='ltr'><strong>ad</strong></span> <span class='ocrx_word' id='word_1_472' title='bbox 1642 3161 1739 3200; x_wconf 89' lang='lat' dir='ltr'><strong>nos</strong></span> <span class='ocrx_word' id='word_1_473' title='bbox 1765 3145 2098 3214; x_wconf 83' lang='lat' dir='ltr'><strong>pertinentes</strong></span> <span class='ocrx_word' id='word_1_474' title='bbox 2125 3143 2197 3196; x_wconf 88' lang='lat' dir='ltr'><strong>ita</strong></span> <span class='ocrx_word' id='word_1_475' title='bbox 2228 3152 2284 3196; x_wconf 91' lang='lat' dir='ltr'><strong>ut</strong></span> <span class='ocrx_word' id='word_1_476' title='bbox 2311 3114 2359 3180; x_wconf 65' lang='grc' dir='ltr'><strong>θ</strong></span> <span class='ocrx_word' id='word_1_477' title='bbox 2391 3146 2628 3207; x_wconf 78' lang='lat' dir='ltr'><strong>mandat,</strong></span> <span class='ocrx_word' id='word_1_478' title='bbox 2654 3158 2719 3197; x_wconf 87' lang='lat' dir='ltr'><strong>ne</strong></span> <span class='ocrx_word' id='word_1_479' title='bbox 2764 3114 2895 3195; x_wconf 71' lang='lat' dir='ltr'><strong>tales</strong></span> <span class='ocrx_word' id='word_1_480' title='bbox 2922 3146 3284 3194; x_wconf 84' lang='lat' dir='ltr'><strong>contemnere</strong></span> <span class='ocrx_word' id='word_1_481' title='bbox 3330 3131 3658 3203; x_wconf 68' lang='lat' dir='ltr'><strong>praesumant,</strong></span> <span class='ocrx_word' id='word_1_482' title='bbox 3684 3130 3779 3176; x_wconf 71' lang='lat' dir='ltr'><strong>cum</strong></span> <span class='ocrx_word' id='word_1_483' title='bbox 3811 3123 3876 3163; x_wconf 67' lang='grc' dir='ltr'><strong>ηαδ</strong></span> 
     </span>
    </p>
   </div>
   <div class='ocr_carea' id='block_1_61' title="bbox 717 3236 2288 3309">
    <p class='ocr_par' dir='ltr' id='par_1_61' title="bbox 717 3236 2288 3309">
     <span class='ocr_line' id='line_1_62' title="bbox 717 3236 2288 3309; baseline -0.006 -13"><span class='ocrx_word' id='word_1_484' title='bbox 717 3257 909 3297; x_wconf 83' lang='lat' dir='ltr'><strong>manus</strong></span> <span class='ocrx_word' id='word_1_485' title='bbox 935 3241 1017 3294; x_wconf 88' lang='lat' dir='ltr'><strong>vel</strong></span> <span class='ocrx_word' id='word_1_486' title='bbox 1046 3241 1229 3309; x_wconf 85' lang='lat' dir='ltr'><strong>pedes,</strong></span> <span class='ocrx_word' id='word_1_487' title='bbox 1257 3254 1348 3293; x_wconf 88' lang='lat' dir='ltr'><strong>seu</strong></span> <span class='ocrx_word' id='word_1_488' title='bbox 1388 3238 1528 3292; x_wconf 91' lang='lat' dir='ltr'><strong>oculi</strong></span> <span class='ocrx_word' id='word_1_489' title='bbox 1568 3247 1712 3292; x_wconf 87' lang='lat' dir='ltr'><strong>recte</strong></span> <span class='ocrx_word' id='word_1_490' title='bbox 1741 3237 1843 3291; x_wconf 88' lang='lat' dir='ltr'><strong>dici</strong></span> <span class='ocrx_word' id='word_1_491' title='bbox 1886 3236 2109 3305; x_wconf 87' lang='lat' dir='ltr'><strong>possint.</strong></span> <span class='ocrx_word' id='word_1_492' title='bbox 2141 3244 2288 3289; x_wconf 80' lang='lat' dir='ltr'><strong>tanta</strong></span> 
     </span>
    </p>
   </div>
   <div class='ocr_carea' id='block_1_62' title="bbox 714 3328 2288 3401">
    <p class='ocr_par' dir='ltr' id='par_1_62' title="bbox 714 3328 2288 3401">
     <span class='ocr_line' id='line_1_63' title="bbox 714 3328 2288 3401; baseline -0.003 -14"><span class='ocrx_word' id='word_1_493' title='bbox 714 3332 997 3387; x_wconf 88' lang='lat' dir='ltr'><strong>charitatis</strong></span> <span class='ocrx_word' id='word_1_494' title='bbox 1022 3333 1193 3401; x_wconf 80' lang='lat' dir='ltr'><strong>gratia</strong></span> <span class='ocrx_word' id='word_1_495' title='bbox 1225 3341 1280 3386; x_wconf 91' lang='lat' dir='ltr'><strong>et</strong></span> <span class='ocrx_word' id='word_1_496' title='bbox 1307 3329 1610 3385; x_wconf 79' lang='lat' dir='ltr'><strong>dilectionis</strong></span> <span class='ocrx_word' id='word_1_497' title='bbox 1649 3331 1805 3384; x_wconf 90' lang='lat' dir='ltr'><strong>nobis</strong></span> <span class='ocrx_word' id='word_1_498' title='bbox 1836 3329 2126 3383; x_wconf 88' lang='lat' dir='ltr'><strong>convincti.</strong></span> <span class='ocrx_word' id='word_1_499' title='bbox 2155 3328 2288 3383; x_wconf 83' lang='lat' dir='ltr'><strong>Pro-</strong></span> 
     </span>
    </p>
   </div>
   <div class='ocr_carea' id='block_1_63' title="bbox 714 3419 2289 3494">
    <p class='ocr_par' dir='ltr' id='par_1_63' title="bbox 714 3419 2289 3494">
     <span class='ocr_line' id='line_1_64' title="bbox 714 3419 2289 3494; baseline -0.005 -15"><span class='ocrx_word' id='word_1_500' title='bbox 714 3433 901 3494; x_wconf 87' lang='lat' dir='ltr'><strong>pterea</strong></span> <span class='ocrx_word' id='word_1_501' title='bbox 945 3423 1072 3491; x_wconf 87' lang='lat' dir='ltr'><strong>quia</strong></span> <span class='ocrx_word' id='word_1_502' title='bbox 1123 3423 1190 3477; x_wconf 85' lang='lat' dir='ltr'><strong>ab</strong></span> <span class='ocrx_word' id='word_1_503' title='bbox 1232 3421 1317 3476; x_wconf 91' lang='lat' dir='ltr'><strong>his</strong></span> <span class='ocrx_word' id='word_1_504' title='bbox 1365 3421 1518 3475; x_wconf 88' lang='lat' dir='ltr'><strong>nobis</strong></span> <span class='ocrx_word' id='word_1_505' title='bbox 1547 3419 1797 3474; x_wconf 83' lang='lat' dir='ltr'><strong>scamlala</strong></span> <span class='ocrx_word' id='word_1_506' title='bbox 1830 3424 2014 3475; x_wconf 85' lang='lat' dir='ltr'><strong>venire</strong></span> <span class='ocrx_word' id='word_1_507' title='bbox 2043 3427 2289 3488; x_wconf 83' lang='lat' dir='ltr'><strong>possunt,</strong></span> 
     </span>
    </p>
   </div>
   <div class='ocr_carea' id='block_1_64' title="bbox 705 3511 2291 3584">
    <p class='ocr_par' dir='ltr' id='par_1_64' title="bbox 705 3511 2291 3584">
     <span class='ocr_line' id='line_1_65' title="bbox 705 3511 2291 3584; baseline -0.004 -15"><span class='ocrx_word' id='word_1_508' title='bbox 705 3513 859 3582; x_wconf 86' lang='lat' dir='ltr'><strong>jubet</strong></span> <span class='ocrx_word' id='word_1_509' title='bbox 888 3514 931 3568; x_wconf 87' lang='lat' dir='ltr'><strong>si</strong></span> <span class='ocrx_word' id='word_1_510' title='bbox 960 3514 1154 3584; x_wconf 80' lang='lat' dir='ltr'><strong>aliquis</strong></span> <span class='ocrx_word' id='word_1_511' title='bbox 1179 3529 1391 3577; x_wconf 87' lang='lat' dir='ltr'><strong>eorum,</strong></span> <span class='ocrx_word' id='word_1_512' title='bbox 1420 3512 1512 3581; x_wconf 91' lang='lat' dir='ltr'><strong>qui</strong></span> <span class='ocrx_word' id='word_1_513' title='bbox 1561 3512 1681 3566; x_wconf 84' lang='lat' dir='ltr'><strong>talis</strong></span> <span class='ocrx_word' id='word_1_514' title='bbox 1718 3526 1839 3566; x_wconf 86' lang='lat' dir='ltr'><strong>esse</strong></span> <span class='ocrx_word' id='word_1_515' title='bbox 1869 3511 2101 3575; x_wconf 90' lang='lat' dir='ltr'><strong>videtur,</strong></span> <span class='ocrx_word' id='word_1_516' title='bbox 2131 3526 2291 3565; x_wconf 88' lang='lat' dir='ltr'><strong>sean-</strong></span> 
     </span>
    </p>
   </div>
   <div class='ocr_carea' id='block_1_65' title="bbox 713 3603 2291 3669">
    <p class='ocr_par' dir='ltr' id='par_1_65' title="bbox 713 3603 2291 3669">
     <span class='ocr_line' id='line_1_66' title="bbox 713 3603 2291 3669; baseline -0.004 -8"><span class='ocrx_word' id='word_1_517' title='bbox 713 3608 1029 3664; x_wconf 78' lang='lat' dir='ltr'><strong>dalizaverit</strong></span> <span class='ocrx_word' id='word_1_518' title='bbox 1056 3623 1173 3669; x_wconf 89' lang='lat' dir='ltr'><strong>nos,</strong></span> <span class='ocrx_word' id='word_1_519' title='bbox 1207 3606 1438 3662; x_wconf 70' lang='lat' dir='ltr'><strong>etavia</strong></span> <span class='ocrx_word' id='word_1_520' title='bbox 1473 3606 1675 3659; x_wconf 85' lang='lat' dir='ltr'><strong>Christi</strong></span> <span class='ocrx_word' id='word_1_521' title='bbox 1729 3605 2037 3665; x_wconf 75' lang='lat' dir='ltr'><strong>retraxerit,</strong></span> <span class='ocrx_word' id='word_1_522' title='bbox 2071 3603 2291 3656; x_wconf 84' lang='lat' dir='ltr'><strong>abscin-</strong></span> 
     </span>
    </p>
   </div>
   <div class='ocr_carea' id='block_1_66' title="bbox 713 3695 2290 3770">
    <p class='ocr_par' dir='ltr' id='par_1_66' title="bbox 713 3695 2290 3770">
     <span class='ocr_line' id='line_1_67' title="bbox 713 3695 2290 3770; baseline -0.006 -13"><span class='ocrx_word' id='word_1_523' title='bbox 713 3702 839 3757; x_wconf 85' lang='lat' dir='ltr'><strong>dere</strong></span> <span class='ocrx_word' id='word_1_524' title='bbox 869 3717 991 3757; x_wconf 84' lang='lat' dir='ltr'><strong>cum</strong></span> <span class='ocrx_word' id='word_1_525' title='bbox 1013 3709 1070 3755; x_wconf 87' lang='lat' dir='ltr'><strong>ct</strong></span> <span class='ocrx_word' id='word_1_526' title='bbox 1105 3700 1366 3770; x_wconf 85' lang='lat' dir='ltr'><strong>projicere</strong></span> <span class='ocrx_word' id='word_1_527' title='bbox 1395 3715 1426 3752; x_wconf 85' lang='lat' dir='ltr'><strong>a</strong></span> <span class='ocrx_word' id='word_1_528' title='bbox 1472 3700 1656 3761; x_wconf 86' lang='lat' dir='ltr'><strong>nobis;</strong></span> <span class='ocrx_word' id='word_1_529' title='bbox 1694 3697 1951 3766; x_wconf 87' lang='lat' dir='ltr'><strong>quoniam</strong></span> <span class='ocrx_word' id='word_1_530' title='bbox 1986 3695 2178 3749; x_wconf 85' lang='lat' dir='ltr'><strong>melius</strong></span> <span class='ocrx_word' id='word_1_531' title='bbox 2206 3702 2290 3747; x_wconf 90' lang='lat' dir='ltr'><strong>est</strong></span> 
     </span>
    </p>
   </div>
   <div class='ocr_carea' id='block_1_67' title="bbox 715 3787 2295 3865">
    <p class='ocr_par' dir='ltr' id='par_1_67' title="bbox 715 3787 2295 3865">
     <span class='ocr_line' id='line_1_68' title="bbox 715 3787 2295 3865; baseline -0.006 -17"><span class='ocrx_word' id='word_1_532' title='bbox 715 3794 876 3863; x_wconf 87' lang='lat' dir='ltr'><strong>capiti</strong></span> <span class='ocrx_word' id='word_1_533' title='bbox 906 3794 1170 3865; x_wconf 71' lang='lat' dir='ltr'><strong>inhaerere</strong></span> <span class='ocrx_word' id='word_1_534' title='bbox 1199 3792 1435 3853; x_wconf 84' lang='lat' dir='ltr'><strong>Christo,</strong></span> <span class='ocrx_word' id='word_1_535' title='bbox 1460 3806 1620 3861; x_wconf 80' lang='lat' dir='ltr'><strong>quam</strong></span> <span class='ocrx_word' id='word_1_536' title='bbox 1652 3807 1773 3843; x_wconf 87' lang='lat' dir='ltr'><strong>cum</strong></span> <span class='ocrx_word' id='word_1_537' title='bbox 1802 3790 1885 3843; x_wconf 90' lang='lat' dir='ltr'><strong>his</strong></span> <span class='ocrx_word' id='word_1_538' title='bbox 1921 3787 2149 3857; x_wconf 89' lang='lat' dir='ltr'><strong>putridis</strong></span> <span class='ocrx_word' id='word_1_539' title='bbox 2176 3800 2295 3854; x_wconf 90' lang='lat' dir='ltr'><strong>per-</strong></span> 
     </span>
    </p>
   </div>
   <div class='ocr_carea' id='block_1_68' title="bbox 715 3876 2296 3939">
    <p class='ocr_par' dir='ltr' id='par_1_68' title="bbox 715 3876 2296 3939">
     <span class='ocr_line' id='line_1_69' title="bbox 715 3876 2296 3939; baseline -0.006 0"><span class='ocrx_word' id='word_1_540' title='bbox 715 3883 796 3939; x_wconf 89' lang='lat' dir='ltr'><strong>ire</strong></span> <span class='ocrx_word' id='word_1_541' title='bbox 823 3884 1095 3937; x_wconf 83' lang='lat' dir='ltr'><strong>membris.</strong></span> <span class='ocrx_word' id='word_1_542' title='bbox 1129 3882 1278 3938; x_wconf 88' lang='lat' dir='ltr'><strong>Unde</strong></span> <span class='ocrx_word' id='word_1_543' title='bbox 1307 3893 1359 3935; x_wconf 89' lang='lat' dir='ltr'><strong>et</strong></span> <span class='ocrx_word' id='word_1_544' title='bbox 1403 3882 1637 3935; x_wconf 76' lang='lat' dir='ltr'><strong>Ecclesia</strong></span> <span class='ocrx_word' id='word_1_545' title='bbox 1662 3880 1943 3934; x_wconf 81' lang='lat' dir='ltr'><strong>consuevit</strong></span> <span class='ocrx_word' id='word_1_546' title='bbox 1969 3876 2296 3931; x_wconf 82' lang='lat' dir='ltr'><strong>auctoritate</strong></span> 
     </span>
    </p>
   </div>
   <div class='ocr_carea' id='block_1_69' title="bbox 716 3968 2294 4041">
    <p class='ocr_par' dir='ltr' id='par_1_69' title="bbox 716 3968 2294 4041">
     <span class='ocr_line' id='line_1_70' title="bbox 716 3968 2294 4041; baseline -0.006 -12"><span class='ocrx_word' id='word_1_547' title='bbox 716 3973 898 4030; x_wconf 87' lang='lat' dir='ltr'><strong>divina</strong></span> <span class='ocrx_word' id='word_1_548' title='bbox 931 3974 1059 4028; x_wconf 82' lang='lat' dir='ltr'><strong>talia</strong></span> <span class='ocrx_word' id='word_1_549' title='bbox 1089 3988 1118 4026; x_wconf 83' lang='lat' dir='ltr'><strong>a</strong></span> <span class='ocrx_word' id='word_1_550' title='bbox 1141 3989 1198 4028; x_wconf 84' lang='lat' dir='ltr'><strong>se</strong></span> <span class='ocrx_word' id='word_1_551' title='bbox 1226 3975 1466 4027; x_wconf 87' lang='lat' dir='ltr'><strong>membra</strong></span> <span class='ocrx_word' id='word_1_552' title='bbox 1495 3973 1784 4041; x_wconf 71' lang='lat' dir='ltr'><strong>praecidere</strong></span> <span class='ocrx_word' id='word_1_553' title='bbox 1820 3983 2077 4023; x_wconf 87' lang='lat' dir='ltr'><strong>mucrone</strong></span> <span class='ocrx_word' id='word_1_554' title='bbox 2119 3968 2294 4032; x_wconf 86' lang='lat' dir='ltr'><strong>verbi,</strong></span> 
     </span>
    </p>
   </div>
   <div class='ocr_carea' id='block_1_70' title="bbox 718 4063 2295 4134">
    <p class='ocr_par' dir='ltr' id='par_1_70' title="bbox 718 4063 2295 4134">
     <span class='ocr_line' id='line_1_71' title="bbox 718 4063 2295 4134; baseline -0.004 -14"><span class='ocrx_word' id='word_1_555' title='bbox 718 4073 774 4120; x_wconf 87' lang='lat' dir='ltr'><strong>et</strong></span> <span class='ocrx_word' id='word_1_556' title='bbox 822 4064 1086 4134; x_wconf 70' lang='lat' dir='ltr'><strong>projicere</strong></span> <span class='ocrx_word' id='word_1_557' title='bbox 1125 4063 1286 4125; x_wconf 79' lang='lat' dir='ltr'><strong>foras,</strong></span> <span class='ocrx_word' id='word_1_558' title='bbox 1344 4063 1426 4116; x_wconf 80' lang='lat' dir='ltr'><strong>Ne</strong></span> <span class='ocrx_word' id='word_1_559' title='bbox 1471 4063 1728 4116; x_wconf 81' lang='lat' dir='ltr'><strong>modicam</strong></span> <span class='ocrx_word' id='word_1_560' title='bbox 1752 4063 2061 4131; x_wconf 79' lang='lat' dir='ltr'><strong>fermentum</strong></span> <span class='ocrx_word' id='word_1_561' title='bbox 2089 4076 2295 4113; x_wconf 81' lang='lat' dir='ltr'><strong>onmem</strong></span> 
     </span>
    </p>
   </div>
   <div class='ocr_carea' id='block_1_71' title="bbox 718 4142 2298 4223">
    <p class='ocr_par' dir='ltr' id='par_1_71' title="bbox 718 4142 2298 4223">
     <span class='ocr_line' id='line_1_72' title="bbox 718 4142 2298 4223; baseline -0.001 -15"><span class='ocrx_word' id='word_1_562' title='bbox 718 4171 946 4210; x_wconf 82' lang='lat' dir='ltr'><strong>massam</strong></span> <span class='ocrx_word' id='word_1_563' title='bbox 992 4165 1291 4223; x_wconf 76' lang='lat' dir='ltr'><strong>corrumpat</strong></span> <span class='ocrx_word' id='word_1_564' title='bbox 1322 4157 1369 4223; x_wconf 85' lang='grc' dir='ltr'><strong>(Ι</strong></span> <span class='ocrx_word' id='word_1_565' title='bbox 1402 4152 1525 4207; x_wconf 84' lang='lat' dir='ltr'><strong>Cor.</strong></span> <span class='ocrx_word' id='word_1_566' title='bbox 1572 4169 1626 4217; x_wconf 92' lang='lat' dir='ltr'><strong>v,</strong></span> <span class='ocrx_word' id='word_1_567' title='bbox 1676 4154 1747 4218; x_wconf 87' lang='lat'><strong>6;</strong></span> <span class='ocrx_word' id='word_1_568' title='bbox 1799 4142 1918 4207; x_wconf 76' lang='lat' dir='ltr'><strong>Cal.</strong></span> <span class='ocrx_word' id='word_1_569' title='bbox 1951 4170 2001 4213; x_wconf 89' lang='lat' dir='ltr'><strong>v,</strong></span> <span class='ocrx_word' id='word_1_570' title='bbox 2048 4153 2123 4221; x_wconf 88' lang='lat'><strong>9).</strong></span> <span class='ocrx_word' id='word_1_571' title='bbox 2157 4153 2298 4206; x_wconf 76' lang='lat' dir='ltr'><strong>Ecce</strong></span> 
     </span>
    </p>
   </div>
   <div class='ocr_carea' id='block_1_72' title="bbox 717 4241 2298 4317">
    <p class='ocr_par' dir='ltr' id='par_1_72' title="bbox 717 4241 2298 4317">
     <span class='ocr_line' id='line_1_73' title="bbox 717 4241 2298 4317; baseline -0.004 -16"><span class='ocrx_word' id='word_1_572' title='bbox 717 4248 840 4317; x_wconf 91' lang='lat' dir='ltr'><strong>pius</strong></span> <span class='ocrx_word' id='word_1_573' title='bbox 868 4247 1121 4317; x_wconf 77' lang='lat' dir='ltr'><strong>Magister</strong></span> <span class='ocrx_word' id='word_1_574' title='bbox 1145 4255 1199 4299; x_wconf 88' lang='lat' dir='ltr'><strong>et</strong></span> <span class='ocrx_word' id='word_1_575' title='bbox 1242 4243 1665 4314; x_wconf 77' lang='lat' dir='ltr'><strong>benignissimus</strong></span> <span class='ocrx_word' id='word_1_576' title='bbox 1696 4244 1936 4297; x_wconf 89' lang='lat' dir='ltr'><strong>medicus</strong></span> <span class='ocrx_word' id='word_1_577' title='bbox 1968 4241 2298 4306; x_wconf 87' lang='lat' dir='ltr'><strong>animarum,</strong></span> 
     </span>
    </p>
   </div>
   <div class='ocr_carea' id='block_1_73' title="bbox 718 4331 2299 4407">
    <p class='ocr_par' dir='ltr' id='par_1_73' title="bbox 718 4331 2299 4407">
     <span class='ocr_line' id='line_1_74' title="bbox 718 4331 2299 4407; baseline -0.008 -12"><span class='ocrx_word' id='word_1_578' title='bbox 718 4352 879 4406; x_wconf 76' lang='lat' dir='ltr'><strong>quam</strong></span> <span class='ocrx_word' id='word_1_579' title='bbox 907 4337 1126 4407; x_wconf 80' lang='lat' dir='ltr'><strong>provide</strong></span> <span class='ocrx_word' id='word_1_580' title='bbox 1150 4350 1280 4391; x_wconf 82' lang='lat' dir='ltr'><strong>suos</strong></span> <span class='ocrx_word' id='word_1_581' title='bbox 1314 4334 1557 4397; x_wconf 83' lang='lat' dir='ltr'><strong>instruit,</strong></span> <span class='ocrx_word' id='word_1_582' title='bbox 1600 4349 1668 4387; x_wconf 87' lang='lat' dir='ltr'><strong>no</strong></span> <span class='ocrx_word' id='word_1_583' title='bbox 1693 4333 1745 4387; x_wconf 88' lang='lat' dir='ltr'><strong>in</strong></span> <span class='ocrx_word' id='word_1_584' title='bbox 1778 4332 1885 4386; x_wconf 91' lang='lat' dir='ltr'><strong>ullo</strong></span> <span class='ocrx_word' id='word_1_585' title='bbox 1926 4331 2299 4386; x_wconf 83' lang='lat' dir='ltr'><strong>scandalizen-</strong></span> 
     </span>
    </p>
   </div>
   <div class='ocr_carea' id='block_1_74' title="bbox 2391 3213 3880 3303">
    <p class='ocr_par' dir='ltr' id='par_1_74' title="bbox 2391 3213 3880 3303">
     <span class='ocr_line' id='line_1_75' title="bbox 2391 3213 3880 3303; baseline -0.023 -6"><span class='ocrx_word' id='word_1_586' title='bbox 2391 3243 2459 3298; x_wconf 91' lang='lat' dir='ltr'><strong>sit</strong></span> <span class='ocrx_word' id='word_1_587' title='bbox 2498 3242 2549 3294; x_wconf 91' lang='lat' dir='ltr'><strong>in</strong></span> <span class='ocrx_word' id='word_1_588' title='bbox 2581 3235 2786 3292; x_wconf 80' lang='lat' dir='ltr'><strong>eisdem</strong></span> <span class='ocrx_word' id='word_1_589' title='bbox 2832 3229 3072 3303; x_wconf 80' lang='lat' dir='ltr'><strong>parvulis</strong></span> <span class='ocrx_word' id='word_1_590' title='bbox 3113 3226 3257 3298; x_wconf 87' lang='lat' dir='ltr'><strong>quid</strong></span> <span class='ocrx_word' id='word_1_591' title='bbox 3297 3225 3492 3296; x_wconf 81' lang='lat' dir='ltr'><strong>jubere</strong></span> <span class='ocrx_word' id='word_1_592' title='bbox 3526 3213 3880 3303; x_wconf 56' lang='lat' dir='ltr'><strong>detinebitth</strong></span> 
     </span>
    </p>
   </div>
   <div class='ocr_carea' id='block_1_75' title="bbox 2392 3298 3880 3402">
    <p class='ocr_par' dir='ltr' id='par_1_75' title="bbox 2392 3298 3880 3402">
     <span class='ocr_line' id='line_1_76' title="bbox 2392 3298 3880 3402; baseline -0.019 -16"><span class='ocrx_word' id='word_1_593' title='bbox 2392 3329 2618 3402; x_wconf 87' lang='lat' dir='ltr'><strong>apostoli</strong></span> <span class='ocrx_word' id='word_1_594' title='bbox 2645 3327 2773 3397; x_wconf 85' lang='lat' dir='ltr'><strong>quid</strong></span> <span class='ocrx_word' id='word_1_595' title='bbox 2800 3298 3185 3379; x_wconf 74' lang='lat' dir='ltr'><strong>contemnere?</strong></span> <span class='ocrx_word' id='word_1_596' title='bbox 3213 3316 3338 3373; x_wconf 60' lang='lat' dir='ltr'><strong>Nisi</strong></span> <span class='ocrx_word' id='word_1_597' title='bbox 3363 3315 3499 3369; x_wconf 79' lang='lat' dir='ltr'><strong>forte</strong></span> <span class='ocrx_word' id='word_1_598' title='bbox 3516 3312 3611 3366; x_wconf 92' lang='lat' dir='ltr'><strong>hoc</strong></span> <span class='ocrx_word' id='word_1_599' title='bbox 3624 3304 3722 3402; x_wconf 77' lang='lat' dir='ltr'><strong>velit</strong></span> <span class='ocrx_word' id='word_1_600' title='bbox 3736 3298 3880 3402; x_wconf 42' lang='lat' dir='ltr'><strong>dicet}</strong></span> 
     </span>
    </p>
   </div>
   <div class='ocr_carea' id='block_1_76' title="bbox 2391 3384 3882 3480">
    <p class='ocr_par' dir='ltr' id='par_1_76' title="bbox 2391 3384 3882 3480">
     <span class='ocr_line' id='line_1_77' title="bbox 2391 3384 3882 3480; baseline -0.027 0"><span class='ocrx_word' id='word_1_601' title='bbox 2391 3384 2458 3480; x_wconf 65' lang='lat' dir='ltr'><strong>ne</strong></span> <span class='ocrx_word' id='word_1_602' title='bbox 2485 3426 2838 3477; x_wconf 85' lang='lat' dir='ltr'><strong>contemnant</strong></span> <span class='ocrx_word' id='word_1_603' title='bbox 2860 3428 3048 3469; x_wconf 90' lang='lat' dir='ltr'><strong>eorum</strong></span> <span class='ocrx_word' id='word_1_604' title='bbox 3073 3409 3477 3465; x_wconf 84' lang='lat' dir='ltr'><strong>innocentiam.</strong></span> <span class='ocrx_word' id='word_1_605' title='bbox 3502 3401 3601 3459; x_wconf 85' lang='lat' dir='ltr'><strong>Sed</strong></span> <span class='ocrx_word' id='word_1_606' title='bbox 3615 3394 3766 3457; x_wconf 83' lang='lat' dir='ltr'><strong>melius</strong></span> <span class='ocrx_word' id='word_1_607' title='bbox 3788 3384 3882 3440; x_wconf 79' lang='lat' dir='ltr'><strong>arbi-</strong></span> 
     </span>
    </p>
   </div>
   <div class='ocr_carea' id='block_1_77' title="bbox 2392 3479 3882 3584">
    <p class='ocr_par' dir='ltr' id='par_1_77' title="bbox 2392 3479 3882 3584">
     <span class='ocr_line' id='line_1_78' title="bbox 2392 3479 3882 3584; baseline -0.02 -14"><span class='ocrx_word' id='word_1_608' title='bbox 2392 3527 2507 3571; x_wconf 89' lang='lat' dir='ltr'><strong>tror</strong></span> <span class='ocrx_word' id='word_1_609' title='bbox 2530 3510 2782 3584; x_wconf 76' lang='lat' dir='ltr'><strong>generale</strong></span> <span class='ocrx_word' id='word_1_610' title='bbox 2806 3510 2907 3561; x_wconf 91' lang='lat' dir='ltr'><strong>hoc</strong></span> <span class='ocrx_word' id='word_1_611' title='bbox 2933 3512 3279 3576; x_wconf 69' lang='lat' dir='ltr'><strong>praeceptum</strong></span> <span class='ocrx_word' id='word_1_612' title='bbox 3296 3514 3439 3561; x_wconf 84' lang='lat' dir='ltr'><strong>esse,</strong></span> <span class='ocrx_word' id='word_1_613' title='bbox 3457 3505 3514 3551; x_wconf 89' lang='lat' dir='ltr'><strong>ut</strong></span> <span class='ocrx_word' id='word_1_614' title='bbox 3533 3503 3695 3549; x_wconf 88' lang='lat' dir='ltr'><strong>omnes</strong></span> <span class='ocrx_word' id='word_1_615' title='bbox 3709 3479 3882 3584; x_wconf 57' lang='lat' dir='ltr'><strong>obediam</strong></span> 
     </span>
    </p>
   </div>
   <div class='ocr_carea' id='block_1_78' title="bbox 2393 3576 3883 3677">
    <p class='ocr_par' dir='ltr' id='par_1_78' title="bbox 2393 3576 3883 3677">
     <span class='ocr_line' id='line_1_79' title="bbox 2393 3576 3883 3677; baseline -0.026 -14"><span class='ocrx_word' id='word_1_616' title='bbox 2393 3576 2673 3677; x_wconf 60' lang='lat' dir='ltr'><strong>aposhdis,</strong></span> <span class='ocrx_word' id='word_1_617' title='bbox 2718 3598 3140 3670; x_wconf 84' lang='lat' dir='ltr'><strong>apostolicisque</strong></span> <span class='ocrx_word' id='word_1_618' title='bbox 3180 3594 3364 3665; x_wconf 74' lang='lat'><strong>738</strong></span> <span class='ocrx_word' id='word_1_619' title='bbox 3399 3591 3547 3651; x_wconf 85' lang='lat' dir='ltr'><strong>viris.</strong></span> <span class='ocrx_word' id='word_1_620' title='bbox 3571 3576 3883 3677; x_wconf 37' lang='lat' dir='ltr'><strong>quos-adiuua-</strong></span> 
     </span>
    </p>
   </div>
   <div class='ocr_carea' id='block_1_79' title="bbox 2392 3669 3882 3765">
    <p class='ocr_par' dir='ltr' id='par_1_79' title="bbox 2392 3669 3882 3765">
     <span class='ocr_line' id='line_1_80' title="bbox 2392 3669 3882 3765; baseline -0.028 -10"><span class='ocrx_word' id='word_1_621' title='bbox 2392 3669 2624 3755; x_wconf 77' lang='lat' dir='ltr'><strong>centiam</strong></span> <span class='ocrx_word' id='word_1_622' title='bbox 2657 3699 2977 3765; x_wconf 80' lang='lat' dir='ltr'><strong>provocarat</strong></span> <span class='ocrx_word' id='word_1_623' title='bbox 2999 3699 3330 3757; x_wconf 75' lang='lat' dir='ltr'><strong>puerorum,</strong></span> <span class='ocrx_word' id='word_1_624' title='bbox 3354 3690 3411 3737; x_wconf 90' lang='lat' dir='ltr'><strong>et</strong></span> <span class='ocrx_word' id='word_1_625' title='bbox 3430 3674 3664 3735; x_wconf 82' lang='lat' dir='ltr'><strong>transivit</strong></span> <span class='ocrx_word' id='word_1_626' title='bbox 3682 3670 3734 3721; x_wconf 83' lang='lat' dir='ltr'><strong>de</strong></span> <span class='ocrx_word' id='word_1_627' title='bbox 3751 3669 3882 3765; x_wconf 58' lang='lat' dir='ltr'><strong>meae.</strong></span> 
     </span>
    </p>
   </div>
   <div class='ocr_carea' id='block_1_80' title="bbox 2395 3756 3886 3858">
    <p class='ocr_par' dir='ltr' id='par_1_80' title="bbox 2395 3756 3886 3858">
     <span class='ocr_line' id='line_1_81' title="bbox 2395 3756 3886 3858; baseline -0.02 -10"><span class='ocrx_word' id='word_1_628' title='bbox 2395 3794 2534 3848; x_wconf 86' lang='lat' dir='ltr'><strong>sicut</strong></span> <span class='ocrx_word' id='word_1_629' title='bbox 2564 3756 2726 3858; x_wconf 70' lang='lat' dir='ltr'><strong>quam</strong></span> <span class='ocrx_word' id='word_1_630' title='bbox 2759 3798 2903 3853; x_wconf 69' lang='lat' dir='ltr'><strong>smpe</strong></span> <span class='ocrx_word' id='word_1_631' title='bbox 2933 3779 3214 3836; x_wconf 87' lang='lat' dir='ltr'><strong>consuevit</strong></span> <span class='ocrx_word' id='word_1_632' title='bbox 3261 3776 3542 3847; x_wconf 83' lang='lat' dir='ltr'><strong>Scriptura</strong></span> <span class='ocrx_word' id='word_1_633' title='bbox 3568 3766 3739 3823; x_wconf 80' lang='lat' dir='ltr'><strong>divina.</strong></span> <span class='ocrx_word' id='word_1_634' title='bbox 3757 3756 3803 3856; x_wconf 60' lang='lat' dir='ltr'><strong>Ill</strong></span> <span class='ocrx_word' id='word_1_635' title='bbox 3825 3762 3886 3858; x_wconf 46' lang='grc' dir='ltr'><strong>δεῖ</strong></span> 
     </span>
    </p>
   </div>
   <div class='ocr_carea' id='block_1_81' title="bbox 2396 3852 3888 3946">
    <p class='ocr_par' dir='ltr' id='par_1_81' title="bbox 2396 3852 3888 3946">
     <span class='ocr_line' id='line_1_82' title="bbox 2396 3852 3888 3946; baseline -0.027 -5"><span class='ocrx_word' id='word_1_636' title='bbox 2396 3900 2518 3945; x_wconf 89' lang='lat' dir='ltr'><strong>nus,</strong></span> <span class='ocrx_word' id='word_1_637' title='bbox 2550 3852 2616 3937; x_wconf 77' lang='lat' dir='ltr'><strong>de</strong></span> <span class='ocrx_word' id='word_1_638' title='bbox 2642 3880 2812 3933; x_wconf 82' lang='lat' dir='ltr'><strong>forma</strong></span> <span class='ocrx_word' id='word_1_639' title='bbox 2842 3852 2927 3928; x_wconf 86' lang='lat' dir='ltr'><strong>ad</strong></span> <span class='ocrx_word' id='word_1_640' title='bbox 2957 3872 3219 3934; x_wconf 77' lang='lat' dir='ltr'><strong>fortnam;</strong></span> <span class='ocrx_word' id='word_1_641' title='bbox 3260 3871 3334 3924; x_wconf 85' lang='lat' dir='ltr'><strong>de</strong></span> <span class='ocrx_word' id='word_1_642' title='bbox 3376 3868 3459 3921; x_wconf 87' lang='lat' dir='ltr'><strong>bis</strong></span> <span class='ocrx_word' id='word_1_643' title='bbox 3502 3856 3714 3931; x_wconf 83' lang='lat' dir='ltr'><strong>parvulis</strong></span> <span class='ocrx_word' id='word_1_644' title='bbox 3738 3852 3803 3946; x_wconf 69' lang='lat' dir='ltr'><strong>qui</strong></span> 
     </span>
    </p>
   </div>
   <div class='ocr_carea' id='block_1_82' title="bbox 2396 3942 3883 4034">
    <p class='ocr_par' dir='ltr' id='par_1_82' title="bbox 2396 3942 3883 4034">
     <span class='ocr_line' id='line_1_83' title="bbox 2396 3942 3883 4034; baseline -0.023 -6"><span class='ocrx_word' id='word_1_645' title='bbox 2396 3942 2609 4028; x_wconf 67' lang='lat' dir='ltr'><strong>aetatem</strong></span> <span class='ocrx_word' id='word_1_646' title='bbox 2633 3971 2808 4024; x_wconf 77' lang='lat' dir='ltr'><strong>adhuc</strong></span> <span class='ocrx_word' id='word_1_647' title='bbox 2838 3963 3209 4021; x_wconf 86' lang='lat' dir='ltr'><strong>innocentiam</strong></span> <span class='ocrx_word' id='word_1_648' title='bbox 3249 3962 3511 4018; x_wconf 77' lang='lat' dir='ltr'><strong>retinent,</strong></span> <span class='ocrx_word' id='word_1_649' title='bbox 3539 3953 3603 4008; x_wconf 85' lang='lat' dir='ltr'><strong>ad</strong></span> <span class='ocrx_word' id='word_1_650' title='bbox 3645 3942 3883 4034; x_wconf 35' lang='lat' dir='ltr'><strong>cnstitit-1f!</strong></span> 
     </span>
    </p>
   </div>
   <div class='ocr_carea' id='block_1_83' title="bbox 2397 4026 3886 4136">
    <p class='ocr_par' dir='ltr' id='par_1_83' title="bbox 2397 4026 3886 4136">
     <span class='ocr_line' id='line_1_84' title="bbox 2397 4026 3886 4136; baseline -0.011 -20"><span class='ocrx_word' id='word_1_651' title='bbox 2397 4026 2470 4136; x_wconf 60' lang='grc' dir='ltr'><strong>έν.</strong></span> <span class='ocrx_word' id='word_1_652' title='bbox 2498 4065 2627 4117; x_wconf 84' lang='lat' dir='ltr'><strong>tiam</strong></span> <span class='ocrx_word' id='word_1_653' title='bbox 2680 4063 2994 4115; x_wconf 88' lang='lat' dir='ltr'><strong>innocentes</strong></span> <span class='ocrx_word' id='word_1_654' title='bbox 3042 4055 3171 4109; x_wconf 78' lang='lat' dir='ltr'><strong>facti</strong></span> <span class='ocrx_word' id='word_1_655' title='bbox 3226 4070 3293 4110; x_wconf 80' lang='lat' dir='ltr'><strong>ac</strong></span> <span class='ocrx_word' id='word_1_656' title='bbox 3341 4049 3540 4122; x_wconf 82' lang='lat' dir='ltr'><strong>pusilli,</strong></span> <span class='ocrx_word' id='word_1_657' title='bbox 3566 4047 3666 4114; x_wconf 77' lang='lat' dir='ltr'><strong>jam</strong></span> <span class='ocrx_word' id='word_1_658' title='bbox 3704 4050 3780 4107; x_wconf 77' lang='lat' dir='ltr'><strong>pro</strong></span> 
     </span>
    </p>
   </div>
   <div class='ocr_carea' id='block_1_84' title="bbox 2402 4119 3888 4218">
    <p class='ocr_par' dir='ltr' id='par_1_84' title="bbox 2402 4119 3888 4218">
     <span class='ocr_line' id='line_1_85' title="bbox 2402 4119 3888 4218; baseline -0.02 -9"><span class='ocrx_word' id='word_1_659' title='bbox 2402 4119 2671 4209; x_wconf 66' lang='lat' dir='ltr'><strong>laborant.</strong></span> <span class='ocrx_word' id='word_1_660' title='bbox 2700 4152 2847 4218; x_wconf 80' lang='lat' dir='ltr'><strong>Quos</strong></span> <span class='ocrx_word' id='word_1_661' title='bbox 2879 4149 3191 4201; x_wconf 83' lang='lat' dir='ltr'><strong>laborantes</strong></span> <span class='ocrx_word' id='word_1_662' title='bbox 3242 4151 3594 4198; x_wconf 85' lang='lat' dir='ltr'><strong>contemnere</strong></span> <span class='ocrx_word' id='word_1_663' title='bbox 3619 4143 3708 4186; x_wconf 86' lang='lat' dir='ltr'><strong>non</strong></span> <span class='ocrx_word' id='word_1_664' title='bbox 3727 4119 3888 4218; x_wconf 47' lang='lat' dir='ltr'><strong>W1</strong></span> 
     </span>
    </p>
   </div>
   <div class='ocr_carea' id='block_1_85' title="bbox 2401 4214 3891 4303">
    <p class='ocr_par' dir='ltr' id='par_1_85' title="bbox 2401 4214 3891 4303">
     <span class='ocr_line' id='line_1_86' title="bbox 2401 4214 3891 4303; baseline -0.025 -4"><span class='ocrx_word' id='word_1_665' title='bbox 2401 4261 2468 4300; x_wconf 90' lang='lat' dir='ltr'><strong>ne</strong></span> <span class='ocrx_word' id='word_1_666' title='bbox 2507 4244 2642 4298; x_wconf 89' lang='lat' dir='ltr'><strong>etin</strong></span> <span class='ocrx_word' id='word_1_667' title='bbox 2691 4214 2775 4296; x_wconf 83' lang='lat' dir='ltr'><strong>his</strong></span> <span class='ocrx_word' id='word_1_668' title='bbox 2822 4220 3070 4293; x_wconf 82' lang='lat' dir='ltr'><strong>Christus</strong></span> <span class='ocrx_word' id='word_1_669' title='bbox 3119 4242 3532 4291; x_wconf 81' lang='lat' dir='ltr'><strong>contemnatur.</strong></span> <span class='ocrx_word' id='word_1_670' title='bbox 3587 4225 3645 4279; x_wconf 82' lang='lat' dir='ltr'><strong>Et</strong></span> <span class='ocrx_word' id='word_1_671' title='bbox 3667 4231 3749 4274; x_wconf 87' lang='lat' dir='ltr'><strong>nec</strong></span> <span class='ocrx_word' id='word_1_672' title='bbox 3767 4214 3891 4303; x_wconf 47' lang='lat' dir='ltr'><strong>uno:</strong></span> 
     </span>
    </p>
   </div>
   <div class='ocr_carea' id='block_1_86' title="bbox 2404 4291 3892 4401">
    <p class='ocr_par' dir='ltr' id='par_1_86' title="bbox 2404 4291 3892 4401">
     <span class='ocr_line' id='line_1_87' title="bbox 2404 4291 3892 4401; baseline -0.016 -12"><span class='ocrx_word' id='word_1_673' title='bbox 2404 4291 2857 4401; x_wconf 39' lang='lat' dir='ltr'><strong>debemit-s,“qttia</strong></span> <span class='ocrx_word' id='word_1_674' title='bbox 2872 4291 2897 4293; x_wconf 26' lang='grc' dir='ltr'>ἡ</span> <span class='ocrx_word' id='word_1_675' title='bbox 2917 4326 3148 4398; x_wconf 88' lang='lat' dir='ltr'><strong>apostoli</strong></span> <span class='ocrx_word' id='word_1_676' title='bbox 3193 4335 3293 4380; x_wconf 87' lang='lat' dir='ltr'><strong>aut</strong></span> <span class='ocrx_word' id='word_1_677' title='bbox 3321 4319 3601 4395; x_wconf 82' lang='lat' dir='ltr'><strong>apostolici</strong></span> <span class='ocrx_word' id='word_1_678' title='bbox 3636 4311 3739 4371; x_wconf 84' lang='lat' dir='ltr'><strong>viri.</strong></span> 
     </span>
    </p>
   </div>
   <div class='ocr_carea' id='block_1_87' title="bbox 722 4392 3894 4520">
    <p class='ocr_par' dir='ltr' id='par_1_87' title="bbox 722 4392 3894 4520">
     <span class='ocr_line' id='line_1_88' title="bbox 722 4392 3894 4520; baseline -0.009 -37"><span class='ocrx_word' id='word_1_679' title='bbox 722 4439 827 4483; x_wconf 89' lang='lat' dir='ltr'><strong>tur.</strong></span> <span class='ocrx_word' id='word_1_680' title='bbox 856 4429 992 4485; x_wconf 87' lang='lat' dir='ltr'><strong>Nam</strong></span> <span class='ocrx_word' id='word_1_681' title='bbox 1021 4444 1181 4497; x_wconf 79' lang='lat' dir='ltr'><strong>supra</strong></span> <span class='ocrx_word' id='word_1_682' title='bbox 1223 4436 1284 4481; x_wconf 79' lang='lat' dir='ltr'><strong>ut</strong></span> <span class='ocrx_word' id='word_1_683' title='bbox 1309 4427 1446 4491; x_wconf 77' lang='lat' dir='ltr'><strong>dixi,</strong></span> <span class='ocrx_word' id='word_1_684' title='bbox 1475 4428 1602 4495; x_wconf 85' lang='lat' dir='ltr'><strong>quia</strong></span> <span class='ocrx_word' id='word_1_685' title='bbox 1652 4427 2022 4496; x_wconf 80' lang='lat' dir='ltr'><strong>unusquisque</strong></span> <span class='ocrx_word' id='word_1_686' title='bbox 2063 4434 2302 4479; x_wconf 87' lang='lat' dir='ltr'><strong>tentatur</strong></span> <span class='ocrx_word' id='word_1_687' title='bbox 2333 4461 2379 4520; x_wconf 73' lang='grc' dir='ltr'>υ</span> <span class='ocrx_word' id='word_1_688' title='bbox 2406 4392 2684 4488; x_wconf 66' lang='lat' dir='ltr'><strong>vocantur,</strong></span> <span class='ocrx_word' id='word_1_689' title='bbox 2704 4392 2829 4476; x_wconf 69' lang='lat' dir='ltr'><strong>cum</strong></span> <span class='ocrx_word' id='word_1_690' title='bbox 2848 4428 2905 4474; x_wconf 85' lang='lat' dir='ltr'><strong>et</strong></span> <span class='ocrx_word' id='word_1_691' title='bbox 2926 4392 3028 4487; x_wconf 82' lang='lat' dir='ltr'><strong>ipsi</strong></span> <span class='ocrx_word' id='word_1_692' title='bbox 3053 4419 3107 4472; x_wconf 91' lang='lat' dir='ltr'><strong>in</strong></span> <span class='ocrx_word' id='word_1_693' title='bbox 3127 4418 3337 4471; x_wconf 83' lang='lat' dir='ltr'><strong>virtute</strong></span> <span class='ocrx_word' id='word_1_694' title='bbox 3353 4392 3558 4469; x_wconf 80' lang='lat' dir='ltr'><strong>Christi</strong></span> <span class='ocrx_word' id='word_1_695' title='bbox 3576 4411 3667 4464; x_wconf 87' lang='lat' dir='ltr'><strong>hoc</strong></span> <span class='ocrx_word' id='word_1_696' title='bbox 3686 4392 3894 4520; x_wconf 39' lang='lat' dir='ltr'><strong>lactist:</strong></span> 
     </span>
     <span class='ocr_line' id='line_1_89' title="bbox 722 4498 3894 4520; baseline 0 0"><span class='ocrx_word' id='word_1_697' title='bbox 722 4518 731 4520; x_wconf 76' lang='lat'><strong><em>_</em></strong></span> <span class='ocrx_word' id='word_1_698' title='bbox 916 4517 923 4520; x_wconf 84' lang='lat'><strong>.</strong></span> <span class='ocrx_word' id='word_1_699' title='bbox 1106 4518 1114 4520; x_wconf 35' lang='grc' dir='ltr'><strong>μ</strong></span> <span class='ocrx_word' id='word_1_700' title='bbox 1516 4519 1519 4520; x_wconf 30' lang='grc' dir='ltr'><em>ν</em></span> <span class='ocrx_word' id='word_1_701' title='bbox 1691 4519 1695 4520; x_wconf 64' lang='lat'><strong><em>,</em></strong></span> <span class='ocrx_word' id='word_1_702' title='bbox 1851 4519 1854 4520; x_wconf 30' lang='grc' dir='ltr'><em>ν</em></span> <span class='ocrx_word' id='word_1_703' title='bbox 2219 4515 2246 4520; x_wconf 83' lang='lat'>_</span> <span class='ocrx_word' id='word_1_704' title='bbox 2863 4514 2874 4520; x_wconf 91' lang='lat'><strong>-</strong></span> <span class='ocrx_word' id='word_1_705' title='bbox 3121 4510 3131 4520; x_wconf 93' lang='lat'><strong>.</strong></span> <span class='ocrx_word' id='word_1_706' title='bbox 3362 4510 3374 4520; x_wconf 93' lang='lat'><strong>.</strong></span> <span class='ocrx_word' id='word_1_707' title='bbox 3565 4518 3572 4520; x_wconf 22' lang='grc' dir='ltr'><strong>Α</strong></span> <span class='ocrx_word' id='word_1_708' title='bbox 3612 4498 3822 4520; x_wconf 48' lang='grc' dir='ltr'><strong>--Μυκη</strong></span> <span class='ocrx_word' id='word_1_709' title='bbox 3883 4510 3894 4520; x_wconf 92' lang='grc'><em>.</em></span> 
     </span>
    </p>
   </div>
   <div class='ocr_carea' id='block_1_88' title="bbox 714 4515 2298 4589">
    <p class='ocr_par' dir='ltr' id='par_1_88' title="bbox 714 4515 2298 4589">
     <span class='ocr_line' id='line_1_90' title="bbox 714 4515 2298 4589; baseline -0.004 -14"><span class='ocrx_word' id='word_1_710' title='bbox 714 4518 868 4589; x_wconf 74' lang='lat' dir='ltr'><strong>juxta</strong></span> <span class='ocrx_word' id='word_1_711' title='bbox 898 4517 1211 4587; x_wconf 77' lang='lat' dir='ltr'><strong>Apostolqu</strong></span> <span class='ocrx_word' id='word_1_712' title='bbox 1241 4534 1271 4573; x_wconf 85' lang='lat' dir='ltr'><strong>a</strong></span> <span class='ocrx_word' id='word_1_713' title='bbox 1296 4519 1752 4587; x_wconf 83' lang='lat' dir='ltr'><strong>concupiscentiis</strong></span> <span class='ocrx_word' id='word_1_714' title='bbox 1778 4519 1913 4579; x_wconf 89' lang='lat' dir='ltr'><strong>suis,</strong></span> <span class='ocrx_word' id='word_1_715' title='bbox 1953 4531 2145 4571; x_wconf 79' lang='lat' dir='ltr'><strong>oniues</strong></span> <span class='ocrx_word' id='word_1_716' title='bbox 2168 4515 2298 4569; x_wconf 75' lang='lat' dir='ltr'><strong>atl‘e-</strong></span> 
     </span>
    </p>
   </div>
   <div class='ocr_carea' id='block_1_89' title="bbox 721 4607 2297 4677">
    <p class='ocr_par' dir='ltr' id='par_1_89' title="bbox 721 4607 2297 4677">
     <span class='ocr_line' id='line_1_91' title="bbox 721 4607 2297 4677; baseline -0.002 -15"><span class='ocrx_word' id='word_1_717' title='bbox 721 4609 927 4665; x_wconf 83' lang='lat' dir='ltr'><strong>ctioues</strong></span> <span class='ocrx_word' id='word_1_718' title='bbox 952 4609 1141 4673; x_wconf 76' lang='lat' dir='ltr'><strong>noxias</strong></span> <span class='ocrx_word' id='word_1_719' title='bbox 1161 4618 1441 4676; x_wconf 88' lang='lat' dir='ltr'><strong>amputare</strong></span> <span class='ocrx_word' id='word_1_720' title='bbox 1467 4609 1649 4677; x_wconf 83' lang='lat' dir='ltr'><strong>jubet;</strong></span> <span class='ocrx_word' id='word_1_721' title='bbox 1684 4610 1774 4662; x_wconf 87' lang='lat' dir='ltr'><strong>hic</strong></span> <span class='ocrx_word' id='word_1_722' title='bbox 1810 4618 2012 4669; x_wconf 86' lang='lat' dir='ltr'><strong>autem,</strong></span> <span class='ocrx_word' id='word_1_723' title='bbox 2045 4607 2174 4673; x_wconf 83' lang='lat' dir='ltr'><strong>quia</strong></span> <span class='ocrx_word' id='word_1_724' title='bbox 2201 4621 2297 4660; x_wconf 90' lang='lat' dir='ltr'><strong>ne-</strong></span> 
     </span>
    </p>
   </div>
   <div class='ocr_carea' id='block_1_90' title="bbox 722 4694 2299 4765">
    <p class='ocr_par' dir='ltr' id='par_1_90' title="bbox 722 4694 2299 4765">
     <span class='ocr_line' id='line_1_92' title="bbox 722 4694 2299 4765; baseline -0.001 -12"><span class='ocrx_word' id='word_1_725' title='bbox 722 4713 875 4754; x_wconf 77' lang='lat' dir='ltr'><strong>cesse</strong></span> <span class='ocrx_word' id='word_1_726' title='bbox 899 4708 956 4755; x_wconf 89' lang='lat' dir='ltr'><strong>ut</strong></span> <span class='ocrx_word' id='word_1_727' title='bbox 1003 4700 1220 4759; x_wconf 83' lang='lat' dir='ltr'><strong>veniant</strong></span> <span class='ocrx_word' id='word_1_728' title='bbox 1258 4697 1515 4753; x_wconf 77' lang='lat' dir='ltr'><strong>scandala</strong></span> <span class='ocrx_word' id='word_1_729' title='bbox 1559 4699 1627 4753; x_wconf 85' lang='lat' dir='ltr'><strong>ab</strong></span> <span class='ocrx_word' id='word_1_730' title='bbox 1678 4698 1762 4752; x_wconf 87' lang='lat' dir='ltr'><strong>bis</strong></span> <span class='ocrx_word' id='word_1_731' title='bbox 1805 4696 1895 4765; x_wconf 90' lang='lat' dir='ltr'><strong>qui</strong></span> <span class='ocrx_word' id='word_1_732' title='bbox 1951 4695 2086 4751; x_wconf 85' lang='lat' dir='ltr'><strong>loris</strong></span> <span class='ocrx_word' id='word_1_733' title='bbox 2137 4694 2299 4765; x_wconf 81' lang='lat'><strong>737</strong></span> 
     </span>
    </p>
   </div>
   <div class='ocr_carea' id='block_1_91' title="bbox 723 4789 2301 4859">
    <p class='ocr_par' dir='ltr' id='par_1_91' title="bbox 723 4789 2301 4859">
     <span class='ocr_line' id='line_1_93' title="bbox 723 4789 2301 4859; baseline -0.002 -15"><span class='ocrx_word' id='word_1_734' title='bbox 723 4799 870 4853; x_wconf 89' lang='lat' dir='ltr'><strong>sunt,</strong></span> <span class='ocrx_word' id='word_1_735' title='bbox 918 4789 1037 4844; x_wconf 90' lang='lat' dir='ltr'><strong>ideo</strong></span> <span class='ocrx_word' id='word_1_736' title='bbox 1069 4799 1379 4859; x_wconf 65' lang='lat' dir='ltr'><strong>praemonet,</strong></span> <span class='ocrx_word' id='word_1_737' title='bbox 1434 4790 1560 4857; x_wconf 88' lang='lat' dir='ltr'><strong>quia</strong></span> <span class='ocrx_word' id='word_1_738' title='bbox 1606 4789 1764 4843; x_wconf 89' lang='lat' dir='ltr'><strong>aliter</strong></span> <span class='ocrx_word' id='word_1_739' title='bbox 1804 4803 1925 4843; x_wconf 89' lang='lat' dir='ltr'><strong>esse</strong></span> <span class='ocrx_word' id='word_1_740' title='bbox 1951 4803 2055 4841; x_wconf 89' lang='lat' dir='ltr'><strong>non</strong></span> <span class='ocrx_word' id='word_1_741' title='bbox 2101 4796 2301 4856; x_wconf 85' lang='lat' dir='ltr'><strong>potest,</strong></span> 
     </span>
    </p>
   </div>
   <div class='ocr_carea' id='block_1_92' title="bbox 723 4881 2301 4951">
    <p class='ocr_par' dir='ltr' id='par_1_92' title="bbox 723 4881 2301 4951">
     <span class='ocr_line' id='line_1_94' title="bbox 723 4881 2301 4951; baseline -0.003 -13"><span class='ocrx_word' id='word_1_742' title='bbox 723 4881 827 4939; x_wconf 82' lang='lat' dir='ltr'><strong>nisi</strong></span> <span class='ocrx_word' id='word_1_743' title='bbox 854 4890 913 4941; x_wconf 85' lang='lat' dir='ltr'><strong>ut</strong></span> <span class='ocrx_word' id='word_1_744' title='bbox 956 4882 1194 4945; x_wconf 84' lang='lat' dir='ltr'><strong>veniant,</strong></span> <span class='ocrx_word' id='word_1_745' title='bbox 1227 4891 1285 4936; x_wconf 90' lang='lat' dir='ltr'><strong>ut</strong></span> <span class='ocrx_word' id='word_1_746' title='bbox 1332 4897 1621 4937; x_wconf 87' lang='lat' dir='ltr'><strong>caveamus</strong></span> <span class='ocrx_word' id='word_1_747' title='bbox 1645 4898 1707 4937; x_wconf 89' lang='lat' dir='ltr'><strong>ea</strong></span> <span class='ocrx_word' id='word_1_748' title='bbox 1739 4891 2029 4951; x_wconf 88' lang='lat' dir='ltr'><strong>antequam</strong></span> <span class='ocrx_word' id='word_1_749' title='bbox 2062 4881 2301 4944; x_wconf 87' lang='lat' dir='ltr'><strong>veniant,</strong></span> 
     </span>
    </p>
   </div>
   <div class='ocr_carea' id='block_1_93' title="bbox 723 4971 2305 5044">
    <p class='ocr_par' dir='ltr' id='par_1_93' title="bbox 723 4971 2305 5044">
     <span class='ocr_line' id='line_1_95' title="bbox 723 4971 2305 5044; baseline -0.001 -16"><span class='ocrx_word' id='word_1_750' title='bbox 723 4973 975 5044; x_wconf 87' lang='lat' dir='ltr'><strong>quoniam</strong></span> <span class='ocrx_word' id='word_1_751' title='bbox 1008 4988 1086 5027; x_wconf 63' lang='lat' dir='ltr'><strong>vae</strong></span> <span class='ocrx_word' id='word_1_752' title='bbox 1132 4982 1218 5033; x_wconf 88' lang='lat' dir='ltr'><strong>est</strong></span> <span class='ocrx_word' id='word_1_753' title='bbox 1261 4973 1335 5027; x_wconf 84' lang='lat' dir='ltr'><strong>illi</strong></span> <span class='ocrx_word' id='word_1_754' title='bbox 1370 4989 1466 5043; x_wconf 87' lang='lat' dir='ltr'><strong>per</strong></span> <span class='ocrx_word' id='word_1_755' title='bbox 1498 4989 1657 5042; x_wconf 87' lang='lat' dir='ltr'><strong>quem</strong></span> <span class='ocrx_word' id='word_1_756' title='bbox 1698 4974 1865 5029; x_wconf 85' lang='lat' dir='ltr'><strong>venit.</strong></span> <span class='ocrx_word' id='word_1_757' title='bbox 1915 4973 2019 5028; x_wconf 88' lang='lat' dir='ltr'><strong>Sed</strong></span> <span class='ocrx_word' id='word_1_758' title='bbox 2067 4988 2134 5028; x_wconf 90' lang='lat' dir='ltr'><strong>ne</strong></span> <span class='ocrx_word' id='word_1_759' title='bbox 2165 4971 2305 5027; x_wconf 80' lang='lat' dir='ltr'><strong>forte</strong></span> 
     </span>
    </p>
   </div>
   <div class='ocr_carea' id='block_1_94' title="bbox 725 5063 2298 5135">
    <p class='ocr_par' dir='ltr' id='par_1_94' title="bbox 725 5063 2298 5135">
     <span class='ocr_line' id='line_1_96' title="bbox 725 5063 2298 5135; baseline -0.002 -15"><span class='ocrx_word' id='word_1_760' title='bbox 725 5068 990 5135; x_wconf 68' lang='lat' dir='ltr'><strong>cogitaret</strong></span> <span class='ocrx_word' id='word_1_761' title='bbox 1016 5065 1232 5134; x_wconf 84' lang='lat' dir='ltr'><strong>aliquis,</strong></span> <span class='ocrx_word' id='word_1_762' title='bbox 1276 5065 1403 5132; x_wconf 84' lang='lat' dir='ltr'><strong>quid</strong></span> <span class='ocrx_word' id='word_1_763' title='bbox 1435 5066 1699 5135; x_wconf 78' lang='lat' dir='ltr'><strong>agendum</strong></span> <span class='ocrx_word' id='word_1_764' title='bbox 1733 5074 1878 5119; x_wconf 87' lang='lat' dir='ltr'><strong>esset</strong></span> <span class='ocrx_word' id='word_1_765' title='bbox 1914 5066 1980 5118; x_wconf 87' lang='lat' dir='ltr'><strong>de</strong></span> <span class='ocrx_word' id='word_1_766' title='bbox 2020 5063 2298 5127; x_wconf 83' lang='lat' dir='ltr'><strong>fratribus,</strong></span> 
     </span>
    </p>
   </div>
   <div class='ocr_carea' id='block_1_95' title="bbox 725 5152 2299 5231">
    <p class='ocr_par' dir='ltr' id='par_1_95' title="bbox 725 5152 2299 5231">
     <span class='ocr_line' id='line_1_97' title="bbox 725 5152 2299 5231; baseline -0.004 -20"><span class='ocrx_word' id='word_1_767' title='bbox 725 5157 816 5231; x_wconf 83' lang='lat' dir='ltr'><strong>qui</strong></span> <span class='ocrx_word' id='word_1_768' title='bbox 854 5155 990 5211; x_wconf 76' lang='lat' dir='ltr'><strong>infra</strong></span> <span class='ocrx_word' id='word_1_769' title='bbox 1040 5155 1333 5210; x_wconf 82' lang='lat' dir='ltr'><strong>Ecclesiam</strong></span> <span class='ocrx_word' id='word_1_770' title='bbox 1361 5170 1524 5223; x_wconf 88' lang='lat' dir='ltr'><strong>quam</strong></span> <span class='ocrx_word' id='word_1_771' title='bbox 1575 5170 1717 5222; x_wconf 64' lang='lat' dir='ltr'><strong>sepe</strong></span> <span class='ocrx_word' id='word_1_772' title='bbox 1763 5154 2016 5209; x_wconf 85' lang='lat' dir='ltr'><strong>scandala</strong></span> <span class='ocrx_word' id='word_1_773' title='bbox 2068 5152 2299 5217; x_wconf 82' lang='lat' dir='ltr'><strong>faciunt,</strong></span> 
     </span>
    </p>
   </div>
   <div class='ocr_carea' id='block_1_96' title="bbox 727 5243 2300 5314">
    <p class='ocr_par' dir='ltr' id='par_1_96' title="bbox 727 5243 2300 5314">
     <span class='ocr_line' id='line_1_98' title="bbox 727 5243 2300 5314; baseline -0.005 -11"><span class='ocrx_word' id='word_1_774' title='bbox 727 5247 982 5305; x_wconf 78' lang='lat' dir='ltr'><strong>continuo</strong></span> <span class='ocrx_word' id='word_1_775' title='bbox 1026 5247 1092 5302; x_wconf 87' lang='lat' dir='ltr'><strong>de</strong></span> <span class='ocrx_word' id='word_1_776' title='bbox 1138 5246 1222 5300; x_wconf 88' lang='lat' dir='ltr'><strong>bis</strong></span> <span class='ocrx_word' id='word_1_777' title='bbox 1252 5246 1381 5299; x_wconf 86' lang='lat' dir='ltr'><strong>dicit</strong></span> <span class='ocrx_word' id='word_1_778' title='bbox 1413 5260 1427 5298; x_wconf 89' lang='lat'><strong>:</strong></span> <span class='ocrx_word' id='word_1_779' title='bbox 1453 5243 1512 5300; x_wconf 87' lang='lat' dir='ltr'><strong>Si</strong></span> <span class='ocrx_word' id='word_1_780' title='bbox 1540 5261 1729 5299; x_wconf 84' lang='lat' dir='ltr'><strong>manus</strong></span> <span class='ocrx_word' id='word_1_781' title='bbox 1779 5255 1889 5307; x_wconf 85' lang='lat' dir='ltr'><strong>tua,</strong></span> <span class='ocrx_word' id='word_1_782' title='bbox 1916 5244 1993 5298; x_wconf 78' lang='lat' dir='ltr'><strong>vel</strong></span> <span class='ocrx_word' id='word_1_783' title='bbox 2036 5260 2123 5314; x_wconf 82' lang='lat' dir='ltr'><strong>pes</strong></span> <span class='ocrx_word' id='word_1_784' title='bbox 2154 5254 2300 5307; x_wconf 78' lang='lat' dir='ltr'><strong>tuus,</strong></span> 
     </span>
    </p>
   </div>
   <div class='ocr_carea' id='block_1_97' title="bbox 726 5331 2302 5403">
    <p class='ocr_par' dir='ltr' id='par_1_97' title="bbox 726 5331 2302 5403">
     <span class='ocr_line' id='line_1_99' title="bbox 726 5331 2302 5403; baseline -0.002 -11"><span class='ocrx_word' id='word_1_785' title='bbox 726 5354 817 5392; x_wconf 86' lang='lat' dir='ltr'><strong>seu</strong></span> <span class='ocrx_word' id='word_1_786' title='bbox 860 5338 1045 5391; x_wconf 80' lang='lat' dir='ltr'><strong>oculus</strong></span> <span class='ocrx_word' id='word_1_787' title='bbox 1097 5336 1427 5390; x_wconf 75' lang='lat' dir='ltr'><strong>scandalizat</strong></span> <span class='ocrx_word' id='word_1_788' title='bbox 1474 5346 1543 5397; x_wconf 87' lang='lat' dir='ltr'><strong>te,</strong></span> <span class='ocrx_word' id='word_1_789' title='bbox 1590 5337 1787 5403; x_wconf 76' lang='lat' dir='ltr'><strong>projice</strong></span> <span class='ocrx_word' id='word_1_790' title='bbox 1835 5352 1954 5390; x_wconf 82' lang='lat' dir='ltr'><strong>eum</strong></span> <span class='ocrx_word' id='word_1_791' title='bbox 2000 5334 2091 5387; x_wconf 83' lang='lat' dir='ltr'><strong>abs</strong></span> <span class='ocrx_word' id='word_1_792' title='bbox 2134 5344 2202 5388; x_wconf 84' lang='lat' dir='ltr'><strong>te.</strong></span> <span class='ocrx_word' id='word_1_793' title='bbox 2244 5331 2302 5391; x_wconf 86' lang='lat' dir='ltr'><strong>Si</strong></span> 
     </span>
    </p>
   </div>
   <div class='ocr_carea' id='block_1_98' title="bbox 728 5424 2302 5496">
    <p class='ocr_par' dir='ltr' id='par_1_98' title="bbox 728 5424 2302 5496">
     <span class='ocr_line' id='line_1_100' title="bbox 728 5424 2302 5496; baseline -0.001 -15"><span class='ocrx_word' id='word_1_794' title='bbox 728 5426 868 5481; x_wconf 82' lang='lat' dir='ltr'><strong>forte</strong></span> <span class='ocrx_word' id='word_1_795' title='bbox 893 5426 1055 5482; x_wconf 78' lang='lat' dir='ltr'><strong>fuerit</strong></span> <span class='ocrx_word' id='word_1_796' title='bbox 1078 5426 1273 5496; x_wconf 86' lang='lat' dir='ltr'><strong>aliquis</strong></span> <span class='ocrx_word' id='word_1_797' title='bbox 1296 5425 1349 5479; x_wconf 91' lang='lat' dir='ltr'><strong>in</strong></span> <span class='ocrx_word' id='word_1_798' title='bbox 1376 5425 1614 5480; x_wconf 80' lang='lat' dir='ltr'><strong>Ecclesia</strong></span> <span class='ocrx_word' id='word_1_799' title='bbox 1639 5441 1829 5480; x_wconf 89' lang='lat' dir='ltr'><strong>manus</strong></span> <span class='ocrx_word' id='word_1_800' title='bbox 1852 5426 1986 5480; x_wconf 87' lang='lat' dir='ltr'><strong>bene</strong></span> <span class='ocrx_word' id='word_1_801' title='bbox 2007 5424 2302 5495; x_wconf 86' lang='lat' dir='ltr'><strong>operando,</strong></span> 
     </span>
    </p>
   </div>
   <div class='ocr_carea' id='block_1_99' title="bbox 730 5516 2307 5589">
    <p class='ocr_par' dir='ltr' id='par_1_99' title="bbox 730 5516 2307 5589">
     <span class='ocr_line' id='line_1_101' title="bbox 730 5516 2307 5589; baseline 0.001 -19"><span class='ocrx_word' id='word_1_802' title='bbox 730 5518 813 5574; x_wconf 90' lang='lat' dir='ltr'><strong>vel</strong></span> <span class='ocrx_word' id='word_1_803' title='bbox 841 5534 938 5589; x_wconf 85' lang='lat' dir='ltr'><strong>pes</strong></span> <span class='ocrx_word' id='word_1_804' title='bbox 964 5520 1193 5589; x_wconf 87' lang='lat' dir='ltr'><strong>primum</strong></span> <span class='ocrx_word' id='word_1_805' title='bbox 1236 5520 1372 5574; x_wconf 88' lang='lat' dir='ltr'><strong>bene</strong></span> <span class='ocrx_word' id='word_1_806' title='bbox 1417 5518 1668 5589; x_wconf 76' lang='lat' dir='ltr'><strong>gradiens</strong></span> <span class='ocrx_word' id='word_1_807' title='bbox 1696 5519 1749 5572; x_wconf 93' lang='lat' dir='ltr'><strong>iu</strong></span> <span class='ocrx_word' id='word_1_808' title='bbox 1794 5518 1878 5572; x_wconf 87' lang='lat' dir='ltr'><strong>via</strong></span> <span class='ocrx_word' id='word_1_809' title='bbox 1913 5517 2029 5581; x_wconf 90' lang='lat' dir='ltr'><strong>Dei,</strong></span> <span class='ocrx_word' id='word_1_810' title='bbox 2065 5516 2148 5571; x_wconf 89' lang='lat' dir='ltr'><strong>vel</strong></span> <span class='ocrx_word' id='word_1_811' title='bbox 2178 5532 2307 5571; x_wconf 84' lang='lat' dir='ltr'><strong>ocu-</strong></span> 
     </span>
    </p>
   </div>
   <div class='ocr_carea' id='block_1_100' title="bbox 731 5603 2308 5683">
    <p class='ocr_par' dir='ltr' id='par_1_100' title="bbox 731 5603 2308 5683">
     <span class='ocr_line' id='line_1_102' title="bbox 731 5603 2308 5683; baseline 0.001 -20"><span class='ocrx_word' id='word_1_812' title='bbox 731 5610 816 5667; x_wconf 85' lang='lat' dir='ltr'><strong>lus</strong></span> <span class='ocrx_word' id='word_1_813' title='bbox 867 5613 955 5681; x_wconf 89' lang='lat' dir='ltr'><strong>qui</strong></span> <span class='ocrx_word' id='word_1_814' title='bbox 1002 5603 1195 5668; x_wconf 68' lang='lat' dir='ltr'><strong>doc&#39;eat</strong></span> <span class='ocrx_word' id='word_1_815' title='bbox 1251 5612 1427 5669; x_wconf 89' lang='lat' dir='ltr'><strong>lumen</strong></span> <span class='ocrx_word' id='word_1_816' title='bbox 1480 5614 1624 5676; x_wconf 68' lang='lat' dir='ltr'><strong>vitae,</strong></span> <span class='ocrx_word' id='word_1_817' title='bbox 1677 5612 1840 5683; x_wconf 87' lang='lat' dir='ltr'><strong>capiti</strong></span> <span class='ocrx_word' id='word_1_818' title='bbox 1889 5627 1987 5666; x_wconf 90' lang='lat' dir='ltr'><strong>suo</strong></span> <span class='ocrx_word' id='word_1_819' title='bbox 2039 5611 2308 5665; x_wconf 72' lang='lat' dir='ltr'><strong>inbmrens</strong></span> 
     </span>
    </p>
   </div>
   <div class='ocr_carea' id='block_1_101' title="bbox 734 5699 2309 5773">
    <p class='ocr_par' dir='ltr' id='par_1_101' title="bbox 734 5699 2309 5773">
     <span class='ocr_line' id='line_1_103' title="bbox 734 5699 2309 5773; baseline 0 -18"><span class='ocrx_word' id='word_1_820' title='bbox 734 5699 970 5768; x_wconf 75' lang='lat' dir='ltr'><strong>Christo,</strong></span> <span class='ocrx_word' id='word_1_821' title='bbox 1017 5703 1062 5759; x_wconf 83' lang='lat' dir='ltr'><strong>si</strong></span> <span class='ocrx_word' id='word_1_822' title='bbox 1103 5713 1282 5758; x_wconf 90' lang='lat' dir='ltr'><strong>autem</strong></span> <span class='ocrx_word' id='word_1_823' title='bbox 1314 5703 1538 5773; x_wconf 82' lang='lat' dir='ltr'><strong>quilibet</strong></span> <span class='ocrx_word' id='word_1_824' title='bbox 1584 5720 1772 5760; x_wconf 89' lang='lat' dir='ltr'><strong>eorum</strong></span> <span class='ocrx_word' id='word_1_825' title='bbox 1824 5718 2116 5759; x_wconf 88' lang='lat' dir='ltr'><strong>conversus</strong></span> <span class='ocrx_word' id='word_1_826' title='bbox 2148 5700 2309 5757; x_wconf 80' lang='lat' dir='ltr'><strong>luerit</strong></span> 
     </span>
    </p>
   </div>
   <div class='ocr_carea' id='block_1_102' title="bbox 2408 4490 3897 4576">
    <p class='ocr_par' dir='ltr' id='par_1_102' title="bbox 2408 4490 3897 4576">
     <span class='ocr_line' id='line_1_104' title="bbox 2408 4490 3897 4576; baseline -0.018 -3"><span class='ocrx_word' id='word_1_827' title='bbox 2408 4529 2462 4575; x_wconf 89' lang='lat' dir='ltr'><strong>et</strong></span> <span class='ocrx_word' id='word_1_828' title='bbox 2502 4520 2569 4572; x_wconf 89' lang='lat' dir='ltr'><strong>ad</strong></span> <span class='ocrx_word' id='word_1_829' title='bbox 2613 4530 2802 4571; x_wconf 74' lang='lat' dir='ltr'><strong>conm</strong></span> <span class='ocrx_word' id='word_1_830' title='bbox 2860 4510 3257 4570; x_wconf 64' lang='lat' dir='ltr'><strong>inuam-etiam.</strong></span> <span class='ocrx_word' id='word_1_831' title='bbox 3305 4510 3378 4571; x_wconf 78' lang='lat' dir='ltr'><strong>ad</strong></span> <span class='ocrx_word' id='word_1_832' title='bbox 3422 4518 3582 4576; x_wconf 86' lang='lat' dir='ltr'><strong>quam</strong></span> <span class='ocrx_word' id='word_1_833' title='bbox 3612 4490 3897 4569; x_wconf 53' lang='lat' dir='ltr'><strong>promam&quot;,</strong></span> 
     </span>
    </p>
   </div>
   <div class='ocr_carea' id='block_1_103' title="bbox 2410 4581 3900 4669">
    <p class='ocr_par' dir='ltr' id='par_1_103' title="bbox 2410 4581 3900 4669">
     <span class='ocr_line' id='line_1_105' title="bbox 2410 4581 3900 4669; baseline -0.02 -6"><span class='ocrx_word' id='word_1_834' title='bbox 2410 4606 2647 4667; x_wconf 78' lang='lat' dir='ltr'><strong>redacti;</strong></span> <span class='ocrx_word' id='word_1_835' title='bbox 2677 4603 2820 4657; x_wconf 83' lang='lat' dir='ltr'><strong>unde</strong></span> <span class='ocrx_word' id='word_1_836' title='bbox 2843 4601 2912 4655; x_wconf 85' lang='lat' dir='ltr'><strong>ab</strong></span> <span class='ocrx_word' id='word_1_837' title='bbox 2934 4602 3049 4669; x_wconf 88' lang='lat' dir='ltr'><strong>ipso</strong></span> <span class='ocrx_word' id='word_1_838' title='bbox 3069 4599 3302 4654; x_wconf 80' lang='lat' dir='ltr'><strong>Dondno</strong></span> <span class='ocrx_word' id='word_1_839' title='bbox 3332 4607 3391 4653; x_wconf 89' lang='lat' dir='ltr'><strong>et</strong></span> <span class='ocrx_word' id='word_1_840' title='bbox 3427 4592 3642 4667; x_wconf 77' lang='lat' dir='ltr'><strong>pusillus</strong></span> <span class='ocrx_word' id='word_1_841' title='bbox 3668 4596 3769 4655; x_wconf 74' lang='lat' dir='ltr'><strong>grex</strong></span> <span class='ocrx_word' id='word_1_842' title='bbox 3792 4581 3900 4625; x_wconf 62' lang='lat' dir='ltr'><strong>&quot;te&quot;</strong></span> 
     </span>
    </p>
   </div>
   <div class='ocr_carea' id='block_1_104' title="bbox 2412 4675 3898 4772">
    <p class='ocr_par' dir='ltr' id='par_1_104' title="bbox 2412 4675 3898 4772">
     <span class='ocr_line' id='line_1_106' title="bbox 2412 4675 3898 4772; baseline -0.02 -14"><span class='ocrx_word' id='word_1_843' title='bbox 2412 4711 2499 4756; x_wconf 91' lang='lat' dir='ltr'><strong>tur</strong></span> <span class='ocrx_word' id='word_1_844' title='bbox 2546 4698 2697 4770; x_wconf 86' lang='lat' dir='ltr'><strong>(Luc.</strong></span> <span class='ocrx_word' id='word_1_845' title='bbox 2749 4712 2891 4759; x_wconf 78' lang='lat' dir='ltr'><strong>xxii,</strong></span> <span class='ocrx_word' id='word_1_846' title='bbox 2920 4696 3034 4761; x_wconf 65' lang='grc' dir='ltr'><strong>δί).</strong></span> <span class='ocrx_word' id='word_1_847' title='bbox 3077 4694 3121 4748; x_wconf 86' lang='lat' dir='ltr'><strong>E</strong></span> <span class='ocrx_word' id='word_1_848' title='bbox 3147 4693 3438 4748; x_wconf 80' lang='lat' dir='ltr'><strong>contrario</strong></span> <span class='ocrx_word' id='word_1_849' title='bbox 3464 4689 3566 4744; x_wconf 84' lang='lat' dir='ltr'><strong>etsi</strong></span> <span class='ocrx_word' id='word_1_850' title='bbox 3593 4679 3725 4739; x_wconf 87' lang='lat' dir='ltr'><strong>multi</strong></span> 
     </span>
    </p>
   </div>
   <div class='ocr_carea' id='block_1_105' title="bbox 2412 4767 3903 4861">
    <p class='ocr_par' dir='ltr' id='par_1_105' title="bbox 2412 4767 3903 4861">
     <span class='ocr_line' id='line_1_107' title="bbox 2412 4767 3903 4861; baseline -0.017 -13"><span class='ocrx_word' id='word_1_851' title='bbox 2412 4767 2601 4854; x_wconf 81' lang='lat' dir='ltr'><strong>tisent,</strong></span> <span class='ocrx_word' id='word_1_852' title='bbox 2617 4789 2839 4861; x_wconf 87' lang='lat' dir='ltr'><strong>pusillos</strong></span> <span class='ocrx_word' id='word_1_853' title='bbox 2853 4798 2907 4843; x_wconf 88' lang='lat' dir='ltr'><strong>et</strong></span> <span class='ocrx_word' id='word_1_854' title='bbox 2929 4787 3065 4841; x_wconf 85' lang='lat' dir='ltr'><strong>alios</strong></span> <span class='ocrx_word' id='word_1_855' title='bbox 3085 4786 3350 4856; x_wconf 81' lang='lat' dir='ltr'><strong>parvulos</strong></span> <span class='ocrx_word' id='word_1_856' title='bbox 3373 4798 3498 4839; x_wconf 87' lang='lat' dir='ltr'><strong>esse</strong></span> <span class='ocrx_word' id='word_1_857' title='bbox 3516 4783 3647 4836; x_wconf 83' lang='lat' dir='ltr'><strong>intra</strong></span> <span class='ocrx_word' id='word_1_858' title='bbox 3673 4767 3903 4861; x_wconf 51' lang='grc' dir='ltr'><strong>Εεοίεεῑθιξ</strong></span> 
     </span>
    </p>
   </div>
   <div class='ocr_carea' id='block_1_106' title="bbox 2411 4855 3907 4955">
    <p class='ocr_par' dir='ltr' id='par_1_106' title="bbox 2411 4855 3907 4955">
     <span class='ocr_line' id='line_1_108' title="bbox 2411 4855 3907 4955; baseline -0.004 -19"><span class='ocrx_word' id='word_1_859' title='bbox 2411 4884 2503 4955; x_wconf 89' lang='lat' dir='ltr'><strong>qui</strong></span> <span class='ocrx_word' id='word_1_860' title='bbox 2524 4855 2701 4937; x_wconf 82' lang='lat' dir='ltr'><strong>adhuc</strong></span> <span class='ocrx_word' id='word_1_861' title='bbox 2722 4881 2866 4935; x_wconf 86' lang='lat' dir='ltr'><strong>lacte</strong></span> <span class='ocrx_word' id='word_1_862' title='bbox 2896 4855 3210 4950; x_wconf 83' lang='lat' dir='ltr'><strong>pascuntur.</strong></span> <span class='ocrx_word' id='word_1_863' title='bbox 3254 4878 3411 4947; x_wconf 88' lang='lat' dir='ltr'><strong>quod</strong></span> <span class='ocrx_word' id='word_1_864' title='bbox 3452 4870 3682 4928; x_wconf 62' lang='lat' dir='ltr'><strong>haeretles</strong></span> <span class='ocrx_word' id='word_1_865' title='bbox 3702 4862 3785 4915; x_wconf 64' lang='lat' dir='ltr'><strong>Sil&quot;</strong></span> <span class='ocrx_word' id='word_1_866' title='bbox 3807 4855 3907 4955; x_wconf 33' lang='grc' dir='ltr'><strong>τεθῇ</strong></span> 
     </span>
    </p>
   </div>
   <div class='ocr_carea' id='block_1_107' title="bbox 2411 4943 3911 5038">
    <p class='ocr_par' dir='ltr' id='par_1_107' title="bbox 2411 4943 3911 5038">
     <span class='ocr_line' id='line_1_109' title="bbox 2411 4943 3911 5038; baseline -0.017 -9"><span class='ocrx_word' id='word_1_867' title='bbox 2411 4943 2682 5033; x_wconf 60' lang='lat' dir='ltr'><strong>scelestis;</strong></span> <span class='ocrx_word' id='word_1_868' title='bbox 2715 4972 2805 5027; x_wconf 87' lang='lat' dir='ltr'><strong>isti</strong></span> <span class='ocrx_word' id='word_1_869' title='bbox 2841 4943 3018 5026; x_wconf 78' lang='lat' dir='ltr'><strong>tamen</strong></span> <span class='ocrx_word' id='word_1_870' title='bbox 3048 4943 3330 5038; x_wconf 52' lang='lat' dir='ltr'><strong>praecipue</strong></span> <span class='ocrx_word' id='word_1_871' title='bbox 3378 4963 3589 5037; x_wconf 84' lang='lat' dir='ltr'><strong>parvuli</strong></span> <span class='ocrx_word' id='word_1_872' title='bbox 3636 4943 3911 5038; x_wconf 67' lang='lat' dir='ltr'><strong>dicuntumel</strong></span> 
     </span>
    </p>
   </div>
   <div class='ocr_carea' id='block_1_108' title="bbox 2410 5036 3910 5134">
    <p class='ocr_par' dir='ltr' id='par_1_108' title="bbox 2410 5036 3910 5134">
     <span class='ocr_line' id='line_1_110' title="bbox 2410 5036 3910 5134; baseline -0.023 -13"><span class='ocrx_word' id='word_1_873' title='bbox 2410 5066 2475 5121; x_wconf 89' lang='lat' dir='ltr'><strong>de</strong></span> <span class='ocrx_word' id='word_1_874' title='bbox 2501 5066 2587 5120; x_wconf 85' lang='lat' dir='ltr'><strong>bis</strong></span> <span class='ocrx_word' id='word_1_875' title='bbox 2611 5064 2783 5134; x_wconf 77' lang='lat' dir='ltr'><strong>magis</strong></span> <span class='ocrx_word' id='word_1_876' title='bbox 2805 5036 3208 5131; x_wconf 76' lang='lat' dir='ltr'><strong>intelligendum</strong></span> <span class='ocrx_word' id='word_1_877' title='bbox 3220 5036 3319 5117; x_wconf 80' lang='lat' dir='ltr'><strong>est</strong></span> <span class='ocrx_word' id='word_1_878' title='bbox 3343 5036 3488 5128; x_wconf 87' lang='lat' dir='ltr'><strong>quos</strong></span> <span class='ocrx_word' id='word_1_879' title='bbox 3515 5042 3769 5111; x_wconf 85' lang='lat' dir='ltr'><strong>constituit</strong></span> <span class='ocrx_word' id='word_1_880' title='bbox 3784 5036 3910 5134; x_wconf 39' lang='lat' dir='ltr'><strong>docti:</strong></span> 
     </span>
    </p>
   </div>
   <div class='ocr_carea' id='block_1_109' title="bbox 2412 5132 3913 5224">
    <p class='ocr_par' dir='ltr' id='par_1_109' title="bbox 2412 5132 3913 5224">
     <span class='ocr_line' id='line_1_111' title="bbox 2412 5132 3913 5224; baseline -0.013 -12"><span class='ocrx_word' id='word_1_881' title='bbox 2412 5174 2499 5212; x_wconf 88' lang='lat' dir='ltr'><strong>res</strong></span> <span class='ocrx_word' id='word_1_882' title='bbox 2539 5168 2595 5212; x_wconf 90' lang='lat' dir='ltr'><strong>et</strong></span> <span class='ocrx_word' id='word_1_883' title='bbox 2637 5132 2946 5224; x_wconf 68' lang='lat' dir='ltr'><strong>magistros,</strong></span> <span class='ocrx_word' id='word_1_884' title='bbox 2978 5168 3047 5208; x_wconf 83' lang='lat' dir='ltr'><strong>ne</strong></span> <span class='ocrx_word' id='word_1_885' title='bbox 3085 5151 3233 5207; x_wconf 83' lang='lat' dir='ltr'><strong>ullus</strong></span> <span class='ocrx_word' id='word_1_886' title='bbox 3274 5165 3481 5207; x_wconf 75' lang='lat' dir='ltr'><strong>eorum</strong></span> <span class='ocrx_word' id='word_1_887' title='bbox 3510 5141 3807 5201; x_wconf 65' lang='lat' dir='ltr'><strong>contemni“.</strong></span> <span class='ocrx_word' id='word_1_888' title='bbox 3829 5132 3913 5190; x_wconf 61' lang='grc' dir='ltr'><strong>συθ</strong></span> 
     </span>
    </p>
   </div>
   <div class='ocr_carea' id='block_1_110' title="bbox 2411 5224 3915 5313">
    <p class='ocr_par' dir='ltr' id='par_1_110' title="bbox 2411 5224 3915 5313">
     <span class='ocr_line' id='line_1_112' title="bbox 2411 5224 3915 5313; baseline -0.013 -11"><span class='ocrx_word' id='word_1_889' title='bbox 2411 5248 2539 5303; x_wconf 89' lang='lat' dir='ltr'><strong>nulli</strong></span> <span class='ocrx_word' id='word_1_890' title='bbox 2583 5246 2900 5302; x_wconf 85' lang='lat' dir='ltr'><strong>humiliores</strong></span> <span class='ocrx_word' id='word_1_891' title='bbox 2949 5257 3069 5301; x_wconf 78' lang='lat' dir='ltr'><strong>esse</strong></span> <span class='ocrx_word' id='word_1_892' title='bbox 3114 5253 3374 5313; x_wconf 81' lang='lat' dir='ltr'><strong>possunt,</strong></span> <span class='ocrx_word' id='word_1_893' title='bbox 3405 5249 3463 5297; x_wconf 87' lang='lat' dir='ltr'><strong>et</strong></span> <span class='ocrx_word' id='word_1_894' title='bbox 3508 5237 3618 5292; x_wconf 87' lang='lat' dir='ltr'><strong>veri</strong></span> <span class='ocrx_word' id='word_1_895' title='bbox 3658 5224 3915 5313; x_wconf 49' lang='lat' dir='ltr'><strong>inmotum</strong></span> 
     </span>
    </p>
   </div>
   <div class='ocr_carea' id='block_1_111' title="bbox 2412 5312 3921 5407">
    <p class='ocr_par' dir='ltr' id='par_1_111' title="bbox 2412 5312 3921 5407">
     <span class='ocr_line' id='line_1_113' title="bbox 2412 5312 3921 5407; baseline -0.016 -15"><span class='ocrx_word' id='word_1_896' title='bbox 2412 5352 2574 5407; x_wconf 75' lang='lat' dir='ltr'><strong>quam</strong></span> <span class='ocrx_word' id='word_1_897' title='bbox 2605 5335 2705 5403; x_wconf 85' lang='lat' dir='ltr'><strong>ipsi</strong></span> <span class='ocrx_word' id='word_1_898' title='bbox 2730 5349 2850 5390; x_wconf 86' lang='lat' dir='ltr'><strong>esse</strong></span> <span class='ocrx_word' id='word_1_899' title='bbox 2873 5312 3407 5398; x_wconf 51' lang='lat' dir='ltr'><strong>&#39;debent.0uorum,</strong></span> <span class='ocrx_word' id='word_1_900' title='bbox 3439 5329 3635 5399; x_wconf 83' lang='lat' dir='ltr'><strong>inquit,</strong></span> <span class='ocrx_word' id='word_1_901' title='bbox 3665 5312 3807 5387; x_wconf 71' lang='lat' dir='ltr'><strong>angeli</strong></span> 
     </span>
    </p>
   </div>
   <div class='ocr_carea' id='block_1_112' title="bbox 2410 5400 3918 5498">
    <p class='ocr_par' dir='ltr' id='par_1_112' title="bbox 2410 5400 3918 5498">
     <span class='ocr_line' id='line_1_114' title="bbox 2410 5400 3918 5498; baseline -0.017 -16"><span class='ocrx_word' id='word_1_902' title='bbox 2410 5400 2503 5498; x_wconf 67' lang='lat' dir='ltr'><strong>per</strong></span> <span class='ocrx_word' id='word_1_903' title='bbox 2523 5400 2693 5480; x_wconf 77' lang='lat' dir='ltr'><strong>vident</strong></span> <span class='ocrx_word' id='word_1_904' title='bbox 2726 5422 2915 5493; x_wconf 82' lang='lat' dir='ltr'><strong>faciem</strong></span> <span class='ocrx_word' id='word_1_905' title='bbox 2954 5420 3136 5477; x_wconf 87' lang='lat' dir='ltr'><strong>Patris</strong></span> <span class='ocrx_word' id='word_1_906' title='bbox 3165 5424 3293 5477; x_wconf 82' lang='lat' dir='ltr'><strong>mei.</strong></span> <span class='ocrx_word' id='word_1_907' title='bbox 3321 5422 3523 5491; x_wconf 73' lang='lat' dir='ltr'><strong>Magna</strong></span> <span class='ocrx_word' id='word_1_908' title='bbox 3558 5411 3770 5484; x_wconf 74' lang='lat' dir='ltr'><strong>dignitas</strong></span> 
     </span>
    </p>
   </div>
   <div class='ocr_carea' id='block_1_113' title="bbox 2414 5474 3925 5589">
    <p class='ocr_par' dir='ltr' id='par_1_113' title="bbox 2414 5474 3925 5589">
     <span class='ocr_line' id='line_1_115' title="bbox 2414 5474 3925 5589; baseline -0.001 -19"><span class='ocrx_word' id='word_1_909' title='bbox 2414 5474 2503 5589; x_wconf 63' lang='lat' dir='ltr'><strong>qui</strong></span> <span class='ocrx_word' id='word_1_910' title='bbox 2536 5519 2602 5573; x_wconf 88' lang='lat' dir='ltr'><strong>ad</strong></span> <span class='ocrx_word' id='word_1_911' title='bbox 2631 5518 2771 5571; x_wconf 86' lang='lat' dir='ltr'><strong>hanc</strong></span> <span class='ocrx_word' id='word_1_912' title='bbox 2815 5524 3110 5585; x_wconf 85' lang='lat' dir='ltr'><strong>potuerunt</strong></span> <span class='ocrx_word' id='word_1_913' title='bbox 3146 5514 3450 5584; x_wconf 79' lang='lat' dir='ltr'><strong>pervenire</strong></span> <span class='ocrx_word' id='word_1_914' title='bbox 3492 5499 3836 5589; x_wconf 42' lang='lat' dir='ltr'><strong>innocenti“?</strong></span> 
     </span>
    </p>
   </div>
   <div class='ocr_carea' id='block_1_114' title="bbox 2414 5568 3911 5679">
    <p class='ocr_par' dir='ltr' id='par_1_114' title="bbox 2414 5568 3911 5679">
     <span class='ocr_line' id='line_1_116' title="bbox 2414 5568 3911 5679; baseline -0.017 -15"><span class='ocrx_word' id='word_1_915' title='bbox 2414 5568 2506 5679; x_wconf 65' lang='lat' dir='ltr'><strong>qui</strong></span> <span class='ocrx_word' id='word_1_916' title='bbox 2535 5608 2824 5663; x_wconf 83' lang='lat' dir='ltr'><strong>tales&#39;sunt</strong></span> <span class='ocrx_word' id='word_1_917' title='bbox 2851 5621 3081 5674; x_wconf 88' lang='lat' dir='ltr'><strong>quorum</strong></span> <span class='ocrx_word' id='word_1_918' title='bbox 3102 5568 3208 5659; x_wconf 76' lang='lat' dir='ltr'><strong>non</strong></span> <span class='ocrx_word' id='word_1_919' title='bbox 3267 5612 3360 5659; x_wconf 84' lang='lat' dir='ltr'><strong>est</strong></span> <span class='ocrx_word' id='word_1_920' title='bbox 3387 5590 3762 5658; x_wconf 80' lang='lat' dir='ltr'><strong>contemnenda</strong></span> 
     </span>
    </p>
   </div>
   <div class='ocr_carea' id='block_1_115' title="bbox 2416 5669 3926 5766">
    <p class='ocr_par' dir='ltr' id='par_1_115' title="bbox 2416 5669 3926 5766">
     <span class='ocr_line' id='line_1_117' title="bbox 2416 5669 3926 5766; baseline -0.013 -10"><span class='ocrx_word' id='word_1_921' title='bbox 2416 5669 2505 5756; x_wconf 75' lang='lat' dir='ltr'><strong>na.</strong></span> <span class='ocrx_word' id='word_1_922' title='bbox 2535 5699 2800 5766; x_wconf 85' lang='lat' dir='ltr'><strong>Quoniam</strong></span> <span class='ocrx_word' id='word_1_923' title='bbox 2829 5669 2931 5754; x_wconf 78' lang='lat' dir='ltr'><strong>etsi</strong></span> <span class='ocrx_word' id='word_1_924' title='bbox 2958 5696 3137 5757; x_wconf 88' lang='lat' dir='ltr'><strong>minus</strong></span> <span class='ocrx_word' id='word_1_925' title='bbox 3175 5696 3365 5751; x_wconf 85' lang='lat' dir='ltr'><strong>adhuc</strong></span> <span class='ocrx_word' id='word_1_926' title='bbox 3414 5682 3725 5763; x_wconf 84' lang='lat' dir='ltr'><strong>sapiuntch</strong></span> <span class='ocrx_word' id='word_1_927' title='bbox 3745 5669 3926 5748; x_wconf 69' lang='grc' dir='ltr'><strong>ρωθιιιι·</strong></span> 
     </span>
    </p>
   </div>
  </div>
