4008 6354
856 266 1216 328 ειροδιτιο
1246 264 1319 324 IN
1355 263 1794 324 ΜΑΤἸἮΑΞΠΜ.
1828 294 1897 307 --
1924 264 2052 322 LIB.
2086 264 2222 334 VIII,
2258 266 2410 324 CAP.
2452 266 2637 325 XVIII.

3286 276 3390 336 6H

136 392 280 464 iugali
301 403 492 448 eorum
515 387 751 444 multum
777 387 996 458 sapiunt
1017 395 1074 441 et
1097 392 1341 455 possunt,
1365 384 1457 453 qui
1481 397 1697 451 semper
1724 384 1773 445 Α
1802 391 1905 447 tos,
1964 382 2008 438 si
2044 383 2470 439 scandalizarint
2522 400 2622 464 nos
2674 383 2909 454 abjieere
2930 386 3107 459 jubet,
3147 406 3215 447 ne
3252 352 3391 455 forte

134 486 276 542 Deum
304 482 515 545 vident,
540 480 671 535 etin
692 493 760 534 eo
788 478 1017 532 multum
1044 474 1448 546 possuttt.Nulli
1478 474 1697 529 dubium

136 591 235 634 esse
259 575 441 639 credo,
491 582 548 629 et
578 588 649 627 ex
690 569 1018 626 auctoritate
1050 569 1354 623 divinarum
1383 566 1700 636 Scriptura-

138 684 235 726 runt
275 667 547 729 firmatur,
604 663 824 735 angelos
875 663 930 716 in
985 660 1290 715 ministerio
1329 674 1451 714 esse
1494 660 1701 730 positos

140 774 299 817 eorum
321 758 415 828 qui
438 756 813 812 hereditatem
848 754 1122 822 accepturi
1154 760 1280 806 sunt
1300 760 1518 807 aeternae
1545 751 1699 818 vitae;

141 864 191 909 ut
210 848 401 923 singuli
426 865 533 921 per
569 848 808 918 singulas
863 847 1238 916 principentnr
1284 844 1593 915 provincias
1620 841 1703 898 vel

144 957 303 1016 regna,
330 944 384 997 in
410 948 622 996 tantum
653 940 900 994 utetiam
941 938 1136 1010 singuli
1184 951 1312 992 suos
1342 936 1576 990 habeant
1605 950 1703 989 an-

146 1036 290 1105 gelos,
312 1033 563 1088 maxime
592 1032 681 1102 qui
710 1047 740 1085 a
768 1030 880 1085 Deo
900 1027 1267 1101 praedestinati
1300 1035 1445 1091 sunt,
1475 1038 1705 1097 quorum

138 1127 402 1182 Medius
428 1136 515 1180 est
538 1133 753 1178 aeterna
782 1124 906 1177 vitm
936 1122 1247 1193 promissio.
1292 1120 1469 1184 Umle,
1493 1128 1551 1173 ut
1570 1118 1703 1182 dixi,

134 1217 360 1272 absoluta
386 1215 692 1270 auctoritas
714 1223 820 1277 est,
853 1215 997 1283 quod
1030 1215 1224 1269 borum
1258 1212 1576 1284 pusillorum
1610 1226 1708 1264 an-

138 1307 222 1377 geli
243 1322 437 1361 eorum
458 1306 743 1360 orationes
770 1303 1006 1359 oﬂ'erant
1048 1304 1180 1368 Deo,
1211 1319 1275 1356 ex
1305 1317 1413 1372 quo
1444 1302 1710 1370 incipiunt

136 1398 313 1469 aliquid
326 1395 693 1466 oﬂerrequod
712 1396 934 1465 dignum
957 1395 1030 1449 sit
1054 1395 1198 1460 Deo;
1231 1395 1378 1463 quia,
1411 1401 1471 1446 ut
1489 1393 1708 1463 dignum

136 1499 225 1554 est,
267 1488 502 1544 ministri
546 1486 825 1541 constituti
871 1494 999 1541 sunt
1054 1484 1419 1540 Eeclesiarum
1472 1482 1589 1546 Dei,
1642 1479 1709 1535 Et

137 1578 559 1634 σόαίιιίαηιοτῆ
611 1584 878 1631 vocantur
922 1574 1152 1645 Spiritus
1189 1590 1219 1627 a
1260 1572 1426 1627 Paulo
1468 1571 1712 1641 apostolo

139 1669 313 1741 (Hebr.
341 1685 384 1734 ι,
412 1669 523 1736 Ην).
550 1667 641 1738 qui
659 1668 901 1723 omnium
929 1676 1052 1721 vota
1073 1665 1453 1734 orationesque
1479 1663 1716 1719 oll‘erunt

1803 474 2133 529 austeriores
2157 474 2210 528 in
2245 475 2329 528 his
2354 490 2476 530 esse
2523 460 2751 532 velimus
2791 493 2952 547 quam
3007 484 3278 550 expediat.
3321 485 3390 542 Et

1804 575 2072 637 temperat
2107 567 2431 621 sententiam
2464 583 2617 622 suam
2652 585 2720 624 ne
2762 581 3174 629 contemnamus
3202 593 3297 632 eos
3323 593 3389 635 ac

1805 658 1850 712 si
1898 657 2017 710 zelo
2069 657 2159 711 Dei
2213 657 2378 720 ducti,
2409 653 2477 712 et.
2513 674 2617 714 non
2653 662 2948 716 secundum
2977 664 3259 721 scientiam
3296 685 3393 727 seu

1807 748 2126 802 cbaritatem
2158 744 2381 801 Christi.
2407 748 2485 803 Ae
2505 748 2550 803 si
2580 750 2785 805 diceret
2813 751 2938 808 :Sic
2966 757 3220 826 principio
3240 775 3393 815 seve-

1805 839 2023 894 ritatem
2056 837 2109 891 in
2134 837 2394 891 membris
2422 848 2608 893 tenere
2634 841 2898 909 corporis,
2946 852 3004 896 ut
3033 843 3193 899 simul
3218 848 3392 917 pieta-

1809 938 1917 984 tem
1933 929 2239 993 charitatis,
2256 937 2310 984 et
2326 928 2670 984 clementiam
2692 930 2916 987 fraterni
2932 936 3131 990 amoris
3150 937 3391 1005 doceam,

1806 1031 1869 1075 ut
1892 1038 1992 1092 per
2018 1032 2259 1077 vestram
2286 1023 2515 1076 salutem
2539 1024 2703 1078 etiam
2740 1022 2954 1079 illorum
2977 1030 3233 1096 quaaratis
3254 1031 3397 1086 sani-

1810 1121 1996 1167 tatem.
2028 1112 2165 1180 Quia
2186 1113 2370 1181 Angcli
2390 1131 2570 1167 eorum
2591 1131 2792 1184 semper
2814 1115 2983 1169 rident
3002 1117 3193 1185 faciem
3220 1115 3397 1173 Putris

1807 1204 1929 1256 mei.
1947 1203 2187 1271 Quorunt
2210 1204 2385 1261 cilicio
2414 1217 2465 1261 et
2488 1207 2739 1276 precibus
2766 1208 2928 1282 740
2951 1221 3177 1278 possunt
3205 1227 3396 1267 recon-

1812 1294 2009 1359 ciliari,
2058 1305 2117 1350 ut
2145 1306 2406 1352 sanentur
2451 1300 2503 1353 in
2547 1315 2775 1369 corpore
2805 1302 3028 1356 Christi.
3059 1303 3401 1376 Quapropter

1810 1400 1913 1439 nec
1936 1387 2259 1457 negandum,
2284 1389 2426 1460 quod
2459 1393 2829 1462 unusquisque
2865 1404 3084 1449 renatus
3109 1396 3160 1449 in
3188 1396 3402 1452 Christo

1812 1491 1968 1531 suum
1997 1478 2196 1534 habeat
2220 1480 2467 1550 angelum
2498 1484 2799 1561 custodem,
2832 1487 2925 1539 sed
2959 1490 3228 1555 quomodo
3255 1504 3401 1545 sem-

1812 1582 1911 1637 per
1936 1569 2152 1623 videant
2197 1569 2388 1626 facient
2419 1570 2620 1637 Patris,
2651 1573 2717 1629 In
2758 1594 2908 1647 quem
2956 1580 3254 1635 desiderant
3283 1599 3402 1651 pro-

1815 1661 2034 1727 spicere,
2063 1670 2199 1715 teste
2243 1666 2508 1734 apostolo,
2543 1683 2665 1722 cunt
2697 1678 2750 1724 et
2779 1670 2921 1725 Deus
2942 1670 3182 1729 Trinitas
3216 1675 3401 1730 invisi-

136 1762 257 1826 Ileo,
276 1762 372 1821 sed
394 1773 495 1833 per
516 1759 798 1815 Christum
827 1772 1058 1829 quorum
1080 1757 1257 1812 ofﬁcio
1283 1772 1468 1812 coram
1496 1772 1711 1812 summo
1739 1742 1785 1805 Β
1814 1750 1939 1805 bilis
1962 1765 2084 1807 esse
2116 1753 2350 1820 dicatur,
2379 1772 2483 1810 non
2511 1775 2676 1829 parva
2710 1761 2939 1831 qumstio
2982 1774 3084 1829 est,
3128 1766 3229 1821 nisi
3274 1767 3403 1837 quia

137 1852 495 1924 Deoquotidie
528 1853 867 1908 credentium
916 1850 1226 1906 inferuntur
1254 1864 1448 1919 preces
1480 1858 1537 1903 et
1566 1848 1708 1904 refe—

138 1955 315 1998 rentur
348 1944 423 1998 ad
466 1957 574 1997 nos
621 1955 795 2011 usque
847 1942 1161 2012 impetrata.
1209 1940 1554 2011 Quapropter
1609 1939 1711 1995 etsi

142 2035 373 2091 terribile
392 2045 482 2090 ut
508 2048 608 2089 eos
650 2043 1001 2089 contemnere
1042 2033 1288 2103 pusillos,
1334 2032 1426 2101 qui
1460 2032 1711 2086 adhuein

137 2128 233 2184 Ide
254 2127 405 2198 parvi
436 2136 587 2191 sunt,
616 2136 674 2180 et
702 2126 757 2180 in
791 2123 1005 2190 adicio;
1044 2124 1339 2179 terribilius
1359 2131 1444 2178 est
1470 2137 1566 2178 eos
1587 2138 1713 2178 cou-

136 2223 341 2279 culcan
363 2222 459 2294 qui
484 2230 609 2276 vota
631 2220 873 2299 omnium
890 2219 1087 2275 offerre
1105 2220 1379 2283 videntur,
1396 2218 1712 2287 adquorum

136 2312 321 2378 ουσία,
352 2321 415 2365 ut
440 2310 630 2381 plures
651 2311 827 2373 aiunt,
849 2323 1016 2377 super
1036 2321 1098 2363 os
1118 2307 1401 2363 consttuti
1427 2316 1555 2362 sunt
1573 2307 1718 2377 prin-

134 2410 294 2479 cipes,
344 2405 443 2477 qui
495 2416 688 2459 conm
746 2402 913 2474 739
974 2409 1242 2472 peragunt
1297 2401 1502 2469 absque
1551 2398 1716 2453 dubio

135 2495 320 2560 Ma,
353 2495 452 2565 qui
504 2494 698 2549 altaria
738 2507 861 2551 esse
888 2494 1189 2563 probantur
1215 2491 1469 2546 ministri.
1504 2490 1568 2545 Et
1596 2490 1719 2545 ideo

135 2586 587 2657 perinthsiminte
609 2583 689 2637 illi
712 2591 1156 2644 contemnuntur,
1191 2597 1422 2651 quorum
1451 2580 1715 2636 desideria

134 2693 193 2733 ac
216 2676 604 2748 postulationes
632 2673 808 2745 angeli
832 2675 1079 2746 quotidie
1103 2673 1360 2729 oﬂ'erunt.
1391 2674 1526 2741 Quia
1559 2688 1719 2728 nemo

136 2771 434 2825 mortalium
463 2768 647 2823 adhuc
670 2768 727 2822 in
744 2781 919 2822 carne
936 2767 1150 2838 peccati
1186 2781 1283 2836 per
1306 2782 1366 2821 se
1388 2768 1583 2836 dignus
1603 2775 1714 2832 est;

134 2862 333 2917 ideirco
354 2860 639 2931 provisum
680 2867 765 2914 est
812 2874 842 2911 a
892 2857 1321 2913 clementissimo
1372 2858 1481 2912 Deo
1525 2866 1583 2910 ιιι
1624 2872 1722 2927 per

134 2967 322 3008 uiantis
344 2952 664 3022 angulorum
694 2958 819 3005 vota
846 2947 1197 3019 perferantur
1221 2948 1500 3002 hominmn
1524 2956 1581 3003 et
1600 2962 1721 3016 pre-

133 3058 225 3098 ces
250 3045 315 3097 ad
341 3045 519 3113 ipsum
547 3050 814 3096 sternant
857 3038 1183 3094 invisibilem
1218 3038 1385 3092 Deum
1413 3037 1719 3102 ambitiose,

1814 1844 1895 1899 sic
1944 1855 2028 1900 est
2075 1846 2364 1903 invisibilis
2415 1861 2475 1904 nt
2508 1866 2667 1906 nemo
2696 1869 2819 1907 eum
2862 1855 3177 1927 angelorum
3207 1867 3403 1924 totum,

1815 1944 1975 2006 prout
1997 1946 2102 2002 est,
2136 1939 2336 1994 videat.
2368 1939 2566 1997 Vident
2590 1959 2713 1997 cum
2757 1954 2938 2002 tamen
2962 1948 3156 2017 singuli
3187 1964 3397 2014 eorum,

1816 2038 1977 2098 prout
2025 2030 2106 2084 eis
2130 2031 2314 2085 datum
2348 2042 2450 2097 est,
2485 2034 2780 2090 secundum
2834 2037 3186 2093 excellentem
3217 2055 3406 2095 eorum

1817 2130 2065 2175 naturam
2093 2131 2148 2176 et
2174 2126 2427 2191 gratiam.
2462 2127 2534 2181 ita
2569 2136 2627 2182 ut
2656 2144 2756 2184 nec
2792 2145 2947 2185 amor
2974 2140 3027 2185 et
3075 2132 3404 2188 desiderium

1817 2227 2005 2266 eorum
2062 2215 2392 2270 anxietatem
2442 2227 2665 2287 generet
2694 2232 2903 2289 negata:
2934 2221 3183 2288 visionis,
3207 2224 3300 2278 sed
3324 2238 3410 2277 sa-

1820 2304 2087 2369 tietatem,
2118 2315 2170 2359 et
2197 2315 2405 2360 tantttnt
2429 2307 2632 2371 vident,
2662 2319 2927 2379 quantum
2950 2312 3283 2367 desiderant.
3301 2311 3412 2371 Nec

1820 2395 2043 2450 satietas
2097 2396 2320 2450 visionis
2376 2394 2678 2461 fastidium,
2722 2415 2861 2469 quos
2916 2401 3085 2471 replet
3132 2402 3244 2472 ipsa
3279 2404 3413 2478 visio

1822 2488 2106 2552 claritatis,
2131 2487 2304 2545 ail'ert.
2337 2489 2464 2558 quia
2499 2499 2706 2544 tantum
2754 2507 2877 2547 eum
2923 2493 3123 2555 vident,
3150 2502 3413 2562 quantum

1822 2595 2010 2634 eorum
2044 2591 2237 2635 natura
2272 2582 2457 2636 videre
2481 2591 2673 2651 potest,
2708 2595 2763 2637 et
2807 2583 2927 2638 ideo
2954 2585 3022 2640 ad
3063 2586 3166 2641 hoc
3205 2587 3415 2643 deside-

1823 2678 1964 2732 rant.
2001 2681 2059 2726 ut
2088 2688 2211 2727 eunt
2242 2688 2459 2743 semper
2483 2674 2601 2728 sine
2648 2673 2869 2731 fastidio
2894 2686 3097 2731 ament.
3124 2676 3190 2732 Et
3230 2687 3416 2737 amant

1823 2780 1984 2835 quem
2016 2764 2221 2829 vident,
2255 2765 2329 2819 ita
2357 2774 2415 2818 ut
2442 2782 2656 2836 semper
2682 2783 2808 2821 eum
2844 2767 3099 2833 videndo,
3144 2769 3263 2823 sine
3307 2768 3414 2824 ulla

1824 2856 2099 2909 anxietate
2125 2864 2310 2910 ament
2350 2870 2416 2910 ac
2474 2857 2800 2912 desiderent.
2858 2856 3009 2925 Quod
3038 2859 3084 2913 si
3131 2858 3415 2929 quaeritur,

1824 2945 1951 3013 quid
1985 2955 2151 3015 agunt
2200 2946 2416 3015 quando
2444 2947 2511 3001 ad
2559 2962 2658 3002 nos
2710 2948 2957 3014 veniunt,
3006 2959 3262 3018 utrumne
3290 2966 3414 3007 eum

1824 3038 2079 3092 videant?
2104 3037 2448 3093 Credendum
2478 3048 2585 3103 est,
2619 3041 2760 3109 quod
2789 3057 3064 3111 nunquam
3096 3041 3199 3095 nisi
3248 3044 3299 3096 in
3352 3058 3418 3098 eo

136 3143 193 3188 ut
212 3134 476 3204 quidquid
503 3132 689 3191 atinas
714 3138 798 3185 est
815 3130 973 3185 nobis
1000 3130 1054 3183 in
1080 3137 1293 3193 natura,
1316 3130 1411 3183 tiat
1437 3138 1721 3198 acceptum
1750 3122 1795 3185 C
1829 3143 1975 3197 sunt,
2022 3133 2146 3202 quia
2174 3146 2273 3201 per
2311 3149 2434 3187 eum
2480 3144 2707 3188 currunt
2730 3142 2785 3188 et
2829 3135 3051 3189 veniunt
3098 3135 3188 3203 qui
3220 3135 3416 3206 ubique

136 3226 455 3282 sacriﬁcium
476 3234 729 3281 nostrum
755 3238 822 3279 ex
848 3222 1092 3292 angelico
1130 3221 1414 3276 faumlatu.
1444 3219 1498 3275 In
1523 3222 1720 3291 quibus

134 3316 373 3387 profecto
415 3317 602 3371 verbis
650 3323 708 3369 et
749 3314 1037 3370 sententiis
1086 3329 1150 3369 ac
1186 3312 1370 3369 dietis.
1398 3314 1573 3368 multa
1594 3322 1722 3370 sunt

135 3421 254 3477 quae
278 3425 310 3461 a
332 3407 519 3462 multis
548 3415 926 3477 proponuntur
949 3406 1019 3460 de
1054 3406 1139 3460 his
1162 3414 1219 3461 et
1245 3417 1592 3475 quaeruntur,
1624 3407 1722 3461 sed

129 3514 240 3555 nos
263 3507 551 3567 utramque
591 3499 733 3551 viam
764 3506 1139 3567 temperantes
1164 3512 1333 3567 pauca
1364 3499 1432 3552 de
1476 3499 1725 3568 plurimis

130 3591 431 3661 elegimus,
479 3591 531 3643 in
578 3589 779 3660 quibus
814 3604 948 3644 vera
987 3590 1235 3645 doctrina
1287 3591 1721 3646 commendetur.

128 3684 205 3737 Ct
231 3693 415 3737 rerum
439 3682 530 3752 qui
558 3682 745 3736 volunt.
769 3690 1017 3737 astruere
1040 3681 1109 3737 de
1138 3681 1378 3752 parvulis
1404 3683 1457 3735 in
1487 3681 1725 3737 Ecclesia

132 3773 239 3827 hoc
271 3774 478 3827 dictum
496 3786 640 3835 esse,
664 3773 855 3827 dicunt
878 3773 1021 3842 quod
1065 3784 1175 3826 non
1225 3773 1417 3827 habuit
1470 3788 1728 3827 necessa-

131 3865 279 3917 rium
308 3862 561 3919 Christus
588 3863 848 3917 mandare
877 3863 946 3917 de
968 3865 1181 3934 magnis
1221 3871 1275 3919 et
1308 3862 1729 3933 perfectiorihus

134 3952 389 4009 ﬁdi-liba
444 3968 554 4010 non
618 3955 1068 4020 contemnendis,
1133 3956 1228 4009 sed
1294 3955 1616 4025 simpliciter
1665 3956 1731 4011 de

126 4045 431 4114 pusillisia
462 4045 592 4109 ﬁde.
623 4043 778 4100 Unde
816 4060 917 4100 nec
963 4046 1169 4100 dixisse
1217 4043 1390 4111 aiunt,
1442 4063 1549 4101 non
1598 4062 1731 4101 con-

134 4137 401 4192 test-natis
422 4152 597 4192 unum
622 4137 689 4191 de
717 4136 834 4191 istis
857 4138 1132 4202 omnibus,
1162 4138 1255 4191 sed
1282 4153 1447 4191 unum
1470 4139 1537 4193 de
1561 4138 1730 4208 pusil-

128 4226 199 4283 lis
224 4229 377 4295 isis,
407 4243 548 4299 quos
572 4229 690 4298 ipse
717 4228 1078 4299 cognoscebat
1107 4227 1333 4297 pusillos
1354 4244 1495 4283 esse.
1528 4228 1734 4283 Simili-

130 4327 216 4372 ter
235 4327 300 4375 et
321 4319 419 4388 qui
446 4317 677 4388 perfecti
702 4327 833 4372 sunt
868 4329 929 4372 ut
975 4318 1175 4373 Paulus
1225 4320 1524 4388 apostolus,
1552 4320 1644 4388 qui
1676 4335 1736 4375 se

127 4407 419 4463 minimum
444 4415 604 4463 vocat
629 4411 985 4475 apostolorum
1011 4407 1061 4479 (Ι
1098 4406 1221 4463 Cor.
1261 4424 1348 4473 xv,
1375 4408 1452 4480 9),
1480 4410 1735 4464 scandala

1824 3237 1926 3291 est,
1953 3236 2007 3281 et
2043 3226 2163 3280 ideo
2190 3241 2469 3296 nunquam
2499 3226 2568 3281 ab
2598 3227 2713 3297 ejus
2759 3227 2967 3282 visione
3009 3229 3287 3282 recedunt.
3318 3228 3418 3283 Fa—

1824 3317 1960 3371 ciem
1987 3324 2168 3371 autetn
2218 3315 2400 3370 Patris
2432 3332 2593 3384 quam
2618 3314 2824 3383 vident,
2869 3314 3031 3371 more
3062 3318 3280 3372 humani
3308 3318 3418 3373 elo-

1825 3407 1935 3476 qttii
1965 3405 2218 3475 appellat,
2253 3421 2357 3459 non
2385 3404 2530 3474 quod
2560 3406 2613 3458 in
2658 3404 2847 3469 Patre,
2878 3414 2971 3459 aut
3006 3406 3056 3470 in
3106 3406 3194 3459 illa
3226 3407 3420 3461 indivi-

1828 3498 1931 3551 dua
1965 3496 2230 3549 Trinitate
2263 3494 2465 3563 aliquid
2496 3509 2817 3564 corporeum
2858 3497 2950 3560 sit,
2983 3495 3068 3549 vel
3114 3496 3215 3549 ulla
3248 3498 3419 3551 liuea-

1828 3596 2007 3643 ntenta
2032 3586 2296 3656 corporis,
2322 3588 2414 3642 sed
2449 3586 2640 3641 facient
2688 3586 2866 3643 Patris
2908 3589 3140 3659 scipsum
3174 3589 3421 3647 Christus

1830 3689 2009 3744 vocat,
2037 3696 2197 3750 quem
2229 3694 2446 3749 semper
2471 3679 2652 3733 vident
2674 3680 2851 3749 angeli
2884 3690 2937 3734 et
2980 3697 3078 3751 per
3125 3696 3285 3750 quem
3316 3682 3421 3737 Pa-

1829 3782 1968 3827 trem
1999 3773 2216 3835 vident;
2249 3771 2374 3840 quia
2405 3772 2544 3825 sicut
2578 3785 2736 3825 nemo
2772 3770 2921 3825 venit
2949 3772 3015 3825 ad
3048 3766 3284 3837 Patrem,
3320 3771 3422 3828 nisi

1830 3881 1931 3935 per
1951 3863 2175 3928 Filium,
2205 3863 2276 3917 ita
2302 3878 2462 3917 nemo
2484 3862 2630 3917 videt
2674 3861 2917 3928 Patrem,
2949 3863 3051 3918 nisi
3107 3879 3205 3935 per
3249 3866 3423 3935 ipsum

1835 3954 2066 4019 Filium;
2097 3952 2222 4022 quia
2275 3969 2434 4008 nemo
2486 3954 2633 4008 novit
2673 3954 2846 4020 ipsum
2897 3954 3000 4008 nisi
3034 3952 3220 4019 Filius,
3255 3954 3423 4011 eteui

1835 4046 2067 4101 voluerit
2093 4045 2264 4100 Filius
2289 4045 2527 4099 revelare
2547 4044 2731 4117 (Joun.
2759 4062 2871 4112 tuv;
2900 4045 3028 4101 Luc.
3063 4047 3138 4118 χ).
3450 4038 3462 4052 ’

1916 4136 2066 4190 Venit
2090 4140 2227 4190 enim
2267 4134 2439 4190 Filius
2473 4136 2701 4191 hominis
2756 4135 2963 4191 salvare
2999 4138 3139 4208 quod
3178 4137 3425 4208 perierat.

1839 4230 1975 4297 Quia
2004 4230 2237 4290 dixerat.
2268 4228 2450 4284 Videte
2476 4248 2539 4285 ne
2574 4233 2919 4286 contemnutis
2943 4249 3104 4286 unum
3136 4249 3201 4287 ex
3223 4231 3428 4301 pusillis

1839 4321 1974 4385 istis,
2015 4321 2136 4374 ideo
2184 4320 2450 4390 adjungit,
2498 4321 2646 4390 quia,
2681 4319 2830 4375 Venit
2866 4318 3041 4375 Filius
3070 4322 3295 4375 hominis
3324 4319 3429 4383 δαίς-

1843 4428 1963 4466 vare
1986 4412 2126 4482 quod
2156 4412 2409 4480 perierat;
2438 4427 2503 4467 ac
2528 4413 2571 4465 si
2596 4414 2820 4476 diceret,
2848 4413 3150 4482 venitquod
3175 4412 3427 4483 pusillum

128 4500 388 4569 recipere
414 4513 525 4556 non
558 4508 785 4569 pomum
814 4516 828 4552 :
857 4500 1114 4568 quoniam
1143 4515 1251 4570 pax
1278 4501 1445 4553 multa
1474 4500 1736 4570 diligenti-
1766 4481 1815 4541 Ι)
1842 4509 1925 4554 est
1947 4481 2190 4571 qtnercre
2214 4509 2269 4553 et
2298 4500 2540 4562 salvare;
2567 4501 2687 4555 ideo
2717 4503 2889 4573 magis
2926 4481 3039 4570 jam
3090 4481 3233 4572 quod
3256 4501 3429 4557 salva-

121 4590 225 4649 6η
247 4592 451 4662 legem,
470 4598 520 4647 ει
540 4607 646 4646 non
663 4601 743 4645 est
760 4589 868 4645 illis
887 4591 1201 4647 scandalum
1220 4591 1392 4662 (Prol.
1409 4606 1602 4656 cxvttt,
1624 4593 1731 4667 ιϐ).

126 4681 346 4743 Tamen
394 4682 556 4752 jura
604 4681 945 4743 Ezechielettt
998 4690 1176 4751 potest
1221 4696 1342 4739 esse
1384 4683 1582 4752 justus,
1641 4683 1736 4754 qui

119 4786 407 4846 operatus
451 4775 527 4833 ait
571 4774 870 4833 secludunt
919 4774 1100 4828 omnia
1152 4788 1273 4843 qua
1329 4775 1544 4845 operari
1602 4776 1738 4830 solet

112 4866 334 4935 insul.
370 4865 498 4927 insi
530 4865 821 4923 recesserit
864 4878 900 4920 tt
940 4864 1218 4919 mandatis
1247 4864 1342 4919 Dei
1374 4876 1434 4920 et
1458 4863 1650 4921 fecerit
1672 4881 1736 4921 ea

117 4973 251 5029 qua
276 4956 664 5026 nominatius
692 4956 933 5024 tux-rari,
958 4957 1170 5027 priores
1186 4955 1602 5025 iustificationes
1620 4957 1741 5027 ejus

116 5048 411 5111 ddisioni
444 5047 754 5107 tmduntur.
778 5046 886 5114 Qui
924 5047 1029 5102 nisi
1079 5056 1264 5117 posset
1302 5048 1660 5104 seandalizari
1690 5058 1745 5105 et

115 5142 191 5199 de
210 5142 407 5203 bouis
429 5148 489 5195 et
514 5139 727 5197 sanctis
742 5138 1002 5208 operibus
1025 5139 1092 5194 ad
1120 5140 1304 5209 iniqua
1328 5140 1581 5206 transire,
1602 5140 1746 5196 sicut

112 5250 149 5292 ε
174 5232 495 5292 contrario
509 5241 571 5288 et
589 5231 659 5288 de
674 5231 832 5293 malis
854 5231 921 5287 ad
938 5232 1102 5297 bona,
1127 5247 1467 5302 nequaquam
1486 5235 1742 5303 propheta

108 5329 258 5386 talia
291 5325 690 5401 proposuisset
715 5332 907 5381 contra
933 5325 1331 5395 speculatorem
1363 5338 1393 5377 a
1428 5341 1536 5395 quo
1566 5327 1745 5381 anima

110 5421 488 5495 requirenda
518 5427 794 5476 censetur.
824 5417 1070 5474 Tradunt
1099 5430 1283 5475 autem
1330 5429 1388 5474 et
1427 5420 1591 5474 alium
1618 5436 1743 5475 sett-

109 5529 275 5580 am,
302 5526 454 5570 cum
481 5510 579 5576 ait,
604 5508 689 5567 Ne
714 5511 1058 5564 murmuris
1082 5525 1247 5564 unum
1276 5511 1342 5565 de
1376 5510 1582 5580 pusillis
1609 5511 1745 5565 istis.

106 5608 291 5677 Quod
320 5606 467 5663 ideo
492 5605 715 5669 dixerit,
743 5604 870 5674 quia
895 5618 995 5673 per
1016 5618 1235 5658 manum
1263 5611 1317 5659 et
1332 5605 1525 5675 pedem
1549 5618 1626 5666 se,
1644 5618 1750 5657 non

100 5696 705 5767 “quaslibet
730 5709 890 5753 caros
912 5703 973 5751 et
990 5694 1219 5759 eximios
1263 5695 1319 5750 in
1342 5694 1582 5751 Ecclesia
1611 5696 1753 5764 posi-

1846 4600 1958 4646 tum
1982 4601 2066 4646 est
2093 4607 2189 4662 per
2219 4593 2398 4656 fidem,
2424 4593 2591 4647 nolite
2618 4593 2862 4663 perdere.
2888 4592 3145 4663 Sequitur
3172 4610 3188 4647 :

1919 4684 2059 4750 Quid
2087 4684 2225 4737 vobis
2254 4684 2476 4746 videtur,
2500 4686 2543 4737 si
2572 4686 2765 4754 [uer-int
2798 4684 2958 4739 alicui
2989 4696 3193 4740 centum
3217 4702 3354 4750 oves,
3381 4694 3431 4740 et

1847 4776 1893 4829 si
1922 4776 2171 4828 erraverit
2196 4791 2300 4828 una
2323 4790 2388 4827 ex
2414 4774 2507 4839 eis,
2565 4791 2735 4830 nonne
2778 4776 3030 4847 relinquet
3064 4776 3347 4846 nonaginta
3377 4775 3431 4829 in

1848 4866 2139 4933 montibus,
2182 4876 2229 4921 et
2284 4866 2433 4921 vadet
2469 4884 2703 4939 querere
2739 4884 2855 4923 eam
2898 4884 3016 4940 qum
3053 4868 3278 4929 erravit;
3303 4875 3353 4921 et
3385 4867 3431 4925 si

1849 4961 2125 5032 contigerit
2156 4969 2211 5013 ut
2267 4960 2494 5014 inveniat
2534 4977 2671 5026 cum,
2721 4970 2826 5016 etc.
2870 4959 3072 5015 Eadem
3118 4957 3344 5029 replicat
3379 4966 3435 5014 et

1850 5051 2148 5108 reinculcat
2167 5066 2288 5121 quae
2318 5065 2479 5120 supra
2506 5050 2737 5114 dixerat,
2764 5058 2823 5105 ut
2840 5064 2998 5104 nemo
3014 5063 3108 5103 eos
3122 5053 3434 5102 contemnat

1849 5158 1985 5216 quos
2015 5143 2161 5199 venit
2207 5141 2377 5197 Filius
2428 5142 2667 5198 hominis
2714 5156 2957 5213 quaarere
2996 5148 3051 5195 et
3102 5139 3334 5204 salvere,
3380 5142 3436 5193 et

1850 5238 1905 5291 in
1936 5236 2177 5291 humeris
2230 5236 2343 5290 suis
2371 5249 2435 5290 ac
2466 5234 2510 5290 si
2544 5246 2728 5304 pastor
2762 5243 3040 5303 reportare
3087 5233 3152 5288 ad
3193 5244 3431 5303 gregem,

1852 5338 1911 5383 ut
1937 5344 2002 5385 ex
2034 5330 2136 5383 hoc
2162 5327 2457 5382 insinuaret
2485 5342 2645 5396 quam
2687 5324 3202 5396 periculosissimum
3232 5324 3303 5377 sit
3341 5337 3436 5377 eos

1850 5430 2199 5477 contemnere
2228 5436 2364 5489 quos
2399 5419 2669 5483 Christus,
2718 5426 2901 5485 pastor
2928 5416 3133 5480 ovium,
3159 5430 3282 5470 eum
3315 5422 3433 5469 tan-

1854 5521 1906 5566 ta
1938 5511 2096 5584 751
2123 5510 2395 5582 diligentia
2428 5509 2674 5578 quaesivit
2705 5507 2756 5561 in
2784 5506 2966 5573 terris,
2996 5515 3054 5561 ut
3087 5521 3180 5561 eos
3206 5505 3438 5576 propriis

1855 5604 2094 5658 humeris
2118 5611 2416 5672 reportaret
2439 5601 2504 5653 ad
2527 5598 2693 5654 etelos
2721 5607 2775 5654 et
2806 5601 2871 5653 ad
2900 5600 3231 5655 consortium
3254 5612 3439 5669 super-

1857 5709 2050 5750 norum
2082 5693 2304 5756 civium,
2337 5705 2566 5760 quorum
2608 5690 2784 5763 angeli
2805 5706 3006 5759 semper
3046 5690 3221 5745 vident
3250 5689 3438 5756 faciem
