4008 6354
1477 293 1535 348 S.
1573 290 1932 349 PASCHASII
1968 287 2321 347 RADBEBTI
2355 285 2647 344 ABBATIS
2683 286 3134 346 CORBEIENSIS
3775 302 3853 359 om

667 398 873 476 Patris,
903 419 1042 478 quos
1068 406 1288 477 reliquit
1333 407 1625 476 nonaginta
1651 415 1707 460 et
1750 421 1945 461 novem
1971 407 2025 460 in
2055 406 2255 460 monti-
2281 408 2336 467 Α
2359 400 2494 455 Nam
2520 401 2639 455 ovis
2666 400 2754 455 illa
2793 416 2914 471 quae
2942 402 3154 472 perdita
3177 408 3261 456 est
3306 402 3358 456 in
3383 404 3562 471 Adam,
3595 408 3856 475 inventale.

664 502 790 567 bus,
818 508 912 556 aut
938 501 989 554 in
1014 501 1249 564 deserto,
1272 509 1326 552 et
1349 499 1671 553 venitunam
1693 513 1938 566 quaerere
1961 514 2083 567 quae
2107 513 2251 552 erra-

663 600 839 647 verat.
870 591 953 647 Ad
980 591 1084 645 hoc
1137 589 1335 660 quippe
1369 598 1576 643 tantum
1621 596 1914 659 exaggerat
1941 590 2257 658 dignitatem

663 691 868 741 nostrae
917 680 1319 750 redemptionis,
1350 695 1416 734 ne
1463 688 1880 734 contemnantur
1913 679 2055 733 male
2082 680 2171 748 qui
2206 680 2258 732 iu

665 773 884 830 Christo
909 772 1162 838 credunt,
1211 787 1442 841 quorum
1485 781 1569 826 est
1619 772 1733 841 ipse
1778 779 1985 841 pastor.
2033 770 2259 841 Propter

666 882 805 938 quos
843 865 1065 935 reliquit
1099 864 1401 935 angelicam
1447 864 1762 934 dignitatem
1815 863 1869 917 in
1922 864 2256 929 caelestibus,

663 973 898 1028 quorum
922 965 1050 1012 sunt
1074 956 1175 1027 ipsi
1198 964 1484 1011 consortes
1498 954 1708 1025 angeli;
1738 954 1865 1009 etin
1894 969 2081 1009 eorum
2102 956 2261 1008 obse-

665 1050 808 1120 quiis
834 1057 892 1103 ut
923 1049 1255 1113 ministrent,
1282 1064 1313 1103 a
1345 1048 1477 1113 Deo,
1505 1063 1696 1117 preces
1718 1056 1776 1101 et
1795 1057 1917 1107 vota
1936 1047 1994 1100 in
2022 1048 2259 1102 ministe-

668 1139 755 1194 rio
787 1138 1047 1209 deputati.
1074 1136 1227 1193 Unde
1258 1136 1441 1191 Daniel
1482 1137 1557 1191 ait
1597 1137 1650 1190 in
1681 1136 1889 1190 visione
1910 1151 2004 1190 sua
2042 1154 2053 1188 :
2086 1134 2260 1189 Millia

666 1230 890 1285 millium
914 1228 1281 1283 ministrabant
1304 1230 1373 1294 ei,
1401 1238 1448 1282 et
1493 1228 1663 1281 decies
1686 1236 1901 1281 centena
1932 1225 2098 1279 millia
2128 1227 2262 1281 assi-

664 1322 868 1377 stebant
894 1323 942 1375 ei
992 1321 1152 1392 (Dan.
1191 1336 1243 1385 v,
1278 1320 1383 1389 10).
1418 1319 1552 1387 Quia
1584 1320 1686 1374 etsi
1717 1319 1809 1373 alii
1847 1328 1973 1373 sunt
2002 1318 2095 1386 qui
2125 1317 2262 1371 assi-

665 1421 836 1476 stunt,
880 1411 970 1465 alii
1009 1421 1187 1466 tamen
1221 1412 1314 1481 qui
1351 1411 1665 1466 ministrant
1698 1411 1753 1464 in
1804 1410 2112 1465 ministerio
2159 1424 2260 1479 po-

664 1504 781 1569 siti,
828 1511 883 1557 et
911 1518 1125 1573 semper
1152 1502 1338 1557 vident
1380 1501 1577 1557 faciem
1627 1501 1825 1556 Patris.
1879 1500 2051 1555 Homo
2078 1510 2259 1555 autem

664 1594 768 1650 iste
798 1594 951 1662 juxta
988 1594 1216 1659 Lucam,
1256 1604 1419 1665 quem
1452 1593 1737 1648 Matthaaus
1767 1592 2137 1648 indiﬂ‘erenter
2162 1608 2259 1663 po-

665 1686 793 1749 suit,
828 1686 942 1755 ipse
977 1685 1227 1741 Christus
1255 1696 1357 1751 est,
1386 1685 1479 1755 qui
1508 1685 1656 1739 venit
1694 1700 1941 1754 quaerere
1965 1684 2110 1753 quod
2136 1698 2260 1752 per-

2362 504 2523 549 vatur
2566 512 2596 549 a
2632 495 2870 559 Christo,
2916 504 2972 550 et
3001 495 3236 566 propriis
3264 495 3377 565 ejus
3410 498 3642 566 humeris,
3670 514 3718 557 ut
3755 507 3855 574 diu,

2363 584 2635 652 imposita,
2661 585 2785 654 quia
2817 584 3067 655 languida
3096 602 3159 641 ac
3182 585 3343 652 lassa,
3371 588 3543 644 multis
3564 602 3726 647 vexata
3746 612 3855 652 mor.

2363 675 2445 729 bis
2494 691 2589 745 per
2638 691 2697 730 se
2728 676 2907 732 redire
2941 692 3049 731 non
3085 686 3315 746 poterat,
3350 693 3516 748 neque
3560 695 3646 750 per
3682 682 3856 741 liberum

2363 766 2668 829 arbitrium,
2704 776 2763 822 ut
2813 768 3037 839 quidam
3086 768 3231 824 male
3281 770 3526 824 sentiunt.
3559 770 3682 843 Ergo
3703 772 3854 830 levatui

2364 857 2419 912 iu
2471 856 2714 912 humeris
2763 856 2901 925 ejus,
2955 858 3010 914 in
3046 858 3242 928 quibus
3275 858 3444 915 lactus
3486 869 3563 916 est
3595 864 3863 936 principatus

2362 947 2523 1002 etiam
2546 949 2832 1020 gloriosus.
2866 949 2968 1017 Qui
3012 950 3256 1020 profecto
3282 951 3484 1007 humeri
3509 954 3668 1009 crucis
3691 956 3861 1013 brachia

2364 1050 2523 1105 sunt;
2554 1042 2661 1096 illic
2690 1052 2875 1097 nostra
2908 1053 3131 1113 peccata
3164 1045 3379 1100 sustulit
3399 1056 3454 1100 et
3475 1049 3711 1115 portavit;
3733 1049 3774 1105 in
3798 1051 3860 1105 illa

2365 1134 2531 1189 nobili
2563 1136 2776 1191 cervice
2798 1136 2871 1204 pii
2895 1138 3154 1206 pastoris,
3184 1137 3388 1193 nobiles
3414 1137 3533 1192 iacti
3550 1142 3861 1210 requiescimus

2365 1236 2418 1280 et
2446 1236 2751 1296 portamur,
2784 1228 2873 1282 ubi
2910 1231 3158 1298 quamvis
3199 1246 3304 1285 una
3348 1231 3552 1286 dicatur
3572 1233 3694 1298 ovis,
3722 1250 3859 1290 omnes

2364 1316 2586 1384 fuimus,
2613 1321 2740 1389 quia
2765 1336 2955 1376 omnes
2985 1338 3151 1376 unum
3185 1337 3381 1393 corpus
3421 1338 3615 1388 sumus,
3641 1326 3858 1382 sedmulta

2364 1410 2628 1463 membra.
2660 1410 2817 1466 Dives
2844 1412 3008 1481 igitur
3028 1421 3213 1483 pastor
3236 1421 3435 1478 noster,
3456 1412 3602 1482 cujus
3621 1431 3706 1470 nos
3723 1432 3859 1473 omnes

2366 1500 2664 1555 centesima
2686 1502 2869 1570 portio
2889 1502 2979 1556 vix
3002 1517 3204 1558 sumus.
3224 1502 3398 1558 Habet
3412 1520 3628 1574 namque
3641 1507 3859 1576 nonaginta

2362 1606 2560 1646 novem
2586 1608 2717 1647 oves
2746 1593 2803 1647 in
2833 1594 3086 1663 supernis
3123 1594 3419 1659 montibus,
3445 1595 3530 1649 ubi
3554 1611 3735 1651 amoma
3756 1612 3857 1651 sein-

2360 1697 2459 1752 per
2488 1688 2616 1736 sunt
2637 1696 2856 1751 pascua,
2890 1697 3213 1753 semperque
3259 1684 3507 1738 virentia.
3532 1683 3596 1739 Et
3616 1686 3857 1749 notandum,

663 1774 820 1839 ierat,
851 1791 951 1846 per
994 1776 1098 1831 hoc
1131 1776 1298 1846 quod,
1339 1773 1560 1829 Verbum
1591 1791 1715 1828 caro
1741 1774 1941 1844 factum
1967 1785 2065 1839 est,
2096 1784 2142 1827 et
2172 1779 2268 1828 Ita-
2295 1767 2343 1827 B
2370 1776 2514 1844 quod
2566 1784 2622 1829 et
2662 1774 2854 1845 Angeli
2893 1776 3055 1830 etiam
3107 1775 3208 1846 ipsi
3254 1790 3384 1831 oves
3410 1784 3671 1839 vocantur,
3696 1792 3859 1846 quorum

665 1866 845 1922 bitaoit
873 1868 930 1922 in
959 1868 1107 1922 nobis
1130 1867 1311 1938 (Joan.
1341 1884 1380 1932 ι,
1412 1866 1523 1938 14).
1560 1866 1732 1922 Unam
1764 1880 1894 1936 ergo
1927 1881 2083 1920 ovem
2112 1866 2261 1920 venit

665 1972 931 2029 quaerere,
957 1974 1077 2029 qua:
1096 1958 1318 2013 omnino
1349 1972 1548 2028 genere
1571 1967 1658 2012 est
1693 1973 1799 2012 una
1831 1965 1886 2011 et
1914 1972 2020 2011 non
2058 1958 2260 2027 specie,

666 2068 733 2108 eo
762 2053 908 2122 quod
932 2066 1030 2121 per
1075 2051 1218 2106 hanc
1242 2067 1405 2105 unam
1441 2064 1597 2105 ovem
1636 2065 1806 2129 omne
1854 2065 2024 2122 genus
2072 2064 2260 2104 eorum

669 2145 942 2215 designat,
969 2144 1059 2214 qui
1094 2144 1340 2214 requisiti
1375 2152 1431 2199 et
1475 2143 1684 2198 inventi
1715 2150 2062 2213 reportentur
2092 2158 2122 2195 a
2156 2142 2259 2197 Do-

667 2237 819 2291 mino
840 2237 1080 2307 quotidie
1110 2237 1177 2290 ad
1203 2250 1443 2307 gregem.
1478 2237 1543 2290 Et
1568 2238 1671 2290 hoc
1702 2244 1786 2291 est
1809 2235 1954 2306 quod
1998 2235 2211 2289 dixerat
2245 2254 2257 2288 :

678 2325 832 2382 Venit
857 2326 1032 2381 Filius
1065 2328 1292 2381 hominis
1328 2327 1532 2381 salvare
1552 2326 1692 2397 quod
1710 2327 1935 2396 perierat
1962 2324 2111 2397 (Luc.
2145 2342 2259 2391 xix,

667 2418 862 2488 lO).De
874 2433 979 2487 qua
992 2417 1245 2472 nimirum
1262 2432 1362 2472 ove
1381 2406 1547 2471 David
1562 2417 1821 2488 plangens
1833 2426 1888 2471 et
1901 2417 2090 2470 dolens
2107 2416 2264 2486 longe

669 2517 820 2564 retro
853 2508 1070 2563 dicebat
1096 2523 1110 2561 :
1141 2507 1333 2561 Erravi
1354 2509 1487 2562 sicut
1520 2508 1627 2562 ovis
1655 2524 1773 2577 qua:
1810 2508 2057 2577 perierat,
2088 2524 2264 2578 quam

667 2615 873 2655 servum
903 2609 1073 2663 tuum,
1101 2597 1324 2651 Domine
1369 2595 1541 2669 (Psal.
1573 2612 1762 2661 cxvm,
1814 2596 1959 2666 176).
1993 2596 2100 2651 Sed
2134 2597 2264 2666 quid

668 2691 760 2747 ille
787 2692 978 2747 orabat
1026 2692 1357 2761 evangelista
1409 2690 1602 2761 probat
1631 2699 1687 2744 et
1738 2689 1894 2753 dicit,
1942 2689 2070 2758 quia
2104 2690 2265 2744 homo

668 2781 847 2836 factus
870 2791 956 2837 est
983 2780 1097 2848 jam
1134 2781 1388 2851 implesse
1414 2797 1535 2850 qua:
1570 2780 1842 2849 Pr0pheta
1868 2796 2093 2849 gemens
2143 2796 2264 2833 ora-

669 2872 765 2926 bat
797 2891 809 2924 :
842 2871 1035 2938 Quaere
1078 2886 1296 2925 servum
1339 2879 1487 2924 tuum
1522 2909 1537 2935 ,
1597 2870 1848 2936 Domine,
1902 2871 2033 2938 quia
2082 2869 2266 2923 erravi

671 2963 815 3018 sicut
855 2963 973 3017 ovis
1024 2977 1145 3031 qua:
1202 2962 1463 3031 perierat.
1516 2961 1801 3016 Seutiebat
1845 2976 1904 3015 se
1955 2964 2266 3031 patriarcha

672 3054 846 3111 David
883 3055 936 3108 in
967 3054 1142 3108 Adam
1173 3053 1313 3109 male
1358 3068 1573 3109 errasse
1601 3069 1667 3109 ac
1716 3054 2034 3125 deperiisse,
2064 3056 2265 3113 idcirco

2369 1864 2619 1921 Christus
2642 1874 2726 1920 est
2751 1873 2956 1936 pastor,
2986 1874 3042 1921 et
3084 1866 3189 1936 ipsi
3213 1881 3345 1921 oves
3369 1873 3423 1921 et
3447 1866 3582 1937 agni.
3611 1864 3708 1922 Non
3733 1877 3859 1922 tamen

2368 1971 2401 2011 a
2447 1966 2642 2011 natura
2686 1972 2816 2012 oves
2841 1956 3018 2026 angeli
3067 1965 3213 2022 sunt,
3242 1957 3388 2013 sicut
3433 1972 3529 2012 nec
3556 1956 3860 2019 homines,sed

2368 2049 2597 2121 ﬁgurate
2631 2050 2908 2117 dicuntur,
2929 2066 2997 2107 eo
3025 2052 3171 2122 quod
3194 2067 3385 2108 eorum
3411 2052 3637 2107 omnium
3673 2052 3859 2106 innocen-

2368 2142 2440 2196 tia
2471 2141 2740 2198 indefessa
2777 2144 3023 2211 sequitur
3045 2143 3326 2199 Christum
3355 2158 3548 2213 agnum
3582 2143 3702 2198 inter
3722 2154 3860 2211 pascua

2364 2233 2513 2299 vitae,
2543 2233 2844 2289 etdeducit
2892 2233 3013 2289 illos
3041 2234 3157 2304 ipse
3204 2235 3277 2290 ad
3306 2233 3481 2290 fontes
3507 2248 3750 2303 aquarum.
3793 2230 3862 2288 Ubi

2366 2325 2413 2380 si
2463 2326 2682 2395 quieris,
2720 2324 2912 2392 lector,
2947 2341 3049 2381 cur
3074 2324 3373 2397 nonaginta
3400 2334 3455 2381 et
3491 2339 3665 2380 novem
3685 2336 3786 2379 ores
3809 2321 3862 2376 di-

2366 2427 2562 2474 cuntur
2590 2418 2793 2473 relictze
2837 2420 2891 2474 iu
2928 2418 3220 2481 montibus,
3248 2433 3375 2474 cum
3404 2415 3773 2473 innumerabiles
3791 2413 3863 2468 sint

2366 2527 2559 2583 greges
2589 2511 2642 2565 in
2676 2527 2742 2565 eo
2767 2511 2984 2567 deserto
3011 2526 3149 2582 quos
3179 2512 3421 2581 reliquit,
3450 2510 3647 2567 noveris
3665 2508 3765 2579 quia
3778 2507 3861 2561 ideo

2368 2590 2441 2656 de.
2455 2600 2701 2671 plurimis
2724 2617 2843 2671 quae
2881 2601 3107 2657 dicenda
3153 2610 3318 2656 erant
3344 2616 3512 2672 pauca
3539 2600 3861 2670 carpamus,»

2367 2692 2512 2760 quod
2539 2692 2656 2745 haec
2683 2691 2940 2760 parabola
2986 2692 3414 2761 praecedentium
3441 2692 3644 2747 Patrum
3670 2689 3791 2746 dictis
3811 2685 3861 2740 la-

2368 2782 2677 2837 mosissime
2697 2782 2982 2852 explanata
3001 2791 3109 2848 est,
3125 2798 3235 2838 non
3262 2784 3444 2839 minus
3460 2782 3732 2839 Graecorum
3751 2791 3861 2849 quin

2368 2872 2687 2928 Latinorum
2740 2875 3078 2930 tractatibus.
3131 2874 3243 2930 Sed
3288 2876 3415 2946 quia
3453 2889 3629 2930 omnes
3662 2872 3862 2930 dixerunt.

2368 2965 2513 3035 quod
2548 2965 2637 3019 hic
2668 2964 2853 3020 finitus
2883 2981 3144 3023 numerus
3182 2982 3291 3037 pro
3324 2966 3532 3023 inﬁnito
3578 2964 3750 3036 positus
3784 2962 3861 3014 sit:

2370 3054 2741 3123 quierendum,
2786 3069 2956 3124 quare
2985 3056 3289 3126 nonaginta
3312 3068 3370 3113 et
3397 3071 3581 3112 novem
3626 3061 3790 3109 tantum
3809 3063 3864 3104 re-

675 3150 893 3205 dicebat
921 3166 935 3203 :
965 3148 1158 3203 Erran
1174 3150 1306 3203 sicut
1329 3150 1436 3204 ovis
1458 3166 1574 3221 qui:
1597 3151 1769 3221 periit.
1795 3150 1930 3217 Quia
1961 3151 2015 3205 in
2040 3151 2129 3205 illo
2151 3151 2266 3220 ipso
2294 3127 2341 3189 ο
2373 3142 2513 3197 liCL’B
2543 3142 2831 3197 dicuntur?
2866 3144 2985 3199 Non
3034 3145 3200 3215 igitur
3253 3146 3463 3212 dubito,
3511 3144 3641 3216 quod
3672 3138 3863 3198 εθηιθηιίι

679 3241 855 3297 Adam
882 3257 941 3296 se
991 3241 1288 3311 deperiisse
1335 3242 1546 3297 sciebat
1573 3251 1629 3297 et
1676 3244 1999 3309 aberrasse;
2046 3245 2173 3314 quia
2203 3243 2271 3298 In

674 3332 848 3389 Adam
874 3350 1051 3388 omnes
1066 3335 1377 3388 moriuntur
1401 3333 1453 3406 (1
1485 3332 1610 3389 Cor.
1642 3351 1734 3400 xv,
1767 3335 1878 3405 ‘22),
1912 3344 2066 3407 rogat
2090 3344 2150 3389 ut
2172 3351 2271 3405 per

678 3426 955 3482 Christum
1000 3442 1194 3483 omnes
1245 3427 1613 3482 viviﬁcentur.
1668 3426 1819 3484 Unde
1848 3438 1902 3483 et
1932 3429 2152 3498 quidam
2180 3442 2271 3483 co-

677 3516 827 3572 dices
856 3515 1172 3572 Grtecorum
1215 3530 1315 3586 pro
1348 3504 1585 3587 eo'quod
1617 3534 1717 3573 nos
1756 3519 2040 3583 habemus,
2070 3536 2267 3589 quam,

675 3610 822 3671 ζῆςον
846 3606 1068 3671 habent,
1100 3606 1155 3661 id
1182 3615 1284 3671 est,
1333 3606 1567 3663 viviﬁca.
1600 3607 1669 3663 Ut
1712 3609 1783 3663 sit
1811 3624 2026 3674 sensus,
2057 3609 2270 3665 vivitica

676 3711 892 3753 servum
929 3704 1100 3762 tuum,
1129 3697 1257 3767 quia
1282 3705 1528 3753 mortuus
1544 3696 1692 3766 jacet
1716 3698 1770 3753 in
1801 3699 1995 3754 Adam.
2031 3698 2138 3755 Sed
2163 3715 2268 3755 me-

675 3787 781 3843 lius
826 3793 1066 3853 ζήτησον,
1101 3788 1245 3857 quod
1272 3796 1375 3853 est,
1431 3805 1629 3860 quaere,
1681 3790 1770 3844 alii
1804 3792 2019 3846 codices
2047 3792 2268 3856 habent,

676 3881 925 3951 quamvis
973 3898 1112 3936 unus
1140 3882 1214 3935 sit
1259 3898 1471 3937 sensus.
1511 3882 1617 3937 Sed
1657 3885 2014 3953 opportunior
2036 3896 2119 3939 est
2145 3885 2271 3939 huic

676 3972 798 4027 loco
823 3971 1012 4038 Quwre
1034 3989 1240 4027 servum
1264 3983 1432 4028 tuum.
1465 3973 1733 4041 Quoniam
1763 3976 1883 4029 ovis
1908 3990 2028 4044 quae
2053 3990 2272 4029 errave-

650 4071 767 4118 .rat
808 4063 1095 4133 quaerenda
1139 4073 1258 4119 erat
1306 4081 1336 4118 a
1378 4074 1613 4135 pastore,
1668 4080 1735 4120 ne
1787 4068 2011 4136 periret.
2049 4067 2273 4122 Fatetur

678 4154 891 4225 lapsum
915 4170 1072 4209 suum
1098 4154 1369 4225 Propheta
1390 4156 1444 4210 in
1466 4172 1532 4211 eo
1555 4158 1607 4211 in
1633 4172 1742 4225 quo
1764 4168 1847 4213 est
1868 4159 1915 4212 ei
1940 4174 2064 4213 cum
2093 4159 2273 4213 omni-

680 4244 785 4300 bus
809 4259 1097 4299 commune
1130 4247 1486 4300 consortium.
1518 4246 1654 4312 Quia
1686 4261 1848 4302 nemo
1887 4248 1978 4316 qui
2022 4249 2074 4301 iu
2100 4250 2271 4304 Adam

681 4348 788 4388 non
816 4334 888 4389 sit
909 4344 1156 4390 mortuus
1190 4336 1396 4404 absque
1438 4349 1504 4390 eo
1541 4336 1633 4405 qui
1686 4336 1833 4391 solus
1862 4338 2115 4392 inventus
2162 4348 2268 4403 est,

684 4421 839 4479 Inter
862 4435 1096 4480 mortuos
1118 4426 1249 4480 liber
1276 4424 1450 4494 (Psal.
1480 4444 1725 4494 Lxxxvn,
1758 4430 1832 4500 6).
1862 4429 1969 4484 Sed
2015 4430 2114 4485 iste
2143 4432 2269 4500 quia

2372 3253 2480 3293 non
2502 3247 2662 3293 vacat
2684 3254 2717 3292 a
2753 3239 3033 3310 mysterio.
3064 3239 3171 3297 Sed
3201 3242 3337 3311 quia
3367 3256 3556 3297 novem
3575 3246 3682 3296 sunt
3711 3234 3865 3292 ordines

2372 3331 2685 3402 angelorum
2737 3332 2897 3404 743
2957 3331 3240 3403 Scriptura
3306 3342 3536 3390 testatur
3580 3331 3737 3388 divina.
3780 3325 3868 3378 Ideo

2372 3424 2517 3479 hunc
2568 3429 2856 3480 numerum
2906 3427 3153 3497 posuisse
3213 3428 3512 3493 credimus,
3576 3424 3682 3496 quia
3719 3428 3866 3475 tantum

2371 3516 2554 3569 valent
2579 3516 2872 3585 nonaginta
2901 3524 2957 3570 et
2976 3531 3171 3572 novem
3191 3519 3267 3572 ad
3288 3524 3668 3574 sacramentum
3691 3508 3867 3582 prelis?

2371 3606 2625 3671 rationis,
2652 3614 2916 3675 quantum
2958 3606 3059 3662 soli
3099 3610 3323 3677 novem,
3372 3610 3466 3681 qui
3493 3617 3573 3666 est
3611 3604 3765 3661 tertius
3781 3611 3868 3669 qua-

2372 3698 2560 3754 dratus
2612 3714 2905 3763 numerus;
2966 3708 3023 3753 et
3057 3700 3187 3768 quia
3240 3702 3347 3756 sub
3384 3702 3488 3757 isto
3515 3712 3714 3754 numero
3736 3701 3867 3747 novem

2372 3788 2683 3859 angelorum
2731 3775 2985 3844 dicuntur
3015 3804 3137 3845 esse
3183 3792 3433 3857 ordines;
3487 3803 3644 3846 unum
3679 3793 3745 3840 est
3776 3773 3871 3833 πεί

2372 3879 2624 3935 dicantur
2654 3879 2949 3950 nonaginta
2973 3889 3029 3935 et
3074 3895 3298 3949 novem,
3325 3891 3388 3938 ut
3424 3881 3522 3938 soli
3550 3892 3715 3935 novem
3736 3867 3872 3928 intle

2374 3982 2590 4043 gantur.
2624 3970 2733 4025 Sed
2756 3972 2885 4040 quia
2937 3971 2990 4026 in
3014 3972 3245 4043 singulis
3267 3988 3462 4029 eorum
3486 3970 3734 4027 ordinibus
3751 3958 3869 4015 nullus

2371 4064 2751 4135 pmiiguratus
2778 4073 2862 4119 est
2893 4079 3171 4130 numerus,
3215 4082 3325 4122 nec
3369 4065 3498 4122 sciri
3532 4070 3691 4134 potest
3723 4056 3775 4109 ab
3800 4047 3871 4103 ullo

2373 4157 2683 4211 mortalium
2713 4164 2949 4226 quantus
2972 4156 3065 4221 sit,
3092 4166 3389 4228 propterea
3412 4172 3518 4212 non
3549 4148 3776 4209 immerito
3792 4137 3872 4195 lini-

2375 4258 2461 4304 tus
2486 4266 2583 4319 pro
2610 4249 2821 4304 inﬁnito
2842 4249 3080 4318 ponitur,
3108 4249 3184 4304 ita
3204 4260 3270 4304 ut
3296 4252 3438 4306 bene
3457 4248 3640 4303 tertius
3660 4238 3875 4313 quadam

2375 4341 2692 4410 accipiatur,
2725 4355 2794 4394 ne
2816 4349 2908 4394 aut
2935 4340 3175 4396 Trinitas
3202 4342 3348 4397 desit
3372 4343 3428 4397 in
3448 4351 3674 4398 numero.
3697 4337 3771 4387 aut
3787 4336 3874 4395 illi"

2375 4431 2597 4487 dratum
2624 4431 2837 4488 numeri
2864 4431 3005 4486 desit
3045 4432 3101 4486 in
3156 4431 3434 4489 Trinitate
3462 4432 3610 4487 ﬁrma
3643 4436 3691 4483 et
3713 4415 3873 4479 stabilis.

683 4514 828 4568 sicut
853 4514 971 4569 ovis
1016 4514 1176 4587 742
1209 4492 1464 4585 perierat,
1497 4520 1623 4587 quia
1674 4492 1728 4571 in
1763 4492 1852 4571 illo
1890 4519 2070 4589 primo
2098 4492 2269 4574 Adam
2296 4492 2350 4552 Β
2378 4539 2442 4578 ac
2469 4524 2857 4593 conquadrata,
2886 4536 2956 4578 ne
2984 4523 3106 4578 ullis
3154 4539 3400 4595 unquam
3457 4521 3655 4579 saeculis
3676 4514 3877 4595 moveatur

682 4602 1033 4658 aberraverat
1062 4621 1093 4657 a
1120 4610 1226 4670 via,
1252 4606 1373 4661 ideo
1402 4615 1555 4677 rogat
1576 4615 1628 4661 ut
1664 4609 1906 4677 requirat
1931 4622 2055 4661 eum
2084 4619 2270 4676 pastor

681 4694 878 4751 bonus.
909 4694 1077 4751 Nemo
1098 4698 1241 4753 enim
1264 4700 1422 4768 perit,
1444 4700 1534 4770 qui
1559 4699 1796 4770 perfecte
1820 4701 2097 4770 cognoscit
2122 4716 2275 4757 erro-

682 4800 799 4842 rem
850 4804 1025 4842 suum.
1074 4788 1213 4856 Quid
1265 4801 1350 4845 est
1391 4806 1520 4861 ergo
1563 4793 1763 4856 dicere,
1817 4808 2002 4862 quaere
2053 4808 2273 4849 servum

682 4889 856 4947 tuum,
890 4882 992 4937 nisi
1020 4897 1201 4953 quaere
1231 4883 1434 4952 lapsam
1475 4893 1530 4938 et
1570 4901 1855 4941 erroneam
1884 4901 2040 4940 ovem
2081 4887 2273 4941 tuam?

683 4972 844 5039 Veni,
896 4985 1081 5043 pastor
1129 4973 1356 5030 Domine
1395 4975 1543 5041 Jesu,
1579 4994 1779 5046 quaere,
1809 4979 1950 5033 sicut
1997 4994 2150 5034 ovem
2178 4978 2273 5034 Jo-

684 5067 839 5138 seph,
865 5068 990 5138 quia
1017 5068 1222 5122 erravit
1246 5069 1364 5124 ovis
1395 5078 1485 5123 tua
1513 5070 1639 5123 dum
1676 5078 1730 5125 tu
1769 5074 2000 5126 moraris
2029 5072 2082 5125 in
2116 5088 2272 5126 utun-

686 5162 849 5218 tibus.
886 5162 1147 5234 Relinque
1192 5164 1483 5234 nonaginta
1510 5172 1565 5218 et
1594 5177 1787 5217 novem
1816 5179 1942 5218 oves
1975 5174 2093 5218 tuas
2122 5179 2277 5217 secu-

686 5271 801 5322 rus,
829 5257 955 5327 quia
982 5256 1161 5311 nullus
1188 5266 1273 5312 est
1292 5257 1450 5327 lupus
1475 5271 1583 5324 quo
1614 5265 1671 5310 tu
1701 5271 1793 5310 eas
1839 5256 2122 5325 relinquis,
2158 5258 2277 5312 nul-

686 5346 770 5403 lus
799 5348 975 5402 malus
1023 5349 1325 5419 operarius,
1379 5348 1559 5402 nullus
1600 5356 1655 5402 et
1702 5349 2114 5403 mercenarius:
2152 5350 2271 5404 veni

685 5452 785 5508 per
812 5439 1149 5509 temetipsum
1175 5481 1191 5505 ,
1219 5455 1401 5511 quaere
1430 5452 1585 5493 ovem
1616 5454 1736 5510 qua:
1783 5441 1986 5493 erravit
2010 5481 2027 5507 ,
2059 5452 2274 5512 reporta

688 5527 1020 5584 contractam
1047 5540 1103 5586 et
1125 5532 1355 5588 debilem
1380 5548 1501 5602 qua:
1530 5533 1788 5603 perierat.
1828 5531 2026 5602 Sicque
2068 5533 2270 5591 factum

690 5627 775 5672 est
796 5627 853 5672 ut
878 5623 1072 5687 oravit,
1097 5626 1263 5691 venit,
1288 5627 1557 5696 quaesivit,
1584 5628 1811 5693 invenit,
1840 5636 1895 5681 et
1913 5628 2148 5699 propriis
2175 5630 2275 5685 hu-
2310 5694 2320 5709 .

690 5710 879 5777 meris,
912 5713 1051 5769 sicut
1070 5730 1309 5785 praesens
1338 5719 1593 5789 parabola
1648 5729 1879 5776 testatur
1905 5760 1919 5787 ,
1954 5722 2270 5792 reportavit.

2381 4631 2445 4670 ac
2502 4614 2881 4668 confundatur.
2932 4613 3079 4680 Quos
3123 4594 3320 4672 omnes
3350 4618 3407 4671 in
3437 4612 3691 4670 montibus
3720 4594 3880 4677 justitia

2381 4706 2617 4775 reliquit,
2675 4706 2741 4760 de
2789 4721 2897 4776 qua
2939 4704 3152 4774 justitia
3191 4705 3470 4777 Propheta
3501 4706 3567 4761 ad
3590 4702 3736 4758 Deum
3757 4690 3880 4750 dicit:

2380 4801 2613 4856 Iustitia:
2642 4808 2748 4854 tua:
2792 4801 2927 4853 sicut
2978 4811 3179 4855 montes
3230 4801 3335 4857 Dei
3379 4801 3553 4873 (Psal.
3599 4811 3741 4858 xxxv,
3762 4782 3882 4873 ηεξ

2380 4893 2504 4949 ideo
2541 4893 2665 4962 quia
2691 4907 2786 4948 eos
2819 4893 2874 4947 in
2923 4892 3009 4947 his
3036 4892 3317 4949 montibus
3344 4868 3587 4949 ﬁrmatos
3627 4882 3817 4955 reliquit
3837 4868 3883 4969 ad

2379 5000 2482 5040 nos
2526 5000 2752 5040 securus
2780 4984 2952 5050 venit,
2983 4984 3131 5054 quia,
3170 4982 3342 5039 Verbo
3388 4982 3599 5041 Domini
3624 4974 3884 5043 σαιίρηιθα

2379 5086 2523 5140 sunt,
2585 5085 2634 5128 et
2709 5075 2897 5144 spiritu
2966 5076 3074 5129 oris
3136 5076 3252 5145 ejus
3319 5076 3493 5131 omnis
3564 5074 3708 5129 virtus
3758 5069 3883 5117 εοηηκ

2382 5163 2553 5238 (Psal.
2586 5181 2757 5229 xxxii,
2790 5166 2866 5236 6).
2919 5164 3073 5222 Unde
3103 5182 3203 5237 pro
3232 5183 3504 5223 converso
3529 5181 3631 5221 uno
3671 5159 3884 5232 petet“ore

2380 5257 2553 5328 magis
2587 5256 2840 5327 gaudium
2871 5256 2932 5311 ﬁt
2981 5256 3036 5311 in
3087 5258 3248 5323 caelo,
3282 5274 3453 5329 quam
3482 5270 3637 5327 supra
3669 5242 3884 5313 nauigii“

2382 5365 2574 5407 novem
2597 5348 2762 5417 justis
2791 5349 2882 5419 qui
2918 5363 3025 5404 non
3052 5351 3301 5421 indigent
3325 5348 3636 5421 paenitentia
3654 5342 3886 5400 οῢοοηεετ·

2384 5441 2805 5511 vatamjustitize
2834 5440 3077 5497 laetitiam
3111 5443 3168 5497 in
3196 5443 3537 5499 etnlestibus.
3568 5439 3632 5494 Et
3657 5435 3695 5490 si
3728 5425 3883 5499 quidam

2383 5534 2613 5588 eximius
2632 5533 2915 5589 doctorum
2941 5534 3087 5589 hunc
3106 5549 3399 5590 numerum
3426 5533 3717 5589 relictarum
3740 5519 3881 5576 ovium.

2383 5628 2449 5683 de
2471 5628 2557 5683 his
2583 5627 2785 5681 dictum
2820 5627 3051 5697 accipiat
3090 5628 3305 5691 ovibus,
3338 5643 3476 5697 quas
3509 5621 3710 5693 reliquit
3747 5614 3787 5667 in
3820 5604 3886 5697 δέ’

2383 5727 2551 5785 serto,
2580 5735 2686 5776 non
2718 5721 2786 5776 de
2808 5696 3017 5790 angelis
3040 5721 3284 5791 quidem,
3309 5696 3405 5777 sed
3426 5720 3494 5776 de
3536 5696 3885 5774 suoabin
