4008 6354
151 327 231 386 61⁸1

879 315 1240 379 l'ZXPOSITIO
1279 311 1344 374 IN
1385 311 1816 372 ΜΑΪΤΗᾸΞΕΜ.
1850 303 2062 385 -ςιηὶ,
2103 313 2234 375 V’lll,
2274 311 2425 368 CAP.
2465 310 2642 368 XVIII.

3298 311 3404 367 (illi

153 437 457 518 quibuslibet
483 438 810 502 horninibus,
843 451 979 506 quos
1006 433 1265 504 superbos
1291 429 1559 500 signiﬁcat
1601 439 1716 482 tan-
1743 431 1790 488 Α
1819 426 2098 480 dexteram
2133 426 2476 495 transfertur,
2507 427 2852 483 centenarius
2903 429 3248 484 reformatur.
3293 430 3396 497 Qui

155 551 288 608 {nam
331 532 678 590 solitudinem
708 529 1039 600 gerentes'in
1085 527 1288 588 animo,
1323 522 1453 577 dum
1479 521 1623 576 solos
1653 535 1713 575 se

155 625 295 681 rideri
323 621 535 686 volunt,
558 619 753 689 quibus
781 619 848 672 ad
885 614 1268 686 perfectionem
1320 613 1499 666 unitas
1525 610 1715 664 deesse

155 717 403 786 Iirobatur.
427 713 565 768 Cum
593 711 760 773 enim,
791 709 987 777 inquit,
1018 707 1248 775 quisque
1274 719 1304 758 a
1331 718 1459 758 vera
1507 702 1716 755 unitate

154 805 419 868 Jivellitur,
467 817 580 857 sua:
613 800 898 871 potestatis
941 813 1064 852 esse
1107 795 1352 864 cupiens.
1403 808 1500 862 per
1525 806 1715 860 super-

153 898 270 950 aiam
294 897 483 963 utique
504 891 797 945 divellitur.
815 889 930 942 Non
954 888 1098 942 enim
1117 887 1362 954 sequitur
1380 899 1544 937 unum
1571 883 1714 952 quod

152 993 270 1043 Deus
307 996 416 1051 est,
464 987 693 1054 ideoque
735 992 794 1036 ut
825 983 937 1050 ipse
964 981 1042 1034 ait
1087 980 1140 1032 in
1190 976 1481 1045 nonaginta
1519 990 1713 1029 novem

154 1081 335 1142 avibus,
366 1077 526 1147 ponit
552 1088 742 1130 eorum
770 1070 1243 1142 signiﬁcationem.
1275 1067 1376 1133 Qui
1408 1067 1474 1120 de
1517 1081 1574 1120 se
1595 1065 1715 1135 qui-

154 1172 250 1224 dem
270 1175 684 1239 praesumentes,
717 1161 1098 1234 peccatoribus
1123 1160 1190 1214 ad
1235 1159 1462 1212 salutem
1485 1157 1718 1212 redeun-

154 1262 273 1316 tibus
298 1274 357 1313 se
394 1266 748 1324 anteponunt.
784 1254 960 1309 Unum
1007 1254 1188 1320 itaque
1225 1252 1395 1315 deest,
1423 1260 1478 1305 et
1503 1251 1571 1304 ad
1615 1265 1715 1304 no-

156 1367 270 1413 rem,
302 1358 362 1402 ut
409 1349 595 1402 decem
640 1346 772 1409 sint,
819 1354 875 1399 et
919 1344 988 1397 ad
1043 1341 1334 1412 nonaginta
1386 1355 1601 1406 novem,
1657 1349 1718 1395 ut

153 1451 346 1497 centum
392 1438 532 1501 sint;
566 1445 623 1491 et
651 1436 696 1490 si
755 1450 855 1504 per
879 1444 1106 1488 ceteros
1133 1431 1440 1500 huiusmodi
1464 1446 1718 1486 numeros

153 1535 240 1590 hoc
277 1533 610 1596 consideres,
647 1531 720 1585 ita
769 1530 1030 1585 invenies.
1080 1528 1290 1583 Variari
1339 1543 1572 1597 namque
1621 1543 1719 1597 per

156 1626 453 1680 brevitatem
487 1632 543 1678 et
569 1621 997 1691 magnitudinem
1019 1635 1206 1675 eorum
1228 1621 1437 1674 numeri
1468 1628 1716 1690 possunt,

158 1719 334 1785 quibus
377 1731 535 1770 unum
593 1714 746 1769 deest
802 1723 864 1768 ut
908 1714 1302 1784 perﬁciantur,
1362 1713 1537 1782 ipsum
1589 1727 1718 1768 vero

150 1822 298 1860 unum
329 1806 445 1859 sine
467 1804 732 1860 varietate
768 1806 823 1858 in
857 1818 975 1858 sese
999 1812 1203 1858 manet.
1249 1803 1350 1869 Qui
1381 1819 1504 1858 cum
1535 1817 1717 1858 acces-
1746 1776 1792 1835 Β

152 1898 262 1950 serit
287 1897 580 1967 nonaginta
623 1910 813 1950 novem
843 1895 1036 1949 ovibus
1075 1895 1130 1948 in
1178 1894 1471 1948 solitudine
1498 1910 1716 1948 suorum

151 1987 449 2040 delictorum
502 1985 994 2048 commorantibus,
1052 1985 1397 2039 centenarius
1449 1985 1720 2053 perfectus

149 2093 387 2132 numerus
430 2078 850 2149 redintegratur.
905 2077 1042 2144 Quia
1089 2077 1189 2131 nisi
1223 2093 1319 2146 per
1343 2077 1716 2146 paenitentiam

145 2185 317 2224 omnes
350 2179 669 2240 peccatores
722 2171 1030 2240 receperint
1078 2171 1219 2224 hanc
1267 2171 1527 2224 unitatem
1570 2171 1621 2223 in
1661 2186 1719 2224 se

145 2255 235 2314 Deo
265 2259 625 2329 reconciliati,
655 2260 816 2332 744
841 2269 992 2316 extra
1034 2261 1179 2315 hunc
1221 2275 1504 2321 numerum
1535 2260 1627 2329 qui
1663 2261 1717 2314 in

143 2351 335 2405 dextris
363 2351 572 2405 levatus
601 2367 856 2406 coronam
898 2352 1174 2421 exprimit,
1214 2351 1589 2405 remanebunt.
1623 2351 1718 2407 I’ia

150 2442 344 2508 pridem
401 2441 754 2511 intelligentia
805 2442 1134 2496 sanctissimi
1184 2440 1445 2506 doctoris,
1475 2442 1568 2496 sed
1627 2441 1716 2496 illa

145 2534 303 2587 verior
337 2535 751 2589 commendatur
778 2536 828 2588 in
859 2550 964 2603 qua
996 2533 1184 2603 reliqui
1208 2549 1399 2588 omnes
1429 2546 1536 2588 tam
1563 2533 1720 2588 Graia

143 2636 312 2677 eorum
333 2639 496 2692 quam
525 2623 836 2679 Latinorum
879 2626 1128 2678 doctores
1150 2625 1494 2680 concordare
1521 2625 1714 2679 vitien-

142 2727 229 2769 tur.
268 2716 346 2769 Et
369 2717 550 2771 omnis
582 2717 697 2770 lucc
723 2716 981 2786 parabola
1006 2716 1108 2771 hoc
1136 2717 1395 2778 insinuat.
1428 2718 1568 2785 quod
1595 2717 1714 2785 pius

142 2813 306 2870 pastor
332 2805 456 2859 inde
489 2807 558 2860 ad
590 2822 687 2859 nos
719 2808 886 2870 venit,
916 2807 1006 2861 ubi
1031 2822 1127 2861 eas
1155 2822 1286 2861 oves
1331 2807 1569 2876 reliquit,
1605 2825 1710 2862 non

141 2895 474 2965 imperfectas
501 2907 597 2952 aut
619 2899 855 2964 vitiatas,
877 2900 972 2954 sed
1008 2900 1060 2952 in
1095 2900 1302 2953 minuto
1337 2915 1562 2954 numero
1588 2917 1712 2970 pru-

139 2993 242 3051 pter
275 3002 372 3042 eos
423 2988 518 3057 qui
560 2988 889 3043 ceciderant.
930 2989 1032 3056 Qui
1065 2989 1309 3060 profecto
1341 3005 1599 3045 numerus
1643 3008 1710 3046 ex

143 3077 324 3134 unitate
352 3086 722 3141 restaurator,
755 3087 812 3132 ut
839 3079 1182 3133 centonarius
1205 3078 1474 3147 perfectus
1500 3083 1551 3136 in
1579 3081 1710 3136 dex-

144 3168 227 3221 tris
264 3169 599 3232 inveniatur,
647 3179 702 3222 et
731 3170 850 3224 ideo
887 3184 996 3224 non
1041 3170 1455 3239 quinquaginta,
1485 3188 1591 3226 non
1617 3173 1714 3227 du-

143 3269 307 3316 centas
332 3261 496 3326 dixit,
535 3261 629 3315 sed
655 3269 892 3314 centum.
919 3260 987 3314 Et
1029 3276 1094 3315 ex
1137 3262 1222 3315 his
1251 3277 1414 3315 unam
1457 3264 1713 3333 perdidit,

143 3357 194 3402 ut
213 3352 546 3410 ostenderet.
575 3367 681 3404 non
709 3367 777 3404 ex
799 3351 996 3404 damno
1039 3359 1249 3405 tantum
1282 3349 1449 3405 fuisse
1474 3353 1716 3408 dolorem

141 3436 190 3489 in
208 3439 362 3503 calo,
389 3455 576 3492 verum
593 3439 757 3493 etiam
788 3447 844 3493 et
867 3455 934 3494 ex
962 3453 1208 3494 numero.
1231 3437 1473 3510 Namque
1494 3442 1716 3498 amissio

140 3526 297 3579 unius
350 3537 518 3582 totum
572 3529 928 3598 dissipaverat
976 3531 1348 3584 centenarium
1394 3548 1712 3598 numerum;

145 3615 269 3681 quia
303 3626 360 3685 et
380 3617 644 3671 dexteram
668 3620 950 3687 redegerat
979 3620 1371 3686 adsinistram,
1405 3632 1462 3677 ut
1501 3624 1718 3692 dispen-

139 3709 226 3761 dio
257 3710 418 3763 unius
445 3711 655 3764 sinistra
683 3712 1024 3767 clauderetur
1049 3714 1244 3776 omnis,
1279 3722 1331 3769 et
1367 3714 1558 3768 dextra
1585 3714 1718 3768 nihil

141 3797 374 3852 haberet.
404 3798 793 3870 Nonagesimus
820 3810 873 3855 et
893 3823 898 3826 ·
917 3817 1091 3856 nouus
1123 3818 1382 3857 numerus
1421 3804 1473 3856 in
1499 3803 1719 3858 sinistra

139 3884 260 3940 Ialel
286 3888 528 3952 clausus,
558 3897 612 3942 et
635 3889 960 3944 constrictus
983 3891 1172 3956 lueret,
1199 3899 1481 3946 ettenetur
1499 3892 1720 3948 conclu-

138 3992 239 4028 sus.
265 3979 363 4044 Qui
411 3990 598 4034 tamen
631 3981 720 4035 ubi
742 3981 898 4035 unius
929 3983 1231 4051 perceperit
1252 3991 1306 4038 et
1331 3985 1563 4038 senserit
1589 4000 1720 4054 auge

139 4078 400 4135 mentum,
462 4086 587 4124 mox
631 4071 699 4124 ad
755 4072 990 4141 palmam
1045 4073 1281 4128 dextera:
1325 4077 1541 4139 transit,
1594 4091 1720 4130 mox

137 4162 425 4215 centenarii
469 4163 688 4216 numeri
735 4164 980 4231 pervenit
1002 4164 1069 4217 ad
1097 4178 1376 4226 coronam,
1421 4181 1528 4219 non
1576 4167 1720 4234 quod

135 4249 440 4318 angelorum
483 4251 696 4305 illorum
746 4253 836 4320 qui
874 4263 1266 4318 remanserant,
1299 4270 1435 4323 quos
1474 4255 1718 4325 reliquit,

134 4338 229 4392 ulla
257 4352 407 4396 esset
455 4340 822 4412 «imperfectio,
853 4344 968 4418 sed,
993 4343 1298 4397 imminutio
1332 4346 1539 4398 numeri
1572 4354 1720 4399 certa

135 4428 472 4497 imperfectio
496 4441 646 4494 erat,
672 4431 796 4500 quia
825 4433 916 4500 qui
947 4432 1076 4486 facit
1111 4448 1230 4487 esse
1276 4449 1396 4501 qua:
1435 4449 1537 4487 non
1569 4443 1716 4497 sunt,

132 4523 324 4589 perdita
381 4525 479 4579 sic
532 4522 778 4592 requirit,
838 4531 896 4576 ut
949 4531 1125 4588 teneat
1172 4539 1293 4594 qua:
1346 4523 1604 4592 reliquit;
1665 4533 1720 4579 et

129 4613 312 4669 amissa
342 4615 438 4670 sic
494 4613 719 4677 invenit,
747 4620 806 4684 ut
833 4629 954 4683 quae
978 4622 1192 4668 servata
1224 4623 1351 4668 sunt
1395 4615 1449 4668 in
1479 4613 1715 4670 caelesti-

129 4703 240 4769 bus,
265 4720 376 4760 non
403 4704 653 4760 amittat.
682 4703 835 4760 Unde
882 4704 1053 4774 magis
1079 4705 1146 4758 de
1174 4703 1380 4775 angelis
1426 4705 1478 4760 id
1515 4706 1718 4760 dictum

126 4793 413 4860 credimus,
459 4795 513 4848 in
557 4793 752 4864 quibus
787 4803 857 4868 et,
884 4810 983 4865 pro
1011 4789 1207 4865 quibus
1232 4795 1485 4866 deinceps
1509 4795 1720 4864 laetitia,

126 4884 256 4940 sicut
275 4903 383 4943 nec
411 4885 734 4950 imminuta,
759 4887 835 4940 ita
861 4901 962 4943 nec
982 4896 1141 4942 aucta
1179 4895 1273 4940 aut
1300 4887 1586 4941 immutata
1616 4897 1719 4953 est,

130 4975 257 5033 Sicut
282 4978 354 5035 de
381 4977 706 5035 hominibus
753 4992 889 5046 quos
917 4978 1168 5047 quaesivit
1196 4987 1387 5050 auctor
1424 4980 1637 5044 salutis,
1662 4988 1720 5035 et

127 5071 379 5136 £1088in
403 5071 646 5136 invenit,
679 5057 928 5127 inventos
971 5086 1101 5127 vero
1129 5073 1364 5143 propriis
1390 5074 1599 5129 revexit
1625 5075 1723 5152 hu:

127 5164 280 5220 meris
299 5166 373 5220 ad
395 5165 603 5236 gaudia
627 5173 846 5220 aeternae
865 5165 1010 5221 vita).
1041 5165 1194 5222 Unde
1214 5177 1480 5224 convocat
1498 5169 1721 5224 eosdem

123 5253 341 5324 angelos
371 5254 592 5308 amicos
614 5270 680 5310 ac
712 5255 920 5310 vicinos
972 5267 1028 5310 et
1056 5256 1184 5310 dicit
1215 5270 1230 5309 :
1260 5255 1723 5328 Congratulamini

127 5344 271 5413 mihi,
303 5347 446 5419 quia
499 5347 679 5402 inveni
708 5362 866 5404 ovem
920 5363 1098 5405 meam
1151 5365 1315 5419 quam
1355 5351 1719 5420 perdideram.

123 5435 452 5494 Perdiderat
508 5446 688 5492 autem
740 5453 880 5503 eam,
938 5453 1060 5508 quae
1087 5454 1210 5494 cum
1241 5439 1396 5510 prius
1443 5441 1497 5496 in
1523 5441 1728 5499 dextris

128 5537 303 5583 creata
328 5536 514 5591 esset,
544 5537 830 5583 corruerat
865 5527 933 5582 ad
969 5527 1270 5591 sinistram.
1300 5528 1412 5585 Nec
1440 5530 1606 5599 igitur
1631 5517 1727 5602 po;-

126 5628 262 5673 terat
287 5619 572 5690 perfectio
589 5635 730 5685 esse,
752 5634 861 5690 quo
890 5620 1236 5677 centenarias
1265 5637 1523 5686 numerus
1553 5625 1731 5680 immi-

127 5721 283 5765 nutus
321 5717 480 5764 erat.
535 5707 640 5786 Sed
693 5725 815 5764 mox
848 5725 970 5765 cum
1017 5726 1272 5769 numerus
1304 5713 1368 5770 de
1412 5713 1629 5771 sinistra
1675 5717 1726 5772 in

466 5799 742 5863 PtTnOL.
800 5799 993 5862 CXX.

1817 519 2102 582 formatus,
2152 535 2275 573 mox
2325 519 2623 597 coronain
2668 535 2734 574 eo
2776 521 3119 590 exprimitur,
3159 523 3300 578 unde
3345 533 3403 576 et

1811 608 1972 677 judex
1995 609 2245 665 Christus
2272 610 2325 664 in
2376 611 2556 666 futuro
2586 627 2716 667 oves
2737 613 2952 680 quidem
3003 615 3144 684 (qum
3176 625 3259 669 est
3286 625 3396 669 tota

1817 697 2079 767 Ecclesia)
2111 708 2309 754 statuet
2338 701 2391 753 in
2422 701 2652 761 dextris.
2692 701 2872 756 haedos
2893 713 3074 758 autem
3098 705 3149 758 in
3173 705 3407 760 sinistris

1819 791 2102 860 relinquet.
2130 791 2235 846 Sed
2260 794 2529 862 quomodo
2561 793 2773 864 agmina
2825 795 2876 849 in
2918 797 3167 865 supernis
3196 799 3398 852 monti-

1817 881 1917 934 bus
1942 881 2253 950 angelorum
2286 883 2589 952 reliquerit,
2614 884 2704 954 qui
2741 901 3016 953 nunquam
3045 887 3230 952 cmlos,
3259 889 3404 944 sicut

1818 989 1918 1028 nec
1954 974 2167 1028 Patrem
2211 975 2454 1044 reliquit,
2486 976 2833 1044 quaerendum
2865 978 3106 1043 :cstimo;
3138 989 3407 1048 quatenus

1817 1063 1978 1136 745
2032 1065 2159 1134 quid
2212 1064 2277 1119 sit
2319 1065 2598 1135 reliquisse
2653 1063 2768 1132 ejus
2827 1066 3210 1137 intelligamus.
3265 1070 3404 1138 Quia

1817 1171 2092 1224 nunquam
2123 1156 2402 1226 reliquisse
2424 1166 2567 1212 recte
2590 1156 2788 1212 dicitur
2809 1173 2929 1212 cum
2953 1161 3147 1228 quibus
3188 1176 3403 1232 semper

1817 1239 1987 1300 fuisse
2010 1246 2286 1316 probatur.
2334 1245 2488 1301 Unde
2539 1246 2835 1313 fatendum,
2870 1251 3013 1318 quod
3042 1251 3182 1307 sicut
3213 1253 3316 1309 iste
3348 1256 3403 1310 in

1817 1333 1920 1390 hoc
1971 1335 2261 1405 Evangelio
2313 1337 2592 1406 loquitur,
2649 1339 2773 1407 quia
2823 1339 3040 1410 reliquit
3085 1341 3300 1398 Patrem
3351 1354 3408 1400 et

1818 1428 1967 1481 venit
1987 1428 2042 1481 in
2070 1431 2326 1484 mundum
2351 1448 2364 1496 ;
2397 1433 2466 1484 ita
2494 1431 2712 1500 reliquit
2759 1440 2815 1486 et
2837 1421 3057 1504 angelos
3084 1436 3135 1489 in
3165 1437 3403 1492 coelesti-

1817 1517 1938 1580 bus,
1962 1528 2017 1572 et
2045 1520 2193 1574 venit
2234 1521 2285 1574 in
2326 1523 2508 1576 terris.
2547 1523 2781 1591 Reliquit
2817 1533 2997 1579 autem
3048 1542 3170 1580 cum
3220 1538 3406 1583 uniet-

1817 1611 1987 1677 ipsum
2009 1611 2291 1664 exinaniri!
2310 1613 2534 1679 formam
2561 1615 2692 1668 servi
2716 1612 2976 1684 accipiens
2993 1615 3214 1689 (Philip.
3240 1636 3303 1685 ιι,
3324 1620 3402 1693 7).

1819 1703 1876 1757 In
1907 1720 2011 1774 qua
2035 1705 2290 1760 nimirum
2342 1707 2536 1772 forma,
2569 1710 2691 1777 quia
2725 1710 2868 1764 illam
2921 1722 3163 1768 nostram
3193 1730 3408 1770 assum-

1820 1797 1930 1865 psit
1953 1808 2221 1863 naturam,
2246 1800 2391 1853 venit
2427 1801 2478 1854 in
2527 1803 2783 1855 mundum
2811 1803 2899 1857 ubi
2934 1813 3054 1858 erat
3076 1806 3248 1875 prius,
3293 1823 3404 1862 non

1821 1885 2134 1956 relinquens
2194 1904 2324 1942 oves
2369 1889 2489 1942 illas
2549 1891 2949 1959 quodammodo
3016 1910 3144 1948 cum
3208 1896 3407 1964 quibus

1820 1987 1938 2030 erat
1975 1988 2029 2031 ct
2084 1981 2253 2048 prius.
2305 1980 2418 2035 lloc
2467 1983 2663 2051 quippe
2715 1983 2995 2053 reliquisse
3044 1985 3147 2040 fuit
3193 1997 3398 2043 semet-

1821 2069 1995 2139 ipsum
2051 2072 2398 2135 exinanisse,
2452 2074 2595 2127 sicut
2641 2082 2690 2127 et
2749 2089 2902 2130 ovem
2943 2076 3085 2131 hanc
3137 2093 3169 2131 a
3223 2080 3404 2150 gregi-

1820 2161 1920 2214 bus
1966 2163 2290 2226 obcrrasse,
2347 2165 2471 2232 quia
2526 2167 2583 2219 in’
2633 2167 2886 2236 paradiso
2933 2172 3142 2238 positus
3195 2171 3406 2240 primus

1820 2251 1980 2305 homo
2032 2267 2064 2321 p
2087 2269 2127 2305 ir
2155 2253 2366 2323 culpam
2398 2271 2594 2324 pascua
2646 2258 2770 2310 vita!
2797 2259 3049 2324 perdidit.
3091 2259 3352 2331 Sequitur
3385 2265 3408 2315 τ’

1890 2341 2053 2396 Amen
2082 2344 2197 2396 dico
2226 2346 2364 2397 vobis
2387 2385 2400 2406 ,
2441 2347 2566 2414 quia
2607 2349 2851 2416 gaudebit
2894 2367 3051 2419 super
3086 2369 3202 2405 eam
3237 2354 3405 2419 magis

1817 2447 1975 2501 quam
2004 2449 2163 2501 supra
2193 2434 2476 2502 nonaginta
2531 2453 2709 2489 novem
2752 2455 2868 2502 qum
2921 2457 3022 2492 mm
3073 2453 3403 2497 erraverunt.

1819 2521 1992 2576 Lucas
2021 2539 2149 2576 vero
2179 2525 2701 2580 concelebrationem
2753 2527 2806 2581 in
2855 2530 3011 2598 hujus
3036 2533 3216 2600 gaudii
3247 2548 3402 2588 men-

1820 2615 1964 2668 tione
2023 2615 2272 2680 dedit-at,
2317 2632 2437 2669 cum
2477 2617 2552 2670 ait
2595 2618 2720 2688 quia
2775 2629 3040 2674 convocat
3095 2623 3301 2678 amicos
3332 2632 3402 2678 'et

1816 2706 2022 2758 vicinos
2057 2716 2241 2774 pastor
2274 2707 2432 2772 hujus
2461 2710 2606 2768 ovis.
2659 2711 2844 2766 dicens
2870 2712 3016 2767 illis:
3051 2714 3404 2785 (Jongratula-

1817 2796 1947 2847 ηιξ)ιί
1972 2797 2117 2857 mihi,
2150 2799 2270 2866 quia
2301 2798 2468 2851 iuveni
2497 2817 2640 2854 orem
2664 2817 2830 2854 meum
2857 2821 2974 2872 (μαῖ’
2995 2807 3220 2873 perierat
3248 2806 3400 2876 (Luc.

1817 2902 1907 2949 xv,
1946 2887 2022 2955 6).
2056 2887 2184 2953 Quae
2221 2889 2473 2962 nimirum
2504 2894 2917 2961 congratulatiu,
2949 2897 3198 2963 quamvis
3240 2898 3403 2952 simul

1815 2979 1881 3032 Sit
1917 2980 2216 3033 amicorum
2250 2991 2304 3034 et
2339 2983 2602 3050 pastoris,
2635 2985 2809 3054 majus
2842 2996 3022 3044 tamen
3056 2992 3289 3060 pastoris
3326 2992 3408 3047 vi-

1819 3068 1976 3122 detur
2019 3085 2138 3123 esse
2188 3072 2442 3140 gaudium
2480 3113 2494 3136 ,
2543 3075 2628 3128 cui
2675 3077 3120 3146 congratulantur
3165 3081 3324 3137 amici
3351 3093 3408 3136 et
3465 3073 3468 3080 ’

1821 3159 1979 3213 vicini
2009 3170 2231 3231 propter
2258 3163 2512 3232 gaudium
2553 3166 2832 3234 acquisitac
2863 3168 3002 3223 ovis.
3034 3169 3134 3236 Qui
3159 3171 3408 3240 proiecto

1817 3254 1983 3308 vicini
2022 3257 2269 3338 et'amici
2298 3259 2553 3327 quoniam
2585 3271 2710 3314 sunt
2739 3261 3109 3328 rationabiles,
3149 3279 3254 3318 non
3297 3266 3403 3320 im-

1819 3347 2016 3402 merito
2065 3349 2341 3403 hominum
2379 3351 2782 3406 rationabilium
2814 3354 3184 3423 redemptione
3222 3355 3409 3411 laetan-

1821 3447 1931 3503 tur,
1957 3441 2224 3494 charitate
2253 3441 2440 3509 repleti
2469 3482 2482 3504 ,
2519 3458 2747 3511 quorum
2782 3443 3039 3498 famulatu
3067 3461 3132 3498 ac
3160 3447 3406 3502 ministe-

1820 3531 1902 3584 rio
1931 3571 1944 3592 ,
1984 3531 2106 3598 quia
2159 3534 2531 3600 provehuntnr
2566 3533 2633 3587 ad
2682 3549 2872 3589 eorum
2933 3537 3205 3591 consortia
3236 3579 3250 3603 ,
3311 3553 3409 3593 nec

1820 3620 2092 3674 immerito
2123 3621 2359 3688 gaudent
2383 3623 2448 3676 de
2475 3631 2625 3676 tanto
2648 3624 2795 3694 regis
2822 3625 2902 3678 sui
2931 3627 3227 3697 triumpho.
3255 3628 3409 3683 Unde

1819 3710 2080 3764 Dominus
2121 3719 2181 3763 ut
2209 3711 2278 3764 ad
2324 3712 2466 3767 hanc
2518 3713 2787 3782 ingentem
2816 3715 3062 3770 lrctitiam
3091 3719 3157 3772 de
3189 3719 3408 3787 pusillo-

1821 3816 1942 3854 rum
1975 3800 2149 3855 salute
2171 3802 2506 3866 ostenderet,
2523 3819 2660 3872 quos
2683 3814 3030 3860 contemnere
3061 3808 3406 3876 prohibebat,

1821 3891 1983 3961 hujus
2023 3894 2447 3962 comparationis
2493 3896 2779 3964 preposu'it
2822 3896 3161 3967 exemplum,
3211 3908 3271 3953 ut
3299 3901 3409 3956 sci-

1823 3991 1946 4038 rent
1985 3997 2043 4037 se
2079 3983 2277 4038 talibus
2317 3983 2408 4053 qui
2447 3985 2698 4039 scandala
2742 3985 2981 4040 inferunt
3019 3989 3161 4057 quod
3211 3989 3412 4046 lmdant

1822 4079 1990 4134 Deum
2016 4079 2250 4148 primum
2279 4120 2293 4142 ,
2336 4080 2529 4134 deinde
2563 4081 2816 4135 universa
2849 4083 3162 4151 angelorum
3191 4098 3416 4140 consor-

1823 4171 1918 4234 tia,
1949 4187 2178 4240 quorum
2221 4172 2272 4226 III
2319 4172 2499 4241 pusilli
2552 4183 2772 4226 tuentur
2821 4175 3088 4243 pragsidiis
3115 4217 3128 4240 ,
3165 4185 3222 4233 et
3254 4192 3414 4233 vene-

1822 4272 2012 4316 rantur
2041 4263 2254 4332 gaudio.
2285 4261 2396 4317 Nec
2427 4263 2581 4317 nobis
2613 4272 2791 4318 tamen
2841 4264 3024 4333 parvis
3046 4307 3060 4330 ,
3090 4275 3145 4320 et
3173 4268 3410 4338 exiguis,

1823 4354 2092 4407 modicum
2145 4353 2409 4423 proﬁcere
2457 4353 2617 4408 debet
2655 4355 2721 4408 ad
2776 4356 3045 4411 incentiva
3089 4359 3412 4427 probitatis,

1747 4482 1796 4542 υ
1824 4445 1949 4497 dum
1999 4446 2369 4515 unusquisque
2414 4456 2656 4501 nostrum
2691 4457 2900 4515 gratam
2940 4445 3413 4508 conversationem

1825 4549 1977 4588 suam
2030 4534 2142 4590 lore
2195 4538 2485 4592 crediderit
2534 4538 2641 4593 Deo
2691 4548 2745 4593 et
2781 4541 3012 4597 coetibus
3045 4544 3360 4615 angelorum
3390 4584 3408 4608 ,

1825 4643 2057 4697 quorum
2085 4635 2178 4681 aut
2207 4626 2500 4697 implorare
2527 4629 2787 4684 debemus
2822 4633 3122 4699 patrocinia
3158 4634 3412 4704 precibus

1828 4733 1893 4774 ac
1931 4718 2208 4775 laboribus
2236 4717 2515 4785 affectata,
2572 4730 2668 4774 aut
2715 4724 2888 4778 vereri
2929 4723 3170 4781 rolfensa.
3205 4727 3412 4794 Quibus

1827 4810 1906 4866 ita
1931 4809 2170 4865 cmlestis
2195 4819 2382 4865 orator
2405 4812 2471 4865 ad
2497 4813 2824 4868 sententiam
2853 4816 3189 4884 praemissam
3218 4819 3412 4872 divini-

1833 4908 1918 4954 tus
1948 4901 2212 4967 deductis,
2237 4902 2510 4958 concludit
2537 4902 2589 4956 in
2617 4902 2777 4956 linem
2801 4919 2904 4956 cur
2933 4904 3047 4959 haec
3077 4907 3257 4960 omnia
3288 4921 3414 4975 pro-

1826 4991 2071 5062 posuerit
2097 5010 2109 5045 :
2139 4990 2230 5047 Sic
2256 4993 2394 5047 enim
2423 5003 2518 5059 est,
2552 4992 2758 5063 inquit,
2786 4994 3026 5049 voluntas
3049 5005 3170 5050 ante
3199 4997 3416 5055 Patrem

1829 5093 2064 5138 nostrum
2093 5085 2184 5154 qui
2224 5085 2280 5138 in
2324 5083 2466 5140 mlle
2500 5094 2594 5149 est,
2645 5100 2708 5139 ne
2752 5095 2929 5156 pereat
2957 5103 3093 5142 unus
3119 5087 3183 5141 de
3208 5089 3414 5157 pusillis

1829 5177 1963 5230 istis.
2012 5175 2078 5230 Et
2127 5176 2250 5234 ideo
2283 5176 2568 5233 referenda
2603 5179 2669 5232 ad
2705 5178 2984 5250 superiora
3013 5219 3027 5243 ,
3079 5196 3416 5252 quaecunque

1830 5266 2140 5336 parabolice
2167 5266 2331 5340 746
2351 5269 2493 5323 dicta
2524 5277 2651 5324 sunt
2675 5270 3138 5334 demonstrat,ubi
3168 5272 3246 5326 ait
3272 5290 3285 5326 :
3324 5271 3414 5326 γε,

1834 5358 1948 5412 dcte
1976 5374 2042 5412 ne
2066 5359 2405 5413 contemnatis
2435 5375 2601 5414 unum
2638 5360 2703 5413 de
2731 5360 2935 5430 pusillis
2963 5361 3260 5430 istis..Quia
3292 5365 3370 5420 sic
3399 5401 3416 5429 ,

1796 5458 1899 5510 ,ιιι
1940 5449 2270 5506 declaratum
2315 5460 2401 5507 est
2447 5453 2629 5507 multis
2672 5451 2887 5510 indiciis
2920 5451 3083 5508 etiam
3121 5470 3242 5512 cum
3288 5458 3414 5512 ait:

1837 5540 1965 5596 Non
1998 5550 2072 5597 est
2102 5542 2343 5598 voluntas
2367 5559 2549 5597 coram
2576 5541 2737 5596 Patre
2773 5540 2938 5595 oestro
2955 5545 3050 5614 qui
3074 5545 3296 5602 incidis
3311 5561 3409 5612 est;

1827 5641 1895 5710 με
1919 5643 2093 5702 pereat
2133 5651 2268 5689 unus
2299 5650 2362 5689 ex
2384 5632 2635 5695 istis.,Ad
2673 5631 2778 5686 hoc
2808 5632 2937 5687 dicit
2966 5643 3023 5688 ut
3053 5638 3416 5694 venerabilius

1835 5738 1903 5779 ex
1930 5723 2122 5779 affectu
2149 5724 2365 5795 pietatis
2389 5724 2529 5794 patri
2557 5722 2994 5794 obtemperantes
3014 5727 3234 5783 obedire
3263 5748 3419 5788 curc-

2687 5811 3398 5878 ‘.20_...
