4008 6354
605 335 708 388 MS

1410 325 1487 383 ’S.
1524 321 1881 382 PASCHASII
1922 321 2269 376 RADBERTI
2306 321 2596 377 ABBATIS
2634 320 3086 379 CORBEIENSIS

3774 331 3869 389 020

605 469 746 519 mus,
776 450 1127 513 et'fratrem,
1172 445 1425 520 quamvis
1458 445 1585 501 vilis
1623 443 1875 499 videatur
1899 482 1914 506 ,
1951 438 2196 510 quamvis
2224 443 2270 500 Α
2302 439 2402 492 nisi
2451 437 2701 496 faciendo
2732 441 2971 495 lucratus
2999 456 3170 508 esses,
3210 443 3462 513 perisset.
3513 443 3623 502 Sed
3653 448 3772 516 quia
3811 453 3871 507 ad

603 548 854 619 exiguus,
884 559 991 599 non
1038 549 1471 597 contemnamus.
1517 537 1863 608 Quapropter
1902 548 2002 605 pro
2046 539 2196 586 certo

605 682 748 737 seire
773 679 1056 742 debemus,
1085 674 1300 747 quoties
1338 671 1537 743 aliquis
1568 671 1734 743 perit,
1765 685 1872 725 non
1887 684 1964 725 ex
1992 668 2197 739 praede-

605 770 902 828 stinatione
931 767 1024 822 Dei
1049 807 1065 832 ,
1098 775 1160 821 ut
1195 765 1417 836 quidam
1450 762 1593 818 male
1621 761 1891 823 sentiunt,
1922 760 2107 828 nerine
2127 772 2195 811 ex

604 862 885 918 voluntate
910 860 1079 932 patris
1106 857 1268 929 perit,
1298 855 1397 913 sed
1419 855 1644 926 proprio
1663 869 1761 909 suo
1783 860 2004 923 peccato
2021 851 2192 921 iusto-

605 970 710 1026 que
736 953 833 1010 Dei
850 951 1075 1021 iudicio.
1097 949 1412 1020 Respiciens
1440 945 1878 1005 Dominusdesus
1903 942 2196 1013 discipulos

606 1063 735 1102 suos
768 1044 907 1100 dixit
931 1042 1142 1098 Simoni
1172 1041 1334 1097 Petro
1362 1059 1374 1094 :

677 1138 736 1196 Si
763 1148 937 1193 autent
963 1135 1248 1207 peccaverit
1274 1133 1330 1188 in
1368 1142 1417 1187 te
1457 1132 1624 1202 frater
1645 1140 1790 1195 tuus,
1823 1130 1954 1184 vade
1991 1139 2192 1182 elocor-

606 1233 716 1300 ripe
736 1246 855 1285 eum
885 1230 1020 1283 inter
1044 1236 1094 1282 te
1123 1236 1171 1280 et
1197 1226 1369 1296 ipsum
1389 1223 1578 1280 solum.
1597 1223 1956 1292 Quaerendum
1974 1222 2138 1293 igitur
2149 1223 2192 1276 si

606 1323 784 1378 adhuc
813 1321 1048 1391 pendeat
1077 1319 1178 1372 iste
1221 1332 1414 1372 sensus
1438 1316 1505 1370 ad
1535 1314 1831 1386 superiora,
1863 1329 1930 1367 ne
1956 1324 2195 1368 contem-

603 1429 799 1468 natnus
821 1419 917 1465 aut
944 1407 1377 1466 scandalizemus
1403 1421 1568 1460 unum
1594 1404 1662 1459 de
1688 1403 1898 1474 pusillis
1926 1403 2074 1467 istis,
2103 1402 2191 1470 qui

603 1507 659 1561 in
693 1505 860 1560 Deum
887 1502 1136 1564 credunt,
1169 1509 1225 1555 et
1260 1499 1381 1553 ideo
1410 1499 1579 1562 dicat,
1603 1496 1646 1552 si
1675 1495 1977 1565 peccaverit
2006 1509 2194 1547 eorum

603 1597 800 1668 aliquis
832 1596 885 1650 in
916 1593 1073 1648 nobis
1106 1591 1236 1661 quid
1279 1590 1477 1644 exinde
1507 1602 1670 1657 agere
1710 1587 2024 1641 debeamus.
2059 1583 2194 1652 Quia

602 1692 648 1746 si
681 1687 989 1759 peccaverit
1017 1687 1070 1740 in
1102 1683 1344 1754 qualibet
1370 1695 1533 1736 causa
1558 1679 1612 1733 in
1647 1677 1823 1742 nobis,
1851 1686 1943 1732 aut
1972 1676 2191 1741 laeserit,

600 1781 912 1838 dimittendi
952 1779 1215 1834 habemus
1257 1783 1617 1845 potestatem,
1650 1771 1760 1826 imo
1791 1769 2081 1825 necessitat

600 1891 706 1944 qua
735 1871 1049 1944 prmcipitur
1071 1877 1130 1924 ut
1169 1865 1489 1922 debitoribus
1517 1862 1709 1918 nostris
1735 1861 2071 1916 dimittamus
2100 1859 2193 1914 de-

572 1964 574 1967 ’
598 1965 734 2029 bita,
759 1963 921 2018 sicuti
948 1959 1107 2017 nobis
1133 1974 1163 2012 a
1182 1955 1423 2011 iDomino
1443 1953 1643 2009 dimitti
1675 1951 1922 2006 volumus
1970 1949 2189 2019 (Manli.

600 2074 677 2120 γι,
713 2057 818 2126 l2).
851 2052 1010 2122 Quod
1045 2051 1091 2106 si
1125 2051 1178 2104 in
1223 2048 1392 2103 Deutn
1426 2046 1565 2116 quis
1605 2029 1931 2116 peccaverit,
1965 2057 2070 2096 non
2107 2047 2192 2095 est

600 2147 774 2205 nostri
828 2142 1044 2200 arbitrii
1071 2136 1397 2195 dimittendi.
1429 2135 1594 2192 =Undc
1621 2134 1755 2189 dicit
1794 2131 2076 2203 Scriptura
2108 2130 2190 2185 di-

597 2236 746 2300 vina,
770 2234 814 2290 si
840 2229 1148 2305 peccaverit
1173 2229 1337 2283 homo
1374 2225 1428 2280 in
1468 2225 1764 2286 hominem,
1787 2222 1968 2278 orabit
1999 2235 2098 2290 pro
2125 2235 2190 2274 eo

599 2326 874 2384 sacerdos.
906 2321 968 2380 Si
989 2330 1171 2377 autem
1201 2319 1255 2374 in
1284 2318 1452 2373 Deum
1480 2314 1809 2387 peccaverit,
1838 2312 1959 2383 quis
1981 2310 2192 2382 rogabit

595 2433 697 2488 pro
730 2415 835 2474 eo?
873 2409 1263 2482 Corripiendus
1316 2415 1400 2462 est
1454 2414 1635 2460 autem
1693 2403 1901 2470 frater,
1952 2404 2186 2472 primum

596 2520 880 2571 seorsum,
943 2517 1012 2558 ne
1068 2499 1114 2556 si
1158 2498 1328 2555 semel
1370 2497 1634 2568 pudorem
1670 2504 1764 2550 aut
1795 2493 2187 2549 verecundiam

595 2598 862 2663 amiserit,
882 2595 1138 2663 deinceps
1156 2589 1271 2662 iam
1295 2587 1602 2660 impudicus
1627 2584 1804 2642 factus
1821 2625 1837 2650 ,
1874 2591 2188 2656 permaneat
2205 2643 2208 2646 ,

592 2693 651 2748 in
682 2695 930 2762 peccato.
966 2684 1075 2741 Sed
1110 2683 1177 2739 de
1215 2682 1300 2738 his
1343 2681 1529 2751 utique
1554 2678 1737 2734 dicere
1753 2676 2189 2745 ‘videtur'peccs-

597 2784 669 2839 tis
707 2796 830 2852 qua:
875 2779 945 2834 ad
1003 2790 1106 2831 nos
1156 2773 1456 2844 pertinent,
1488 2778 1559 2825 -et
1607 2783 1715 2824 non
1761 2765 2008 2847 absolute
2046 2765 2188 2820 sicut

596 2874 814 2943 quidam
860 2870 1074 2927 codices
1116 2867 1348 2929 habent,
1387 2863 1432 2917 si
1461 2860 1782 2932 tpeccaverit
1821 2856 1989 2912 frater
2041 2865 2184 2910 tuus.

600 2962 758 3020 Unde
787 2968 841 3016 et
861 2959 1128 3028 Origenes
1150 2970 1215 3009 ex
1241 2953 1347 3008 hoc
1369 2951 1513 3016 loco,
1537 2950 1664 3021 quia
1692 2946 1930 3028 sic'forte
1951 2947 2013 3000 in
2038 2945 2187 3000 Grae-

597 3058 678 3113 cis
713 3053 910 3125 legitur
953 3027 1251 3112 codicibus,
1308 3044 1492 3116 plures
1541 3042 1794 3112 proponit
1835 3027 2182 3110 (inuestioncs.

594 3148 705 3204 Sed
734 3145 860 3215 quia
892 3143 946 3197 in
983 3137 1447 3196 emendatioribus
1491 3134 1692 3189 nostris
1711 3173 1726 3198 ,
1775 3129 2147 3186 tantummodo
2168 3171 2184 3194 ,
2205 3143 2259 3207 ε

593 3242 640 3296 si
668 3235 974 3312 peccaverit
1004 3234 1058 3288 in
1086 3242 1158 3296 te,
1181 3231 1382 3292 habet,
1411 3225 1624 3282 facilior
1650 3239 1843 3280 sensus
1871 3232 1974 3286 est,
1996 3236 2187 3290 qualn-

593 3337 678 3390 vis
705 3333 883 3389 adhuc
911 3327 1080 3385 multa
1111 3322 1368 3381 discretio
1398 3320 1453 3376 in
1493 3318 1579 3373 his
1624 3313 1930 3371 necessarizi
1965 3313 2035 3367 sit
2061 3327 2186 3381 pec-

593 3428 754 3492 catis,
784 3433 847 3482 ut
885 3423 1028 3480 scire
1068 3417 1317 3476 absolute
1345 3413 1620 3487 possimus
1645 3425 1768 3482 quae
1794 3417 1919 3463 sunt
1950 3406 2040 3460 illa
2065 3421 2186 3476 quae

594 3516 936 3577 solummodo
958 3515 1018 3570 in
1049 3512 1222 3567 Deum
1249 3506 1684 3568 committuntur,
1716 3511 1771 3557 et
1795 3516 1915 3571 qua:
1942 3508 2068 3553 sunt
2094 3497 2185 3552 illa

594 3627 716 3684 qua
752 3605 1090 3666 solummodo
1132 3603 1188 3657 in
1225 3599 1383 3656 nobis
1417 3615 1431 3650 :
1465 3597 1590 3666 quia
1629 3592 1874 3665 profecto
1903 3600 2029 3646 sunt
2056 3588 2183 3643 talia

594 3683 716 3777 qua
743 3704 888 3760 intra
917 3703 1016 3755 hos
1053 3706 1110 3753 et
1144 3695 1200 3750 in
1240 3691 1396 3748 nobis
1440 3691 1614 3753 fiunt,
1658 3697 1713 3742 et
1765 3695 1942 3741 tamen
1985 3685 2051 3738 ad
2087 3683 2183 3738 Dei

597 3773 853 3865 iniuriam
883 3789 1210 3848 referuntur.
1235 3783 1444 3838 Idcirco
1468 3777 1880 3851 diligentissime
1903 3778 1982 3830 sic
2003 3773 2185 3828 omnia

595 3864 870 3944 discutere
899 3891 955 3937 et
984 3879 1282 3950 prudenter
1309 3875 1622 3930 discernere
1652 3871 1910 3924 debemus
1934 3908 1948 3931 ,
1995 3875 2056 3920 ut
2092 3864 2182 3919 illa

596 3980 828 4035 libenter
858 3972 1233 4043 indulgeamus
1283 3965 1546 4038 proximis
1578 3980 1644 4029 ac
1673 3962 1834 4034 747
1881 3959 2141 4014 fratribus
2167 3997 2184 4022 ,

597 4072 692 4142 q'ui
726 4067 1008 4125 nobiseum
1036 4077 1144 4117 uno
1172 4056 1596 4115 Christianitatis
1643 4052 2037 4125 partzcipantur
2084 4063 2186 4104 no-

600 4138 750 4216 mine
778 4201 793 4224 ,
844 4173 966 4229 qua:
1007 4153 1164 4209 nobis
1195 4160 1252 4206 et
1291 4150 1359 4206 ad
1397 4154 1637 4203 nostram
1669 4154 1879 4198 tantum
1932 4138 2186 4209 iniuriam

601 4251 744 4308 facta
770 4247 1064 4320 pertinent.
1095 4242 1234 4311 Quia
1279 4239 1381 4296 etsi
1433 4237 1488 4293 in
1535 4233 1789 4290 omnibus
1833 4247 1953 4302 qua:
1998 4238 2188 4285 contra

601 4345 905 4415 proximqu
952 4337 1094 4394 mala
1144 4335 1280 4390 fiunt
1329 4329 1634 4388 offendatur
1682 4327 1846 4390 Deus,
1890 4322 2018 4377 dum
2072 4320 2189 4391 ejus

600 4409 870 4506 praecepta
899 4421 1189 4491 violantur,
1217 4432 1400 4478 tamen
1423 4416 1722 4474 remedium
1749 4413 1816 4468 de
1837 4411 1924 4468 his
1943 4409 2188 4480 utrisque

2297 544 2460 584 omne
2488 542 2766 600 peccatum
2791 531 2943 585 multi
2966 532 3154 587 eximii
3181 534 3436 589 doctores
3466 535 3570 590 hoc
3616 540 3871 607 pertinere

2300 621 2558 686 tradunt,
2611 622 2736 692 quia
2777 622 2912 678 nihil
2954 633 3038 679 est
3087 624 3141 678 in
3179 640 3288 694 quo
3327 626 3611 695 proximus
3663 644 3871 698 peccare

2296 714 2488 783 possit,
2527 715 2671 784 quod
2704 729 2804 769 nos
2831 714 3030 769 laedere
3062 730 3169 770 non
3200 716 3422 779 debeat,
3452 719 3698 773 nascitur
3723 721 3868 776 nimia

2299 803 2585 860 dillicultas
2631 807 3022 874 interpretandi
3067 807 3339 876 quomodo
3369 809 3472 862 sub
3509 809 3613 863 hac
3655 812 3872 866 aestima-

2299 895 2446 951 tione
2494 895 2784 950 eminentis
2834 895 3225 952 misericordim
3277 896 3482 951 Christi
3536 902 3873 968 peccantibus

2297 987 2590 1042 adascius"
2615 1004 2721 1043 non
2754 987 2986 1058 amplior
3019 989 3178 1044 detur
3207 990 3422 1044 occasio
3450 993 3732 1060 peccandi,
3762 995 3873 1062 quia

2298 1080 2365 1134 de
2392 1080 2539 1133 oumi
2572 1089 2796 1148 peccato
2827 1080 3157 1149 generaliter
3176 1079 3235 1134 id
3261 1081 3540 1150 pertinere
3580 1081 3769 1136 dicunt
3793 1123 3807 1148 ,
3835 1084 3874 1137 si

2298 1171 2366 1224 ad
2397 1179 2504 1225 tam
2531 1172 2795 1225 modicam
2827 1171 3226 1242 correptionem
3271 1172 3552 1227 sceleratis
3578 1188 3644 1228 ac
3673 1174 3779 1228 reis
3799 1190 3874 1230 ve-

2299 1265 2386 1320 nia
2437 1273 2747 1335 prmstatur.
2797 1265 2854 1318 Si
2905 1273 3085 1320 autem
3130 1265 3199 1320 de
3237 1267 3488 1321 minimis
3530 1276 3586 1323 et
3638 1269 3874 1324 humanis

2297 1357 2536 1427 peccatis
2563 1359 2816 1410 etiamet
2842 1357 2927 1411 his
2954 1371 3074 1425 qua:
3105 1357 3157 1410 in
3196 1357 3355 1412 nobis
3386 1358 3542 1422 fiunt,
3571 1369 3871 1427 peccantem

2297 1448 2574 1518 arguimus
2595 1489 2609 1511 ,
2637 1457 2690 1502 et
2717 1456 2838 1516 post
2868 1447 3230 1516 arguitionem
3272 1449 3486 1504 testium
3520 1449 3604 1504 vel
3638 1450 3874 1506 Ecclesiae

2298 1539 2412 1594 fieri
2445 1547 2698 1609 oportere
2746 1539 3004 1603 diximus,
3047 1541 3187 1595 sicut
3216 1541 3494 1594 etlmicum
3541 1551 3598 1596 et
3641 1542 3870 1612 publica.

2298 1646 2426 1686 num
2453 1671 2468 1696 ,
2511 1631 2746 1685 maxime
2788 1645 2887 1699 pro
2921 1631 3161 1700 peccatis
3183 1646 3304 1700 qua:
3333 1646 3440 1685 non
3474 1639 3603 1685 sunt
3637 1632 3707 1687 ad
3745 1648 3870 1688 mor-

2289 1728 2408 1776 ‘tem
2437 1719 2672 1789 oaliqtiid
2727 1719 3064 1775 crudelitatis
3116 1735 3186 1776 ne
3236 1721 3525 1776 videamur
3581 1721 3865 1785 inducere,

2223 1795 2270 1855 Β
2297 1811 2519 1867 omnino
2552 1819 2636 1866 est
2680 1811 3006 1865 cavendum.
3027 1810 3171 1878 Quia
3193 1826 3306 1866 non
3331 1811 3543 1866 aestimo
3567 1812 3620 1866 in
3648 1784 3864 1870 Ecclesia

2257 1965 2260 1968 ,
2295 1902 2405 1959 cito
2437 1903 2668 1958 inveniri
2700 1903 2766 1957 de
2798 1903 2882 1957 his
2914 1902 3149 1972 aliquem
3178 1903 3270 1971 qui
3311 1903 3414 1956 sub
3441 1903 3726 1973 disciplina
3759 1916 3866 1960 sunt

2294 1994 2673 2058 sollicitorum,
2703 1993 2794 2062 qui
2825 2009 2940 2047 non
2969 1993 3079 2058 jam
3128 1993 3178 2046 in
3230 1993 3417 2048 eadem
3451 1993 3615 2063 culpa
3666 2005 3866 2064 argutus

2293 2087 2366 2142 sit
2412 2086 2575 2141 tertio
2619 2093 2711 2140 aut
2738 2099 2818 2140 'eo
2859 2085 3120 2154 amplius,
3169 2094 3235 2138 ut
3276 2092 3402 2153 puta
3434 2099 3509 2139 ex
3552 2086 3867 2141 detractione

2290 2179 2558 2249 proximi,
2587 2177 2761 2232 autin
2793 2177 3070 2232 inflatione
3113 2177 3416 2248 superbiae,
3467 2185 3562 2231 aut
3596 2179 3651 2232 in
3701 2180 3868 2250 epula-

2293 2272 2440 2327 tione
2483 2287 2580 2328 seu
2627 2269 2847 2341 crapula
2897 2269 2988 2324 vel
3041 2269 3452 2339 potationibus,
3495 2271 3580 2325 vel
3626 2271 3676 2325 in
3713 2272 3868 2324 verbo

2291 2363 2560 2419 mendacii
2604 2370 2699 2418 aut
2737 2362 2992 2433 periurii,
3036 2362 3080 2416 si
3117 2359 3316 2417 dixerit
3351 2361 3514 2416 fratri
3556 2377 3656 2416 suo
3694 2361 3865 2415 Barba

2290 2455 2375 2510 vel
2405 2453 2571 2518 fatue,
2603 2469 2698 2510 seu
2727 2453 2782 2508 in
2815 2452 3024 2508 caeteris
3053 2451 3345 2507 levioribus
3369 2452 3700 2522 quotidianis
3729 2452 3865 2520 inju-

2287 2545 2499 2601 riarum
2533 2545 2749 2601 delictis
2773 2585 2788 2609 ,
2833 2544 3032 2615 quibus
3055 2544 3220 2616 longa
3250 2543 3342 2598 vel
3371 2542 3515 2598 mala
3546 2544 3870 2599 consuetudo

2286 2634 2378 2691 vix
2410 2649 2600 2690 carere
2622 2640 2821 2704 potest.
2855 2632 3174 2703 Propterea,
3205 2639 3266 2686 ut
3294 2632 3425 2694 dixi.
3459 2632 3871 2702 prudentissime

2279 2724 2738 2796 pertractandum
2785 2733 2866 2777 est
2897 2723 3331 2792 quaeeommissa
3369 2723 3427 2776 in
3470 2722 3635 2776 nobis
3681 2721 3868 2776 delicta

2291 2823 2507 2871 secreto
2527 2812 2696 2886 ³148
2719 2813 2984 2883 proximis
3005 2812 3293 2882 indulgete
3324 2811 3642 2873 debeamus.
3675 2827 3871 2881 quous-

2289 2921 2394 2977 que
2434 2915 2644 2960 secreta
2674 2913 2801 2959 sunt
2827 2921 2839 2958 :
2870 2902 2993 2958 Non
3030 2905 3147 2958 dico
3166 2903 3374 2973 septies.
3399 2906 3491 2957 sed
3521 2921 3708 2973 usque,
3722 2901 3871 2971 iuxta

2283 2999 2501 3054 Domini
2533 3013 2718 3052 vocem
2746 3038 2760 3060 ,
2801 2997 3095 3068 septuagies
3124 2996 3329 3064 septies,
3359 3005 3414 3049 et
3436 3010 3565 3064 qua:
3595 3004 3719 3050 sunt
3755 3011 3872 3066 qua:

2290 3091 2344 3146 in
2380 3089 2550 3143 Deum
2592 3089 3046 3152 committuntur;
3083 3103 3204 3156 qua:
3225 3087 3325 3142 Dei
3362 3085 3570 3156 iudicio
3599 3102 3869 3141 reservare

2291 3183 2570 3237 debemus.
2635 3179 2752 3234 Prae
2811 3178 3067 3232 omnibus
3125 3187 3305 3232 tamen
3366 3177 3515 3233 circa
3572 3179 3868 3248 proximum

2289 3279 2502 3341 oportet
2541 3270 2769 3342 vigilare
2810 3268 3041 3323 sollicita
3077 3269 3366 3332 charitate,
3417 3269 3465 3323 si
3515 3268 3692 3324 nullus
3741 3269 3872 3324 alter

2287 3359 2676 3416 scierit-frater
2699 3359 2827 3428 quia
2861 3358 3137 3429 peccavit,
3191 3366 3246 3411 te
3293 3365 3435 3412 teste
3486 3365 3766 3427 peccatum
3806 3358 3873 3412 ad

2289 3460 2518 3508 mortem
2564 3451 2624 3504 in
2671 3451 2874 3514 Deum,
2921 3457 2982 3503 ut
3026 3449 3292 3519 corripias
3332 3464 3462 3504 reum
3495 3459 3552 3504 et
3593 3450 3875 3505 resuscin

2283 3542 2442 3614 iuxta
2481 3543 2626 3596 vires
2656 3541 2800 3595 inter
2830 3550 2882 3594 te
2907 3548 2962 3594 et
2983 3539 3155 3608 ipsum
3188 3538 3384 3604 solum,
3425 3541 3552 3609 quia
3581 3539 3635 3595 in
3664 3550 3716 3595 te
3755 3555 3871 3610 pec-

2288 3635 2451 3698 cavit,
2483 3648 2606 3688 cnm
2641 3640 2692 3687 te
2733 3639 2870 3686 teste
2896 3630 3182 3701 peccavit,
3235 3640 3291 3684 et
3335 3628 3444 3684 scis
3481 3639 3539 3684 tu
3594 3631 3722 3700 quia
3763 3646 3874 3699 pec-

2287 3726 2452 3780 cavit.
2500 3723 2655 3779 Unde
2693 3724 2817 3790 quia
2849 3728 3121 3776 secretnm
3161 3717 3264 3773 fuit
3307 3720 3526 3788 quando
3565 3719 3619 3773 in
3652 3728 3705 3774 te
3745 3728 3797 3773 et
3826 3719 3873 3772 in

2288 3817 2458 3870 Deum
2481 3813 2744 3883 peccavit,
2778 3820 2992 3866 secreto
3013 3825 3196 3879 quaere
3224 3809 3371 3863 omni
3414 3809 3720 3880 diligentia,
3751 3823 3872 3878 quo-

2287 3908 2449 3963 modo
2477 3907 2721 3975 corrigas
2752 3904 2894 3974 quod
2925 3902 3192 3972 peccarit.
3225 3901 3331 3955 Sed
3359 3903 3712 3970 quaerendum
3759 3896 3874 3968 quid

2287 3997 2539 4068 estquod
2574 3994 2864 4065 Apostolus
2915 3995 3034 4048 ait:
3085 3991 3371 4046 Peccanles
3416 4007 3598 4045 coram
3647 3992 3874 4045 omnibs:

2287 4105 2471 4160 argue,
2499 4096 2554 4142 ut
2583 4088 2758 4141 caeteri
2791 4096 2984 4140 meum:
3009 4085 3232 4137 habeant
3265 4083 3313 4153 (Ι
3344 4082 3478 4135 Tim.
3505 4099 3563 4143 ι’,
3596 4083 3714 4152 20).
3745 4082 3874 4136 Nun-

2288 4182 2417 4252 quid
2455 4179 2730 4236 contrarie
2759 4179 2979 4232 mandat
3008 4176 3322 4245 Apostolus,
3357 4175 3408 4228 in
3440 4190 3550 4243 quo
3584 4176 3701 4244 ipse
3731 4175 3877 4229 Chri-

2289 4283 2408 4331 stus
2438 4270 2970 4343 loquebaturl-Quid
3009 4284 3139 4338 ergo
3181 4267 3355 4337 magis
3383 4265 3725 4320 contrarium
3769 4279 3879 4320 esse

2287 4373 2490 4436 potest,
2515 4377 2678 4434 quam
2709 4358 2852 4430 quod
2879 4358 3140 4414 Dominus
3163 4376 3176 4411 :
3203 4355 3262 4411 Si
3290 4357 3520 4426 νει-ραινῆ
3547 4357 3603 4408 in
3637 4365 3686 4409 te
3725 4357 3880 4425 [mter

2293 4465 2435 4518 tuus,
2475 4452 2604 4508 vade
2648 4461 2695 4505 et
2731 4450 2937 4518 corripe
2980 4464 3099 4502 eum
3141 4448 3280 4500 inter
3324 4456 3374 4499 te
3414 4456 3461 4498 et
3493 4447 3666 4515 ipsum
3690 4445 3878 4497 solum.

601 4528 876 4598 provisum
905 4530 988 4578 est
1015 4535 1045 4574 ³
1078 4517 1168 4614 pio
1199 4515 1538 4614 Βοξωθθζυε
1558 4501 2184 4614 pe'il‘il'f'fisf‘ffff‘f":
2210 4497 2264 4559 Β
2293 4545 2360 4600 Et
2382 4497 2672 4614 A’postolus
2698 4540 2850 4605 dicit,
2875 4497 3148 4608 peccantes
3187 4553 3365 4590 coram
3411 4497 3658 4588 omr'iibns
3700 4548 3876 4602 argue.

603 4591 762 4674 nobis
783 4627 999 4686 quoque
1029 4619 1087 4666 et
1120 4608 1174 4664 in
1205 4605 1396 4662 eodem
1433 4600 1580 4657 facto
1611 4595 1926 4667 acquiratur
1955 4591 2100 4676 salus
2128 4597 2185 4644 et

601 4682 818 4780 gratia:
841 4682 949 4762 Sed
992 4715 1093 4757 nos
1125 4698 1270 4770 quod
1311 4693 1464 4766 peius
1503 4698 1588 4747 est
1624 4705 1656 4746 e
1683 4685 1958 4744 contrario
1993 4684 2047 4738 in
2089 4682 2186 4738 Dei

602 4773 799 4871 iniuria
829 4792 1047 4864 benigni
1089 4803 1277 4846 sumus
1296 4827 1312 4852 ,
1342 4795 1398 4842 et
1425 4784 1482 4840 in
1512 4781 1716 4839 nostris
1753 4788 2096 4838 exercemus,
2131 4773 2186 4828 in

603 4903 867 4967 quantum
901 4902 1221 4964 possumus,
1249 4883 1518 4939 vindictas
1551 4889 1608 4935 et
1633 4877 1778 4934 odia.
1809 4873 1962 4944 Quod
1987 4871 2032 4927 si
2060 4886 2187 4967 con-

603 4961 810 5058 tigerit,
839 4961 1036 5040 fratres
1065 4977 1204 5042 mei,
1231 4984 1292 5031 ut
1315 4989 1439 5030 eum
1464 4971 1579 5042 iam
1601 4970 1692 5042 qui
1727 4983 1826 5024 nos
1849 4965 1989 5022 laesit
2013 4961 2185 5020 corri-

602 5057 733 5150 gere
759 5077 1007 5138 velimus,
1029 5067 1414 5128 attendendum
1433 5071 1518 5120 est
1539 5078 1608 5118 ne
1636 5060 1775 5117 forte
1796 5057 1968 5114 nostri
1994 5069 2182 5120 causa,

603 5147 732 5246 quia
763 5185 868 5228 nos.
889 5167 1026 5223 hesit
1049 5204 1066 5228 ,
1116 5161 1169 5218 id
1216 5159 1396 5216 facere
1431 5157 1658 5214 velimus
1680 5193 1696 5220 ,
1721 5168 1846 5208 cum
1873 5149 2095 5206 omnino
2138 5147 2188 5202 si

599 5239 792 5322 amore
831 5269 1020 5318 nostro
1049 5257 1105 5313 in
1129 5253 1306 5326 magis
1325 5264 1488 5321 quam
1511 5246 1745 5319 proximi
1777 5244 2028 5307 facimus,
2053 5239 2188 5298 nihil

599 5369 690 5416 est
716 5355 860 5431 quod
888 5351 1148 5414 facimus;
1177 5343 1325 5416 quod
1356 5343 1405 5399 si
1423 5356 1524 5412 pro
1545 5352 1731 5394 amore
1757 5335 1902 5390 illius
1924 5334 2028 5431 hoc
2051 5330 2185 5386 faci—

609 5421 752 5516 mus;
781 5440 1155 5519 proculdubio
1187 5448 1439 5508 magnum
1472 5444 1608 5501 opus
1635 5434 1718 5484 est
1749 5424 1895 5498 quod
1919 5421 2190 5487 facimus,

602 5543 748 5600 sicut
772 5542 833 5597 iu
849 5538 1060 5597 eisdem
1084 5531 1266 5589 verbis
1289 5527 1388 5587 Dei
1415 5529 1766 5584 monstratur.

565 5737 574 5742 ,
683 5658 812 5732 Site
851 5671 1119 5738 audierit,
1150 5665 1364 5739 inquit,
1404 5661 1639 5718 lucratus
1681 5674 1734 5713 es
1765 5656 1986 5728 fratrem
2019 5661 2188 5707 tuum.

607 5764 820 5824 idcirco
855 5769 1078 5842 propter
1123 5759 1273 5816 illum
1316 5755 1403 5812 fac
1442 5763 1502 5809 ut
1530 5749 1774 5808 .lucrcris
1811 5746 1981 5810 illum,
2031 5757 2192 5814 quem

2295 4635 2449 4703 Quod
2499 4634 2544 4688 si
2595 4639 2744 4687 recte
2782 4628 3185 4701 perpendimus,
3224 4634 3517 4694 utrumque
3551 4639 3749 4678 verum
3783 4629 3880 4679 est.

2294 4731 2351 4780 et
2395 4722 2695 4779 rectissime
2719 4721 2800 4776 sic
2824 4719 3156 4790 praecipitur,
3190 4724 3251 4770 ut
3293 4713 3589 4783 aliquando
3639 4712 3775 4766 illud
3811 4709 3884 4763 fa-

2295 4820 2525 4882 ciamus,
2559 4825 2610 4870 et
2648 4812 2941 4884 aliquando
2991 4808 3166 4872 istud,
3217 4822 3286 4862 ne
3325 4807 3466 4861 forte
3521 4803 3886 4858 confundatur

2297 4911 2578 4982 disciplina
2599 4907 2821 4969 Christi,
2838 4914 2896 4959 ut
2925 4904 3018 4958 fiat
3039 4900 3312 4973 publicum
3338 4898 3480 4968 quod
3507 4896 3684 4952 debes
3708 4907 3888 4950 emen-

2293 5003 2424 5057 dare
2471 5007 2702 5062 secreto,
2733 5006 2787 5051 et
2825 5002 3096 5050 secretum
3135 4989 3230 5044 fiat
3266 4988 3410 5058 quod
3452 4994 3538 5041 est
3581 4984 3887 5054 publicum.

2293 5091 2429 5148 Nam
2459 5099 2584 5146 tunc
2629 5087 2871 5160 peccavit
2909 5087 2963 5138 in
3018 5091 3070 5138 te
3121 5080 3293 5136 frater
3343 5089 3486 5142 tuus,
3528 5077 3572 5132 si
3634 5087 3698 5130 tu
3749 5071 3888 5129 solus

2294 5185 2459 5240 nosti.
2511 5184 2577 5238 Et
2619 5181 2741 5236 ideo
2773 5179 2917 5232 inter
2944 5185 2997 5231 te
3029 5184 3086 5229 et
3111 5175 3284 5244 ipsum
3312 5170 3582 5241 agendum
3622 5177 3738 5232 est,
3767 5164 3890 5234 quia

2291 5273 2552 5332 nullialii
2585 5280 2711 5327 sunt
2741 5277 2908 5324 testes
2934 5276 2995 5321 ut
3038 5271 3251 5320 secreto
3278 5259 3628 5328 corripiatur.
3660 5258 3739 5310 At
3767 5265 3891 5308 vero

2296 5372 2361 5432 si.
2383 5369 2506 5424 aliis
2523 5359 2986 5425 audientibus,vel
3009 5356 3318 5413 videntibus
3341 5353 3435 5408 tibi
3459 5350 3722 5420 iniuriam
3747 5346 3890 5410 fecit,

2296 5473 2350 5521 et
2377 5464 2428 5518 in
2459 5459 2566 5516 illis
2590 5454 2838 5530 peccavit
2857 5467 2996 5524 quos
3027 5458 3196 5504 testes
3223 5461 3337 5501 sua:
3361 5442 3673 5513 iniquitatis
3693 5439 3892 5498 eﬂ'ecit,

2293 5557 2421 5630 quia
2463 5552 2606 5608 forte
2642 5549 2742 5603 nisi
2767 5547 2847 5602 eis
2875 5551 3120 5616 putasset
3159 5539 3370 5612 placere
3399 5535 3543 5607 quod
3587 5534 3728 5590 fecit
3754 5573 3770 5597 ,
3810 5543 3895 5584 co-

2297 5624 2412 5705 ram
2441 5643 2574 5715 ipsis
2598 5655 2704 5696 non
2733 5637 2974 5694 fecisset.
2996 5631 3067 5689 Et
3088 5633 3210 5690 ideo
3234 5630 3363 5686 talia
3390 5624 3750 5697 corripienda
3772 5626 3896 5677 sum

2298 5752 2483 5795 coram
2538 5731 2829 5796 omnibus,
2875 5741 2997 5798 qua:
3037 5735 3334 5797 peccantur
3366 5734 3555 5779 coram
3607 5715 3894 5773 omnibus.
