4012 6362
142 348 271 404 σθεὶ
922 343 1283 404 Εχιιοειτιο
1316 344 1385 403 IN
1424 341 1760 403 ΜΑττιιΑῖι

1896 375 1965 397 .—
2002 344 2131 400 LIB.
2171 343 2305 411 Vill,
2344 345 2495 404 CAP.
2534 346 2718 403 XVIII.
3330 348 3445 408 ⁸⁵22

166 463 315 531 Quae
336 476 471 518 vero
508 459 774 518 secretius
814 469 1110 530 peccantur
1133 502 1149 527 ,
1191 462 1455 519 secretius
1500 471 1556 517 et
1594 460 1766 516 corri-
1790 460 1839 519 A
1863 468 2053 515 notum
2097 459 2295 527 facere,
2324 459 2467 525 sicut
2491 470 2551 517 et
2574 461 2825 519 Christus
2852 462 2920 520 de
2962 464 3160 523 Judaeis
3188 482 3325 538 quos
3348 471 3446 527 diu

166 548 375 626 piendo
402 560 550 607 sunt.
598 551 707 607 Sed
749 551 877 606 talia
912 552 1017 606 hoc
1058 552 1177 607 loco
1210 552 1554 621 intelligenda
1585 559 1712 608 sunt
1742 591 1758 615 ,

166 652 405 717 peccata
437 643 509 699 de
531 644 733 714 quibus
768 644 905 699 dicit
934 657 1059 714 quae
1079 645 1421 715 corripienda
1452 655 1597 703 sunt.
1642 658 1762 715 quae

168 737 281 793 nisi
312 735 648 806 corripueris
682 735 826 792 inter
856 744 909 791 te
933 745 989 791 et
1014 737 1189 807 ipsum
1227 737 1419 799 solum,
1456 736 1629 793 frater
1666 752 1764 807 pe-

168 830 291 884 rire
316 826 518 898 possit,
547 834 607 881 et
630 825 678 881 si
706 834 762 881 te
786 826 1053 890 audierit,
1090 835 1219 881 tunc
1245 840 1368 880 eum
1394 826 1637 882 lucratus
1663 826 1760 881 sis.

164 921 319 990 Quid
344 934 480 991 ergo
506 924 597 973 est
630 917 760 989 quia
797 916 1041 972 lucratus
1070 931 1134 972 es
1176 930 1340 981 eum,
1366 914 1471 972 nisi
1500 917 1627 988 quia
1665 930 1758 988 ρει

166 1013 373 1076 rierat,
408 1011 596 1067 sinon
629 1009 924 1065 lucrareris
958 1011 1120 1065 eum?
1150 1010 1217 1064 Et
1243 1010 1369 1065 ideo
1394 1010 1640 1079 quamvis
1665 1025 1765 1081 pro

164 1105 435 1161 omnibus
448 1102 664 1160 delictis
689 1102 743 1157 iri
768 1102 1001 1158 invicem
1019 1112 1235 1160 certare
1252 1103 1566 1168 debeamus,
1584 1112 1764 1159 tamen

164 1196 328 1265 juxta
368 1195 517 1250 hanc
558 1192 1009 1263 intelligentiam,
1055 1193 1167 1249 tale
1209 1194 1487 1249 mstimare
1506 1194 1767 1251 debemus

168 1293 461 1356 peccatum
490 1323 507 1350 ,
540 1298 649 1354 pro
673 1296 819 1353 quo,
846 1281 951 1339 nisi
990 1283 1334 1354 corrigatur,
1386 1285 1555 1340 frater
1588 1286 1768 1357 perire

168 1376 370 1445 possit.
416 1372 487 1429 Et
529 1373 580 1428 si
632 1386 817 1428 coram
850 1371 1095 1429 Ecclesia
1133 1372 1333 1428 Christi
1389 1374 1768 1445 incorrigibilis

170 1465 526 1538 apparuerit,
561 1479 663 1535 pro
702 1478 813 1535 quo
858 1478 926 1519 ac
971 1464 1015 1518 si
1065 1465 1317 1520 ethnicus
1352 1472 1409 1520 et
1444 1465 1768 1535 publicanus

164 1559 299 1627 jure
337 1557 527 1613 haberi
574 1557 767 1627 possit.
822 1555 901 1611 Ne
952 1554 1096 1613 forte
1142 1567 1198 1612 et
1248 1565 1325 1620 tu,
1366 1559 1455 1614 cui
1496 1556 1639 1613 facta
1683 1567 1769 1615 est

170 1646 353 1721 7&9
390 1644 577 1715 injuria
614 1647 670 1702 in
706 1660 816 1719 quo
854 1646 944 1703 ille
986 1647 1254 1719 peccavit,
1281 1648 1328 1703 si
1371 1651 1769 1719 contempseris

172 1754 249 1795 ac
286 1738 584 1810 neglexeris
622 1739 901 1810 corrigere
935 1738 1093 1809 juxta
1133 1739 1299 1804 vires,
1331 1739 1486 1810 pejor
1536 1740 1636 1797 ﬁas
1680 1750 1765 1795 ta-

1864 554 2141 620 snstiuuit,
2172 554 2347 612 donec
2387 555 2628 613 Ecclesia
2672 557 3049 614 instrueretur.
3094 560 3268 628 Quam
3315 563 3445 633 quia

1864 643 2029 716 75o
2047 659 2151 701 non
2172 646 2479 711 audierunt,
2497 645 2625 703 facti
2652 655 2780 735 sunt
2801 648 2944 705 sicut
2956 652 3156 707 ethnici
3185 662 3241 709 et
3265 655 3441 725 publi-

1864 737 1986 793 cani
1997 778 2010 803 ,
2023 750 2089 794 eo
2100 736 2243 807 quod
2257 736 2545 794 multorum
2561 738 3004 810 testimoniisjam
3018 744 3250 799 convicti
3262 754 3320 800 et
3333 756 3450 801 eor-

1867 829 2026 899 repti.
2054 829 2106 884 in
2123 844 2217 885 sua
2239 829 2463 900 perﬁdia
2481 832 2861 901 perdurautes,
2882 834 3108 891 credere
3135 836 3443 894 noluerunt.
3540 832 3551 843 ί

1858 956 1861 961 -
1936 919 2101 974 Amen
2136 919 2254 974 dico
2290 921 2454 986 vobis,
2482 924 3115 995 quwertnquealigaveritis
3147 943 3306 998 super
3343 939 3448 983 ter-

1866 1027 2005 1075 ram,
2026 1020 2177 1066 erunt
2203 1012 2368 1084 ligata
2391 1015 2515 1070 etin
2537 1015 2704 1081 calo;
2737 1026 2787 1071 et
2817 1034 3141 1090 quaecunque
3166 1020 3446 1090 solveritis,

1858 1110 2018 1155 erunt
2052 1100 2226 1157 soluta
2250 1112 2300 1158 et
2328 1105 2384 1159 in
2413 1105 2562 1161 celo.
2593 1105 2747 1163 iuste
2772 1109 2916 1164 enim
2948 1109 3146 1179 ligatur
3166 1112 3260 1182 qui
3289 1114 3451 1169 toties

1866 1204 2161 1262 coramque
2183 1200 2261 1248 tot
2285 1195 2532 1261 testibus,
2558 1205 2614 1253 et
2632 1212 2818 1254 coram
2841 1198 3081 1257 Ecclesia
3106 1202 3177 1258 ab
3195 1205 3449 1261 omnibus

1858 1291 2178 1352 increpatus
2224 1288 2280 1339 ct
2310 1286 2593 1344 convictus
2639 1297 2725 1344 est
2750 1331 2766 1354 ,
2799 1291 2843 1345 si
2887 1306 2949 1347 se
2993 1291 3228 1350 noluerit
3266 1306 3452 1352 emen‘-

1855 1378 2023 1438 dare,
2071 1375 2386 1448 nullumque
2422 1376 2536 1447 jam
2586 1381 2729 1437 ultra
2769 1382 2985 1441 laedere.
3037 1384 3330 1458 Propterea
3360 1389 3452 1445 ille

1854 1463 1993 1521 'talis
2027 1465 2281 1536 alligatus
2308 1478 2364 1525 et
2388 1473 2782 1531 condemnatus
2821 1476 2999 1534 adhuc
3024 1479 3080 1535 in
3119 1497 3305 1549 carne,
3327 1484 3451 1555 jure

1862 1553 2120 1627 alligatus
2156 1568 2241 1614 est
2278 1561 2419 1632 apud
2466 1578 2656 1620 carnes
2680 1567 2777 1637 qui
2804 1576 2934 1623 sunt
2962 1569 3017 1625 in
3056 1573 3224 1640 eicio;
3268 1553 3344 1631 ita
3373 1588 3453 1632 ta-

1868 1664 1991 1705 men
2019 1650 2065 1705 si
2093 1666 2151 1707 se
2176 1656 2546 1713 emendaverit
2583 1662 2907 1734 quandoque
2934 1674 2993 1720 ut
3023 1667 3321 1725 satisfaciat
3350 1671 3451 1727 Ec-

1867 1739 2048 1797 clesia
2095 1759 2258 1813 quam
2310 1745 2449 1802 laesit
2490 1752 2787 1808 secundum
2831 1760 3228 1830 corruptionem
3283 1763 3448 1819 trium

166 1832 372 1896 cendo,
396 1846 561 1901 qua.
606 1830 699 1886 ille
736 1830 1043 1902 iujuriando
1085 1845 1181 1886 seu
1209 1832 1582 1888 conviciando.
1623 1833 1763 1901 Quia
1791 1826 1839 1887 Β
1866 1831 2109 1898 testium,
2140 1842 2200 1889 ut
2226 1835 2347 1906 jam
2392 1832 2646 1898 funiculis
2681 1826 3027 1914 peccatorum
3077 1866 3299 1908 suorum
3338 1868 3451 1911 non

160 1921 279 1979 etsi
314 1921 613 1991 gloriosum
653 1927 745 1977 est
785 1920 1014 1991 injurias
1042 1928 1258 1975 nostras
1281 1919 1547 1986 oblivisci,
1574 1936 1764 1977 verum

162 2009 421 2068 oblivisci
456 2020 676 2083 oportet
723 2011 977 2081 injuriam
1007 2020 1178 2077 tuam,
1207 2027 1315 2067 nou
1344 2012 1541 2069 vulnus
1577 2012 1766 2070 fratris

170 2103 273 2157 tui.
306 2101 463 2169 Quod
490 2102 540 2158 si
576 2101 669 2158 ille
688 2102 1082 2173 contempserit
1106 2109 1165 2158 te
1188 2102 1399 2169 audire,
1429 2111 1487 2159 et
1508 2118 1606 2161 eos
1629 2119 1767 2175 «pios

166 2201 366 2263 postea
395 2200 577 2250 tecum
602 2192 924 2256 adhibuisti,
959 2192 1182 2262 insuper
1214 2202 1270 2249 et
1296 2192 1596 2250 Ecclesium
1640 2209 1765 2251 cum

167 2302 280 2357 qua
319 2286 501 2358 deget,
531 2285 717 2355 sicque
761 2294 1042 2357 peccatum
1091 2301 1249 2342 suum
1298 2298 1364 2342 ac
1410 2288 1458 2343 si
1499 2288 1765 2359 justitiam

170 2376 505 2443 defenderit,
534 2377 662 2434 talis
687 2377 947 2449 deinceps
971 2392 1078 2433 non
1107 2378 1267 2435 debet
1290 2381 1596 2450 computari
1616 2380 1767 2437 inter

168 2469 398 2532 fratres,
428 2482 533 2525 nec
573 2468 628 2522 in
675 2466 917 2523 Ecclesia
969 2469 1301 2524 conversari.
1347 2464 1552 2525 Tamen
1578 2477 1640 2527 et
1664 2485 1766 2543 pro

164 2559 472 2615 icvioribus
514 2573 677 2631 supra
721 2558 1079 2614 dinumeratis
1109 2569 1165 2615 et
1193 2558 1568 2629 hujuscemodi
1620 2560 1765 2631 inju-

162 2648 296 2714 riis,
318 2648 424 2704 nisi
463 2648 532 2703 ad
559 2647 905 2704 concordiam
931 2656 988 2704 et
1013 2646 1437 2704 satisfactionem
1478 2664 1539 2706 se
1583 2650 1765 2706 humi-

162 2739 309 2795 liare
340 2738 425 2794 vel
464 2737 783 2794 satisfacere
823 2752 983 2808 quem
1018 2739 1187 2807 laesit,
1216 2739 1453 2795 noluerit
1479 2748 1765 2812 cori-eptits

158 2844 361 2888 coram
393 2829 670 2895 omnibus,
686 2844 730 2884 ea
756 2829 968 2886 sanctis
1007 2830 1263 2887 Patribus
1286 2831 1561 2887 sancitum
1587 2840 1689 2895 est,
1717 2832 1765 2887 si

160 2932 469 2979 contumax
494 2928 590 2976 aut
615 2922 882 2992 superbus
922 2920 1257 2993 apparuerit,
1279 2936 1311 2977 a
1336 2921 1617 2981 consortio
1636 2936 1765 2979 con-

160 3013 512 3087 gregationis
537 3013 771 3069 alienum
806 3013 925 3070 fieri
954 3015 1174 3071 debere.
1218 3014 1329 3072 Nec
1353 3016 1499 3071 enim
1527 3016 1769 3088 praeterit

160 3104 484 3161 intellectas
519 3102 632 3160 loci
676 3105 857 3171 istius,
885 3106 981 3177 qui
1026 3107 1145 3164 lucc
1172 3108 1241 3164 ad
1289 3108 1510 3164 minima
1538 3118 1762 3182 peccata

1866 1922 1939 1978 sit
1962 1922 2235 1996 alligatus,
2259 1929 2359 1984 sed
2382 1929 2529 2000 juste
2553 1933 2785 2003 solutus,
2809 1939 2973 1995 etiam
3003 1940 3073 1998 ab
3097 1944 3179 2000 eis
3206 1947 3295 2018 qui
3326 1960 3454 2005 sunt

1866 2009 1922 2110 in
1960 2011 2134 2110 caelo.
2163 2014 2301 2110 Nam
2329 2018 2448 2075 lucc
2478 2029 2721 2092 potestas
2764 2027 3009 2087 solvendi
3045 2009 3452 2110 atque-ligandi

1865 2101 1934 2157 de
1952 2105 2324 2176 superioribus
2345 2113 2566 2181 pendet.
2596 2116 2821 2189 Coepisti
2841 2135 2973 2192 ergo
2995 2101 3197 2183 habere
3224 2101 3447 2187 fratrem

1867 2199 2018 2249 tuum
2038 2202 2297 2268 tanquam
2320 2202 2596 2260 ethnicum
2626 2216 2682 2263 et
2699 2210 3064 2279 publicanum,
3093 2216 3272 2289 ligasti
3300 2216 3450 2277 illum

1862 2284 2115 2379 in
2150 2287 2261 2345 Sed
2294 2299 2353 2347 ut
2371 2291 2517 2362 justo
2551 2297 2756 2371 alliges,
2787 2302 2909 2360 vide
2947 2306 3074 2377 quia
3102 2284 3300 2379 iniusta
3328 2314 3449 2369 vin-

1865 2373 1986 2429 cula
2030 2376 2320 2450 disrumpit
2355 2382 2586 2453 jnstitia.
2637 2387 2775 2445 Cum
2822 2373 3003 2450 autem
3051 2373 3357 2457 correxeris
3396 2413 3454 2458 et

1856 2469 2284 2529 concordaveris
2306 2489 2429 2530 cum
2456 2475 2626 2534 fratre
2650 2490 2762 2549 tuo,
2788 2486 2995 2543 solvisti
3020 2486 3167 2547 illum
3200 2493 3254 2547 in
3280 2492 3448 2551 terra.

1865 2553 2035 2643 Quem
2057 2573 2180 2614 cum
2211 2561 2438 2620 solveris
2470 2566 2523 2622 in
2552 2578 2718 2637 terra,
2752 2574 2962 2632 solutus
2989 2579 3094 2635 erit
3117 2588 3174 2635 et
3207 2582 3259 2638 in
3286 2585 3449 2643 CtBIO.

1865 2642 2088 2744 Multum
2137 2663 2277 2744 ergo
2314 2655 2634 2724 praestitisti,
2664 2676 2771 2717 non
2817 2663 2949 2728 tibi.
2977 2669 3073 2725 sed
3107 2670 3206 2736 illi,
3245 2674 3371 2744 quia
3402 2642 3451 2731 is

1864 2737 2093 2795 multum
2124 2743 2330 2811 nocuit,
2357 2762 2465 2804 non
2495 2750 2615 2817 tibi,
2643 2755 2738 2809 sed
2767 2756 2891 2814 sibi.
2930 2757 3057 2818 Hac
3083 2737 3318 2836 namque
3349 2783 3448 2840 po-

1848 2836 2035 2930 testas
2087 2833 2329 2930 solvendi
2374 2846 2537 2911 atque
2583 2843 2788 2915 ligandi
2833 2849 3048 2907 videtur
3095 2833 3286 2913 eadem
3328 2833 3450 2930 qua:

1863 2918 2028 2978 Petro
2073 2938 2236 2995 supra
2276 2928 2402 2986 data
2447 2941 2560 3000 est;
2608 2937 2704 2992 sed
2741 2954 2849 2995 non
2874 2950 2960 2998 est
2999 2943 3072 3000 ita
3113 2962 3210 3018 per
3238 2918 3447 3018 omnia,

1863 3014 2123 3112 quoniam
2164 3022 2454 3112 oportebat
2480 3022 2701 3084 Petrum
2729 3030 2946 3104 aliquod
2979 3014 3319 3112 privilegium
3349 3014 3451 3098 ha;

1865 3103 1996 3203 lie-re
2160 3108 2283 3167 istis
2311 3112 2403 3203 qui
2427 3121 2509 3171 ter
2529 3132 2757 3189 arguere
2774 3103 3052 3193 jubentur.
3078 3103 3205 3186 ideo
3228 3131 3447 3203 quidem

166 3205 428 3256 asserunt
453 3197 751 3268 pertinere,
781 3206 838 3254 et
864 3206 1152 3269 propterea
1178 3209 1543 3271 peccatorem,
1574 3201 1623 3258 si
1646 3200 1763 3258 fue-
1787 3185 1836 3250 C
1862 3193 1976 3251 illic
2000 3195 2207 3256 dictum
2233 3208 2318 3259 est
2339 3217 2360 3259 :
2384 3202 2501 3261 Tibi
2533 3185 2669 3266 (la-bo
2707 3185 2875 3271 claves
2905 3217 3051 3289 regni
3082 3185 3452 3282 αιτιονῖιῖᾖῂεῄξῖ

168 3288 249 3342 rit.
282 3287 369 3343 bis
397 3287 484 3342 vel
526 3287 693 3352 tertio
734 3298 1049 3355 coargutus,
1075 3289 1251 3347 elatus
1279 3291 1333 3347 in
1361 3292 1637 3362 superbia,
1660 3308 1762 3349 nec

164 3378 549 3435 emendaverit
573 3419 590 3445 ,
640 3378 783 3435 sicut
827 3380 1104 3437 ethnicum
1149 3389 1207 3437 et
1246 3382 1594 3454 publicanum
1642 3383 1763 3440 ﬁeri

168 3469 391 3533 debere,
420 3483 532 3523 non
571 3469 699 3539 quia
726 3469 958 3539 primum
986 3470 1230 3541 peccavit
1250 3480 1484 3540 tantum,
1510 3472 1608 3530 sed
1634 3472 1762 3543 quia

166 3560 472 3631 permansit
500 3560 555 3615 in
587 3561 931 3618 contumacia
968 3577 1067 3618 sua
1091 3561 1289 3620 elatus.
1338 3564 1552 3622 Interea
1597 3579 1763 3636 quam

174 3650 314 3706 mira
337 3650 690 3722 dispositione
714 3652 771 3710 id
799 3654 978 3709 divina
997 3655 1179 3726 pietas
1216 3658 1494 3713 censuerit
1530 3658 1761 3732 diligen-

160 3740 285 3797 tius
301 3740 754 3798 considerandum
780 3752 884 3809 est,
906 3753 967 3800 ut
996 3747 1141 3817 quod
1167 3747 1282 3817 ipse
1301 3747 1538 3819 primum
1566 3751 1761 3822 impie-

164 3829 254 3887 vit
292 3831 355 3887 in
380 3832 582 3904 populo
610 3847 774 3906 quem
818 3835 1017 3907 elegit,
1044 3839 1416 3910 unusquisque
1442 3840 1665 3912 impleat
1706 3843 1761 3900 in

156 3922 431 3992 Quodne
470 3924 573 3981 sibi
618 3924 931 3998 coniuncto,
959 3935 1021 3984 ut
1044 3929 1101 3985 in
1129 3944 1227 3986 ore
1266 3930 1497 3988 duorum
1539 3935 1762 3993 testium

164 4013 318 4070 ﬁdes
355 4015 501 4072 verbi
537 4032 600 4074 ac
642 4019 843 4075 veritas
885 4031 1110 4077 maneat
1151 4022 1490 4095 incorrupta.
1540 4026 1660 4084 Non
1688 4032 1760 4087 ad

170 4108 514 4167 insolentiam
544 4113 728 4184 populi
756 4114 1056 4186 peccantis,
1082 4116 1319 4188 primum
1338 4116 1435 4175 lex
1454 4122 1761 4193 correptio-

168 4201 257 4256 nis
284 4201 451 4257 missa
477 4213 588 4269 est,
613 4211 671 4259 et
697 4204 846 4260 solus
870 4203 1148 4277 legislator
1163 4221 1286 4263 cum
1308 4208 1389 4265 eis
1412 4209 1760 4283 corripiendo

166 4291 437 4349 conﬂixit.
467 4292 674 4351 Deinde
697 4296 982 4366 prophetia
1005 4305 1063 4353 et
1085 4296 1320 4356 Joannes
1354 4301 1553 4359 missus
1578 4311 1665 4360 est
1688 4306 1758 4362 ad

156 4398 415 4440 eoscum
438 4385 562 4457 ipsa
589 4387 888 4458 eademque
930 4388 1068 4460 lege,
1096 4397 1153 4445 et
1197 4389 1316 4446 istis
1356 4392 1591 4449 testibus
1621 4408 1759 4451 con-

1860 3301 2188 3383 qutecttnque
2224 3290 2468 3365 ligaveris
2496 3316 2655 3372 super
2693 3313 2909 3374 terram,
2942 3319 3096 3365 erunt
3123 3310 3286 3383 ligata
3313 3324 3362 3370 et
3392 3316 3452 3373 in

1858 3373 2007 3431 ralis
2035 3376 2254 3450 (Matth.
2282 3397 2395 3450 xvi,
2424 3386 2531 3460 l9).
2588 3389 2688 3447 Ubi
2732 3408 2839 3449 non
2882 3373 3096 3454 modica
3140 3373 3448 3461 diderentia

1863 3480 1987 3524 esse
2013 3472 2265 3541 sentitur,
2284 3475 2411 3546 quia
2432 3477 2594 3535 Petro
2610 3481 2754 3539 datas
2773 3485 2955 3543 claves
2979 3504 3087 3546 non
3111 3493 3271 3550 unius
3296 3495 3446 3563 caeli,

1865 3560 1961 3615 sed
2002 3560 2181 3620 claves
2207 3569 2360 3638 regni
2398 3570 2682 3641 caelorum,
2721 3585 2779 3631 ut
2820 3594 3155 3652 quascunque
3198 3560 3450 3657 ligaverit

1864 3664 2028 3720 super
2054 3659 2280 3722 terram,
2304 3657 2413 3712 sint
2452 3659 2641 3730 ligata,
2673 3680 2780 3722 non
2826 3675 3036 3724 tantum
3062 3671 3117 3728 in
3145 3689 3253 3731 uno
3280 3677 3443 3743 cosio,

1863 3923 2038 4008 Quam
2076 3926 2352 3998 perfech
2396 3947 2483 3991 εει
2519 3940 2849 4008 apostolatus
2893 3943 3060 4015 Petri,
3087 3965 3251 4022 quam
3297 3970 3447 4013 com-

1861 4019 2043 4077 munis
2073 4030 2261 4095 nostra
2290 4030 2661 4087 conversatio!
2689 4041 2747 4089 et
2767 4036 3035 4096 excelsior
3072 4019 3442 4115 apostolorum

1858 4111 2177 4209 auctoritas.
2196 4113 2377 4209 AUnde
2404 4119 2709 4197 quicunque
2736 4140 2906 4199 usque
2929 4131 3000 4186 ad
3038 4111 3186 4190 illam
3218 4148 3442 4209 aposto-

1855 4200 2035 4258 lorum
2060 4205 2454 4265 exsolutionem
2480 4213 2827 4282 perfectionis
2849 4223 3081 4289 venerit,
3110 4225 3163 4280 in
3189 4200 3445 4288 omnibus

1854 4292 2138 4350 absolutus
2156 4296 2235 4351 eri
2243 4306 2289 4364 t;
2315 4300 2442 4371 quia
2462 4303 2603 4359 sicut
2625 4306 2803 4377 difert
2824 4311 2974 4366 stella
2995 4316 3061 4368 ab
3081 4316 3232 4373 stella
3252 4319 3306 4375 in
3324 4321 3442 4378 cla-

1853 4383 2013 4438 ritate
2042 4383 2095 4457 (I
2120 4384 2247 4443 Cor.
2290 4405 2346 4455 v,
2380 4391 2467 4464 ll)
2491 4407 2510 4448 :
2536 4394 2609 4449 ita
2654 4407 2713 4452 et
2755 4397 3053 4459 diﬂ'erentia
3098 4408 3168 4463 ab
3209 4409 3441 4471 invicem

164 4480 364 4530 mm
385 4482 473 4531 θα
499 4475 642 4532 idem
660 4478 896 4549 mulus
919 4489 1224 4550 mm
1246 4482 1537 4541 άθαηειοθι,
1571 4485 1756 4544 Temo
1785 4540 1831 4562 ἢ
1861 4483 2195 4562 sanctorum.
2247 4478 2539 4552 Pmpterea
2582 4489 2684 4543 etsi
2733 4491 3097 4560 apostolorum
3141 4503 3441 4562 auctoritas

162 4567 354 4637 itaque
397 4567 518 4638 ipso
562 4540 776 4624 θοιςῆιίί
811 4540 1064 4636 adveni“.
1096 4578 1356 4645 unquam
1385 4540 1752 4635 coam
1780 4540 1979 4630 Djure
2022 4564 2255 4636 amplior
2292 4540 3438 4647 prasinatus,"nBB'ELIE'EuEKKZQE;

154 4654 411 4714 Ecclesia
436 4657 814 4729 inspectantis,
840 4660 1150 4718 admonitus
1169 4672 1272 4720 est.
1294 4662 1503 4734 Quibus
1520 4666 1752 4724 frustra-

160 4748 238 4803 tis
288 4747 755 4820 objurgatienibus
807 4764 874 4806 ac
923 4753 970 4808 si
1013 4752 1291 4823 publicani
1357 4754 1613 4827 deinceps
1664 4756 1753 4814 vei

160 4835 374 4892 ethnici
396 4836 522 4908 jure
564 4838 798 4909 reputati
827 4849 954 4896 sunt
993 4842 1062 4898 ab
1097 4843 1377 4913 apostolis,
1409 4846 1538 4915 quia
1566 4846 1637 4902 lu
1659 4864 1753 4905 are

158 4927 396 4983 dumut
420 4927 501 4983 uel
520 4929 683 4985 trium
701 4930 910 4986 testium
934 4931 1092 4988 stabit
1118 4948 1270 4988 autne
1295 4935 1506 4990 uerbum
1530 4935 1610 5009 (Μ
1627 4939 1747 4994 mli.

160 5030 327 5081 xvsu,
350 5015 462 5089 id).
492 5014 613 5074 Non
656 5019 803 5090 quod
843 5020 899 5076 in
940 5034 1042 5076 ore
1072 5021 1307 5078 duorum
1351 5024 1632 5081 hominum
1665 5027 1755 5085 vel

154 5104 337 5160 trium
383 5120 491 5163 non
537 5107 853 5166 inveniatur
893 5113 1261 5181 mendacium,
1292 5113 1389 5171 sed
1430 5117 1556 5187 quia
1585 5118 1641 5176 in
1667 5119 1753 5178 his

154 5196 342 5254 tribus
389 5200 638 5268 testibus,
664 5202 719 5258 id
764 5210 851 5260 est
895 5204 950 5260 in
997 5204 1116 5279 lege
1155 5221 1221 5263 ac
1264 5209 1651 5280 prophetis,.et
1693 5213 1751 5269 in

153 5288 496 5361 Evangelia,
524 5299 635 5347 stat
674 5306 837 5350 omne
881 5296 1107 5352 verbum
1149 5297 1431 5366 doctrinas,
1462 5302 1750 5373 omnisque

154 5378 392 5436 veritas.
432 5379 563 5439 stat
604 5391 785 5439 autem
813 5386 869 5440 in
898 5384 985 5441 his
1007 5387 1187 5444 omnis
1232 5390 1465 5457 veritas,
1493 5391 1637 5462 quod
1663 5400 1752 5451 est

144 5487 328 5529 me
352 5476 599 5542 verbum,
624 5479 752 5549 quia
791 5495 1068 5552 nunquam
1109 5484 1277 5540 cadit.
1323 5485 1391 5542 Et
1417 5486 1541 5543 ideo
1581 5497 1748 5548 testes

153 5579 398 5636 quomm
437 5570 736 5627 assertione
762 5572 1164 5631 conveniendus
1207 5585 1292 5633 est
1338 5579 1636 5649 proximus,
1663 5596 1750 5638 se-

154 5661 401 5715 cundum
446 5660 547 5716 hos
580 5670 694 5719 tres
727 5672 898 5720 testes
925 5666 1122 5722 debent
1165 5669 1439 5741 corrigere
1462 5685 1527 5727 ac
1554 5686 1747 5745 repro-

148 5750 297 5806 bare
322 5765 447 5807 eum
489 5750 582 5825 qui
626 5768 723 5811 eos
761 5756 954 5813 audire
1000 5758 1251 5825 noluerit,
1275 5760 1471 5818 deinde
1494 5762 1748 5823 Ecclesiae

1853 4743 2000 4811 stoli,
2030 4760 2133 4804 nec
2179 4749 2458 4817 Ecclesia,
2508 4755 2725 4815 aliunde
2778 4775 3136 4835 perceperunt
3191 4743 3354 4841 quani
3404 4788 3443 4829 ει

1853 4837 2093 4936 Christo.
2144 4842 2213 4898 Et
2260 4843 2382 4900 ideo
2420 4846 2578 4921 751
2622 4852 2748 4922 quia
2797 4865 3007 4926 poterat
3048 4837 3439 4936 contemptoris

1854 4929 2029 4985 nostri
2057 4931 2175 4989 hac
2205 4935 2418 4991 occulta
2443 4954 2564 4994 esse
2590 4947 2893 5015 responsio,
2922 4949 3009 5006 vel
3036 4951 3199 5007 tacita
3224 4929 3435 5027 cogita-

1856 5019 1953 5087 tio,
1982 5021 2028 5077 si
2065 5037 2153 5079 me
2178 5023 2413 5098 despicis
2452 5038 2636 5117 etego
2662 5041 2718 5091 te
2743 5036 3040 5111 despiciam
3068 5060 3080 5096 :
3105 5050 3159 5098 et
3187 5044 3233 5100 si
3264 5019 3321 5101 tu
3348 5061 3438 5102 me

1850 5112 2205 5184 condemnas,
2238 5132 2273 5174 e
2300 5114 2576 5181 contrario
2611 5135 2668 5181 et
2706 5135 2762 5183 tu
2796 5128 2850 5185 in
2889 5144 2953 5187 ea
2994 5135 3261 5191 sententia
3299 5150 3434 5194 cen-

1853 5204 2217 5265 demnaberis.
2245 5208 2574 5272 Potestatem
2597 5218 2787 5275 tribuit
2811 5228 2870 5277 ut
2889 5222 3064 5279 sciant
3087 5226 3213 5295 quia
3237 5227 3438 5288 talibus

1850 5295 2282 5357 condemnamur
2304 5300 2475 5359 Deum
2494 5304 2736 5375 judicem
2778 5311 2833 5366 in
2869 5314 3049 5370 medio
3074 5329 3265 5374 eorum
3288 5334 3433 5389 esse,

1851 5406 1921 5447 ne
1961 5400 2061 5448 aut
2102 5391 2193 5448 isti
2237 5391 2437 5465 injuste
2470 5396 2659 5472 ligent,
2690 5411 2783 5457 aut
2829 5402 2920 5459 ille
2957 5405 3101 5463 male
3139 5418 3434 5470 contumax

1848 5484 2258 5576 condemnetur.
2308 5487 2514 5547 idcirco
2560 5492 2684 5549 dico
2726 5493 2914 5563 vobis,
2940 5497 3037 5564 ait,
3072 5496 3435 5576 quodcunque

1844 5572 2073 5647 ligatum
2121 5575 2286 5635 fuerit
2329 5580 2383 5636 in
2429 5590 2602 5648 terra,
2634 5582 2860 5656 ligatum
2900 5590 3107 5661 pariter
3148 5595 3254 5651 erit
3281 5572 3432 5652 etim

1844 5670 2009 5727 cosio.
2037 5671 2117 5729 Ac
2142 5673 2189 5728 si
2216 5673 2452 5741 diceret,
2479 5676 2607 5750 quia
2653 5678 2708 5733 in
2752 5681 2930 5741 medio
2971 5700 3159 5749 eorum
3190 5706 3310 5749 sum
3338 5691 3433 5779 qui

1844 5760 2037 5833 ligant.
2072 5763 2301 5837 Propter
2324 5767 2466 5838 quod
2495 5769 2778 5840 sequitur:
