4008 6354
1419 302 1475 358 5.
1521 303 1878 360 PASCHASII
1924 305 2195 360 RADDER

2309 305 2483 361 ABBA
2493 307 2600 363 TIS
2645 307 3092 366 CORBEIENSIS
3733 321 3812 376 ﬂii

696 414 1049 486 Iterumdica
1071 414 1376 485 retinentia
1399 416 1444 469 si
1462 417 1568 470 duo
1597 433 1660 471 ea:
1691 418 1828 472 vobis
1856 419 2208 473 consenserint
2239 422 2283 478 Α
2317 427 2470 473 tenus
2496 421 2539 473 si
2566 419 2801 487 jubilare
2848 425 3190 492 cooperando
3233 424 3492 495 volumus,
3519 445 3662 486 unum
3685 440 3832 505 mosi,

621 523 780 576 super
820 518 1012 562 terram
1053 507 1118 560 de
1157 509 1299 561 omni
1341 525 1395 564 re
1433 526 1798 580 quamcunque
1834 513 2093 581 petierint,
2120 512 2208 580 fiet

622 600 731 654 illis
761 616 794 652 α
836 597 996 652 Patre
1041 613 1158 652 meo
1186 599 1276 668 qui
1314 599 1368 651 in
1399 599 1538 654 caelis
1577 611 1670 654 est.
1714 600 1781 654 Et
1816 603 1905 654 ubi
1944 613 2064 656 sunt
2103 603 2208 656 duo

612 689 704 742 rei
728 699 832 743 tres
864 689 1166 758 congregati
1198 688 1252 741 in
1284 690 1491 742 nomine
1527 690 1753 754 meo,ibi
1793 707 1908 744 sum
1948 692 2004 744 in
2040 693 2207 744 medio

621 794 822 830 eorum.
867 777 925 832 In
971 785 1179 832 tantum
1221 778 1386 848 igitur
1433 778 1613 832 studet
1653 780 2016 837 concordiam.
2049 790 2107 833 ut
2154 781 2206 832 in

620 868 848 922 unitatis
882 867 1098 930 merito,
1125 867 1307 921 omnia
1338 882 1459 936 qua:
1487 882 1516 920 a
1548 866 1658 922 Deo
1685 868 2024 937 praedicanda
2059 877 2203 932 sunt,

619 959 957 1029 impetranda
986 975 1104 1014 esse
1132 958 1437 1014 conﬁrmet.
1469 959 1535 1013 Et
1564 960 1652 1013 ubi
1680 966 1786 1013 duo
1815 959 1899 1013 vel
1929 969 2058 1021 tres,
2087 961 2204 1028 pari

617 1050 814 1119 spiritu
846 1050 1069 1119 parique
1117 1048 1394 1103 voluntate
1437 1049 1646 1103 collecti
1691 1059 1816 1104 sunt
1864 1051 1916 1104 in
1957 1050 2202 1113 Domino,

612 1143 692 1202 ,ihi
721 1159 780 1197 se
809 1143 1043 1196 medium
1074 1156 1264 1195 eorum
1313 1140 1599 1210 pollicetur
1627 1139 1888 1194 futurum.
1923 1141 2057 1208 Quia
2092 1141 2204 1210 ipse

617 1243 703 1290 est
746 1250 850 1304 pax
885 1244 1048 1303 atque
1073 1233 1342 1294 Charitas.
1378 1250 1500 1301 qua:
1531 1232 1658 1287 facit
1701 1233 1864 1287 corda
1912 1233 2203 1287 multorum

618 1344 806 1391 tinum,
835 1335 892 1382 et
919 1327 1234 1380 innumeras
1269 1335 1578 1380 sanctorum
1619 1326 1852 1389 animas,
1885 1325 1986 1379 sibi
2021 1324 2086 1378 ad
2123 1326 2206 1380 in-

619 1418 810 1482 vicem,
844 1425 900 1469 ut
931 1431 1033 1469 una
1058 1417 1129 1470 sit
1151 1416 1332 1470 anima
1365 1415 1728 1470 connectit-ac
1756 1415 2033 1478 convenit,
2065 1415 2205 1470 inter

613 1524 750 1576 quas
795 1508 1001 1562 medius
1050 1507 1235 1561 Seduni
1293 1517 1456 1575 atque
1505 1506 1897 1560 habitationem
1945 1506 2198 1560 collocat.

614 1597 783 1653 Totus
807 1613 1037 1667 namque
1064 1598 1150 1651 hic
1182 1611 1362 1651 sermo
1383 1597 1449 1650 de
1473 1596 1844 1667 superioribus
1869 1598 2085 1666 pendet,
2111 1596 2200 1652 ubi

613 1689 678 1742 ad
707 1688 1053 1742 concordiam
1081 1703 1272 1741 omnes
1305 1695 1648 1756 provocarat,
1679 1695 1733 1740 et
1775 1703 1920 1741 nunc
1956 1688 2197 1757 exponit,

2313 523 2436 562 cum
2485 524 2703 565 carmen
2744 524 2964 566 servare
3008 513 3306 581 possimus,
3335 524 3388 568 ut
3414 528 3636 574 servetur
3659 536 3813 594 mrpus

2304 608 2365 652 et
2409 600 2588 653 anima
2646 610 2808 669 atque
2857 601 3080 670 spiritus
3127 603 3332 674 integer
3375 606 3424 659 in
3473 622 3570 662 una
3610 624 3815 685 compago

2309 689 2510 744 amoris
2542 690 2740 753 Dei,'et
2770 690 2822 744 in
2865 706 2972 745 uno
3019 692 3233 748 vinculo
3261 695 3422 764 pacis.
3454 694 3616 752 Nostis
3635 702 3752 754 enim
3774 704 3813 757 in

2307 781 2549 843 musicis,
2575 782 2700 848 quia
2726 782 2829 836 nisi
2855 781 3021 838 fuerit
3040 786 3389 839 consonantia
3410 801 3605 852 vocum,
3624 799 3674 844 ut
3689 807 3813 848 uuam

2308 887 2372 925 ex
2403 873 2632 927 diversis
2659 872 2884 928 vocibus
2917 874 2986 928 de
3013 888 3071 930 se
3099 886 3286 930 canws
3315 877 3626 932 harmoniam
3650 883 3813 946 reddat,

2307 980 2414 1017 non
2468 964 2770 1018 delectatur
2817 964 3045 1029 audire,
3098 966 3306 1020 etiamsi
3357 983 3459 1022 una
3503 983 3669 1024 earum
3705 973 3816 1039 prior

2309 1056 2478 1109 ruerit
2505 1070 2608 1108 vox
2641 1056 2694 1109 in
2721 1065 2988 1110 concentu
3015 1073 3028 1110 :
3053 1058 3132 1112 sic
3155 1066 3214 1112 et
3244 1058 3296 1112 in
3323 1058 3585 1124 Ecclesiis,
3605 1070 3727 1116 certe
3747 1074 3815 1116 aut

2311 1147 2364 1202 in
2387 1165 2496 1202 uno
2524 1149 2762 1212 homine,
2793 1150 2897 1204 nisi
2919 1165 3245 1206 consensum
3273 1153 3513 1208 habuerit
3539 1156 3712 1210 choms
3731 1157 3814 1210 vir-

2295 1246 2504 1302 tutum,
2540 1248 2596 1293 et
2629 1240 3064 1294 convenientiam
3102 1239 3402 1301 charitatis,
3433 1257 3532 1295 non
3575 1242 3814 1298 delectatur

2307 1327 2473 1392 Deus,
2503 1343 2602 1382 nec
2638 1329 2789 1382 audit
2821 1344 2985 1384 voces
3031 1343 3244 1383 eorum.
3285 1329 3545 1395 Quoniam
3579 1330 3699 1385 sicut
3717 1333 3816 1400 Apo-

2307 1418 2478 1473 stolus
2501 1419 2578 1473 ait
2604 1436 2616 1472 :
2646 1417 2752 1484 Qui
2781 1419 3058 1488 offenderit
3090 1419 3147 1474 in
3185 1436 3312 1480 uno.
3343 1421 3506 1489 fact-us
3538 1429 3605 1474 est
3637 1423 3813 1474 omnium

2305 1525 2425 1564 reus
2453 1509 2594 1578 (Jac.
2627 1526 2687 1575 ιι,
2722 1509 2832 1580 10).
2871 1509 3215 1579 Quapropter
3242 1510 3662 1565 conversantibus
3695 1511 3812 1564 nobis

2291 1599 2362 1660 .in
2397 1615 2585 1664 unum,
2619 1613 3012 1670 congregemur
3037 1613 3270 1670 corpore
3315 1607 3371 1654 et
3408 1600 3576 1654 anima
3602 1609 3651 1654 et
3671 1600 3814 1669 spiritu

2307 1691 2361 1744 in
2387 1690 2607 1746 nomine
2631 1689 2784 1756 Jesu,
2811 1700 2871 1747 ut
2892 1692 2964 1747 sit
2994 1690 3151 1747 Iesus
3183 1691 3237 1746 in
3271 1691 3446 1747 medio
3468 1691 3815 1753 nostrum,‘ver-

611 1796 773 1852 quem
815 1780 1051 1835 fructum
1081 1779 1276 1835 exinde
1309 1781 1427 1834 sint’
1447 1779 1707 1845 habituri,
1741 1780 1814 1834 ita
1845 1789 1904 1834 ut
1937 1781 2196 1850 quidquid
2224 1768 2276 1830 Β
2302 1783 2430 1838 bum
2461 1781 2668 1838 scilicet
2711 1783 2829 1849 Dei,
2866 1792 2921 1839 et
2953 1784 3219 1854 sapientia
3248 1792 3307 1840 et
3333 1785 3502 1840 virtus
3525 1784 3691 1852 ipsius,
3718 1799 3812 1852 qua-

608 1870 882 1940 petierint,
913 1870 1023 1925 siut
1070 1869 1366 1938 accepturi,
1399 1868 1677 1938 Deumque
1706 1869 1946 1924 medium
1986 1884 2202 1938 semper

615 1959 664 2014 ia
706 1975 764 2014 se
794 1959 1052 2014 habituri.
1106 1958 1213 2014 Sed
1259 1957 1486 2013 forsitan
1518 1959 1620 2012 hoc
1669 1959 1761 2013 tali
1790 1974 2056 2015 consensu
2079 1969 2202 2014 tau-

608 2061 773 2121 taque
800 2051 1022 2114 virtute,
1049 2050 1335 2118 necpauci
1366 2048 1469 2104 sibi
1495 2051 1841 2104 consentiunt
1865 2052 2164 2120 peromnia
2181 2093 2198 2112 ,

608 2149 664 2196 et
707 2141 830 2196 ideo
873 2139 1119 2195 fortassis
1149 2140 1471 2209 temperavit
1515 2140 1862 2205 sententiam,
1895 2140 1939 2195 si
1979 2141 2084 2194 duo
2120 2141 2201 2195 vel

609 2241 723 2288 tres
753 2229 1129 2286 consenserint
1173 2245 1240 2285 ex
1283 2229 1458 2293 vobis,
1483 2229 1848 2285 sicutPetrus
1877 2239 1933 2285 et
1965 2231 2204 2286 Iacobus

610 2341 676 2380 ac
718 2324 979 2378 Joannes.
1017 2321 1226 2390 Quibus
1257 2322 1413 2392 quasi
1453 2323 1919 2391 consentientibus
1961 2322 2064 2376 sibi
2108 2339 2206 2393 per

609 2415 792 2469 omnia
822 2412 1063 2468 ostendit
1102 2413 1158 2467 in
1190 2419 1374 2468 monte
1397 2411 1628 2482 gloriam
1671 2411 1937 2467 claritatis
1965 2428 2095 2477 sine,
2127 2413 2202 2467 ita

611 2512 674 2560 ut
716 2520 783 2561 ex
829 2519 897 2561 eo
941 2505 1126 2560 habitu
1172 2518 1280 2574 quo
1318 2519 1425 2559 non
1473 2503 1710 2560 habebat
1745 2503 1980 2574 speciem
2031 2519 2205 2573 neque

609 2593 884 2659 decorem,
914 2600 1153 2648 verteret
1176 2607 1237 2648 se
1280 2591 1348 2647 ad
1389 2600 1596 2648 tantam
1643 2591 1895 2664 gloriam,
1921 2592 1994 2646 ita
2023 2602 2082 2646 ut
2111 2608 2203 2648 ve-

608 2684 867 2740 stimenta
915 2698 1012 2738 sua
1063 2681 1258 2738 ﬁerent
1305 2697 1490 2738 coram
1543 2683 1625 2738 eis
1669 2682 2028 2753 Splendentia,
2065 2683 2206 2737 sicut

603 2775 831 2846 quidam
857 2775 1072 2832 codices
1112 2774 1337 2839 habent,
1364 2774 1521 2845 quasi
1546 2774 1748 2829 lumen.
1779 2773 1913 2828 Nam
1942 2774 2075 2828 etin
2107 2773 2206 2829 Ve-

609 2865 720 2921 teri
750 2864 1103 2924 Testamento
1134 2875 1243 2920 tres
1273 2866 1368 2920 lilii
1412 2865 1592 2921 Chore
1627 2867 1677 2921 in
1705 2867 1806 2920 hac
1835 2866 2042 2921 unitate
2068 2881 2204 2920 con-

606 2955 924 3022 'senserunt,
955 2965 1010 3010 ct
1035 2957 1155 3011 ideo
1191 2965 1504 3021 evaserunt,
1535 2957 1608 3010 ita
1641 2966 1699 3010 ut
1731 2955 2207 3011 l‘ormamteneant

603 3049 854 3106 omnium
900 3062 1088 3102 eorum
1119 3048 1212 3115 qui
1246 3047 1490 3102 salvandi
1538 3054 1666 3101 sunt
1703 3045 1770 3099 ab
1820 3045 1910 3100 illo
1953 3046 2203 3101 incendio

608 3133 839 3196 aeterno.
873 3139 974 3207 Qui
1020 3110 1284 3210 profecto,
1312 3139 1437 3210 quia
1479 3137 1830 3194 consentiunt
1855 3153 1978 3192 cum
2010 3138 2125 3209 lege
2149 3147 2206 3193 et
2231 3110 2275 3172 δ

606 3224 914 3300 prephetis,
942 3229 1049 3283 duo
1079 3229 1351 3282 dicuntur.
1386 3227 1588 3283 Deinde
1626 3226 1753 3297 quia
1795 3226 2121 3298 colliguntur
2148 3228 2202 3282 in

610 3319 924 3390 Evangelio,
961 3329 1072 3374 tres
1110 3319 1295 3388 utique
1327 3319 1609 3374 unanimes
1654 3319 1706 3373 in
1753 3319 1959 3372 unitate
2001 3316 2202 3372 Christi

605 3404 987 3468 inveniuntur.
1031 3409 1339 3465 Praesertim
1367 3411 1492 3481 quia
1523 3411 1607 3464 lex
1653 3418 1709 3464 et
1753 3409 2048 3479 prophetia:
2092 3424 2202 3464 non

603 3497 740 3556 sunt
783 3494 990 3566 divisse,
1036 3501 1132 3556 sed
1180 3501 1333 3569 quasi
1382 3517 1448 3556 ex
1499 3516 1607 3556 uno
1641 3499 1845 3568 Spiritu
1887 3508 1939 3554 et
1979 3515 2045 3554 ex
2094 3515 2201 3554 una

598 3589 816 3657 anima,
847 3600 1009 3662 atque
1047 3607 1112 3646 ex
1143 3608 1246 3646 una
1278 3607 1409 3648 voce
1434 3591 1781 3648 consentiunt
1809 3592 1861 3646 in
1889 3591 2196 3662 Evangelio.

607 3682 852 3752 Quorum
879 3683 1042 3756 752
1082 3699 1349 3739 consensu
1399 3694 1660 3755 operante
1706 3685 1756 3739 in
1799 3685 1986 3739 electis
2012 3684 2127 3750 Dei,
2154 3685 2199 3740 si

606 3775 720 3832 duo
763 3775 849 3831 vel
897 3784 1008 3830 tres
1051 3775 1211 3830 simul
1250 3776 1302 3829 in
1346 3776 1576 3846 idipsum
1622 3775 1822 3830 fuerint
1863 3776 2198 3847 congregati,

601 3865 730 3934 jure
769 3863 1029 3934 quidquid
1067 3865 1322 3935 petierint
1360 3866 1742 3936 impetrabunt,
1772 3867 1896 3935 quia
1942 3882 2047 3919 non
2087 3867 2199 3922 nisi

612 3958 668 4010 in
699 3954 912 4008 unitate
957 3952 1164 4007 collecti
1215 3969 1378 4007 unum)
1429 3963 1634 4023 pcltmt.
1678 3954 1752 4007 De
1792 3970 1896 4024 qua
1941 3955 2201 4024 petitione

604 4046 784 4102 David
811 4063 824 4099 :
851 4043 1023 4099 Unam
1046 4046 1190 4114 petii,
1215 4045 1408 4112 inquit,
1433 4064 1464 4098 (ι
1501 4047 1742 4110 Domino,
1767 4047 1900 4098 lianc
1938 4028 2199 4115 requiram

604 4128 792 4208 ’(Psal.
827 4151 974 4195 xxvr,
1007 4135 1084 4203 4).
1120 4137 1184 4189 Et
1227 4144 1284 4188 ut
1330 4137 1644 4190 ostenderet
1687 4137 1812 4205 quia
1865 4136 2018 4190 multi
2067 4138 2200 4193 tales

601 4224 784 4282 unum
832 4235 993 4291 sunt,
1038 4227 1178 4280 sicut
1212 4243 1350 4280 unus
1395 4225 1606 4279 dicebat
1650 4242 1747 4296 pro
1797 4226 1979 4280 multis
2006 4245 2018 4279 :
2048 4226 2198 4282 Sicut

604 4337 794 4390 cervus
836 4320 1099 4374 desiderat
1151 4321 1218 4374 ad
1269 4320 1437 4387 [antes
1498 4335 1775 4388 aquarum,
1817 4320 1890 4372 ita
1935 4320 2198 4374 desiderat

614 4414 793 4467 anima
818 4429 948 4466 mea
979 4413 1049 4465 ad
1075 4423 1142 4477 te,
1172 4411 1314 4466 Deus
1339 4409 1457 4481 (Ps.
1485 4427 1596 4475 xu,
1628 4411 1704 4479 2).
1738 4411 1910 4479 Quam
1935 4413 2196 4468 unitatem

610 4504 958 4559 commendat
980 4503 1267 4573 Apostolus
1297 4523 1308 4558 :
1347 4502 1416 4560 Ut
1451 4504 1601 4568 sitis,
1647 4503 1836 4574 inquit,
1871 4505 2094 4575 perfecti
2141 4506 2196 4560 in

612 4593 802 4649 eodem
851 4608 1010 4648 sensu
1066 4602 1124 4649 et
1167 4594 1220 4664 in
1264 4594 1454 4650 eadem
1497 4594 1723 4652 scientia
1768 4593 1992 4666 (Philip.
2021 4611 2081 4662 ιι,
2108 4596 2197 4663 7);

608 4687 739 4758 quia
767 4687 908 4745 sicut
933 4694 1185 4756 segregat
1210 4687 1485 4742 dissensus
1512 4702 1541 4740 a
1572 4687 1860 4742 concordia
1885 4687 2189 4753 charitatis,

608 4781 683 4834 ita
719 4764 1012 4849 congregat
1045 4791 1343 4834 consensus
1365 4819 1380 4844 ,
1410 4788 1465 4833 et
1505 4778 1878 4848 compaginem
1924 4778 2198 4834 conuecut

603 4873 668 4928 ia
707 4887 874 4926 unum
907 4871 1217 4936 eharitatis,
1249 4872 1321 4926 ita
1353 4880 1412 4926 ut
1439 4871 1582 4927 Deus
1624 4887 1722 4942 per
1753 4872 1894 4928 hanc
1932 4871 2194 4927 unitatem

604 4964 667 5018 in
691 4963 872 5018 medio
889 4977 1075 5018 eorum
1097 4977 1217 5018 esse
1242 4964 1429 5032 possit.
1459 4965 1712 5034 Alioquin
1737 4964 1783 5019 si
1809 4979 1973 5018 unum
1998 4978 2196 5032 corpus

605 5067 832 5118 sumus,
877 5052 1128 5122 quamvis
1172 5053 1338 5108 multa
1385 5053 1554 5109 simus
1601 5053 1880 5118 membra,
1931 5054 2196 5108 unitatem

601 5152 880 5208 tenemus,
905 5143 1031 5212 quia
1061 5141 1128 5197 ad
1158 5143 1264 5198 hoc
1302 5142 1485 5213 posuit
1529 5142 1671 5197 Deus
1711 5141 1918 5211 singula
1950 5141 2195 5196 membra

595 5231 664 5286 Lin
707 5245 956 5302 corpore,
985 5241 1047 5287 ut
1089 5231 1270 5288 omnia
1317 5231 1549 5300 idipsum
1579 5230 1813 5302 sapiant,
1839 5231 2069 5300 idipsum
2117 5230 2198 5285 di-

597 5330 757 5389 cant,
783 5322 1123 5393 idipsumqne
1150 5323 1514 5388 consentiant,
1541 5335 1596 5380 et
1629 5322 1860 5396 sollicita
1898 5323 2009 5376 sint
2054 5323 2195 5377 invi-

594 5415 749 5481 οδω,
779 5423 840 5470 ιιι
873 5416 918 5470 si
950 5417 1154 5486 patitur
1191 5431 1357 5471 unum
1391 5418 1781 5488 membrorum,
1807 5415 2198 5486 compatiuntur

605 5505 785 5560 omnia
834 5507 1065 5560 membra
1111 5506 1163 5578 (I
1201 5506 1326 5562 Cor.
1374 5524 1472 5573 xu,
1499 5510 1612 5581 26),
1647 5518 1704 5564 et
1749 5505 2050 5578 glorificato
2090 5519 2197 5560 uno

607 5595 974 5650 membrorum
987 5638 1001 5661 ,
1015 5599 1390 5668 congaudeant
1402 5598 1582 5653 omnia
1603 5599 1862 5653 membra.
1887 5596 1980 5651 Sic
1999 5597 2197 5666 quippe

597 5677 767 5739 debet
796 5696 916 5738 esse
952 5687 1016 5741 in
1062 5689 1332 5754 omnibus.
1361 5673 1442 5746 sic
1478 5698 1532 5744 et
1572 5691 1624 5744 in
1664 5705 1771 5743 uno
1801 5688 2037 5752 homine,
2065 5702 2197 5758 qua-

2305 1880 2463 1927 tenus
2505 1887 2608 1927 nec
2655 1871 2711 1928 in
2759 1872 2879 1928 loco
2921 1887 3021 1930 nec
3070 1875 3124 1928 in
3173 1883 3420 1944 tempore
3463 1874 3815 1944 disjungamura

2303 1963 2568 2020 charitate
2599 1965 2842 2028 unitatis,
2870 1966 2996 2035 quia
3040 1980 3143 2021 nec
3192 1965 3312 2021 loca
3349 1981 3448 2021 nec
3475 1975 3693 2035 tempora
3713 1964 3809 2018 divi-

2304 2054 2460 2119 dunt,
2509 2070 2685 2124 neque
2733 2065 2987 2127 separant
3036 2057 3208 2125 spatia
3261 2066 3545 2121 terrarum,
3594 2070 3708 2124 quos
3744 2069 3817 2106 una

2301 2147 2548 2202 charitas
2571 2146 2768 2218 jungit.
2819 2147 2970 2202 [inde
3000 2149 3043 2202 si
3077 2150 3182 2201 duo
3211 2147 3297 2203 vel
3333 2157 3441 2202 tres
3466 2148 3594 2203 bene
3623 2147 3707 2200 sibi
3727 2161 3819 2199 con-

2305 2235 2602 2290 sentientes
2647 2236 2700 2288 in
2731 2235 2948 2290 Christo
2978 2237 3270 2307 impetrare
3323 2245 3541 2307 possunt
3586 2233 3819 2289 iiducialius

2307 2324 2372 2378 de
2398 2325 2544 2379 omni
2588 2341 2646 2380 re
2689 2341 2851 2394 quam
2897 2327 3192 2382 secundum
3220 2325 3412 2381 Jesum
3439 2327 3670 2396 petierint
3693 2325 3734 2378 in
3756 2341 3821 2376 no-

2306 2415 2450 2468 mine
2480 2415 2646 2483 ipsius
2675 2430 2705 2469 a
2735 2414 2911 2479 Patre,
2943 2427 3146 2485 quanto
3177 2418 3359 2487 magis
3396 2417 3482 2471 ubi
3528 2415 3719 2485 singulre
3751 2413 3821 2467 Ec-

2303 2505 2502 2570 clesire,
2532 2517 2625 2558 aut
2661 2508 2839 2561 «nutris
2879 2507 3119 2562 Ecclesia
3165 2509 3366 2580 rogat?
3393 2508 3497 2564 Sed
3543 2507 3724 2576 quoties
3747 2522 3820 2559 non

2304 2597 2621 2650 exaitdimur
2649 2613 2712 2649 ea
2755 2605 2839 2651 est
2867 2612 3032 2653 causa
3069 2600 3212 2668 quod
3244 2615 3360 2655 non
3391 2599 3722 2654 consentimus
3743 2594 3819 2646 duo

2306 2688 2387 2742 vel
2433 2696 2544 2742 tres
2591 2703 2689 2757 per
2731 2689 2914 2742 omnia
2958 2689 3116 2742 simul
3169 2705 3342 2744 sensu
3392 2689 3476 2745 vel
3515 2687 3726 2749 scientia,
3755 2697 3822 2736 nec

2305 2779 2465 2850 753
2490 2795 2768 2835 servamus
2795 2782 3058 2836 unitatem
3105 2782 3321 2838 Christi
3368 2784 3421 2838 in
3464 2781 3654 2836 vinculo
3694 2777 3818 2848 pacis.

2306 2870 2372 2924 Et
2401 2871 2519 2925 ideo
2548 2870 2599 2924 in
2631 2871 2753 2926 istis
2796 2874 3082 2928 sententiis
3132 2875 3440 2943 perpendat
3490 2873 3697 2942 prudens
3735 2867 3819 2922 ani-

2308 2977 2428 3016 mus
2460 2976 2623 3030 quam
2651 2962 2894 3016 terribile
2946 2963 3020 3018 sit
3070 2972 3429 3018 contemnere
3474 2962 3604 3031 quod
3638 2962 3724 3014 duo
3767 2953 3823 3008 vel

2306 3062 2419 3110 tres
2445 3055 2841 3119 consenserint,
2865 3056 2952 3109 vel
2983 3056 3261 3110 testificati
3293 3057 3516 3119 fuerint,
3542 3055 3617 3110 vel
3635 3063 3824 3107 correxe-

2306 3144 2440 3209 rint,
2469 3152 2526 3198 et
2546 3144 2741 3212 quibus
2773 3152 2919 3197 tanta
2953 3151 3036 3198 est
3063 3144 3257 3199 ﬁducia
3301 3139 3758 3215 impetrandi.Quia
3775 3136 3822 3188 ad

2308 3233 2395 3288 illa
2425 3234 2714 3304 respondet
2750 3234 2850 3288 ista
2883 3235 3150 3289 sententia
3187 3253 3199 3288 :
3237 3234 3311 3288 Si
3336 3236 3440 3290 duo
3491 3250 3552 3289 ex
3590 3231 3720 3295 vobis,
3760 3234 3824 3280 aut

2293 3333 2408 3378 tres
2431 3324 2785 3378 consenserint
2816 3322 3031 3392 (Matth.
3061 3341 3214 3390 xvm,
3251 3326 3373 3396 16),
3407 3326 3528 3395 quia
3579 3322 3643 3376 ait
3677 3315 3825 3372 adhibe

2305 3431 2470 3470 unum
2493 3416 2577 3470 vel
2606 3417 2742 3470 duos
2765 3424 2963 3480 tecum,
2997 3432 3065 3471 ne
3095 3425 3204 3471 tam
3235 3432 3446 3487 parvus
3471 3428 3697 3471 numerus
3713 3409 3824 3463 vide-

2305 3515 2457 3562 retur
2486 3509 2939 3578 contemptibilis;
2965 3508 3091 3578 quia
3123 3509 3398 3578 quidquid
3429 3509 3516 3564 isti
3545 3508 3640 3560 duo
3661 3502 3726 3556 vel
3745 3511 3824 3553 tres

2305 3598 2683 3652 consenserint
2711 3607 2807 3651 aut
2841 3600 3099 3668 petierint
3145 3614 3320 3670 super
3368 3610 3583 3664 terram,
3623 3602 3824 3651 consensa

2305 3697 2361 3744 et
2389 3688 2674 3758 impetrata
2701 3698 2864 3744 erunt
2907 3689 3070 3744 etiam
3094 3699 3149 3745 et
3181 3691 3234 3744 in
3259 3691 3428 3746 caelo.
3494 3690 3665 3758 Magna
3710 3683 3825 3754 igitur

2305 3779 2605 3834 consolatio
2649 3779 2914 3846 ﬁdelium,
2960 3797 3191 3850 quorum
3234 3793 3354 3838 tam
3406 3798 3596 3854 parvus
3634 3788 3826 3835 numerus

2305 3880 2453 3926 tanta
2479 3873 2869 3928 corroboratur
2891 3875 3101 3929 Domini
3141 3877 3372 3939 virtute,
3428 3886 3484 3931 ut
3531 3876 3614 3946 qui
3641 3870 3825 3927 domina-

2305 3969 2392 4015 tur
2421 3963 2565 4032 virga
2591 3964 2794 4017 virtutis
2818 3980 2929 4017 sure
2967 3965 3020 4017 in
3069 3965 3240 4018 medio
3303 3968 3628 4020 inimicorum
3666 3971 3824 4016 suerunt

2303 4052 2480 4123 (Psal.
2519 4071 2628 4120 crx,
2676 4055 2754 4124 2),
2797 4056 2911 4125 ipse
2936 4057 3100 4111 etiam
3138 4057 3192 4111 in
3219 4060 3405 4113 medio
3437 4060 3646 4113 istorum
3672 4059 3826 4107 essese

2307 4153 2554 4200 testatur.
2592 4146 2658 4199 Et
2707 4145 2828 4200 ideo
2876 4146 3113 4201 dubitari
3159 4161 3266 4201 non
3328 4147 3489 4203 debet
3540 4145 3668 4216 quod
3709 4149 3826 4194 exau-

2303 4234 2524 4298 diuntur
2554 4234 2607 4288 in
2637 4235 2796 4300 caelo,
2823 4237 3073 4306 quamvis
3099 4237 3279 4291 adhuc
3321 4239 3434 4293 sint
3485 4251 3636 4305 super
3661 4240 3826 4286 terraun

2303 4325 2395 4396 qui
2444 4325 2646 4380 habent
2674 4325 2726 4378 in
2762 4327 2941 4381 medio
2997 4327 3080 4382 sui
3133 4328 3449 4382 Dominum.
3503 4327 3565 4381 Et
3599 4317 3826 4378 notandum

2305 4417 2448 4485 quod
2479 4432 2584 4472 non
2611 4417 2743 4471 dixit
2784 4417 2837 4471 in
2867 4419 3043 4484 medio
3066 4433 3255 4472 eorum
3303 4435 3425 4483 ero,
3476 4417 3566 4472 sed
3613 4415 3660 4466 in
3704 4404 3829 4461 medio

2303 4522 2482 4559 eorum
2510 4522 2660 4570 sum;
2689 4507 2816 4575 quia
2844 4522 2950 4561 non
3000 4508 3210 4562 medius
3255 4506 3476 4563 futurus
3534 4516 3612 4563 est
3659 4499 3827 4555 talibus.

2301 4584 2479 4666 neque
2509 4595 2718 4651 medius
2746 4611 2868 4652 esse
2917 4597 3167 4662 tardabit,
3197 4597 3296 4652 sed
3346 4615 3472 4653 mox
3514 4592 3763 4652 sinceriter
3790 4592 3831 4635 ut

2301 4685 2679 4739 consenserint
2705 4686 2975 4741 invenitur
2999 4685 3245 4742 Christus
3267 4687 3323 4742 in
3353 4689 3434 4742 eis
3463 4686 3674 4741 medius.
3718 4676 3827 4742 ρυο-

2303 4777 2446 4830 niam
2470 4784 2527 4831 et
2545 4776 2794 4833 Christus
2820 4778 2934 4846 ipse
2962 4791 3150 4832 eorum
3181 4792 3485 4832 consensus
3521 4783 3620 4838 est,
3672 4770 3772 4822 dum
3795 4768 3834 4813 et

2300 4867 2401 4936 ipsi
2432 4867 2486 4921 in
2511 4867 2744 4937 idipsum
2777 4883 2944 4921 unum
2967 4866 3321 4922 consentiunt
3351 4882 3476 4922 cum
3509 4865 3609 4927 eis,
3653 4863 3830 4928 quorum

2296 4960 2631 5029 participatio
2651 4959 2704 5012 in
2725 4958 2951 5028 idipsum
2979 4968 3053 5012 est
3085 4957 3255 5030 (Psal.
3284 4973 3440 5021 cxx],
3465 4956 3542 5025 5).
3611 4999 3616 5005 .

2378 5048 2524 5102 Tunc
2551 5038 2801 5126 accedens
2844 5044 3036 5102 Petrus
3083 5048 3215 5102 dixit
3264 5049 3360 5102 ei:
3398 5047 3636 5106 Domine,
3679 5031 3834 5108 ᾳκοιὶιε

2291 5119 2668 5211 ’ρεσεαυενὶιὶη
2696 5153 2777 5190 me
2813 5136 2976 5205 frater
2997 5153 3165 5202 meus,
3186 5137 3455 5190 dimittam
3509 5134 3558 5189 ei
3599 5141 3740 5199 usque

2297 5205 2428 5298 pties
2445 5227 2472 5281 2
2493 5226 2634 5280 Dicit
2663 5226 2714 5280 ei
2731 5224 2887 5280 Iesus
2910 5242 2930 5280 :
2957 5225 3080 5280 Non
3111 5227 3228 5282 dico
3250 5227 3348 5280 tibi
3376 5241 3540 5298 usque
3561 5220 3748 5291 septies,
3769 5205 3837 5266 8ιά

2302 5334 2465 5387 usque
2495 5318 2785 5388 septuagies
2811 5317 3017 5391 septies.
3054 5317 3194 5373 Nam
3247 5318 3434 5393 Lucas
3478 5317 3616 5371 hanc
3663 5313 3840 5393 sentenf

2290 5397 2437 5466 tiam
2481 5411 2546 5464 de
2601 5390 3185 5481 indulgentiafratris,
3237 5420 3294 5466 et
3342 5391 3493 5465 illam
3547 5421 3646 5478 qua
3683 5390 3839 5462 corriii

2297 5502 2619 5579 mandatur,
2649 5501 2807 5556 simul
2820 5500 3028 5572 jungit,
3053 5517 3189 5572 quas
3213 5502 3480 5558 Dominus
3515 5494 3739 5556 docendo
3759 5487 3842 5542 dis-

2301 5594 2497 5669 seruit.
2528 5591 2735 5658 Quibus
2779 5594 3064 5649 sententiis
3118 5610 3280 5650 unam
3334 5594 3616 5664 proposuit
3656 5588 3838 5643 dicens:

2307 5683 2569 5739 Attendite
2592 5683 2751 5740 vobis.
2793 5684 2923 5751 Quae
2962 5695 3025 5742 .et
3062 5687 3254 5742 harum
3303 5686 3540 5740 duarum
3587 5677 3842 5748 intellig?!”
