4008 6354
200 339 289 397 625
940 329 1304 387 EXPOSITIO
1340 327 1406 383 IN
1448 325 1887 382 MA'I‘TIIAZUM.
1915 357 1978 368 -—
2007 326 2133 381 LIB.
2178 325 2308 391 Vill,
2345 325 2497 382 CAP.
2536 328 2715 383 XVIII.

3355 327 3461 382 (ἰθὺ

196 458 313 511 tiam
353 453 650 509 clariorem
680 448 952 512 redderet,
992 455 1049 500 et
1080 445 1357 500 auditores
1395 457 1524 500 suos
1569 441 1770 498 sollici-
1799 441 1849 501 Α
1877 441 1970 507 lia,
1998 445 2196 514 quibus
2221 445 2464 500 remissis
2502 445 2856 512 remittuntur
2874 445 3146 502 universa.
3203 446 3304 501 Alii
3334 462 3465 502 vero

196 551 355 605 liores
383 545 612 601 faceret.
645 541 762 597 Non
798 541 943 594 enim
991 538 1148 602 dixit,
1210 536 1338 591 licet
1377 535 1470 590 uni
1527 533 1774 588 videatur

193 638 357 708 loqui,
381 634 619 690 attende
637 632 754 695 tibi,
779 633 874 686 sed
903 629 1156 683 attendite
1213 627 1374 682 vobis.
1425 626 1560 694 Quia
1613 624 1773 694 quid-

189 729 308 801 quid
341 729 399 782 in
422 727 512 782 his
538 724 754 779 duobus
776 721 1062 793 praeceptis
1085 720 1246 774 alicui
1276 718 1572 774 attenderit
1587 717 1773 781 homo,

187 820 283 877 sibi
303 833 532 890 quoque
560 815 812 880 attendit,
842 821 899 867 et
921 821 1186 883 quantum
1207 812 1414 867 videbit
1443 813 1558 882 ipse
1591 810 1772 877 alteri,

185 911 393 968 videbit
417 910 558 964 alter
583 917 640 964 et
672 907 794 978 ipsi.
838 906 905 960 Et
940 905 1062 959 ideo
1092 904 1195 958 ista
1229 904 1438 958 novitas
1467 901 1774 966 locutionis,

183 1012 450 1076 quantum
483 1001 617 1056 mihi
648 999 881 1061 videtur,
909 996 1306 1051 ofﬁciosissime
1351 996 1630 1065 praemissa
1669 1005 1774 1060 est,

181 1103 233 1150 et
297 1093 423 1148 haec
470 1089 770 1145 admonitio
825 1095 1024 1157 przeter
1065 1101 1223 1140 usum
1291 1084 1545 1154 loquendi
1601 1084 1775 1147 facta;

180 1186 445 1256 quoniam
477 1183 650 1238 multa
676 1191 802 1236 sunt
830 1195 949 1249 qua:
980 1179 1434 1250 reprehendimus
1485 1179 1540 1232 in
1595 1177 1779 1231 fratri-

182 1280 282 1334 bus
298 1279 393 1348 qui
435 1277 488 1330 in
512 1292 613 1330 nos
632 1290 859 1344 peccare
885 1273 1160 1338 videntur,
1211 1281 1266 1327 et
1319 1271 1486 1326 multa
1532 1287 1654 1342 qua:
1691 1269 1775 1325 di-

184 1371 403 1428 mittere
435 1367 713 1423 debemus.
739 1365 949 1420 idcirco
973 1364 1106 1418 satis
1144 1363 1367 1433 provide
1415 1363 1620 1418 dictum
1671 1369 1775 1426 est,

186 1459 436 1513 attendite
465 1458 630 1521 vobis;
662 1472 732 1510 ne
755 1471 925 1526 vagus
958 1453 1148 1509 oculus
1175 1461 1230 1507 et
1251 1453 1501 1523 passivus
1528 1452 1774 1516 intuitus,

187 1558 350 1618 atque
407 1549 685 1618 improbus
740 1554 989 1616 aspectus
1039 1546 1160 1616 plus
1213 1546 1469 1616 respiciat
1531 1546 1780 1602 curiosus

189 1644 384 1698 ruinas
407 1641 631 1694 aliorum
663 1650 719 1694 et
748 1639 937 1708 culpas
965 1654 1126 1708 quam
1155 1654 1302 1702 suas,
1349 1653 1418 1693 ne
1459 1637 1600 1693 forte
1647 1637 1776 1692 dum

194 1751 293 1790 sua
329 1749 495 1789 aecus
525 1748 633 1786 non
660 1732 807 1786 videt
839 1730 1092 1793 crimina,
1134 1739 1339 1784 temere
1392 1737 1548 1785 curat
1589 1743 1776 1798 repre-

1877 535 2084 600 dicnnt,
2116 536 2238 605 quia
2271 535 2470 604 septies
2491 534 2821 590 vindicatum
2843 537 3013 592 estde
3035 537 3190 602 Cain,
3242 546 3298 593 et
3339 537 3464 594 ideo

1876 623 2137 680 Dominus
2167 625 2437 679 addiderit
2458 623 2608 687 iuxta
2631 627 2772 695 quod
2795 627 2862 681 de
2894 627 3127 683 Lamecb
3156 644 3312 684 sacra
3342 629 3460 684 vino

1875 719 2165 774 dicandum
2206 719 2514 788 percensuit
2551 717 2806 783 Historia,
2851 721 3013 776 toties
3059 722 3460 786 remittendum.

1878 818 1938 863 ut
1965 810 2324 878 in-quantum
2375 810 2606 881 amplior
2647 812 2890 866 excrevit
2919 812 3182 879 vindicta,
3234 815 3466 886 amplior

1882 899 2033 954 ﬁeret
2056 900 2382 970 indulgentia
2430 911 2484 956 et
2535 901 2695 973 755
2726 903 2904 957 venia.
2954 903 3294 975 Quapropter
3337 908 3464 976 quia

1879 991 2132 1062 prarfixus
2163 1001 2246 1046 est
2276 1010 2302 1045 τι
2333 993 2562 1048 Domino
2591 995 2900 1049 remittendi
2953 998 3240 1064 terminus,
3286 999 3468 1054 nullus

1882 1081 2019 1138 forte
2044 1083 2181 1138 ultra
2205 1085 2438 1139 audebit.
2465 1100 2692 1154 parcere
2745 1086 3100 1157 delinquenti.
3139 1087 3290 1144 Ultra
3335 1103 3469 1161 ergo

1881 1174 2024 1229 hunc
2048 1173 2270 1228 limitem
2294 1177 2564 1231 transilire
2596 1192 2754 1231 nemo
2783 1177 3023 1256 audebit.
3059 1177 3164 1232 Sed
3189 1179 3334 1234 hunc
3362 1187 3466 1233 ter-

1880 1259 2089 1321 minum
2135 1268 2443 1322 remittendi
2494 1269 2748 1339 parabola
2803 1270 3143 1340 subsequens
3211 1270 3466 1335 absolvit,

1881 1357 2279 1412 cuminventus
2306 1360 2503 1428 estqui
2548 1361 2732 1415 decem
2768 1361 2930 1416 millia
2978 1363 3299 1418 talentorum
3349 1372 3470 1420 erat

1879 1449 2110 1514 debitor,
2141 1460 2197 1504 et
2217 1452 2434 1507 dimissa
2469 1462 2596 1506 sunt
2623 1453 2670 1506 ei
2701 1455 2902 1508 omnia.
2952 1454 3158 1510 idcirco
3195 1471 3356 1512 nemo
3383 1457 3466 1514 di-

1880 1548 1970 1594 cat
1999 1555 2103 1594 non
2126 1541 2268 1596 ultra
2293 1557 2349 1597 se
2375 1543 2652 1598 dimittere
2677 1544 2874 1600 debere
2912 1545 3174 1602 fratribus
3222 1557 3466 1618 peccata.

1880 1630 2005 1698 quia
2038 1629 2299 1686 Dominus
2317 1632 2548 1702 amplius
2578 1631 2858 1690 dimittere
2887 1652 2991 1690 non
3015 1637 3188 1704 jubet.
3249 1638 3386 1705 Quia
3422 1641 3466 1694 si

1882 1723 1986 1778 boc
2008 1725 2081 1778 ita
2110 1726 2388 1795 praefixum
2417 1743 2540 1780 esse
2561 1727 2742 1790 vellet,
2774 1745 3116 1801 nequaquam
3164 1735 3307 1802 quod
3353 1733 3464 1802 ipse

189 1827 425 1881 bendere
453 1824 647 1885 aliena,
671 1832 727 1876 et
755 1823 885 1877 dum
917 1836 1022 1876 non
1052 1821 1363 1876 considerat
1390 1820 1512 1874 aliis
1535 1819 1776 1889 quotidie
1808 1802 1852 1862 Β
1879 1815 2051 1886 egerit
2079 1813 2450 1886 sulijungeret.
2480 1817 2613 1872 Nam
2644 1834 2741 1888 per
2767 1821 2951 1874 decem
3008 1822 3174 1876 millia
3232 1823 3466 1877 talento-

189 1915 504 1987 754quas
538 1914 704 1968 infert
734 1911 981 1980 injurias,
1027 1914 1142 1982 ipse
1196 1913 1299 1967 sibi
1339 1912 1518 1966 illatas
1566 1911 1635 1965 ab
1680 1913 1777 1966 ali-

190 2025 294 2077 quo
343 2009 566 2078 gravius
615 2015 818 2077 portet,
881 2015 1106 2076 propter
1163 2007 1306 2075 quod
1359 2005 1778 2075 benignissimus

192 2099 444 2168 magister
470 2108 524 2154 et
551 2098 1006 2152 clementissimus
1062 2095 1343 2160 Dominus,
1397 2096 1585 2164 paucis
1647 2111 1774 2166 pro-

193 2191 305 2245 vide
334 2192 550 2245 animos
570 2191 904 2244 audientiuzu
928 2189 1244 2258 prmstruxit
1262 2189 1442 2242 verbis
1464 2187 1537 2240 ita
1557 2187 1772 2242 dicens:

195 2283 450 2337 Attendite
479 2282 655 2342 vobis;
704 2282 826 2350 quia
883 2280 1145 2351 quidquid
1190 2289 1275 2334 est
1321 2280 1375 2333 in
1429 2279 1516 2333 bis
1569 2278 1778 2334 duobus

194 2373 469 2442 praeceptis
498 2372 641 2442 quod
672 2373 904 2441 agimus,
940 2371 1096 2425 nobis
1128 2371 1361 2439 primum
1396 2377 1453 2423 ut
1483 2369 1654 2438 prosit
1696 2377 1778 2424 at-

196 2463 408 2516 tendere
438 2461 718 2524 debemns,
748 2461 943 2514 deinde
974 2460 1221 2528 proximo
1252 2476 1359 2515 non
1386 2459 1566 2513 minus
1611 2473 1776 2528 quam

197 2553 362 2605 nobis.
397 2551 500 2618 Qui
533 2552 575 2606 si
599 2559 789 2619 peccat
817 2551 870 2603 in
901 2549 1055 2604 nobis
1084 2559 1286 2605 etcum
1312 2548 1657 2619 corrigimus,
1702 2549 1775 2604 ita

197 2651 248 2694 ut
267 2641 510 2696 lucratus
540 2642 611 2695 sit
642 2657 738 2711 per
773 2657 871 2696 nos
915 2641 1105 2703 frater,
1153 2643 1417 2712 duplicent
1471 2643 1776 2697 mercedem

197 2732 480 2797 habemus;
508 2732 819 2800 unamquia
871 2732 922 2786 ei
967 2731 1199 2786 libenter
1245 2732 1588 2797 dimittimus,
1640 2731 1775 2789 alte-

196 2839 303 2880 ram
335 2826 462 2893 quia
483 2840 609 2878 cum
642 2825 835 2879 lucrati
866 2840 1073 2878 sumus.
1099 2824 1246 2879 Alias
1269 2832 1469 2888 autem,
1496 2825 1600 2880 nisi
1626 2841 1779 2880 man-

194 2913 358 2969 dante
382 2915 494 2968 Deo
524 2914 722 2968 feceris
754 2915 914 2969 homo
939 2930 1060 2984 quae
1084 2915 1362 2986 jubentur,
1416 2929 1516 2971 nec
1546 2915 1643 2970 tibi
1695 2925 1777 2971 at-

193 3005 366 3060 tendis
393 3021 496 3060 nec
521 3006 790 3076 proximo.
821 3006 887 3060 Et
915 3007 1033 3060 ideo
1057 3007 1181 3076 quia
1206 3008 1301 3062 tibi
1348 3008 1630 3078 providere
1666 3023 1776 3064 non

192 3093 336 3150 vales
355 3095 474 3149 sine
498 3095 767 3164 proximo,
795 3110 894 3150 nec
918 3095 1166 3164 proximo
1188 3096 1504 3165 priusquam
1531 3096 1628 3152 tibi
1651 3097 1778 3152 subo

1879 1923 1997 1962 rum
2027 1907 2306 1976 signanter
2329 1910 2593 1978 expressit
2619 1921 2840 1979 peccata
2869 1913 3073 1973 omnia,
3098 1929 3219 1982 qua:
3267 1915 3318 1968 in
3368 1929 3467 1967 no-

1878 1995 1961 2051 bis
1993 1998 2194 2052 invenit
2231 2007 2285 2052 et
2306 1998 2545 2053 donavit.
2575 1999 2865 2070 Propterea
2891 2011 2958 2056 et
3008 2012 3061 2056 tu
3110 2002 3216 2056 uoii
3267 2004 3464 2058 subdu-

1878 2103 2005 2143 cere
2035 2090 2486 2156 misericortliam,
2515 2093 2611 2147 sed
2637 2109 2922 2164 poscaums
2951 2097 3157 2164 pariter
3182 2097 3339 2165 hujus
3372 2114 3467 2152 nu-

1878 2181 2013 2234 meri
2044 2181 2386 2236 solutionem.
2420 2181 2537 2238 Non
2563 2186 2705 2238 enim
2735 2186 2852 2240 sine
2872 2202 3034 2242 causa
3065 2187 3295 2244 Laniecb
3321 2191 3470 2260 prius

1877 2269 2022 2325 hunc
2048 2287 2334 2327 numerum
2363 2273 2415 2327 in
2441 2274 2738 2329 vindictam
2771 2277 2852 2329 sui
2904 2276 2978 2330 ita
3036 2279 3318 2346 praemisit,
3372 2295 3466 2333 ne-

1879 2377 1983 2431 que
2008 2362 2268 2416 Dominus
2296 2379 2488 2418 rursus
2508 2379 2630 2418 eum
2680 2365 2732 2419 in
2798 2367 3175 2422 remissionem
3225 2372 3467 2424 omnium

1879 2462 2228 2524 peccatorum
2255 2455 2370 2509 sine
2398 2470 2560 2510 causa
2589 2456 2837 2524 pnetixit.
2877 2455 2980 2512 Sed
3005 2459 3353 2526 quasrendum
3402 2462 3468 2514 de

1880 2542 1998 2612 ipso
2031 2559 2256 2597 numero
2280 2544 2432 2613 prius
2458 2559 2674 2605 censeo,
2707 2547 2830 2613 quia
2876 2547 3038 2600 aliter
3074 2548 3292 2616 quidem
3343 2564 3466 2603 cum

1879 2635 2202 2691 calculanda
2227 2635 2603 2706 multiplicant.
2644 2638 2802 2691 aliter
2831 2655 2961 2692 vero
2991 2638 3078 2693 alii
3113 2640 3286 2710 ipsum
3312 2656 3469 2695 cum-

1881 2726 2114 2796 demque
2145 2742 2428 2781 numerum
2459 2730 2527 2782 ad
2559 2729 2874 2800 mysterium
2902 2740 2957 2784 et
2987 2747 3094 2784 non
3129 2731 3196 2785 ad
3239 2732 3469 2787 calcula-

1881 2817 2082 2874 tionem
2115 2825 2326 2872 tantum
2358 2818 2754 2889 constringunt.
2793 2819 2860 2874 Ut
2890 2821 3020 2889 quid
3041 2821 3118 2874 ait
3165 2823 3473 2891 septuagics

1881 2907 2129 2975 septies?
2167 2906 2518 2964 Solummodo
2571 2911 2910 2979 septuaginta
2937 2920 2994 2966 et
3018 2921 3226 2982 septem
3272 2913 3470 2968 intelli-

1880 3008 2093 3070 gantur,
2128 3014 2232 3054 non
2264 3009 2493 3064 tantum,
2521 3010 2579 3055 ut
2617 3001 2752 3066 dixi,
2804 3005 3100 3057 secundum
3151 3003 3469 3075 multiplica-

1883 3092 2080 3146 tionem
2117 3091 2330 3156 calculi,
2359 3103 2622 3162 quantum
2667 3094 2966 3149 secundum
3015 3095 3336 3165 mysterium
3383 3112 3469 3152 sa.

191 3186 394 3251 venire,
419 3196 568 3240 recte
588 3187 793 3241 dictum
824 3195 930 3250 est,
972 3188 1237 3242 attendite
1270 3188 1423 3242 vobis
1453 3187 1668 3243 solliciti
1698 3188 1777 3244 in.
1804 3171 1849 3234 C
1881 3181 2164 3236 cramenti.
2189 3181 2322 3235 Nam
2348 3183 2654 3253 septuagies
2675 3193 2880 3252 septem
2905 3185 3282 3257 quadringenti
3309 3203 3473 3244 nona-

191 3277 360 3331 vicem
415 3293 628 3331 servare
672 3279 924 3331 unitatem
961 3279 1106 3347 pacis
1149 3279 1205 3332 in
1262 3278 1462 3333 vinculo
1503 3279 1777 3334 rharitatis

188 3369 405 3439 (Ephes.
443 3386 518 3435 tv,
546 3371 621 3440 5).
656 3371 780 3440 quia
819 3373 962 3440 quod
985 3372 1155 3427 donas
1178 3380 1233 3426 et
1256 3372 1474 3442 recipis,
1520 3371 1647 3426 dum
1700 3373 1779 3426 vi-

185 3479 281 3520 ces
304 3465 570 3519 vobismet
601 3464 932 3534 impenditis.
963 3461 1098 3529 Quia
1125 3463 1337 3517 etsiillc
1362 3463 1541 3528 hodie,
1568 3472 1623 3517 lu
1646 3479 1780 3532 quo-

185 3571 303 3626 que
345 3570 468 3610 cras
506 3557 772 3626 peccabis.
809 3555 946 3609 llinc
983 3555 1118 3609 forte
1148 3555 1253 3610 erit
1281 3555 1377 3609 til.i
1415 3555 1580 3623 judea
1633 3571 1775 3620 cras,

191 3643 292 3713 qui
320 3653 442 3697 erat
469 3644 616 3700 hodie
638 3661 784 3707 reus,
811 3644 913 3700 etsi
954 3645 1102 3713 parvi
1135 3645 1369 3714 pendere
1421 3646 1661 3715 potueris
1712 3661 1781 3700 ne

186 3736 268 3791 illi
293 3751 513 3806 pecces,
539 3737 907 3793 Deumtamen
946 3753 1052 3791 non
1084 3735 1330 3808 effugies,
1385 3737 1476 3807 qui
1515 3737 1668 3807 jubet
1720 3745 1780 3791 ut

185 3843 343 3898 agas,
369 3843 399 3883 a
427 3844 534 3900 quo
565 3831 669 3884 tibi
701 3829 852 3899 plura
883 3829 1106 3884 dimissa
1131 3839 1278 3895 sunt,
1313 3840 1367 3885 et
1386 3831 1472 3885 cui
1497 3830 1776 3885 inmunera

187 3919 377 3974 debes.
410 3918 626 3976 idcirco
655 3919 894 3982 noveris,
952 3917 1079 3987 quia
1135 3934 1240 3973 non
1294 3919 1348 3973 in
1399 3920 1501 3973 boc
1553 3934 1779 3974 numero

189 4012 310 4080 pius
361 4011 532 4081 index
562 4011 777 4064 veniam
803 4018 1080 4079 angustat,
1134 4025 1310 4080 neque
1347 4010 1449 4064 hoc
1496 4010 1612 4080 lege
1655 4026 1782 4064 con-

191 4103 409 4174 stringit
428 4113 486 4157 et
508 4103 616 4157 ﬁne
640 4103 933 4166 concludit,
960 4101 1055 4158 sed
1089 4102 1231 4155 hunc
1261 4101 1472 4155 finitum
1497 4117 1778 4156 tnnnerum

195 4193 292 4249 sub
316 4203 668 4250 sacramento
697 4194 798 4263 pia:
821 4192 1256 4263 significationis,
1286 4209 1384 4262 pro
1428 4193 1638 4247 infinito
1691 4209 1785 4262 po-

199 4286 320 4339 suit.
372 4285 580 4341 Tamen
627 4286 776 4341 multi
812 4294 1086 4355 qumrunt,
1130 4301 1229 4340 cur
1269 4285 1462 4341 Petrus
1507 4301 1679 4356 usque
1717 4287 1783 4342 ad

205 4373 339 4430 hunc
363 4391 652 4430 numerum
679 4356 896 4446 peccata
931 4376 1252 4433 remittenda
1282 4377 1572 4445 putaverit,
1593 4386 1647 4433 et
1677 4393 1782 4433 non

209 4465 464 4534 amplius?
487 4465 674 4530 Forte,
696 4467 821 4537 quia
845 4467 1049 4522 sciebat
1077 4483 1143 4520 ex
1181 4467 1297 4536 lege
1327 4469 1469 4524 hunc
1499 4484 1781 4524 numerum

216 4555 535 4612 remissionis
557 4571 682 4614 esse
709 4573 802 4611 seu
832 4558 1052 4626 requiei.
1105 4557 1258 4613 Unde
1293 4560 1550 4614 Dominus
1598 4569 1782 4630 patra-
1816 4526 1862 4585 D

221 4651 275 4693 us
299 4645 546 4697 omnibus
565 4647 652 4699 die
673 4647 898 4714 septima
924 4647 1199 4717 requiesse
1223 4647 1421 4703 dicitur
1444 4648 1783 4720 (Gen..n,2),

223 4745 400 4799 serique
429 4734 626 4803 legitur
659 4749 674 4788 :
706 4735 910 4805 Septies
937 4738 1078 4791 cadit
1097 4737 1279 4808 justus
1302 4739 1358 4792 in
1383 4739 1487 4805 die,
1517 4748 1566 4793 et
1609 4755 1784 4794 resur-
1827 4757 1830 4760 '

225 4823 284 4888 git
312 4824 906 4897 (an.ngn,4)._Unde
933 4839 988 4883 et
1016 4828 1192 4884 Lucas
1237 4831 1522 4902 signanter,
1569 4831 1649 4886 sic
1699 4847 1783 4886 re-

227 4916 482 4982 spondisse
504 4919 788 4973 Dominum
817 4919 948 4973 dicit
972 4937 985 4973 :
1015 4918 1075 4973 Si
1099 4921 1284 4990 septies
1311 4922 1365 4975 in
1395 4921 1480 4975 die
1497 4924 1783 4992 peccaverit

229 5001 348 5068 inite,
369 5016 415 5060 et
436 4991 622 5078 septies
648 5008 702 5060 in
727 5008 812 5074 die
840 5025 1116 5073 conuersus
1167 5010 1323 5080 fuerit
1360 5012 1416 5067 in
1461 5023 1530 5078 te,
1581 5013 1782 5078 dicens,

217 5097 406 5159 panitet
431 5114 533 5162 me,
557 5098 760 5169 dimitte
788 5098 886 5152 illi.
915 5097 1049 5170 Nam
1079 5109 1132 5154 et
1157 5102 1423 5170 septimus
1463 5117 1640 5157 annus
1694 5119 1780 5158 re-

217 5189 349 5254 gquiei
379 5199 495 5245 erat
533 5192 587 5246 in
631 5191 768 5262 lege,
801 5193 943 5259 sicut
967 5201 1024 5260 et
1045 5195 1244 5263 septies
1286 5203 1494 5264 septem
1537 5197 1783 5252 decursis

219 5272 446 5342 iubila-us
473 5284 636 5350 [iebat
657 5298 832 5339 annus
855 5300 1061 5354 magna:
1088 5286 1446 5352 remissionis,
1477 5301 1570 5342 seu
1596 5304 1787 5358 quam-

229 5367 357 5433 plura
383 5390 500 5443 qua:
529 5376 582 5429 in
613 5375 727 5446 lege
755 5392 852 5446 per
875 5387 1079 5445 septem
1108 5376 1412 5446 bujusmodi
1437 5378 1784 5450 pmﬁguran-

231 5463 492 5520 tur.Unde
515 5467 617 5521 sibi
667 5467 883 5536 quidam
933 5482 1120 5521 eorum
1173 5468 1448 5524 finxerunt
1501 5453 1786 5542 argumen-

231 5553 328 5602 tum
351 5551 461 5620 ejus
491 5555 988 5626 interpretationis;
1021 5573 1120 5613 nec
1169 5575 1272 5614 non
1303 5567 1358 5614 et
1391 5561 1533 5630 queri
1582 5569 1786 5633 septem

229 5637 328 5694 sint
365 5646 497 5701 dona
532 5646 773 5726 Spiritus
823 5649 1016 5711 sancti,
1046 5649 1098 5704 in
1129 5649 1322 5720 quibus
1370 5653 1616 5708 remissio
1673 5671 1789 5708 om-

228 5727 356 5787 nium
382 5747 764 5808 peccatorum;
808 5756 898 5796 seu
928 5742 1069 5812 quo)
1095 5753 1297 5813 septem
1342 5745 1468 5800 vitia
1523 5748 1786 5818 principa-

1881 3274 2026 3344 ginta
2061 3273 2216 3336 finiit,
2257 3283 2316 3329 ut
2353 3276 2512 3330 toties
2552 3276 2605 3330 in
2637 3277 2724 3331 die
2755 3279 3096 3333 remittamus
3147 3282 3303 3336 fratri
3348 3298 3472 3354 pecs

1880 3366 2046 3430 canti,
2071 3381 2179 3436 quo
2207 3366 2293 3421 ille
2316 3367 2547 3436 amplius
2601 3384 2826 3437 peccare
2856 3383 2964 3425 non
3008 3373 3197 3440 possit.
3249 3373 3400 3440 Quod
3426 3377 3472 3429 si

1882 3457 2044 3511 indie
2067 3467 2159 3512 aut
2183 3458 2234 3511 in
2264 3466 2504 3527 tempore
2527 3459 2667 3513 ultra
2707 3461 2909 3530 aliquid
2963 3463 3015 3516 in
3069 3472 3122 3518 te
3169 3467 3476 3533 peccaverit

1882 3547 2053 3603 frater
2083 3558 2228 3613 tuus,
2255 3550 2493 3619 nunquid
2525 3565 2630 3604 non
2654 3551 2796 3606 ultra
2824 3553 3067 3609 dimittes
3085 3555 3173 3608 ei?
3201 3554 3335 3610 Nam
3360 3557 3467 3611 sic-

1883 3645 1943 3690 ut
1979 3638 2239 3692 continuo
2275 3639 2328 3692 in
2372 3641 2619 3710 sequenti
2651 3642 2904 3710 parabola
2968 3644 3311 3711 tractabitur,
3353 3647 3474 3716 plus

1883 3737 1966 3783 est
2003 3730 2188 3782 decem
2227 3730 2394 3784 millia
2452 3730 2790 3788 talentorum
2825 3749 2986 3801 quam
3029 3738 3332 3806 scptnagics
3395 3754 3475 3791 se,

1884 3831 2053 3890 ptem,
2079 3831 2135 3875 et
2162 3821 2280 3890 plus
2306 3832 2524 3877 centum
2550 3823 2758 3878 denarii
2787 3840 2948 3894 quam
2986 3828 3324 3897 septuaginta
3381 3845 3468 3883 se-

1885 3922 2049 3983 ptem.
2092 3913 2228 3979 Quia
2252 3913 2389 3967 forte
2410 3923 2628 3970 centum
2687 3916 2893 3970 denarii
2940 3917 3089 3972 mille
3121 3933 3272 3974 asses
3325 3929 3470 3982 sunt,

1885 4017 1938 4059 et
1968 4007 2087 4060 ideo
2115 4022 2211 4076 per
2232 4007 2415 4061 decem
2448 4007 2613 4061 millia
2639 4007 2966 4064 talentorum
2998 4026 3091 4065 seu
3115 4026 3212 4080 per
3257 4019 3473 4068 centum

1889 4097 2140 4164 denarios
2160 4098 2338 4151 omnia
2371 4114 2491 4167 quae
2518 4097 2572 4152 in
2601 4115 2696 4154 nos
2719 4101 3152 4169 committuntur,
3211 4103 3471 4165 insinuat.

1886 4188 2012 4256 quia
2051 4188 2310 4242 debemus
2335 4189 2634 4259 ignoscere,
2668 4193 2823 4246 sicuti
2855 4201 2909 4247 et
2939 4195 3095 4250 nobis
3123 4209 3345 4252 oramus
3390 4197 3472 4253 di-

1887 4279 2045 4343 initti.
2076 4278 2189 4332 Νυιι
2217 4280 2366 4334 enim
2394 4279 2462 4335 ad
2489 4297 2770 4337 numerum
2795 4285 3038 4354 quotidie
3066 4301 3165 4341 nos
3212 4289 3473 4357 prostrati

1891 4387 2144 4440 rogamus
2167 4372 2390 4442 ignosci,
2419 4374 2512 4429 sed
2534 4389 2862 4444 precamur:
2887 4377 3102 4433 Dimitte
3125 4379 3284 4434 nobis.
3300 4381 3474 4435 debita

1889 4476 2090 4528 nostra,
2146 4467 2282 4519 sicut
2323 4475 2371 4519 et
2418 4483 2512 4520 nos
2563 4455 2875 4524 dimittimus
2917 4470 3235 4526 debitoribus
3284 4476 3475 4528 nostris

1890 4555 2107 4626 (Matth.
2135 4571 2208 4622 vt,
2247 4556 2358 4628 12).
2413 4556 2546 4624 Quae
2593 4559 2775 4613 debita
2827 4562 3117 4630 rogamus?
3161 4562 3364 4626 omnia,
3404 4578 3472 4618 an

1887 4647 2121 4718 aliquam
2148 4656 2359 4718 partem
2386 4650 2616 4705 eorum?
2644 4648 2783 4705 Nulli
2815 4650 3037 4706 dubium
3069 4653 3209 4721 Quod
3237 4669 3334 4723 pro
3355 4670 3443 4708 om
3461 4683 3476 4696 υ

1887 4737 2048 4793 nibus
2089 4753 2341 4808 rogamus
2395 4754 2515 4809 quae
2557 4740 2799 4809 quotidie
2845 4741 3152 4796 innumera.
3179 4743 3468 4798 committi-

1887 4841 2030 4892 mus,
2059 4829 2186 4884 licet
2221 4829 2378 4884 nobis
2402 4829 2456 4884 iu
2487 4830 2774 4900 baptismo.
2799 4831 2913 4899 jam
2943 4832 3162 4888 dimissa
3210 4833 3322 4888 sint
3352 4848 3468 4887 om-

1888 4919 1996 4972 nia.
2040 4918 2196 4974 Unde
2216 4919 2343 4988 quid
2365 4919 2468 4976 sibi
2497 4919 2612 4982 vult
2645 4919 2786 4991 quod
2815 4920 2891 4976 ait
2912 4921 3221 4992 septuagies
3240 4923 3472 4993 septies!

1890 5012 2027 5066 Puto
2055 5013 2198 5083 quod
2236 5029 2342 5072 nou
2375 5013 2503 5082 lege.
2538 5013 2838 5070 calculandi
2887 5015 2992 5072 boc
3041 5015 3180 5072 loco.
3208 5016 3474 5071 finiendus

1888 5115 1970 5160 est
1999 5121 2279 5163 numerus.
2309 5105 2401 5160 sed
2435 5105 2602 5178 756
2627 5107 2925 5164 secundum
2979 5121 3232 5176 magnum
3283 5117 3465 5178 mystea

1891 5197 2030 5251 rium
2085 5205 2138 5253 et
2189 5193 2536 5264 admirabile
2567 5204 2966 5262 sacramentum
3035 5199 3474 5265 pertractandus.

1890 5289 2024 5344 Nam
2061 5289 2236 5354 Lucas
2280 5287 2631 5360 evangelista,
2661 5289 2814 5360 cujus
2855 5287 2984 5343 laus-
3023 5286 3192 5358 (juxta
3250 5287 3474 5342 Paulum

1883 5379 1978 5453 [ιι
2010 5378 2286 5445 Οον.,ινιιι,
2311 5379 2400 5454 18]
2432 5385 2449 5451 )
2480 5391 2553 5436 est
2581 5381 2636 5434 in
2667 5378 2972 5451 Evangelia,
3027 5381 3097 5436 ab
3121 5395 3188 5435 eo
3217 5379 3336 5437 loco
3366 5396 3474 5450 quo

1885 5473 2196 5542 baptizatus
2223 5482 2306 5527 est
2337 5473 2616 5538 Dominus,
2671 5470 2836 5541 coepit
2890 5469 3231 5526 ascendendo
3287 5485 3469 5526 nume

1892 5577 2014 5618 rare
2037 5547 2410 5634 genealogiam
2438 5561 2640 5618 Christi
2671 5579 2683 5615 :
2717 5570 2771 5615 et
2817 5560 3034 5626 merito,
3088 5560 3214 5631 quia
3270 5559 3344 5616 ibi
3392 5570 3472 5616 est

1891 5658 2104 5717 initium
2161 5655 2496 5715 ascensionis
2525 5655 2591 5710 ad
2620 5655 2809 5710 Deum.
2867 5653 3127 5720 Quamvis
3186 5651 3489 5728 Mattliteus

1886 5749 2088 5804 adescen
2111 5749 2268 5804 len:lo
2291 5747 2356 5804 ab
2378 5746 2646 5806 Abraham
2683 5761 2854 5816 usque
2883 5745 2950 5802 ad
2981 5745 3284 5811 Christum,
3308 5745 3472 5808 aliam
