4008 6354
619 280 715 340 ω

1358 334 1364 339 .
1430 282 1489 339 S.
1534 282 1889 341 PASCIIASH
1927 282 2275 340 RADBERTI
2311 283 2604 343 ABBATIS
2637 286 3086 357 CORBEIENSIS
3118 296 3123 299 ’
3614 318 3617 321 λ
3717 308 3817 371 513‘

579 364 591 377 Ἀ
615 413 665 461 et
692 404 813 475 ipse
833 402 957 459 sub
988 403 1221 473 mystico
1252 401 1549 474 expleverit
1597 413 1960 468 sacramento,
2009 413 2189 459 tamen
2219 404 2268 463 Α
2294 404 2566 473 poscendo
2600 404 2776 476 (Luca
2803 406 2976 479 teste)
3001 421 3163 478 quem
3197 409 3423 479 inserat,
3455 416 3572 486 quia
3600 421 3688 477 etsi
3720 402 3813 485 non

616 505 737 559 iste.
768 503 830 551 ut
845 494 979 560 dixi,
1002 494 1345 551 ascendendo
1375 497 1541 566 erepit
1585 512 1894 563 numerare,
1921 506 1977 552 et
2009 511 2197 553 nume-

612 587 790 652 rando
815 585 1105 656 complevit
1156 588 1538 658 generationes
1570 590 1910 661 septuaginta
1967 599 2194 660 septem.

615 680 855 739 Emrsus
872 689 959 737 est
985 681 1168 751 itaque
1191 696 1480 738 numerare
1502 697 1533 737 a
1559 683 1779 739 Christo
1832 684 1886 739 iu
1920 698 2030 754 quo
2074 696 2200 754 pec—

614 780 735 828 cata
756 772 938 828 omnia
978 772 1152 828 deleta
1178 781 1325 839 sunt,
1368 782 1425 829 et
1460 775 1708 844 pervenit
1743 790 1843 846 per
1863 790 2052 831 omnes
2075 789 2200 844 pro-

611 864 799 934 genies
826 864 1164 919 numerando
1193 878 1367 934 usque
1390 864 1461 919 ad
1499 864 1675 934 ipsum
1717 864 1910 931 Adam,
1964 863 2056 934 qui
2093 863 2203 934 pri-

547 957 555 965 '
612 968 737 1008 mus
765 954 1046 1010 hominum
1074 954 1348 1024 peccavit,
1366 964 1423 1011 et
1453 970 1555 1011 nos
1579 971 1772 1013 omnes
1818 970 1941 1011 cum
1988 954 2200 1026 peccati

613 1044 946 1117 obligatione
970 1047 1272 1118 generavit,
1298 1048 1426 1119 quia
1460 1062 1653 1106 omnes
1702 1064 1771 1107 ac
1818 1049 1867 1105 si
1912 1049 1971 1104 in
2020 1064 2199 1107 massa

612 1138 852 1192 damnati
875 1152 1085 1193 sumus.
1148 1138 1215 1194 Et
1241 1139 1366 1195 ideo
1416 1139 1519 1195 sub
1550 1155 1747 1213 magno
1791 1150 2137 1197 sacramento
2166 1154 2202 1197 a

612 1215 832 1284 Christo
863 1243 1037 1299 usque
1058 1230 1129 1285 ad
1146 1230 1319 1284 Adam
1341 1246 1439 1301 per
1464 1247 1681 1288 omnem
1723 1232 1922 1288 lineam
1972 1248 2201 1289 nascen-

2297 495 2453 561 alter,
2481 495 2537 552 in
2561 497 2817 554 omnibus
2839 500 3082 571 peccatis
3105 500 3387 559 ofenditur
3408 505 3559 565 Deus.
3591 509 3771 572 Portus

2294 602 2449 659 ergo,
2475 587 2601 660 quia
2628 590 2752 646 talis
2769 589 2931 660 hujus
2948 593 3161 648 numeri
3186 595 3417 652 conditio
3433 607 3529 663 est,
3548 609 3604 655 ut
3623 605 3796 673 possim

2297 678 2409 734 sint
2436 680 2882 751 omnimpeccata
2921 698 3043 753 qua:
3067 691 3193 740 sunt
3218 687 3438 759 mystice
3471 704 3616 761 supra
3639 706 3791 766 septas

2298 770 2446 842 ginta
2482 780 2540 827 et
2575 784 2805 843 septem,
2837 775 2891 830 in
2920 791 3031 846 quo
3066 792 3293 834 numero
3325 780 3557 838 remissio
3591 785 3741 852 datur,
3772 796 3814 843 et

2298 861 2425 918 ideo
2451 863 2875 935 benignissimus
2894 865 3054 923 Jesus
3078 868 3324 925 hortatur
3349 870 3503 928 Petro
3527 889 3617 930 suo
3639 886 3813 948 aspra-

2298 951 2432 1022 cipit
2459 967 2632 1023 usque
2660 954 2729 1010 ad
2766 956 2914 1011 hunc
2940 973 3226 1013 numerum
3254 958 3506 1019 fratribus
3531 976 3723 1035 peccata
3756 970 3797 1024 di

2299 1043 2538 1110 mittere,
2571 1045 2720 1116 quod
2755 1061 2987 1117 sequens
3029 1050 3281 1119 parabola
3314 1053 3472 1108 etiam
3515 1056 3578 1111 de
3606 1056 3699 1113 hoc
3726 1059 3813 1129 ipso

2300 1135 2463 1192 latius
2488 1139 2860 1209 pertractabit,
2892 1149 2954 1196 ut
2978 1141 3106 1197 dum
3132 1142 3223 1199 hic
3247 1142 3442 1199 vivitur
3463 1148 3669 1216 petenti,
3695 1152 3813 1205 venia

2301 1232 2433 1288 nulli
2463 1234 2777 1306 denegetur.

613 1320 748 1374 tium
779 1321 1118 1391 septuaginta
1167 1330 1373 1391 septem
1423 1323 1801 1393 generationes
1850 1324 2200 1397 colliguntur,

611 1422 669 1468 ιιι
692 1413 762 1468 ab
789 1413 960 1468 Adam
983 1414 1235 1470 similiter
1256 1429 1430 1485 usque
1457 1416 1522 1471 ad
1545 1415 1824 1473 Christum
1853 1418 2200 1490 septuaginta

614 1511 844 1573 septem.
889 1503 947 1560 Si
989 1520 1121 1576 ergo
1164 1504 1311 1560 nulla
1356 1508 1639 1577 generatio
1681 1507 2047 1577 praetermissa
2093 1516 2197 1573 est,
2301 1514 2589 1570 Conclusio
2615 1516 2838 1571 esthiec
2860 1515 3120 1586 parabola
3141 1516 3528 1572 sententiarum
3550 1517 3818 1587 supradicta-

614 1594 758 1649 nulla
780 1595 936 1665 culpa
963 1596 1277 1667 pnetcritur
1295 1612 1415 1668 qua:
1458 1613 1566 1653 non
1611 1596 1807 1654 debeat
1856 1599 2084 1669 ignosci.
2133 1598 2202 1654 Et
2301 1617 2442 1665 rum,
2472 1617 2593 1673 quae
2619 1602 2686 1659 de
2719 1604 3011 1661 concordia
3045 1613 3103 1661 et
3131 1605 3199 1660 de
3236 1604 3557 1676 indulgentia
3585 1605 3817 1676 loquuntur

610 1689 731 1744 ista:
757 1691 1009 1747 vindicta:
1028 1702 1376 1764 peccatorum
1418 1710 1544 1765 qua:
1568 1695 1926 1752 desevierunt
1945 1711 2044 1767 per
2084 1711 2201 1751 om-
2228 1757 2272 1768 _
2302 1693 2564 1750 fratribus
2588 1694 2910 1751 exhibenda.
2926 1695 3076 1764 'Quia
3102 1695 3245 1751 sicut
3268 1695 3741 1768 periculosissimum
3756 1705 3817 1753 est

615 1794 734 1835 nem
773 1757 1091 1853 progeniem
1116 1799 1285 1853 usque
1321 1785 1389 1839 ad
1414 1757 1716 1851 Christum,
1775 1800 1912 1855 quas
1945 1757 2199 1841 -Lameeh
2228 1757 2276 1819 Β
2302 1785 2579 1855 proximos
2620 1757 2993 1841 scandalizare
3026 1805 3039 1841 :
3070 1787 3141 1841 ita
3181 1794 3238 1843 et
3267 1757 3604 1858 peccantibus
3630 1787 3676 1842 in
3702 1788 3822 1843 nobis

607 1881 992 1939 connumerat,
1036 1874 1378 1945 septuaginta
1430 1883 1573 1930 sunt.
1624 1873 1756 1940 Sed,
1801 1884 1864 1930 ut
1917 1876 2202 1932 obscurius
2301 1877 2515 1931 veniam
2546 1877 2836 1947 denegare.
2866 1877 2934 1931 Et
2957 1877 3100 1933 sicut
3132 1879 3200 1933 de
3237 1878 3816 1934 scandalizantibuseon—

612 1970 891 2031 tegeretur
919 1963 1024 2018 hoc
1049 1975 1473 2029 sacramentum,
1508 1980 1615 2020 non
1639 1966 1979 2037 septuaginta
2023 1974 2080 2021 et
2121 1982 2202 2022 se-
2302 1968 2464 2024 elusit
2501 1968 2630 2038 quid
2671 1968 2778 2024 illis
2812 1970 2994 2039 potius
3025 1969 3282 2038 expediat
3318 1986 3333 2024 :
3366 1970 3438 2023 ita
3477 1977 3531 2024 et
3568 1969 3817 2039 abneganti-

612 2060 759 2120 ptcm
800 2054 938 2108 dixit
961 2054 1181 2110 easdem
1204 2055 1477 2112 vindictas
1523 2072 1645 2113 esse
1695 2056 1926 2119 futuras,
1980 2057 2079 2113 sed
2117 2074 2201 2113 se-
2302 2065 2406 2120 hus
2443 2063 2854 2135 indulgentiam,
2885 2062 3045 2135 quale
3071 2063 3376 2134 periculum
3416 2062 3693 2127 immineat,
3722 2075 3820 2130 prte-

2372 1327 2521 1393 ldeo,
2545 1328 2739 1399 inquit,
2761 1330 2878 1384 dico
2896 1328 3038 1386 nobis
3059 1344 3078 1383 :
3105 1328 3289 1386 Simile
3307 1340 3380 1387 est
3402 1347 3603 1403 regnum
3620 1334 3815 1388 cartorum

2301 1421 2501 1475 homini
2527 1423 2637 1493 regi
2655 1423 2746 1493 qui
2767 1421 2930 1478 voluit
2949 1423 3205 1478 rationem
3223 1438 3411 1495 ponere
3427 1440 3540 1478 cum
3561 1427 3702 1480 terris
3717 1428 3813 1480 suis.

616 2146 860 2213 ptuagies
888 2145 1109 2215 septies,
1138 2147 1285 2216 quod
1310 2156 1365 2200 et
1396 2148 1448 2202 in
1478 2149 1711 2219 idipsum
1758 2147 1979 2220 intelligi
2004 2149 2205 2204 debere
2300 2152 2458 2208 dixit.
2487 2152 2593 2207 Sed
2617 2150 2739 2221 quis
2763 2152 2865 2207 iste
2890 2152 3054 2207 homo
3085 2156 3158 2207 sit
3190 2167 3315 2216 rex,
3345 2152 3431 2207 cui
3458 2150 3623 2206 simiie
3645 2162 3819 2220 regnum

616 2251 773 2290 nemo
788 2238 884 2306 qui
914 2239 1171 2311 ambigat.
1201 2239 1373 2308 Quem
1402 2257 1694 2297 numerum
1730 2241 1990 2297 Dominus
2016 2244 2071 2297 in
2116 2259 2201 2299 re-
2299 2259 2425 2301 esse
2445 2246 2618 2315 possit
2650 2245 2932 2309 caelorum,
2964 2245 3224 2315 autquod
3260 2245 3365 2300 hoc
3384 2243 3499 2298 loco
3521 2256 3715 2313 regnum
3736 2251 3818 2295 ctr-

615 2327 926 2383 inissionem
947 2330 1188 2385 umidum
1207 2341 1553 2402 peccatorum
1581 2333 1998 2398 commendavit,
2023 2350 2199 2404 quau-

615 2422 682 2472 do
724 2437 752 2473 a
808 2422 1078 2492 baptismo
1129 2425 1296 2494 erepit
1354 2440 1676 2491 numerare,
1723 2426 1813 2482 ubi
1851 2427 2033 2482 omnia
2075 2441 2202 2497 pec-

558 2547 563 2553 ι
612 2520 730 2565 cata
777 2512 1080 2568 solvuntur.
1138 2514 1207 2569 Et
1268 2515 1349 2571 sic
1404 2516 1471 2571 ad
1519 2517 1691 2572 Adam
1744 2517 1942 2573 lineam
1999 2533 2200 2590 genea-

614 2601 760 2670 .ogim
779 2600 981 2659 Christi
1004 2619 1174 2674 usque
1197 2604 1473 2674 perduxit,
1485 2613 1545 2660 ut
1558 2614 1890 2662 monstraret
1911 2608 2036 2678 quia
2057 2608 2200 2664 sicut

608 2693 939 2748 vindicatum
964 2703 1047 2750 est
1065 2696 1134 2750 de
1154 2695 1286 2751 Cain
1309 2696 1528 2767 septies,
1557 2698 1775 2768 quando
1799 2709 2007 2767 septem
2025 2698 2198 2753 vindi-

610 2792 752 2847 etas,
783 2793 837 2837 ut
860 2784 1018 2839 multi
1042 2786 1528 2852 tradunt,exselvit
1544 2804 1562 2840 ε
1585 2786 1660 2841 ita
1689 2795 1746 2842 et
1766 2788 1832 2843 de
1853 2786 2092 2844 Lamech
2115 2802 2199 2844 se-

615 2876 854 2945 ptuagies
881 2877 1106 2948 septies,
1131 2880 1406 2950 quasipse
1453 2881 1704 2951 pnedixit
1730 2891 1789 2936 et
1831 2884 2195 2953 prophetarit,

610 2967 915 3023 exsolutum
966 2978 1072 3034 est,
1124 2979 1184 3025 ut
1219 2972 1554 3042 septuaginta
1585 2981 1639 3027 et
1684 2982 1889 3044 septem
1928 2989 2102 3044 usque
2128 2976 2197 3029 ad

609 3054 882 3114 Christum
917 3060 1071 3122 ﬁant,
1097 3061 1155 3116 in
1191 3077 1302 3131 quo
1340 3063 1519 3117 omnis
1550 3065 1925 3133 prmvaricatio
1972 3075 2028 3121 et
2070 3081 2196 3136 pec-

612 3162 851 3208 ratorum
899 3153 1157 3209 vindicta:
1201 3154 1363 3211 linem
1405 3156 1693 3225 accipiant.
1743 3156 2009 3224 Quoniam
2053 3160 2195 3215 sicut

611 3244 828 3312 quidam
860 3244 1103 3309 tradunt,
1144 3246 1350 3301 sciebat
1379 3245 1629 3302 Christus
1665 3248 1957 3304 extendere
1985 3250 2195 3321 aliquos

609 3344 828 3402 peccata
856 3351 950 3390 sua
981 3337 1146 3392 etiam
1176 3337 1316 3393 ultra
1345 3339 1485 3394 hanc
1517 3338 1909 3405 remissionem,
1949 3351 2196 3413 propter-

608 3442 671 3482 ea
727 3428 794 3481 ad
842 3437 1046 3500 septem
1091 3430 1363 3486 addidisse
1406 3431 1680 3487 Christum
1727 3435 2084 3506 septuaginta,
2135 3444 2196 3491 ut

2299 2333 2477 2388 lorum
2527 2334 2760 2399 dicatur,
2808 2333 3109 2389 videamus.
3160 2331 3306 2388 Nam
3350 2333 3405 2387 in
3458 2333 3558 2388 hoc
3592 2329 3821 2399 Evangelia

2299 2440 2524 2497 regnum
2563 2425 2823 2480 caelorum
2860 2423 3153 2494 aliquando
3176 2438 3426 2494 praesens
3465 2421 3681 2478 Ecclesia
3705 2432 3821 2474 voca-

2298 2529 2408 2585 tur,
2443 2518 2733 2589 aliquando
2769 2518 2999 2575 virtutes
3027 2527 3083 2575 et
3117 2518 3441 2588 praedicatio
3471 2515 3730 2586 Evangelii,
3754 2512 3823 2566 ali-

2300 2609 2518 2680 quando
2566 2609 2685 2680 ipse
2738 2607 3022 2675 Christus,
3069 2605 3334 2678 quoniam
3382 2609 3492 2679 ipse
3529 2613 3606 2663 est
3648 2616 3820 2674 regnum

2297 2702 2576 2765 caelorum,
2610 2701 2751 2758 sicut
2780 2701 2893 2771 ipse
2929 2708 3014 2756 est
3046 2700 3320 2770 sapientia
3357 2698 3553 2762 Patris,
3580 2698 3679 2768 ipse
3701 2691 3823 2765 758

2292 2793 2525 2865 justitia,
2554 2792 2672 2862 ipse
2691 2799 2775 2847 est
2801 2791 3006 2847 veritas
3032 2800 3088 2846 et
3110 2791 3312 2846 virtus.
3342 2790 3435 2846 Sic
3455 2790 3634 2860 quippe
3655 2786 3746 2856 ipse
3763 2787 3821 2836 est

2298 2899 2546 2956 regnum.
2574 2883 2820 2954 Regnum
2846 2894 3024 2938 autem
3053 2897 3158 2937 non
3181 2880 3419 2949 alicujus
3446 2895 3619 2936 eorum
3637 2877 3712 2948 qui
3731 2880 3822 2929 sum

2296 2974 2572 3035 deorsum.
2598 2988 2696 3030 nec
2728 2974 3084 3043 (ptormndam
3105 2987 3306 3028 eorum
3339 2971 3431 3043 qui
3455 2984 3650 3026 sursum
3667 2968 3711 3021 in
3729 2976 3820 3018 aere

2301 3065 2407 3121 isto
2434 3063 2699 3119 dominari
2723 3063 2996 3128 dicuntur,
3024 3062 3119 3118 sed
3147 3063 3403 3118 omnium
3436 3075 3610 3117 eorum
3631 3056 3707 3126 qui
3731 3067 3823 3108 sur-

2301 3171 2422 3214 sum
2456 3164 2604 3220 sunt,
2634 3154 2724 3225 qui
2768 3153 3108 3225 appellantur
3148 3154 3282 3210 ereti
3321 3162 3378 3210 et
3410 3153 3475 3209 ad
3509 3148 3714 3207 cmlestia
3736 3152 3822 3199 tea-

2300 3248 2455 3303 dnnt.
2494 3245 2803 3302 Secundum
2835 3246 2940 3301 hoc
2985 3244 3148 3315 igitur
3171 3244 3439 3300 dicuntur
3469 3241 3605 3304 cmli.
3626 3235 3820 3310 quoniam

2300 3341 2540 3411 ipsorum
2587 3348 2671 3394 est
2707 3336 2977 3402 Christus,
3019 3336 3329 3392 secundum
3370 3336 3510 3408 quod
3545 3336 3641 3404 ipse
3671 3335 3736 3384 est
3757 3337 3820 3379 re-

2299 3447 2463 3502 gnum
2494 3444 2730 3499 regnans
2755 3429 2996 3500 quotidie
3028 3428 3384 3484 in‘eordibus
3410 3440 3607 3486 eorum,
3631 3421 3744 3476 sicut
3761 3420 3827 3470 est.

609 3519 755 3574 dicat
779 3519 831 3573 in
863 3534 929 3575 eo
960 3528 1170 3575 tantum
1192 3535 1421 3576 numero
1441 3522 1819 3578 remissionem
1849 3533 2193 3594 peccatorum
2292 3523 2501 3594 justitia
2544 3537 2798 3593 regnans,
2842 3529 2899 3576 et
2934 3519 3200 3586 sapientia
3240 3529 3303 3575 et
3332 3519 3548 3575 veritas.
3575 3519 3824 3575 celem

609 3611 726 3666 ﬁeri
756 3620 1012 3682 oportere
1058 3612 1117 3667 in
1149 3612 1252 3667 hoc
1292 3613 1493 3667 mundo
1537 3613 1720 3669 adhuc
1766 3615 2100 3686 degentibus,
2139 3626 2195 3674 et

609 3702 903 3758 secundum
934 3718 1021 3759 res
1069 3702 1232 3773 huius
1281 3704 1467 3759 mundi
1516 3705 1900 3774 peccantibus;
1935 3709 2193 3777 quoniam

610 3793 858 3848 senarius
885 3808 1144 3848 numerus
1174 3793 1227 3847 in
1251 3809 1358 3863 quo
1386 3793 1564 3850 factus
1587 3804 1673 3850 est
1703 3799 1957 3864 mundus,
1980 3800 2196 3854 videtur

608 3886 792 3955 operis
834 3900 899 3939 ac
946 3884 1173 3951 laboris,
1203 3888 1469 3957 septimus
1511 3889 1718 3958 requiei
1749 3898 1805 3944 et
1834 3890 2193 3947 remissionis.

611 3977 773 4049 757
810 3977 964 4034 Unde
987 3980 1034 4034 si
1061 3980 1184 4049 quis
1219 3981 1394 4050 diligit
1423 3981 1706 4044 mundum,
1733 3990 1788 4035 et
1829 3996 1892 4035 ea
1921 3994 2042 4051 ipim
2071 3991 2201 4038 sunt

609 4067 665 4122 in
713 4067 914 4121 mundo
952 4076 1231 4137 operatur,
1274 4077 1333 4124 et
1379 4069 1659 4124 smcularia
1702 4079 1918 4124 tzuttunr
1945 4072 2194 4138 intendit,

609 4157 741 4212 dicit
790 4172 896 4211 non
943 4157 1238 4228 incongrue
1265 4159 1442 4215 sexies
1496 4173 1743 4229 peccare,
1789 4168 1846 4214 et
1890 4162 2048 4215 tinem
2081 4177 2200 4234 pec-

617 4257 865 4303 catorum
922 4247 975 4302 in
1034 4248 1342 4317 septenario
1403 4249 1652 4318 accipere
1707 4264 1966 4315 numero,
2026 4260 2084 4306 ut
2141 4252 2197 4307 in

610 4339 800 4393 eodem
849 4338 917 4393 ad
973 4339 1186 4394 veniam
1242 4339 1414 4409 possit
1465 4340 1794 4410 pertingere.
1854 4341 2009 4409 Quod
2075 4360 2199 4398 sen-

612 4432 754 4487 tiens
782 4430 922 4487 forte
968 4431 1182 4499 Petrus,
1210 4411 1336 4487 ideo
1370 4432 1689 4504 interrogat,
1723 4434 1768 4489 si
1797 4434 1990 4489 debeat
2027 4449 2200 4505 usque

611 4524 811 4594 septies
856 4523 1155 4580 dimittere.
1205 4523 1313 4580 Sed
1350 4523 1620 4579 Dominus
1652 4528 1835 4581 sclens
1875 4526 1928 4605 in
1965 4526 2051 4581 his
2078 4541 2197 4597 qua:

611 4614 827 4672 senario
855 4614 1181 4671 clauduntur
1211 4630 1457 4682 numero,
1491 4625 1681 4672 contra
1709 4616 1895 4674 decem
1928 4626 2200 4688 praecepta

614 4707 994 4763 mandatorum
1026 4706 1120 4763 Dei
1149 4708 1377 4778 agendo,
1405 4709 1648 4779 quntidie
1684 4724 1785 4765 nos
1807 4725 2052 4781 peccare,
2079 4711 2198 4767 fixit

612 4799 840 4854 limitem
881 4806 938 4853 et
967 4796 1127 4852 ﬁnem
1159 4800 1440 4869 peccandi,
1472 4801 1610 4856 utin
1636 4816 1703 4857 eo
1732 4817 1964 4860 numero
1986 4805 2078 4874 qui
2112 4821 2200 4860 re-

613 4891 888 4946 missionis
910 4900 1017 4956 est,
1041 4891 1414 4962 unusquisque
1436 4891 1589 4948 fratri
1608 4907 1674 4948 ac
1695 4894 1944 4965 proximo
1962 4894 2198 4950 libenter

610 4985 908 5056 indulgeat.
947 4984 1100 5052 Quod
1139 4984 1182 5040 si
1214 4984 1415 5055 aliquis
1437 4986 1849 5058 supergrediens
1876 5002 1938 5041 ea
1978 4995 2198 5056 peccata

613 5094 735 5148 quae
765 5078 878 5133 fieri
906 5078 1081 5133 solent
1107 5076 1162 5131 in
1193 5078 1358 5134 rebus
1379 5075 1745 5132 mundialibus
1769 5087 1825 5134 et
1853 5078 2203 5134 saecularibus

612 5174 755 5228 ultra
786 5172 1018 5228 volendo
1045 5186 1297 5242 peccare,
1333 5171 1378 5226 si
1411 5170 1668 5241 possibile
1690 5179 1859 5235 esset,
1882 5178 1943 5225 ut
1971 5170 2203 5241 amplius

612 5266 841 5329 viveret,
873 5267 998 5336 quia
1030 5266 1084 5321 in
1130 5264 1371 5338 peccatis
1411 5263 1525 5319 suis
1568 5262 1734 5318 tinem
1773 5278 1880 5318 non
1921 5262 2071 5329 fecit,
2103 5278 2204 5319 nec

612 5360 682 5414 de
710 5357 869 5415 factis
896 5359 1057 5430 digne
1081 5358 1294 5414 veniam
1320 5355 1590 5428 quaesivit,
1607 5352 1723 5424 jam
1753 5353 1895 5410 ultra
1924 5354 2202 5411 remissio-

613 5465 739 5506 nem
762 5456 1109 5522 peccatorum
1131 5463 1353 5503 suorum
1368 5446 1515 5516 iuste
1537 5461 1644 5501 non
1666 5443 1919 5509 habebit;
1944 5444 2209 5515 quoniam,

612 5540 877 5611 quidquid
914 5539 966 5594 in
1002 5538 1201 5594 mundo
1227 5546 1416 5595 contra
1445 5536 1656 5593 Domini
1693 5535 1948 5591 mandata
1981 5542 2202 5590 contra-

621 5630 785 5691 hitur.
818 5631 866 5684 ci
905 5631 1059 5685 venia
1101 5637 1405 5699 praestatur,
1431 5627 1560 5699 quia
1603 5636 1663 5682 ut
1699 5624 1860 5683 citius
1886 5640 1946 5682 se
1973 5639 2200 5680 conver~

621 5722 751 5776 terit
792 5730 881 5775 aut
929 5722 1153 5783 tardius,
1191 5721 1265 5775 ita
1308 5729 1488 5776 tamen
1530 5720 1581 5775 si
1624 5716 1953 5775 satisfecerit
1992 5716 2204 5774 veniam

2230 4475 2279 4535 Ι)

2297 3616 2528 3669 virtutes
2563 3614 2616 3668 in
2644 3629 2732 3677 eo,
2771 3613 2864 3683 qui
2892 3611 3074 3667 factus
3108 3619 3194 3666 est
3223 3611 3402 3667 nobis
3423 3609 3628 3665 cretum.
3654 3616 3734 3674 per
3752 3600 3825 3655 hoc

2298 3703 2446 3775 quod
2491 3703 2730 3774 portavit
2774 3703 2889 3773 ipse
2945 3700 3183 3757 caelestis
3232 3701 3557 3772 imaginem.
3599 3695 3696 3750 Hoc
3731 3699 3824 3757 ετεο

2299 3810 2526 3866 regnum
2574 3794 2836 3851 caelorum
2880 3793 3082 3849 factum
3123 3800 3209 3847 est
3269 3792 3450 3847 simile
3492 3785 3683 3846 homini
3722 3779 3825 3851 regi.

2298 3887 2513 3958 quando
2536 3885 2761 3940 Verbum
2780 3902 2905 3939 caro
2929 3884 3131 3955 factum
3150 3892 3226 3939 est
3257 3883 3312 3957 (I
3338 3883 3499 3938 laute.
3523 3884 3582 3953 ι),
3602 3888 3653 3934 et
3667 3872 3829 3946 quando

2298 3980 2448 4036 venit
2495 3982 2557 4034 in
2579 3978 2921 4033 similitudine
2942 3976 3120 4032 carnis
3148 3981 3359 4046 peccati
3383 3974 3561 4045 (Rom
3582 3985 3689 4032 vttt,
3707 3967 3771 4035 '5).
3789 3969 3829 4015 ει

2301 4074 2368 4128 de
2398 4080 2627 4144 peccato
2650 4070 2930 4126 damnavit
2961 4077 3274 4140 peccatum.
3309 4070 3464 4125 Tunc
3486 4068 3655 4135 utique
3681 4060 3825 4155 factum

2300 4174 2380 4220 est
2407 4163 2599 4218 similis
2620 4162 2822 4217 homini
2844 4161 2978 4231 regi,
3002 4159 3350 4215 uniensenm
3376 4159 3551 4215 sibiet
3571 4168 3657 4227 per
3673 4158 3829 4206 uuln“.

2302 4256 2420 4311 sine
2444 4265 2761 4309 naturarum
2784 4252 3177 4307 connnistione.
3204 4250 3421 4306 faciens
3440 4265 3562 4305 eum
3583 4243 3675 4300 sibi
3691 4249 3830 4294 unum,

2303 4346 2376 4399 ita
2417 4353 2477 4398 nt
2514 4343 2654 4397 Deus
2681 4351 2737 4398 et
2776 4342 2939 4396 homo
2973 4347 3113 4396 liti-is
3145 4342 3219 4396 sit
3270 4341 3528 4397 Christus
3559 4349 3653 4391 rex
3676 4339 3831 4399 regum-

2304 4435 2380 4487 Ac
2404 4447 2502 4501 per
2526 4433 2628 4486 hoc
2652 4430 2793 4485 Deus
2818 4431 2982 4485 homo
3001 4429 3282 4495 Christus,
3308 4431 3441 4501 quia
3470 4443 3559 4483 rex
3584 4431 3661 4479 est
3683 4413 3835 4475 constir

2304 4536 2455 4582 tutus
2492 4542 2521 4579 a
2566 4525 2675 4579 Deo
2702 4523 2861 4579 Patre
2905 4540 3064 4594 super
3105 4522 3240 4579 Sion
3266 4535 3506 4578 utentem.
3528 4526 3739 4576 sanetum
3754 4508 3836 4577 εἰπε

2304 4617 2481 4691 (Psal.
2510 4632 2570 4678 ιι,
2595 4615 2671 4688 6),
2697 4615 2866 4670 voluit
2888 4617 3154 4671 rationem
3177 4630 3534 4685 ponere'cum
3562 4608 3717 4668 servis
3736 4601 3834 4657 suis.

2303 4714 2385 4769 Ad
2402 4713 2522 4767 hoc
2550 4712 2747 4781 quippe
2769 4711 3096 4766 constitutus
3117 4719 3202 4766 est
3234 4726 3357 4774 rex.
3389 4717 3453 4765 ut
3474 4724 3568 4764 eos
3588 4709 3723 4773 regat
3739 4701 3840 4766 quoi

2305 4801 2567 4867 condidit,
2606 4800 2803 4856 deinde
2838 4811 2893 4855 et
2927 4814 3065 4869 quos
3092 4799 3351 4854 redemit.
3386 4797 3493 4854 Sed
3523 4812 3589 4852 ne
3614 4792 3735 4848 Ῑυηε

2304 4891 2577 4948 sententia
2603 4891 2889 4946 obscurior
2915 4889 3010 4945 tibi
3034 4889 3288 4945 videatur
3314 4904 3426 4960 qua
3456 4888 3553 4952 ait,
3578 4883 3691 4957 quia
3719 4872 3840 4933 νοιιῆ

2302 4984 2561 5037 rationem
2601 4997 2793 5051 ponere
2825 4997 2943 5035 cum
2967 4981 3129 5035 seruis
3168 4981 3283 5035 suis
3311 4997 3343 5036 :~
3360 4981 3615 5035 nimirum
3637 4972 3744 5044 quia
3768 4965 3845 5021 hoc

2304 5077 2506 5133 factum
2537 5076 2766 5132 necdum
2804 5073 3076 5137 novimus,
3105 5073 3248 5129 scias
3277 5074 3550 5145 profecto,
3576 5068 3691 5141 quia
3719 5069 3846 5133 pm-

2304 5169 2479 5225 bolice
2527 5184 2626 5240 per
2671 5166 3112 5238 anticipationem
3163 5166 3433 5236 loquitur,
3477 5165 3658 5232 sicque
3682 5154 3845 5211 narrat.

2302 5258 2435 5331 quia
2474 5257 2647 5313 voluit
2683 5265 2744 5311 ut
2777 5256 3103 5327 quandoque
3139 5255 3481 5327 implendum
3525 5265 3630 5308 non
3657 5241 3845 5302 dubites.

2309 5350 2453 5421 quod
2485 5349 2640 5420 quasi
2663 5346 2776 5417 jam
2800 5347 2994 5403 fecisse
3020 5347 3294 5418 praedixit.
3327 5346 3486 5416 Quod
3509 5343 3719 5401 omnino
3739 5335 3851 5389 recte

2312 5441 2531 5505 dicitur,
2569 5440 2697 5510 quia
2731 5439 2921 5503 voluit,
2952 5438 3186 5507 ecquod
3218 5439 3302 5493 sic
3343 5453 3405 5494 se
3432 5448 3661 5506 suaqne;
3689 5431 3850 5500 Im?"

2311 5533 2455 5588 ravit
2478 5534 2680 5595 omnia,
2709 5532 2789 5588 sic
2822 5540 3027 5587 cuncta
3045 5530 3313 5602 disposuit
3339 5536 3677 5587 sacramenta
3703 5528 3752 5577 et
3769 5516 3851 5570 tin-

2311 5632 2453 5699 gulis
2494 5641 2590 5681 sua
2630 5628 2766 5681 dona
2798 5625 3074 5681 distribuit
3104 5624 3473 5688 talentorum,
3499 5622 3663 5677 donec
3690 5608 3850 5671 remi-

2312 5720 2382 5776 Et
2411 5727 2536 5776 tunc
2566 5718 2726 5791 coepit
2758 5718 3022 5776 rationem
3060 5731 3261 5788 ponere
3303 5732 3440 5772 eum
3476 5716 3556 5771 eis
3578 5708 3755 5783 quibus
3783 5708 3854 5753 sm
