4008 6354
153 301 242 356 629
854 297 1217 356 EXPOSITIO
1254 297 1321 356 IN
1361 295 1744 354 ΜΑΤΤΗᾸΞΕΙ

1850 327 1902 338 -
1928 296 2054 353 LIB.
2101 298 2234 366 VIII,
2267 299 2421 358 CAP.
2462 301 2666 358 χνιιι..
3309 299 3418 363 680

155 411 358 483 largitus
394 418 481 466 est
523 409 750 472 talenta,
783 411 998 484 quando
1039 409 1577 482 voluit,quandoq_ue
1611 407 1725 477 ipse
1753 409 1804 467 Α
1830 405 2342 472 solvit,,veniensin
2373 425 2591 466 sensum
2631 425 2820 466 eorum
2859 418 2914 466 et
2940 411 3193 483 aperiens
3219 413 3300 468 eis
3318 426 3419 482 pa-

157 503 407 561 discrevit.
432 503 500 557 Et
527 513 656 558 tunc
681 503 911 558 linienda
934 514 1017 559 est
1043 505 1156 559 haec
1184 505 1343 567 ratio,
1367 502 1582 572 quando
1608 500 1725 553 uni-
1831 498 2030 554 rabclze
2078 499 2361 557 thesauros
2396 502 2677 567 obscuros,
2721 513 2777 557 et
2812 513 3053 560 secretos
3072 504 3236 577 760
3260 513 3422 576 atque

158 613 292 653 versa
335 597 556 668 negotia
609 597 890 667 praesentis
933 597 1058 651 vita:
1096 595 1246 650 [inita
1288 602 1556 658 erunt,ut
1599 601 1736 648 tunc
1833 589 2152 657 invisibiles,
2183 592 2514 648 conﬁrmans
2558 608 2654 650 eos
2680 593 3238 653 demonstrationibus
3267 597 3420 654 induo

159 689 355 758 incipiat
381 687 628 759 singulos
658 687 929 743 discutere
955 689 1023 742 de
1061 697 1348 759 apportata
1385 687 1725 750 lucro,.cum
1827 681 2193 752 lbitabilibus;
2225 683 2416 739 deinde
2464 699 2534 739 ne
2576 683 2711 740 alios
2756 685 3070 742 excluderet
3103 687 3172 742 ab
3213 688 3316 744 hac
3341 691 3420 744 le-

152 780 246 849 jam
278 777 588 848 negotiandi
617 786 829 847 tempus
856 775 998 831 ultra
1031 792 1136 831 non
1162 777 1288 834 erit.
1829 773 2010 829 ctione
2045 774 2327 838 doctores,
2354 773 2551 844 adjecit
2573 776 2782 840 dicens,
2819 785 2913 832 aut
2939 777 3082 834 forte
3109 793 3232 836 eum
3259 795 3421 851 quem

216 870 277 924 Et
301 884 423 923 cum
454 869 710 938 empisset,
756 867 953 936 inquit,
983 869 1240 922 rationem
1275 884 1484 937 ponere,
1523 867 1728 924 oblatus
1831 862 2060 918 voluerit
2089 863 2396 920 illuminare
2425 864 2630 922 lumine
2657 866 2901 924 scientia:
2924 883 3056 935 suae,
3080 878 3143 926 ut
3161 870 3427 942 intelligat

154 973 216 1017 est
237 963 279 1015 ei
301 977 437 1016 unus
458 961 556 1033 qui
576 959 791 1015 debebat
813 961 988 1014 decem
1017 959 1186 1013 millia
1217 959 1438 1014 talenta.
1463 959 1732 1025 Audistis,

155 1056 350 1117 fratres,
399 1069 566 1122 quam
603 1067 744 1123 saepe
781 1052 833 1106 in
876 1052 982 1107 hoc
1023 1051 1140 1121 ipso
1168 1051 1480 1122 Evangelio,
1515 1051 1730 1121 quoties

158 1145 386 1198 Salvator
416 1145 472 1198 in
511 1143 782 1213 parabolis
806 1144 872 1196 ad
910 1141 1292 1213 negotiandum
1315 1158 1443 1198 suas
1469 1143 1729 1213 pecunias

155 1250 344 1306 suaque
371 1234 712 1289 talentasuis
737 1234 1009 1289 commisit
1034 1234 1190 1302 juxta
1215 1251 1525 1291 mensuram
1549 1235 1730 1308 singu-

1831 955 2012 1009 omnia
2043 953 2317 1026 parabolae
2344 955 2521 1026 hujus.
2550 957 2616 1012 Et
2641 973 2764 1013 cum
2789 961 3161 1030 proposuisset
3181 961 3424 1033 singulas

1828 1062 2112 1118 personas,
2142 1049 2365 1120 quinam
2390 1059 2534 1106 esset
2560 1065 2657 1106 rex
2681 1051 2804 1117 iste,
2824 1053 2919 1123 qui
2941 1068 3131 1110 servus
3156 1055 3250 1126 qui
3273 1055 3423 1114 oblaa

1828 1147 1920 1194 tus
1956 1150 2060 1206 est,
2092 1141 2254 1211 quive
2294 1141 2368 1196 illi
2399 1141 2491 1211 qui
2536 1157 2659 1197 eum
2694 1143 3024 1209 obtulerunt,
3057 1161 3179 1216 quae
3210 1160 3348 1202 uxor
3367 1157 3424 1202 et

1829 1231 1923 1300 qui
1953 1231 2068 1296 lilii,
2100 1240 2165 1288 ct-
2183 1247 2302 1302 qua:
2329 1233 2510 1288 omnia
2537 1233 2803 1304 ejus,.seu
2831 1243 3029 1291 caetera
3059 1249 3180 1306 quae
3205 1234 3424 1309 longum
3479 1287 3485 1300 ,

154 1330 333 1391 lorum,
363 1329 555 1398 sicque
576 1327 826 1383 abiit..Et
856 1343 995 1382 unus
1018 1330 1142 1398 plus
1171 1329 1403 1400 accepit,
1433 1328 1571 1384 alius
1597 1344 1730 1384 vero
1830 1331 1918 1378 cst
1945 1337 2285 1377 enumerare.
2317 1321 2413 1378 Est
2446 1323 2615 1389 enim,
2651 1323 2868 1394 inquit,_
2889 1325 3170 1396 sapientia:
3197 1325 3294 1382 Dei
3323 1325 3424 1381 hoc
3477 1357 3484 1394 λ

155 1421 337 1474 minus.
362 1419 555 1488 Itaque
582 1419 955 1488 unusquisque
985 1421 1281 1476 secundum
1312 1420 1585 1491 propriam
1614 1421 1726 1473 vir-
1832 1428 1987 1484 opus,
2021 1423 2080 1469 ut
2120 1415 2193 1470 ita
2229 1415 2426 1480 dicam,
2455 1432 2518 1471 ea
2549 1416 2734 1472 omnia
2757 1417 3046 1474 disserere.
3078 1419 3424 1490 Quapropter
3477 1445 3484 1474 ι

152 1519 329 1563 tutem.
355 1508 625 1576 Quoniam
648 1509 761 1578 ipse
781 1509 875 1578 qui
902 1509 1197 1576 distribuit,
1217 1511 1557 1581 singulorum
1586 1510 1730 1564 vires
1826 1509 2131 1584 perpendat
2175 1509 2348 1566 ﬁdelis
2389 1511 2621 1575 animus,
2671 1521 2882 1582 quanta.
2918 1512 3202 1570 difficultas
3245 1513 3300 1568 in
3337 1513 3424 1570 his
3477 1565 3483 1580 ,

152 1601 292 1655 solus
316 1603 472 1656 novit.
487 1609 546 1656 et
581 1611 846 1671 quantum
872 1603 1162 1674 unicuique
1191 1603 1511 1676 759dare
1535 1605 1730 1661 debite,
1832 1614 1952 1653 esse
1989 1599 2185 1670 possit,
2235 1600 2326 1656 ubi
2376 1602 2638 1672 magister
2683 1602 2943 1659 Ecclesiae
2985 1603 3127 1659 illius
3165 1603 3426 1674 temporis
3477 1656 3482 1672 ,

154 1696 246 1750 rit.
283 1695 386 1748 Alii
427 1694 643 1764 quidem
689 1695 831 1749 dedit
878 1697 1105 1768 quinque
1153 1697 1376 1763 talenta,
1427 1698 1563 1752 forte
1603 1699 1728 1769 quia
1838 1699 1948 1746 tam
1976 1693 2156 1747 divina
2193 1680 2364 1750 sensiit
2397 1704 2454 1749 et
2484 1696 2702 1750 eximia.
2737 1697 2889 1753 Licet
2916 1697 3006 1752 ille
3036 1697 3296 1754 altius-ea
3323 1711 3424 1753 vo.-

154 1797 347 1842 tanmm
386 1788 562 1857 potuit
600 1796 859 1843 tractare.
892 1787 1000 1866 Atii
1049 1799 1236 1843 autem
1267 1789 1396 1855 duo,
1435 1791 1588 1861 quasi
1635 1791 1730 1861 qui
1756 1771 1995 1839 B-luerit
2037 1785 2320 1851 extollere,
2366 1785 2720 1857 alhgorizare
2771 1804 2934 1860 quam
2979 1788 3116 1846 ﬁdes
3155 1786 3423 1844 catholica

154 1881 320 1935 minus
347 1882 608 1951 potuerit.
631 1879 738 1934 Alii
765 1897 893 1935 vera
908 1897 1091 1946 unum,
1109 1883 1263 1952 juxta
1288 1883 1432 1937 vires
1452 1884 1730 1954 qualitatis

1850 1877 2120 1943 )ermittit,
2151 1879 2279 1950 quia
2302 1881 2392 1950 qui
2428 1879 2628 1951 fortius.
2653 1883 2838 1950 premit
2877 1883 3062 1948 ubera,
3098 1890 3244 1938 teste
3271 1879 3422 1937 Scri-
3523 1942 3532 1946 κ

153 1985 266 2023 sum.
297 1968 389 2024 Sic
417 1979 481 2023 et
505 1970 560 2024 in
599 1969 722 2024 aliis
751 1969 905 2032 locis,
931 1970 1021 2024 ubi
1051 1970 1204 2039 plura
1251 1973 1365 2026 suis
1396 1973 1597 2039 divisit,
1631 1989 1730 2044 pro
1832 1978 2013 2040 plura,
2037 1988 2146 2028 non
2168 1971 2344 2028 eliciet
2363 1972 2469 2040 lac,
2494 1975 2585 2028 sed
2607 1976 2916 2045 sanguinem
2934 1975 3119 2047 (Prov.
3145 1991 3276 2040 xxx,
3306 1974 3422 2043 55).

153 2059 332 2128 quibus
362 2060 619 2115 omnibus
649 2061 918 2116 rationem
961 2061 1247 2118 habiturus
1271 2080 1394 2119 cum
1433 2065 1535 2128 eis,
1571 2066 1727 2121 redit.
1833 2061 1901 2116 Et
1931 2062 2050 2118 ideo
2086 2079 2184 2118 nos
2227 2065 2296 2118 ad
2326 2074 2536 2120 nosmet
2578 2065 2880 2129 redeamus,
2917 2066 3111 2121 deinde
3146 2066 3214 2121 ad
3258 2064 3422 2121 linem

152 2150 247 2206 Sed
291 2151 415 2220 quis
461 2151 554 2216 sit,
604 2167 728 2206 cum
776 2151 1031 2222 coepisset
1068 2153 1332 2209 rationem
1375 2170 1576 2223 ponere
1629 2156 1742 2211 iste.
1834 2153 2106 2222 parabolae
2123 2154 2264 2210 etad
2284 2153 2686 2211 conclusionem
2711 2153 3042 2222 Salvatoris;
3071 2155 3198 2227 quia
3225 2170 3330 2210 non
3357 2155 3424 2212 ad

151 2259 298 2308 unus,
343 2243 438 2313 qui
477 2242 698 2298 oblatus.
729 2253 805 2298 est
855 2244 923 2306 ei,
967 2259 1076 2297 non
1124 2244 1396 2300 immerito
1447 2249 1730 2316 quzeritur.
1833 2261 2096 2316 supernas
2122 2255 2185 2302 et
2203 2246 2480 2318 angelicas
2507 2248 2692 2304 ruinas
2714 2249 2832 2304 haec
2857 2248 3114 2318 parabola
3140 2247 3424 2304 referenda

151 2335 274 2401 Quia
314 2335 418 2391 etsi
454 2334 525 2391 de
555 2334 648 2390 illo
696 2335 888 2390 ultimo
927 2335 1196 2401 examine,
1235 2338 1450 2406 quando
1502 2338 1570 2392 de
1621 2339 1735 2393 sin-
1833 2347 1937 2402 est,
1973 2339 2068 2394 sed
2115 2340 2184 2409 ad
2230 2355 2349 2396 nos
2374 2338 2572 2410 quibus
2607 2341 2842 2397 dicitur:
2872 2339 2962 2396 Sic
2996 2351 3046 2397 et
3087 2339 3253 2397 Pater
3281 2357 3428 2397 meus

152 2428 278 2499 gulis
304 2429 560 2500 operibus
595 2428 791 2497 singuli
839 2429 951 2484 Deo
980 2429 1248 2485 rationem
1281 2431 1544 2486 reddituri
1581 2443 1754 2500 sunt,
1834 2430 2054 2486 celestis
2071 2431 2414 2501 facieteobis,
2446 2431 2493 2486 si
2522 2448 2628 2486 non
2657 2432 2962 2487 remiseritis
2988 2432 3346 2502 unusquisque
3363 2431 3430 2486 de

152 2523 242 2577 hoc
294 2521 500 2577 dictum
546 2521 866 2591 accipimus,
903 2531 964 2575 ut
1015 2529 1140 2576 tunc
1196 2521 1294 2586 ei,
1325 2537 1449 2577 cum
1506 2524 1736 2594 cmperit
1833 2520 2304 2576 cordibuseestris.
2329 2521 2670 2592 Quapropter
2692 2522 2807 2592 ipsa
2832 2521 2914 2576 vis
2933 2521 3221 2577 verborum
3241 2521 3427 2577 consi-

152 2611 409 2666 rationem
457 2624 682 2681 ponere,
720 2608 1028 2665 oﬂerendus
1057 2611 1128 2666 sit
1163 2611 1265 2667 iste
1315 2611 1502 2669 decem
1558 2613 1733 2670 talem-
1837 2612 2074 2668 deranda
2108 2620 2211 2676 est,
2247 2611 2294 2667 si
2315 2609 2455 2668 forte
2482 2628 2549 2667 ex
2590 2612 2760 2682 ipsius
2795 2611 3005 2667 Domini
3043 2610 3204 2667 dictis
3235 2625 3429 2666 sensus

153 2712 320 2756 torum
369 2701 604 2767 debitor,
650 2700 982 2772 impossibile
1025 2702 1152 2767 erit,
1183 2712 1243 2757 ut
1293 2702 1384 2758 hic
1431 2703 1554 2759 talis
1579 2704 1732 2759 dein-
1837 2703 1996 2758 nobis
2032 2701 2328 2759 illucescat.
2359 2701 2452 2757 Ait
2495 2703 2639 2758 enim
2676 2721 2690 2756 :
2723 2700 2854 2757 Cum
2889 2701 3123 2772 coepisset
3173 2701 3428 2755 rationem

153 2810 268 2863 ceps
312 2809 456 2850 suos.
477 2809 770 2849 conservos
810 2792 1045 2864 amigere
1081 2796 1274 2864 possit,
1309 2804 1403 2850 aut
1439 2812 1604 2850 unum
1641 2812 1737 2852 eo-
1835 2811 2046 2866 ponere,
2079 2794 2284 2849 oblatus
2312 2804 2388 2850 est
2424 2795 2472 2850 ei
2511 2811 2648 2850 unus
2685 2795 2774 2866 qui
2809 2794 3025 2850 debebat
3047 2794 3226 2850 decem
3260 2791 3431 2848 millia

155 2898 281 2947 rum,
315 2899 424 2941 non
470 2883 594 2940 dico
629 2883 914 2950 sull'ocare,
953 2899 1142 2939 verum
1183 2899 1283 2941 nec
1318 2885 1388 2940 ab
1427 2901 1492 2941 eo
1536 2896 1597 2942 ut
1623 2887 1736 2942 exi-
1837 2885 2058 2942 talenta.
2097 2887 2237 2954 Quid
2273 2901 2404 2958 ergo
2447 2894 2606 2956 putas
2642 2885 2844 2942 dixisse
2888 2885 3175 2942 Dominum
3213 2883 3431 2956 quando

152 2988 265 3042 gere
283 2975 576 3043 pecuniam
598 2974 788 3043 possit.
812 2973 1029 3029 Etideo
1041 2975 1391 3044 quaerendum
1414 2985 1498 3031 est
1518 2977 1736 3046 quando
1837 2979 1916 3033 ait
1945 2996 1958 3031 :
1989 2977 2122 3033 Cum
2156 2978 2389 3048 coepisset
2429 2979 2688 3033 rationem
2730 2978 2968 3048 ponereZ
3002 2975 3121 3032 Non
3152 2975 3297 3031 enim
3329 2973 3430 3040 ait,

155 3061 256 3118 haec
282 3066 576 3120 ratio-esse
598 3065 786 3134 erepit,
817 3073 875 3119 ut
901 3073 958 3121 et
981 3075 1106 3134 post
1141 3065 1529 3137 indulgentiam
1557 3065 1731 3120 talen-
1839 3069 2056 3125 oblatus
2103 3077 2189 3124 est
2229 3067 2280 3122 ei
2323 3082 2484 3135 unus,
2529 3075 2763 3138 ponente
2795 3065 2910 3136 jam
2947 3080 3014 3122 eo
3053 3065 3320 3121 rationem
3375 3064 3432 3119 in

156 3163 351 3225 torum,
401 3173 594 3214 rursus
639 3157 742 3213 iste
794 3173 917 3213 cum
967 3173 1066 3212 suo
1120 3173 1387 3214 conservo
1431 3159 1735 3229 disceptare
1762 3141 1809 3206 (ἶ
1842 3161 1956 3231 ipso
1979 3161 2204 3232 judicio,
2233 3161 2331 3218 sed
2368 3175 2490 3215 cum
2523 3159 2778 3230 coepisset
2806 3159 3072 3215 rationem
3109 3172 3333 3230 ponere,
3373 3165 3435 3211 ut

154 3259 302 3317 queat
335 3248 686 3320 pro-debitis.
717 3249 796 3304 Ac
827 3249 1024 3304 deinde
1061 3247 1320 3305 Dominus
1349 3265 1471 3306 cum
1506 3251 1739 3306 audierit
1839 3251 2195 3308 suliaudiatur
2217 3249 2428 3320 judicii.
2458 3249 2724 3318 Quoniam
2751 3248 2897 3304 aliud
2921 3258 3135 3320 tempus
3158 3255 3242 3303 est
3269 3246 3435 3302 l'uturi

155 3354 265 3407 quae
291 3339 460 3395 relata
486 3349 615 3396 sunt
644 3355 674 3394 a
704 3339 1002 3404 conservis,
1034 3342 1250 3410 quando
1287 3356 1385 3410 pro
1411 3341 1497 3397 his
1520 3357 1644 3396 eum
1681 3342 1735 3396 in
1833 3341 2064 3413 judieii,
2087 3350 2145 3396 et
2189 3341 2336 3397 aliud
2380 3341 2596 3412 quando
2634 3341 2810 3412 posita
2859 3348 2945 3395 est
2996 3339 3137 3394 ratio
3185 3337 3433 3406 ejusdem

151 3428 410 3496 judicium
439 3445 696 3486 revocare
719 3430 910 3499 possit.
946 3430 1094 3485 Alias
1130 3438 1336 3496 autem,
1367 3431 1468 3485 nisi
1500 3441 1622 3500 post
1649 3446 1741 3486 ve-
1832 3433 2022 3501 judicii
2057 3452 2070 3488 :
2106 3434 2378 3489 rationem
2427 3433 2624 3503 quippe
2661 3430 2851 3501 judicii
2900 3444 2997 3485 rex
3045 3439 3233 3485 noster
3277 3427 3436 3484 Jesus

155 3519 302 3573 niam
331 3521 434 3575 sibi
464 3521 726 3575 indultum
765 3521 983 3590 aliquod
1021 3529 1234 3591 tempus
1262 3529 1424 3587 esset,
1456 3537 1564 3592 quo
1592 3530 1746 3576 tanta
1841 3526 2112 3590 Christus,
2138 3525 2262 3595 quia
2301 3526 2468 3580 homo
2507 3522 2682 3579 factus
2708 3531 2815 3588 est,
2856 3531 2969 3577 tum
3008 3521 3173 3590 erepit
3208 3531 3432 3589 ponere,

160 3612 502 3666 committere
535 3613 760 3676 valeret,
802 3613 944 3682 quod
990 3623 1113 3682 post
1143 3610 1406 3680 judicium
1434 3622 1749 3684 peractum,

1841 3617 2056 3689 quando
2085 3617 2200 3687 ipse
2233 3631 2334 3688 pro
2375 3614 2532 3671 nobis
2562 3615 2616 3670 in
2653 3615 2830 3686 primo
2857 3615 3090 3668 adventu
3131 3627 3230 3667 suo
3267 3609 3438 3665 voluit

153 3705 300 3773 quod
334 3704 568 3760 futurum
597 3715 706 3771 est,
739 3705 966 3760 omnino
994 3721 1100 3760 non
1130 3706 1253 3770 erit,
1288 3721 1629 3775 nequaquam
1671 3707 1740 3761 ad
1835 3709 2094 3779 judicari,
2121 3719 2176 3762 et
2206 3723 2306 3778 pro
2335 3707 2492 3763 nobis
2519 3707 2652 3778 pati,
2689 3705 2772 3762 vel
2803 3705 3020 3776 quando
3049 3705 3223 3773 legem
3264 3702 3434 3763 dedit.

154 3804 358 3850 tantum
409 3795 589 3852 infelix
637 3797 929 3852 discrimen
974 3796 1116 3851 forte
1161 3797 1512 3867 pervenisset.
1567 3795 1742 3863 Unde,

153 3887 272 3955 quia
298 3887 460 3943 aliter
490 3902 612 3942 esse
652 3905 758 3941 non
793 3889 989 3957 potuit,
1020 3887 1160 3942 forte
1187 3889 1464 3958 siguanter
1496 3887 1713 3958 Evange

153 3978 286 4044 lista,
319 3981 434 4034 imo
468 3979 585 4048 ipse
615 3979 897 4044 Dominus,
927 3979 1019 4049 qui
1057 3979 1198 4034 hanc
1233 3979 1404 4034 nobis.
1429 3978 1739 4048 parabolau‘

149 4075 446 4141 proposuit,
479 4072 557 4126 ait
589 4089 604 4126 :

212 4169 479 4240 Egressus
501 4181 680 4226 autem
701 4188 876 4225 servus
907 4170 1018 4236 ille,
1044 4172 1237 4226 invenit
1264 4189 1426 4226 unum
1453 4173 1516 4227 de
1539 4189 1722 4226 conser

146 4265 217 4318 ris
232 4267 364 4320 suis.
385 4266 497 4333 Qui
524 4267 694 4321 miser
716 4266 818 4322 nisi
842 4282 1094 4334 egressus
1113 4277 1276 4333 esset,
1303 4278 1359 4323 et
1381 4278 1506 4338 post
1531 4268 1747 4324 veniam

149 4354 609 4427 indulgentiamm
637 4373 668 4410 a
700 4357 948 4421 Domino,
975 4367 1028 4412 et
1065 4360 1132 4412 ab
1153 4359 1498 4414 observantia
1523 4359 1748 4414 manda-

147 4455 314 4504 torum
357 4450 512 4520 ejus,
572 4465 848 4519 nunquam
899 4449 1022 4504 talia
1071 4458 1180 4503 tam
1227 4450 1520 4504 crudeliter
1555 4466 1748 4520 perpe-

148 4546 353 4596 trasset.
387 4540 511 4595 Sed
536 4540 662 4609 quia
687 4541 802 4594 haec
827 4539 1078 4609 parabola
1101 4539 1484 4594 obscurissima
1511 4539 1744 4604 videtur,

143 4638 190 4680 et
215 4627 268 4684 in
303 4629 513 4686 multis
540 4629 873 4694 difﬁcillima,
911 4630 1360 4700 qualitercumque
1388 4631 1747 4702 requirendus

143 4727 219 4773 est
243 4723 476 4784 modus,
521 4729 582 4774 ut
609 4736 742 4776 sane
776 4721 1123 4792 intelligatur.
1157 4722 1296 4789 Quia
1333 4723 1577 4780 nonnulli
1625 4722 1746 4780 fue-

145 4822 260 4866 runt
288 4815 389 4883 qui
429 4828 540 4883 pro
571 4813 689 4882 ejus
715 4810 1028 4867 diﬂicultate
1054 4812 1106 4867 iu
1135 4812 1404 4884 aliquibus
1431 4814 1564 4870 locis
1591 4829 1748 4870 erra-

144 4916 332 4961 verunt
371 4924 406 4962 a
454 4920 610 4971 vero,
653 4915 710 4960 et
737 4905 838 4976 ipsi
885 4905 1230 4976 interpretes,
1260 4907 1352 4976 qui
1381 4921 1569 4962 eorum
1603 4907 1748 4962 dicta

144 4995 204 5050 de
229 4995 433 5054 Graeco
479 4997 554 5052 ad
587 4996 809 5052 Latinas
846 5013 1008 5053 aures
1038 4997 1450 5063 transtulerunt,
1481 5014 1586 5052 non
1619 4999 1754 5053 satis

143 5101 326 5144 eorum
359 5103 596 5145 errores
632 5097 955 5158 purgarunt,
986 5104 1052 5143 ne
1081 5088 1381 5144 ollenderet
1412 5089 1465 5144 in
1495 5090 1583 5144 bis
1619 5090 1754 5144 sim-

145 5179 259 5248 plex
312 5182 523 5246 lector,
572 5197 750 5249 neque
791 5197 856 5236 os
899 5181 1045 5252 putei
1100 5181 1432 5236 clauserunt.
1487 5181 1754 5248 Quoniam

146 5271 261 5328 talis
290 5281 576 5340 tantaque
605 5270 888 5327 diﬂieultas
911 5279 998 5326 est
1021 5270 1076 5326 in
1106 5270 1192 5326 his
1217 5271 1382 5326 rebus
1410 5285 1531 5340 qua:
1559 5287 1756 5341 propo-

145 5372 366 5429 nuntur,
417 5372 489 5416 ut
534 5360 858 5416 conﬁteatur
900 5359 1160 5432 Origenes
1202 5361 1253 5414 in
1299 5361 1412 5416 suis
1456 5361 1752 5432 opusculis,

143 5455 422 5510 neminem
457 5450 625 5520 hujus
649 5451 917 5521 parabolae
943 5460 1149 5506 textum
1177 5453 1244 5506 ad
1267 5451 1524 5520 liquidum
1553 5452 1752 5508 intelli-

144 5559 264 5613 gere
300 5560 516 5616 posse;
546 5553 601 5598 et
627 5554 686 5598 ut
722 5543 954 5614 propriis
984 5541 1101 5612 ejus
1137 5553 1262 5597 utar
1295 5544 1493 5604 verbis,
1523 5544 1597 5598 ait
1632 5544 1704 5598 ita
1736 5562 1750 5598 :

147 5633 282 5693 Vere
311 5636 597 5692 conﬁteor
640 5636 910 5691 neminem
954 5635 1094 5690 hanc
1129 5650 1399 5704 exponere
1441 5651 1618 5704 posse,
1648 5638 1754 5694 nisi

147 5729 316 5787 solum
367 5730 684 5792 Christum,
717 5729 808 5798 qui
855 5729 1132 5800 discipulis
1170 5730 1281 5785 suis
1325 5729 1506 5784 omnia
1548 5741 1774 5786 secrete—

1843 3803 2062 3873 quando
2082 3801 2148 3857 de
2182 3801 2322 3858 caelo
2348 3819 2360 3854 ε
2391 3797 2668 3871 Prospexit
2700 3814 2858 3868 super
2889 3797 3028 3868 ﬁlios
3055 3795 3352 3858 hominum,
3376 3803 3435 3854 ut

1845 3891 2038 3948 videret
2077 3891 2122 3945 si
2161 3899 2294 3944 esset
2325 3889 2618 3960 intelligens
2654 3899 2746 3943 aut
2775 3890 3038 3959 requirens
3075 3886 3281 3950 Deum;
3311 3884 3442 3955 quia.

1845 3998 2024 4036 omnes
2049 3982 2458 4045 declinaverunt,
2485 3997 2588 4034 non
2622 3989 2734 4034 erat
2759 3979 2847 4050 qui
2868 3978 3062 4048 faceret
3087 3977 3313 4037 bonum...
3331 3990 3436 4042 non

1846 4085 1957 4128 erat
1987 4089 2148 4144 usque
2172 4071 2241 4126 ad
2266 4088 2426 4124 unum
2454 4068 2628 4142 (Psal.
2661 4087 2784 4135 xm,
2807 4069 2866 4134 2,
2888 4067 2964 4138 ὅ).
2995 4067 3099 4136 Qui
3122 4082 3292 4131 unus,
3310 4065 3440 4137 quia

1842 4179 2039 4230 omnes
2070 4180 2234 4217 unum
2275 4162 2403 4217 lacti
2443 4172 2601 4218 erant
2629 4163 2683 4217 in
2732 4177 2910 4216 massa
2953 4160 3441 4232 peccati,.prop,ter

1849 4256 2353 4326 praevaricationem
2384 4255 2542 4326 primi
2580 4255 2817 4309 hominis
2840 4253 3056 4309 oblatus
3072 4261 3166 4307 est
3192 4251 3243 4307 ei
3266 4258 3435 4315 totus,

1849 4348 2116 4417 obligatus
2143 4345 2390 4409 vinculis,
2429 4355 2485 4400 et
2524 4344 2794 4400 involutus
2831 4342 3178 4408 criminibus,
3205 4342 3306 4410 qui
3344 4340 3440 4394 de-

1853 4440 1999 4496 bebat
2034 4439 2208 4493 decem
2235 4437 2404 4492 millia
2434 4437 2654 4502 talenta,
2683 4435 3036 4508 quoniamin
3066 4434 3212 4489 omni
3243 4447 3442 4505 genere

1855 4531 2092 4585 humano
2137 4531 2252 4585 haec
2298 4529 2556 4600 iniquitas
2596 4543 2859 4598 respersa
2887 4536 3028 4582 erat.
3069 4527 3200 4595 Qua:
3239 4526 3442 4596 iniqui-

1857 4631 1941 4676 tas
1973 4621 2129 4692 juxta
2168 4621 2488 4675 Zachariam
2525 4619 3034 4690 prophetamsedet
3071 4635 3236 4690 super
3265 4617 3442 4673 talen-

1858 4724 1970 4770 tum
2020 4713 2242 4784 plumbi.
2301 4713 2409 4768 Sed
2455 4714 2643 4769 decem
2703 4711 2872 4768 millia
2926 4711 3129 4767 talenta
3181 4711 3318 4766 ideo.
3357 4709 3444 4765 di-

1855 4812 2082 4868 cuntur,
2129 4803 2254 4873 quia
2304 4803 2390 4859 lex
2433 4803 2486 4858 in
2534 4802 2720 4858 decem
2767 4801 3054 4874 pmceptis
3097 4800 3445 4856 commenda-

1858 4904 1965 4949 tur.
1996 4895 2152 4967 761
2178 4894 2234 4948 Si
2262 4895 2408 4950 enim
2439 4893 2750 4967 diligentius
2777 4891 3245 4951 scrutatuslneris
3272 4891 3446 4963 ipsius

1860 4990 2068 5045 numeri
2099 4998 2336 5055 secreta,
2379 4987 2891 5059 latebrasquevejus
2919 4986 3255 5058 inquisieris,
3287 4999 3442 5041 mon-

1857 5084 2121 5140 strabitur
2172 5083 2266 5138 tibi
2306 5083 2520 5153 justitia
2569 5083 2687 5154 lege
2737 5082 2831 5138 Dei
2884 5080 3175 5137 constituta
3205 5119 3222 5147 ,
3274 5094 3443 5151 quam

1857 5174 2087 5243 quisque
2116 5173 2208 5249 qui
2238 5173 2660 5244 contempserit,
2676 5173 2831 5244 quasi
2862 5171 3090 5228 violator
3135 5179 3440 5242 praecepto-

1859 5282 1977 5321 rum
2004 5266 2098 5322 Dei
2132 5267 2675 5330 reus.tenetur,.dum
2701 5279 2802 5321 nec
2832 5263 3134 5320 naturalem
3162 5262 3337 5332 legem
3369 5263 3450 5320 in.

1859 5357 2020 5412 sitam
2049 5357 2224 5426 primo
2253 5357 2456 5412 homini
2485 5356 2801 5420 servaverit,
2829 5371 2931 5411 nec
2958 5355 3137 5410 datam
3168 5367 3266 5424 per
3293 5352 3445 5424 May,-

1860 5465 1959 5504 sen
1987 5449 2326 5506 custodierit.
2359 5448 2427 5504 Et
2460 5448 2583 5504 ideo
2631 5447 2719 5503 ille
2763 5445 2992 5502 debebat
3044 5445 3230 5501 decem
3276 5444 3441 5498 millia

1862 5539 2228 5604 talentorum,
2279 5539 2534 5609 quoniam
2578 5536 2981 5594 memorabilem
3031 5535 3179 5590 illum
3229 5525 3445 5590 decalo—

1860 5648 2010 5701 gum,
2033 5632 2293 5702 scriptum
2323 5630 2489 5701 digito
2517 5628 2634 5694 Dei,
2662 5628 2919 5682 traditum
2949 5626 3144 5698 popqu
3177 5625 3294 5690 Dei,
3327 5640 3425 5682 cor

1866 5735 2102 5796 ruperat.
2173 5722 2412 5779 Debebat
2457 5736 2586 5792 ergo
2633 5723 2820 5779 decem
2868 5721 3031 5778 millia
3088 5720 3449 5790 talentorum,
