4008 6354
652 260 765 338 est

1482 282 1541 340 ὃ.
1581 280 2315 347 ΡΑεριιΑειιηιιΑοιιεκτι
2353 282 2644 342 ABBATIS
2674 285 3122 345 CORBEIENSIS
3196 290 3205 296 “

3757 306 3834 363 632

659 383 886 467 propter
912 386 1195 452 numerum
1220 398 1374 469 legis,
1403 401 1531 469 quia
1561 401 1886 456 criminosus
1911 400 2093 456 omnia
2123 415 2246 471 pec-
2272 403 2325 461 Α
2347 399 2655 456 ostendere.
2684 399 2786 467 Qui
2811 396 3057 470 prefecto
3085 408 3273 471 tmpus
3316 402 3371 457 in
3398 374 3664 477 Scripturis
3685 394 3838 474 divinis

646 496 783 545 ’cata
812 499 1180 557 contraxerat,
1208 507 1331 562 qua)
1375 493 1429 547 in
1472 492 1590 565 lege
1625 494 1968 549 damnantur.
2006 494 2245 550 Debebat

657 586 717 635 et
741 576 834 635 ille
857 578 977 648 ejus
1010 595 1305 636 conservus
1332 592 1550 641 centum
1577 583 1844 647 denarios,
1876 584 2012 640 nihil
2064 586 2243 641 minus

663 669 734 727 ab
759 670 955 728 eodem
1000 670 1262 738 nurnero;
1295 690 1419 728 nam
1450 676 1629 730 decies
1657 686 1876 731 centum
1905 678 2043 732 ﬁunt
2074 678 2241 743 mille,

657 762 801 817 sicut
828 769 882 818 et
911 761 1092 818 decies
1118 763 1263 819 mille
1294 765 1481 819 decem
1512 766 1704 831 millia,
1732 768 1812 823 sic
1834 777 1887 824 et
1913 770 2093 825 decies
2118 769 2241 824 deni

651 860 872 907 centum
908 852 1064 909 ﬁunt.
1094 854 1207 909 Nec
1238 855 1291 909 in
1324 855 1417 910 illo
1448 856 1613 929 igitur
1633 858 1819 913 decem
1858 859 2025 914 millia
2070 858 2244 915 talen-

653 952 839 999 torum
861 943 1106 1001 debitore
1152 961 1184 1000 a
1214 945 1456 1018 legitimo
1484 962 1712 1003 numero
1758 964 2031 1005 recessum
2057 958 2161 1016 est,
2186 958 2243 1005 et

648 1032 915 1106 perfecto,
948 1049 1051 1092 nec
1096 1038 1151 1091 in
1181 1037 1273 1093 illo
1297 1038 1391 1108 qui
1410 1038 1598 1093 decies
1626 1040 1795 1094 denos
1822 1039 2052 1095 debebat
2077 1041 2240 1095 dena-

650 1126 785 1182 rios.
814 1124 873 1180 In
896 1141 1005 1197 quo
1032 1136 1261 1199 utroque
1289 1129 1532 1185 invenies
1558 1139 1788 1201 utraque
1813 1141 2056 1200 peccata.
2089 1132 2241 1188 Uter-

650 1228 759 1285 que
797 1208 984 1288 itaque
1028 1219 1263 1285 debitor,
1305 1230 1360 1276 et
1407 1229 1634 1292 uterque
1674 1224 1854 1280 venia)
1896 1224 2237 1294 implorator,

648 1308 968 1380 pariterque
1021 1312 1185 1367 etiam
1234 1328 1265 1367 a
1323 1313 1553 1370 Domino
1605 1316 1942 1387 impetrator.
2000 1317 2108 1374 Sed
2150 1317 2241 1372 ille

648 1414 841 1457 servus
885 1403 1060 1460 malus
1100 1419 1398 1478 servusque
1446 1409 1667 1479 iniquus
1697 1419 1753 1465 et
1794 1410 2037 1482 ingratus
2067 1410 2241 1466 noluit

636 1506 918 1551 conservo
944 1497 1243 1567 rependere
1282 1499 1427 1569 quod
1454 1501 1570 1571 ipse
1595 1509 1881 1572 acceperat
1927 1516 1957 1556 a
1987 1502 2236 1569 Domino,

647 1584 823 1641 noluit
869 1597 1133 1659 praestare
1179 1594 1325 1664 quod
1389 1593 1466 1648 illi
1517 1594 1739 1665 indigno
1781 1597 2084 1665 praestitum
2130 1605 2235 1653 est.

635 1676 784 1733 Nam
818 1680 868 1735 ei
904 1680 1145 1737 relaxata
1192 1692 1320 1739 sunt
1362 1685 1553 1740 decem
1592 1687 1758 1741 millia
1804 1687 2026 1743 talenta.
2073 1689 2140 1743 Et
2168 1705 2235 1745 ne
2282 1756 2289 1759 _

2346 492 2664 548 notissimus
2687 503 2774 548 est
2796 503 2851 548 et
2874 492 3109 549 diversis
3150 493 3409 551 formatur
3445 500 3621 568 modis,
3655 505 3768 563 sicut
3797 521 3839 566 et

2345 583 2448 638 hoc
2492 582 2630 648 loco,
2667 599 2764 654 per
2793 584 2895 639 hoc
2928 583 3075 655 quod
3124 582 3278 653 jubet
3319 584 3508 655 facere,
3550 589 3724 649 factum
3755 598 3839 667 jam

2336 670 2486 742 justo
2531 690 2630 729 suo
2670 674 2875 743 judicio
2921 676 3277 731 demonstrat.
3349 677 3572 735 Necdum
3616 692 3764 741 tamen
3799 691 3838 742 in

2343 778 2565 819 carcere
2586 762 2742 833 jubet
2770 765 2936 830 mitti,
2984 766 3128 835 quod
3170 766 3238 819 ad
3282 767 3408 822 illud
3452 768 3673 827 ultimum
3715 786 3843 832 restat

2337 852 2620 922 judicium.
2666 853 2837 910 Porro
2885 856 2954 910 de
2996 870 3169 911 uxore
3208 866 3266 913 et
3317 857 3474 925 (iliis,
3522 863 3744 934 quidquid
3777 868 3842 923 ille

2340 942 2633 1011 praedictus
2673 945 2862 1000 doctor
2921 947 3191 1011 senserit,
3255 961 3363 1003 non
3421 949 3556 1004 aliud
3606 952 3844 1025 intelligere

2338 1042 2576 1104 oportet,
2605 1050 2770 1105 quam
2812 1036 2952 1105 quod
2983 1036 3051 1090 ad
3082 1037 3256 1107 ipsum
3297 1039 3632 1109 eamdemque
3673 1058 3839 1100 servum

2339 1121 2614 1191 pertinere
2640 1122 2837 1192 possit,
2875 1122 2926 1177 id
2965 1133 3053 1178 est
3080 1139 3231 1189 caro,
3274 1140 3367 1181 seu
3401 1128 3620 1184 carnalis
3650 1129 3841 1187 aliecuis.

2342 1211 2495 1271 Sicut
2532 1227 2693 1283 quam
2737 1229 2882 1283 sazpe
2930 1214 2982 1269 in
3014 1213 3314 1285 Scripturis
3357 1218 3574 1287 tropice,
3617 1235 3746 1275 mens
3775 1239 3844 1279 seu

2340 1303 2569 1372 spiritus
2591 1320 2711 1375 quae
2729 1306 2919 1362 Graece
2946 1313 3063 1368 νοῦς
3088 1307 3309 1374 dicitur,
3340 1323 3438 1380 pro
3471 1310 3579 1364 viro
3617 1312 3843 1382 accipitur,

2338 1408 2470 1452 cato
2496 1412 2628 1452 vero
2654 1412 2753 1468 pro
2780 1413 2972 1463 uxore,
3012 1408 3073 1452 ut
3102 1399 3215 1454 sint
3242 1399 3349 1453 duo
3374 1401 3431 1454 in
3454 1417 3601 1456 carne
3626 1420 3716 1457 rma
3734 1403 3843 1475 (Gut.

2338 1503 2400 1554 ll,
2424 1486 2540 1559 24),
2569 1489 2711 1544 sicut
2737 1488 2988 1546 Christus
3017 1499 3073 1545 et
3096 1490 3365 1557 Ecclesia,
3397 1491 3469 1546 ita
3498 1501 3553 1546 ut
3578 1509 3708 1548 mens
3735 1504 3844 1566 regat

2337 1597 2558 1654 corpus,
2593 1594 2651 1639 et
2685 1599 2815 1640 caro
2849 1585 2925 1639 sit
2966 1583 3181 1640 subdita
3225 1600 3293 1641 ac
3336 1585 3383 1640 si
3427 1586 3612 1641 mulier
3634 1587 3731 1641 viro
3759 1602 3843 1643 suo.

2337 1674 2472 1743 Quia
2505 1685 2633 1732 tunc
2662 1686 2843 1733 rectus
2873 1677 3008 1733 ordo
3042 1688 3292 1733 servatur
3321 1678 3367 1733 si
3398 1693 3546 1735 mens
3568 1680 3748 1743 subdita
3769 1679 3845 1734 Deo

636 1777 802 1837 putes
826 1772 954 1841 quia
982 1789 1179 1843 parum
1205 1784 1290 1830 est
1319 1776 1457 1831 forte
1483 1786 1720 1841 centum,
1752 1781 1877 1850 quia
1903 1789 1982 1835 tot
2009 1791 2222 1850 peccata

2336 1770 2520 1832 fuerit.
2552 1783 2607 1828 et
2632 1774 2828 1829 anima:
2872 1790 2965 1830 seu
3003 1775 3215 1844 spiritui
3262 1791 3395 1830 caro
3430 1777 3583 1848 digne
3623 1778 3841 1841 qbedierit

635 1874 774 1917 sunt
802 1866 1003 1936 quibus
1029 1884 1155 1924 rens
1206 1872 1489 1925 tenebatur
1537 1872 1826 1937 obnoxius,
1858 1883 1989 1943 quot
2034 1885 2090 1929 et.
2136 1890 2232 1945 per

636 1955 760 2011 inec
787 1958 975 2014 decem
1003 1962 1271 2019 rnilha.-in
1295 1963 1492 2031 quibus
1522 1964 1871 2018 nihilominus
1896 1966 2073 2019 omnia
2106 1982 2233 2035 prc-

642 2057 765 2101 cata
798 2059 925 2103 sunt
952 2051 1287 2120 accipienda.
1318 2052 1451 2105 Nolo
1471 2054 1616 2107 enim
1643 2056 1826 2109 dicere
1866 2071 2030 2109 uumn
2063 2057 2233 2110 talen-

643 2149 782 2207 tum,
813 2142 959 2211 (μιοά
996 2144 1179 2198 omnia
1213 2154 1432 2215 peccata
1482 2145 1583 2199 hoc
1627 2146 1746 2201 loco
1795 2148 2103 2208 concludat,
2136 2148 2229 2201 sed

638 2232 832 2287 decem
879 2232 1046 2288 millia
1100 2234 1319 2301 talenta,
1364 2236 1492 2305 quia
1537 2252 1698 2291 nemo
1737 2238 1942 2307 estqui
1991 2239 2231 2307 ambigat

630 2334 769 2377 eum
795 2322 885 2393 qui
912 2323 1127 2379 oblatus
1163 2334 1265 2383 est.
1289 2325 1471 2379 omnia
1492 2325 1765 2382 debuis~e.
1815 2327 2021 2381 Servus
2047 2337 2226 2380 autem

628 2410 733 2468 ille
782 2427 872 2483 qm
919 2425 1138 2469 centum
1186 2415 1439 2469 denarios
1484 2415 1737 2480 debebat,
1788 2418 1954 2471 etiam
2006 2426 2063 2471 et
2114 2417 2228 2485 ipse

630 2503 923 2574 plusquam
976 2513 1031 2559 et
1072 2507 1419 2576 septuaginta
1465 2515 1522 2561 et
1561 2517 1767 2577 septem
1814 2508 2067 2563 debebat.
2116 2506 2226 2562 Sed

624 2600 817 2654 'omnia
862 2600 949 2656 illa
978 2601 1167 2657 decem
1197 2602 1365 2658 millia
1404 2603 1624 2665 talenta,
1656 2601 1787 2657 nulli
1832 2602 2054 2657 dubium
2097 2602 2224 2672 quia

635 2691 855 2749 dimissa
876 2703 1006 2748 sunt
1034 2693 1086 2748 in
1110 2695 1401 2765 baptismo,
1424 2695 1641 2765 quando
1658 2694 2077 2765 benignissimus
2104 2692 2225 2749 Sal-

623 2790 795 2838 'vator
823 2784 977 2840 nobis
1016 2784 1322 2841 libertatem
1369 2785 1605 2841 reddidit
1632 2800 1662 2839 a
1691 2785 1871 2857 culpa,
1898 2801 2013 2857 qua-
2032 2786 2111 2840 rei
2145 2794 2224 2840 te-

636 2873 906 2929 nebamur
934 2875 1035 2929 sub
1060 2885 1306 2943 peccato.
1337 2874 1452 2930 Sub
1479 2891 1590 2945 quo
1612 2884 1838 2945 peccato
1857 2874 1969 2943 jam
2013 2874 2218 2930 venditi

624 2981 874 3029 eramus,
920 2976 976 3021 et
1003 2983 1100 3021 nos
1126 2977 1183 3022 et
1226 2983 1364 3022 uxor
1391 2974 1615 3032 nostra,
1646 2966 1892 3022 videlicet
1935 2981 2065 3021 caro
2094 2981 2223 3038 pec-

633 3057 763 3122 cati,
813 3065 872 3111 et
921 3057 1015 3112 ﬁlii
1047 3067 1211 3127 atque
1252 3059 1432 3113 omnia
1476 3072 1597 3128 qua:
1638 3069 1765 3116 sunt
1810 3075 1974 3131 opera
2013 3060 2214 3127 carnis,

2341 1862 2416 1917 De
2441 1863 2637 1933 quibus
2664 1864 2757 1918 tdii
2789 1865 2880 1933 qui
2909 1874 3255 1933 generantur,
3288 1866 3342 1920 id
3379 1876 3463 1922 est
3484 1868 3702 1923 actiones
3734 1870 3843 1922 bona

2335 1957 2693 2050 operationis,
2744 1954 2970 2025 perfecti
3019 1972 3085 2010 ac
3113 1956 3269 2027 digni
3296 1957 3404 2012 Deo
3432 1968 3602 2013 eruunt.
3646 1957 3734 2013 Sed
3755 1959 3845 2026 quia

2334 2046 2441 2100 iste
2468 2046 2646 2100 malus
2679 2061 2872 2100 servus
2898 2046 3128 2101 necdum
3173 2050 3493 2116 redemptus
3517 2060 3653 2110 erat,
3680 2057 3724 2101 ut
3748 2049 3844 2109 dixi,

2335 2152 2509 2206 neque
2553 2138 2805 2193 libertate
2848 2140 3099 2202 donatus,
3130 2152 3241 2197 non
3283 2148 3493 2208 poterat
3534 2140 3627 2194 nisi
3658 2139 3845 2193 venditus

2328 2243 2556 2283 manere
2587 2231 2687 2284 sub
2713 2246 2779 2285 eo
2797 2270 2812 2295 ,
2842 2231 2929 2285 cui
2966 2230 3020 2284 in
3049 2230 3227 2300 primo
3252 2240 3476 2300 parente
3500 2247 3557 2286 se
3594 2231 3842 2294 tradiderat,

2322 2328 2385 2371 et
2414 2318 2536 2373 ideo
2574 2334 2681 2372 non
2726 2320 2962 2375 habebat
3004 2321 3146 2375 unde
3193 2321 3467 2385 redderet,
3514 2321 3637 2390 quia
3654 2320 3844 2390 iamipse

2330 2426 2492 2480 quam
2532 2426 2668 2463 uxor
2704 2420 2759 2464 et
2786 2411 2902 2475 ﬁlii,
2932 2426 3026 2466 seu
3061 2426 3184 2481 qua:
3213 2411 3284 2466 ad
3319 2418 3441 2467 eum
3471 2413 3843 2482 pertinerepote-

2328 2514 2474 2568 rant,
2495 2504 2676 2558 nuntia
2695 2514 2852 2560 erant
2876 2505 3087 2559 vendita
3114 2506 3217 2561 sub
3239 2522 3408 2560 manu
3430 2506 3636 2569 diaboli;
3663 2520 3743 2559 nec
3774 2518 3842 2571 po-

2326 2602 2476 2649 terat
2511 2594 2716 2664 aliquid
2741 2595 2812 2650 de
2844 2609 2926 2661 se,
2957 2594 3122 2667 763
3148 2596 3299 2665 quod
3328 2595 3555 2652 liberum
3580 2603 3707 2651 esset
3724 2607 3840 2664 gene-

2327 2702 2472 2753 rare,
2488 2686 2661 2742 donec
2679 2687 2929 2744 libertate
2948 2697 3187 2758 recepta,
3202 2690 3430 2759 quando
3455 2689 3609 2760 cmpit
3628 2702 3707 2742 rex
3728 2684 3842 2740 ratio-

2326 2794 2448 2834 nem
2478 2794 2683 2850 ponere
2713 2794 2837 2835 eum
2870 2781 3044 2841 servis
3074 2781 3211 2846 suis,
3250 2797 3557 2836 mensuram
3587 2779 3838 2834 talentorum

2322 2871 2654 2943 dispartiens
2682 2874 2938 2944 singulis,
2985 2874 3042 2928 in
3074 2874 3281 2943 quibus
3314 2874 3573 2946 negotiari
3602 2868 3841 2927 rursusde

2323 2966 2518 3022 herent
2544 2967 2612 3020 ad
2639 2966 2849 3021 lucrum
2881 2966 3093 3021 Domini
3127 2962 3235 3031 sui,
3268 2968 3346 3022 ita
3374 2978 3432 3021 ut
3456 2965 3626 3020 omnia
3649 2963 3721 3017 illa
3744 2976 3840 3031 prro

2322 3069 2487 3128 cepta
2523 3072 2744 3114 servare
2789 3058 3009 3114 deberet
3058 3058 3147 3113 hic
3194 3058 3380 3114 malus
3426 3068 3634 3119 servus;
3674 3048 3840 3124 quanti

634 3164 755 3219 qua:
790 3158 1079 3220 pepererat
1108 3151 1264 3206 nobis
1291 3151 1446 3222 quasi
1484 3151 1624 3208 ﬁlios
1664 3153 1779 3222 ipsa
1823 3128 2060 3207 carnalis
2091 3152 2218 3208 all‘e-
2245 3128 2291 3191 (ἶ
2323 3149 2494 3205 Deum
2533 3151 2823 3221 pertinent,
2863 3159 2919 3204 et
2947 3165 3068 3219 quae
3102 3150 3167 3203 ad
3194 3151 3528 3221 proximum.
3565 3146 3685 3214 Quia
3703 3140 3838 3214 prole

630 3241 759 3307 etio,
790 3258 885 3298 seu
916 3241 1161 3314 voluptas
1205 3244 1410 3305 carnis,
1440 3259 1561 3315 qme
1606 3244 1747 3299 male
1789 3244 2036 3299 adultera
2075 3244 2219 3300 facta

622 3343 717 3388 'cst
743 3334 957 3404 spiritui
988 3344 1177 3389 nostro
1212 3348 1349 3387 uxor
1373 3333 1442 3388 de
1471 3349 1577 3404 qua
1617 3333 1957 3403 suscepimus
1996 3333 2219 3389 eosdem

614 3421 811 3493 ‘plures
840 3433 894 3479 et
920 3425 1183 3494 pessimos
1214 3424 1373 3488 ﬁlios,
1399 3438 1537 3495 quos
1568 3438 1664 3479 rex
1694 3423 1854 3478 simul
1886 3440 2008 3479 cum
2045 3433 2219 3479 matre

628 3515 926 3569 venundari
965 3513 1140 3584 jubet,
1171 3532 1277 3571 non
1307 3517 1451 3586 quod
1498 3532 1626 3572 suos
1651 3532 1752 3572 nos
1780 3518 2010 3588 imperio
2037 3518 2219 3589 perdi-

626 3606 786 3669 derit,
820 3614 914 3661 aut
956 3606 1277 3672 vendiderit,
1315 3607 1410 3662 sed
1450 3608 1577 3677 quia
1625 3622 1726 3663 nos
1767 3617 1821 3664 et
1866 3610 2048 3663 omnia
2096 3624 2217 3679 quae

614 3696 789 3769 762
836 3698 904 3753 ad
950 3713 1048 3753 nos
1091 3700 1366 3769 pertinere
1413 3700 1757 3766 videbantur,
1808 3702 1920 3772 jam
1969 3702 2217 3758 venditus

627 3791 729 3845 sub
768 3790 972 3845 eisdem
1001 3791 1215 3848 delictis
1241 3793 1548 3863 parabolice
1591 3795 1849 3859 ostendit,
1881 3811 1946 3851 ac
1974 3811 2071 3866 per
2113 3797 2215 3851 hoc

624 3882 936 3937 vendidisse
981 3891 1084 3941 est.
1120 3899 1243 3938 cum
1277 3885 1523 3939 venditus
1568 3900 1693 3940 esse
1721 3887 2064 3941 monstravit.
2096 3886 2213 3941 Non

614 3971 775 4026 ‘cnim‘
831 3974 1009 4028 omnia
1061 3974 1113 4028 in
1160 3975 1430 4044 parabolis
1482 3981 1560 4031 sic
1592 3986 1817 4047 possunt
1851 3978 2078 4049 ﬁgurate
2118 3994 2214 4033 co-

627 4063 831 4132 :nquari
874 4065 1056 4129 rebus,
1103 4073 1157 4119 ut
1204 4066 1425 4119 historia
1461 4067 1733 4132 videatur,
1775 4069 1871 4124 sed
1906 4070 1986 4125 sic
2024 4078 2086 4124 ut
2111 4071 2214 4127 hoc

625 4152 692 4206 ad
718 4152 936 4223 plenmn
984 4155 1262 4210 insinuent
1300 4158 1366 4210 ad
1395 4156 1538 4226 quod
1566 4160 1858 4229 proposita:
1887 4162 2208 4231 probantur.

612 4247 791 4319 Cujus
835 4250 993 4318 plane
1038 4266 1257 4306 causam
1287 4253 1670 4324 propositionis
1704 4253 1964 4311 Dominus
1989 4254 2186 4311 demou

607 4341 668 4393 ‘st
680 4349 777 4404 rat,
809 4356 937 4396 cum
964 4342 1069 4396 ait:

698 4433 789 4489 Sic
802 4446 849 4489 et
877 4431 1037 4490 Pater
1047 4452 1191 4490 metu
1205 4436 1357 4506 faciet
1374 4436 1535 4503 vobis,
1548 4439 1715 4492 sinon
1730 4439 2029 4493 remiseritis
2043 4438 2211 4493 homi-

624 4546 634 4576 τ
662 4527 778 4580 ibus
800 4537 1012 4597 peccata
1043 4531 1323 4592 eorum,de
1338 4530 1583 4585 cordibus
1610 4533 1810 4586 reatris.
1846 4529 1943 4587 Ubi
1973 4530 2211 4585 declarat

606 4617 755 4687 'quia
792 4634 821 4670 a
845 4617 1020 4688 primo
1065 4618 1295 4673 adventu
1346 4636 1444 4673 suo
1471 4621 1635 4674 multa
1684 4622 1841 4675 nobis
1871 4620 2077 4675 dimisit
2124 4630 2205 4675 ta-

602 4705 764 4760 ‘lenta
811 4716 1181 4777 peccatorum,-
1226 4708 1368 4763 unde
1399 4718 1454 4764 et
1499 4725 1598 4765 nos
1629 4710 1792 4764 multa
1841 4710 2102 4766 debemus
2128 4712 2208 4766 di-

621 4796 838 4853 mittere
875 4813 997 4868 qua:
1041 4799 1095 4852 iu
1138 4800 1294 4855 nobis
1334 4802 1767 4891 committuntur.
1818 4798 2060 4870 Namque
2100 4803 2209 4873 pri-

600 4902 771 4943 mum
801 4904 953 4944 reum
980 4891 1245 4946 eaihibuit
1275 4902 1330 4947 et
1358 4892 1535 4946 ﬂbStti\
1550 4892 1589 4946 it
1639 4893 1833 4964 gratis,
1870 4895 2075 4950 talenta
2121 4912 2205 4952 re-

618 4982 853 5049 laxavit;
873 4976 1096 5061 uxorem
1121 4987 1282 5040 etiam
1331 4987 1528 5056 ipsam,
1562 5002 1633 5042 ne
1675 4989 1726 5043 in
1751 4991 2068 5045 servitutem
2112 5006 2203 5047 ve-

617 5076 793 5140 niens,
820 5086 1185 5146 permaneret,
1216 5076 1438 5141 dimisit;
1472 5077 1611 5133 ﬁlios
1642 5094 1713 5134 ne
1755 5096 1970 5151 semper
1996 5097 2203 5136 venum

602 5167 726 5222 ‘dati
774 5164 961 5224 essent
1010 5167 1262 5232 absolvit,
1296 5177 1353 5223 et
1397 5170 1580 5223 omnia
1627 5169 1746 5237 rjus
1789 5187 1913 5241 qua:
1954 5172 2202 5227 servituti

595 5264 771 5316 ‘eraut
798 5262 1011 5317 addicta
1044 5264 1199 5333 justo
1225 5260 1318 5317 Dei
1342 5261 1547 5332 judicio
1569 5265 1673 5319 sub
1696 5264 1933 5328 diabolo,
1965 5264 2203 5335 peccatis

596 5354 975 5427 'esigentibus,
1029 5356 1153 5428 pius
1199 5366 1255 5411 et
1296 5356 1537 5412 clemens
1587 5372 1685 5413 rex
1727 5359 2018 5414 concessit.
2074 5357 2206 5426 Qum

2316 3251 2411 3299 cto
2458 3243 2544 3297 illa
2595 3245 2782 3298 decem
2832 3242 2996 3297 millia
3045 3242 3251 3297 talenta
3303 3244 3373 3298 ad
3406 3244 3569 3297 Deum
3609 3247 3713 3294 sunt
3741 3232 3841 3289 rete

2321 3336 2507 3399 renda,
2559 3345 2777 3390 centum
2821 3350 2953 3390 vero
3000 3336 3206 3389 (len‘arii
3263 3336 3335 3390 ad
3379 3333 3609 3390 debittnn
3642 3325 3837 3399 proximi

2310 3423 2425 3481 Sed
2479 3425 2588 3479 iste
2628 3434 2737 3479 tam
2790 3426 3078 3479 immemor
3114 3425 3513 3481 beneﬁciorum
3544 3421 3646 3485 Dei,
3673 3432 3752 3473 nec
3776 3413 3841 3467 illa

2316 3532 2439 3587 qua:
2467 3517 2532 3571 ad
2559 3518 2726 3573 Deum
2766 3527 2892 3571 sunt
2934 3518 3190 3582 servavit,
3227 3534 3334 3573 nec
3362 3519 3464 3573 ista
3494 3533 3606 3588 qua:
3635 3513 3690 3567 ad
3711 3507 3840 3581 proxi-

2316 3623 2490 3672 mum,
2520 3608 2766 3677 quinimo
2793 3608 3087 3664 crudeliter
3117 3611 3330 3679 exegit.
3361 3612 3505 3679 quod
3536 3610 3640 3679 ipse
3661 3603 3839 3674 ντὶιιιιιηί

2314 3713 2583 3754 conservo
2628 3700 2944 3770 impendere
2968 3700 3254 3756 debuerat.
3284 3702 3511 3759 Deliitor
3534 3710 3736 3766 namque
3769 3691 3841 3746 lui!

2312 3790 2473 3846 alteri
2503 3789 2701 3853 facere,
2732 3792 2877 3860 quod
2908 3792 3023 3861 ipse
3045 3792 3213 3846 voluit
3243 3802 3307 3848 ut
3341 3794 3443 3865 ipsi
3472 3792 3662 3847 iaceret
3680 3794 3726 3841 et
3744 3797 3838 3838 coa-

2315 3896 2526 3936 servus.
2576 3880 2761 3950 Neque
2790 3896 3053 3937 conservo
3086 3882 3338 3955 inﬂigere
3365 3898 3552 3954 pinnas
3578 3879 3839 3950 oportuerat.

2314 3991 2449 4046 quas
2476 3976 2700 4031 omnino
2730 3977 2894 4032 nollet
2924 3986 2982 4031 ut
3016 3978 3161 4032 alter
3182 3980 3240 4034 ei
3287 3981 3533 4035 interi-et.
3565 3975 3743 4044 Quibus
3760 3982 3840 4023 nu-

2315 4084 2409 4125 sus
2437 4068 2634 4125 debitis
2664 4070 2805 4125 male
2840 4070 3193 4135 reinvolutus,
3234 4081 3546 4128 accusatur.
3573 4071 3676 4136 Qua
3697 4061 3838 4120 crude?

2313 4163 2467 4219 litate
2512 4172 2815 4218 accusatus
2849 4173 2905 4217 ct
2955 4157 3273 4219 convictus.
3322 4163 3450 4232 jure
3501 4161 3842 4217 condemnatur.

2312 4253 2405 4324 qui
2437 4271 2545 4309 non
2571 4256 2673 4309 sibi
2710 4269 2808 4309 nec
2839 4255 2929 4308 ulli
2958 4270 3182 4325 parcere
3208 4256 3418 4321 voluit;
3477 4257 3682 4322 insuper
3701 4260 3779 4301 nec
3798 4243 3843 4293 de

2299 4344 2555 4408 talentis,
2585 4360 2772 4399 rursus
2805 4345 2929 4404 sibi.
2958 4354 3079 4415 post
3119 4345 3391 4400 indultam
3423 4345 3628 4399 veniant
3649 4331 3843 4395 contuli?

2314 4438 2413 4500 sis,
2442 4436 2700 4505 cogitare.
2726 4434 2993 4502 Quoniam
3033 4437 3364 4506 pecuniam,
3401 4450 3564 4506 quam
3593 4431 3786 4503 primum
3808 4421 3844 4473 in

2301 4527 2490 4581 .Adam
2519 4527 2850 4596 perdiderat,
2877 4527 3093 4581 demum
3142 4528 3196 4581 in
3227 4527 3460 4582 Christo
3492 4520 3846 4590 eoneorpot'allIs

2316 4618 2384 4672 ad
2412 4617 2619 4673 lucrum
2645 4619 2950 4687 expendere
2974 4617 3272 4671 debuisset.
3303 4618 3382 4673 De
3403 4618 3598 4686 quibus
3620 4601 3848 4682 probabili

2315 4711 2417 4764 bus
2466 4709 2743 4778 pecuniis,
2786 4709 2899 4778 jam
2946 4709 3101 4777 plura
3144 4724 3317 4779 supra
3363 4710 3618 4762 diximus.
3675 4700 3847 4766 Ρνοικιτ

2298 4801 2456 4871 quod
2498 4817 2604 4856 non
2646 4802 2724 4855 ait
2748 4810 2981 4871 ponente
3016 4815 3082 4854 eo
3119 4801 3234 4870 jam
3283 4802 3553 4855 rationem
3582 4794 3767 4852 oblatus
3788 4790 3847 4853 es!

2311 4895 2362 4949 ei
2402 4908 2562 4955 unus,
2607 4893 2701 4947 sed
2740 4908 2856 4946 cum
2906 4892 3135 4958 cepisset
3182 4893 3451 4947 rationem
3496 4901 3700 4961 ponere,
3726 4879 3847 4934 idal

2310 5002 2434 5041 eum
2460 4986 2641 5041 omnia
2669 4986 2877 5040 sentina
2910 4985 3136 5039 rationis
3165 4985 3371 5041 l‘uttme
3392 4986 3519 5040 vita:
3544 4972 3845 5055 proposuissei

2291 5081 2365 5134 riu
2393 5095 2450 5134 se
2480 5088 2537 5133 et
2563 5080 2616 5133 in
2648 5090 2821 5133 morte
2847 5093 2966 5140 sua,
2997 5093 3093 5147 per
3118 5094 3289 5149 quam
3317 5080 3545 5140 dimissa
3572 5081 3688 5131 sunt
3707 5063 3844 5159 omnia
3908 5148 3909 5159 χ

2294 5172 2489 5226 debita
2529 5170 2809 5225 servitutis
2839 5181 3061 5226 nostrae.
3091 5180 3147 5225 et
3173 5172 3394 5225 reddita
3430 5182 3515 5225 est
3545 5167 3686 5223 noiz-is
3715 5154 3846 5254 perit“

2289 5274 2399 5321 'cta
2452 5264 2678 5319 libertas
2734 5264 2786 5317 in
2810 5262 3050 5318 Christo.
3080 5262 3149 5319 Ut
3172 5263 3262 5317 vir
3289 5271 3353 5319 et
3377 5278 3538 5326 uxor,
3570 5256 3765 5329 spiritus
3790 5260 3845 5298 τι·

2292 5358 2504 5415 -delieet
2532 5366 2698 5427 atque
2715 5373 2866 5422 caro,
2898 5357 3023 5429 quia
3060 5367 3181 5412 sunt
3209 5357 3328 5413 duo
3362 5359 3417 5413 in
3449 5367 3609 5412 carne
3636 5361 3755 5405 una:
3777 5352 3845 5395 se“

602 5446 795 5506 omnia
837 5452 905 5506 ad
949 5466 1165 5523 pinnam
1217 5451 1378 5521 hujus
1426 5450 1645 5523 pessimi
1696 5452 1837 5506 servi
1886 5452 2009 5508 idco
2053 5453 2203 5522 jussu
2290 5448 2421 5515 ‘ﬁiii,
2450 5451 2657 5507 scilicet
2683 5450 2803 5505 ﬁdei
2828 5466 2992 5519 opera
3017 5451 3070 5504 in
3094 5450 3322 5505 Christo
3349 5450 3397 5504 si
3427 5437 3789 5520 permanserint
3807 5430 3845 5483 in

611 5538 740 5618 sum
786 5545 1111 5609 venundari,
1150 5545 1276 5616 quia
1324 5546 1439 5618 ipse
1482 5546 1713 5616 primmn
1763 5560 1858 5600 sua
1908 5557 2099 5615 sponte
2146 5562 2203 5601 se

612 5615 873 5702 vendidit,
907 5647 963 5693 et
994 5615 1214 5693 tradidit
1241 5615 1602 5694 sub—diabolo.
1656 5637 1719 5691 Et
1746 5637 1847 5691 hoc
1888 5646 1976 5691 est
2007 5636 2202 5706 jubere

613 5730 798 5797 venti},
835 5738 892 5787 ut
918 5730 1160 5788 dixeram
1203 5746 1300 5800 pro
1325 5741 1501 5796 certo,
1538 5729 1681 5801 quod
1708 5740 1801 5801 est
1835 5732 2197 5786 venundatum

2305 5542 2593 5613 adoptione
2625 5540 2859 5594 ﬁliorum
2892 5542 2984 5595 Dei
3035 5542 3272 5595 servitus
3325 5546 3591 5602 transeat,
3639 5526 3843 5603 quoniam

2308 5638 2661 5694 rctro'n‘uilta
2711 5638 2874 5691 millia
2932 5637 3256 5695 talentorum
3311 5635 3633 5705 pertulimus
3673 5628 3843 5682 damna,
3906 5678 3907 5693 1

2306 5748 2402 5787 nec
2431 5731 2595 5786 ullum
2626 5731 2733 5787 Deo
2762 5732 2923 5800 prius"
2943 5728 3225 5784 attulimus
3260 5728 3500 5783 lucrum.
3550 5724 3650 5779 Sed
3681 5726 3725 5773 ct
3747 5726 3844 5769 οων
