4008 6354
140 330 227 391 033

142 452 254 507 tidic
281 447 486 518 majora
509 450 670 506 nobis
697 464 1105 517 coacervamus,
1131 460 1183 505 et
1213 442 1705 523 graviora‘peccata
1736 453 1785 513 Α

142 542 535 608 committimus,
561 544 690 613 quia
724 543 1006 614 sequimur
1031 543 1315 599 mulierem
1347 559 1513 615 super
1540 544 1715 600 talen-

143 648 239 690 tum
273 633 481 704 plumbi
522 635 837 701 sedentem,
876 634 1030 705 cujus
1072 651 1271 691 nomen
1301 645 1386 692 est
1428 637 1708 707 iniquitas.

142 725 291 795 Quam
317 725 581 782 nimirum
612 727 878 783 rationem
927 736 1058 782 tunc
1085 728 1252 796 ctepit
1279 725 1459 793 Jesus,
1488 736 1548 782 ut
1575 744 1712 798 pra»

143 819 344 874 missum
371 826 481 884 est,
527 833 625 874 rex
665 827 851 874 noster
879 833 1104 888 ponere,
1144 818 1360 889 quando
1397 819 1715 875 incarnatus

141 911 266 966 venit
312 909 371 964 in
414 910 699 974 mundum,
748 918 805 964 et
835 909 1012 964 adhuc
1042 909 1202 965 hodie
1253 910 1366 979 ipsa
1414 910 1713 981 eademque

140 1000 260 1054 ratio
280 1007 535 1054 versatur
557 999 613 1065 in
640 998 746 1053 isto
774 998 991 1053 szeculo.
1024 997 1156 1052 Nam
1185 1005 1241 1054 et
1264 997 1506 1067 quotidie
1553 996 1706 1054 ol'ler-

142 1101 213 1147 tur
236 1091 339 1147 iste
360 1106 506 1145 unus
531 1090 658 1145 dum
689 1089 996 1145 accedimus
1015 1090 1083 1144 ad
1105 1089 1379 1145 Christum
1405 1105 1502 1160 per
1525 1089 1710 1156 tidem,

141 1194 184 1241 et
204 1185 498 1239 venundati
528 1184 683 1255 prius
708 1185 809 1239 sub
847 1192 1095 1255 peccato,
1126 1184 1509 1254 debitoresque
1543 1184 1715 1240 talen—

143 1285 300 1330 torum
343 1274 749 1330 convincimur.
803 1275 909 1330 Sed
940 1275 1065 1345 quia
1116 1291 1222 1329 non
1254 1275 1543 1331 habuimus
1572 1275 1714 1330 unde

143 1368 370 1429 reddere,
405 1381 584 1436 neque
635 1365 778 1421 ullus
804 1366 1121 1421 mortalium
1162 1367 1415 1422 habuisse
1451 1367 1710 1433 creditur,

141 1457 392 1514 ﬂectimus
423 1455 590 1529 764
620 1471 751 1528 ergo
779 1457 847 1511 ad
890 1457 1067 1527 ipsum
1098 1458 1461 1528 eamdemque
1508 1472 1709 1528 regem,

141 1558 186 1604 ct
211 1549 523 1614 adoramus,
571 1554 828 1619 rogantes
872 1547 1191 1614 clementer,
1241 1557 1302 1604 ut
1345 1554 1530 1604 nostra
1558 1548 1714 1605 nobis

142 1640 372 1695 dimittat
421 1640 620 1695 debita.
660 1640 741 1717 ‘At
787 1639 875 1693 ubi
923 1655 1048 1694 cum
1095 1640 1301 1706 oblati,
1347 1640 1717 1711 quorumlibet

144 1728 310 1784 ofﬁcio
354 1729 747 1794 ministrorum,
786 1729 1102 1801 angelorum
1132 1731 1384 1788 videlicet
1421 1732 1507 1788 vel
1535 1734 1715 1789 sacer-

141 1819 314 1874 datum
363 1834 459 1874 seu
505 1820 880 1875 ministrorum
936 1820 1318 1877 descendimus
1385 1823 1440 1877 in
1487 1823 1716 1889 fontem,
1744 1801 1793 1861 Β

142 1925 237 1980 quo
277 1910 448 1965 abluti
477 1920 535 1964 et
572 1911 874 1966 consecrati
904 1911 959 1965 in
988 1914 1252 1983 sanguine
1281 1913 1512 1980 Christi,
1535 1915 1718 1971 omnia

145 2002 455 2056 talentorum
489 2000 852 2072 chirographa
893 2001 1198 2070 solvuntur,
1232 2004 1477 2059 redditur
1502 2005 1720 2061 univcr-

144 2092 207 2146 sis
242 2090 566 2146 mortalibus
610 2106 709 2163 per
732 2089 937 2147 Christi
1001 2092 1518 2164 gratiam‘libertas,
1559 2104 1616 2150 et
1653 2097 1720 2153 de

143 2185 391 2239 servitute
437 2184 635 2239 transit
678 2185 769 2239 hie
814 2200 955 2240 unus
983 2185 1219 2253 oblatus,
1247 2188 1391 2257 quod
1435 2196 1519 2245 est
1559 2205 1721 2246 omne

142 2289 328 2345 corpus
366 2273 647 2339 Ecclesiae,
700 2274 755 2328 in
805 2275 1152 2344 adoptionem
1205 2276 1444 2332 ﬁliorum
1486 2278 1603 2332 Dei.
1653 2278 1721 2333 Et

144 2366 253 2423 ideo
270 2383 438 2438 quam
460 2368 603 2424 bene
627 2368 725 2433 ait,
753 2368 878 2437 quia
907 2368 1107 2443 dimisit
1130 2386 1270 2423 eum.
1296 2370 1514 2426 Dimisit
1538 2381 1718 2427 autem

142 2475 253 2514 eum
281 2461 456 2529 gratis
484 2461 734 2518 liberum.
782 2459 1002 2531 insuper
1030 2463 1364 2517 et'universa
1392 2464 1719 2518 talentorum

114 2550 314 2608 ‘debita
337 2553 547 2607 dimisit
577 2552 650 2607 ei.
694 2551 763 2607 Et
790 2567 913 2606 cum
948 2552 1036 2607 hic
1064 2551 1241 2609 factus
1262 2563 1347 2609 est
1389 2554 1546 2621 liber,
1576 2556 1720 2611 nulla

142 2643 388 2713 deinceps
432 2642 499 2697 de
528 2657 700 2699 uxore
731 2656 795 2697 ac
823 2642 1010 2697 liberis
1041 2641 1180 2697 facta
1211 2653 1295 2700 est
1335 2645 1559 2709 mentio,
1591 2645 1720 2715 quia

143 2734 189 2788 In
210 2733 330 2803 ejus
355 2732 607 2787 libertate
638 2732 833 2786 donata
855 2742 940 2787 est
966 2732 1191 2789 libertas
1221 2734 1418 2805 integri
1452 2736 1718 2806 corporis,

142 2834 193 2878 ut
213 2824 391 2880 anima
417 2833 477 2879 et
499 2824 726 2893 spiritus
757 2830 921 2893 atque
949 2838 1080 2879 caro
1108 2832 1252 2879 totus
1274 2833 1435 2894 atque
1466 2826 1717 2891 mundus,

143 2915 203 2970 ab
225 2916 375 2970 omni
408 2914 592 2970 debito
622 2914 919 2978 absolutus,
973 2914 1113 2970 liber
1155 2916 1225 2969 sit
1256 2916 1438 2970 homo.
1497 2916 1603 2971 Sed
1631 2917 1722 2972 hic

142 3023 386 3080 egressus
415 3023 447 3062 a
478 3007 631 3062 fonte
648 3022 809 3072 unus,
830 3008 1023 3062 invenit
1046 3023 1210 3062 unum
1231 3007 1296 3061 de
1314 3010 1573 3063 conservis
1588 3010 1718 3063 suis.

141 3098 274 3155 Proh
307 3100 495 3155 dolor!
547 3114 577 3153 a
605 3100 756 3154 fonte
782 3112 1035 3170 egressus
1059 3107 1144 3154 est
1185 3114 1346 3164 unus,
1379 3108 1436 3154 et
1459 3113 1589 3155 ecce
1607 3099 1721 3171 jam

143 3192 259 3249 facti
305 3201 435 3248 sunt
460 3193 588 3247 duo.
641 3190 743 3259 Qui
774 3192 877 3247 nisi
925 3206 1115 3247 rursus
1164 3192 1324 3247 divisi
1368 3202 1570 3256 essent,
1618 3208 1724 3248 non

144 3284 239 3338 nisi
284 3294 347 3339 se
395 3298 567 3338 unum
619 3282 945 3345 invenisset;
997 3282 1123 3353 quia
1173 3282 1313 3337 sicut
1357 3283 1509 3353 prius
1537 3296 1728 3339 omnes

144 3389 304 3429 unum
329 3388 531 3444 corpus
554 3373 755 3429 diaboli
782 3382 963 3440 erant,
987 3375 1238 3443 quamvis
1262 3374 1433 3430 multa
1462 3375 1724 3438 membra,

142 3466 215 3519 ita
249 3476 309 3523 et
336 3468 394 3521 in
423 3465 643 3521 Christo
691 3465 868 3520 renati
918 3480 1109 3521 omnes
1140 3465 1196 3519 in
1228 3465 1437 3520 unitate
1485 3464 1730 3535 corporis

142 3554 359 3610 Christi
402 3566 526 3610 sunt
552 3555 777 3626 recepti,
812 3570 1042 3625 quorum
1090 3554 1206 3625 ipse
1242 3553 1413 3610 Iactus
1436 3564 1521 3611 est
1543 3563 1728 3625 caput,

142 3646 351 3719 singuli
381 3655 555 3702 autem
574 3646 710 3702 alter
732 3646 955 3702 alterius
983 3647 1247 3713 membra,
1287 3647 1429 3701 unde
1457 3655 1513 3701 et
1540 3647 1593 3700 in
1625 3646 1732 3700 eis-

139 3736 266 3791 dem
292 3736 545 3791 omnibus
563 3753 729 3792 unum
759 3751 974 3807 corpus.
1007 3735 1387 3792 Verumtamen
1413 3737 1515 3792 etsi
1543 3750 1733 3791 rursus

141 3821 227 3883 h'ic
250 3829 348 3900 qui
388 3827 566 3883 factus
590 3837 674 3884 est
702 3844 844 3884 unus
872 3841 932 3883 se
965 3829 1173 3884 dividat
1207 3829 1261 3884 in
1289 3829 1445 3894 duos,
1476 3842 1581 3883 non
1606 3842 1731 3882 eum

141 3934 304 3973 unum
353 3918 557 3973 dividit
584 3918 678 3989 qui
702 3933 845 3973 unus
896 3918 949 3973 in
975 3918 1196 3974 Christo
1224 3919 1544 3989 permansit,
1572 3918 1733 3973 homo

140 4011 403 4082 cujusque
440 4024 609 4064 unum
645 4019 731 4065 est
756 4018 939 4084 caput,
987 4018 1044 4066 et
1072 4010 1243 4065 multa
1291 4018 1418 4065 sunt
1465 4010 1731 4074 membra,

138 4101 312 4156 adhuc
342 4116 523 4157 unum
551 4109 637 4155 est
664 4115 881 4170 corpus.
914 4100 1087 4168 Quem
1118 4114 1285 4155 unum
1334 4100 1541 4156 invenit
1568 4099 1737 4155 miser

140 4184 294 4258 unus,
323 4192 428 4263 qui
463 4205 720 4262 egressus
745 4199 831 4245 est
869 4206 899 4245 a
932 4206 1183 4262 corpore,-
1227 4206 1484 4263 egressus
1530 4192 1736 4248 unitate

138 4282 409 4348 fraterna,
443 4296 695 4351 egressus
716 4296 746 4335 a
764 4283 936 4353 gratia
968 4282 1082 4347 Dei,
1112 4298 1364 4354 egressus
1393 4300 1423 4338 a
1447 4284 1733 4347 charitate,

135 4372 323 4428 invenit
350 4390 533 4428 unum
556 4373 622 4427 de
641 4375 900 4429 conservis
922 4376 1053 4428 suis.
1077 4375 1252 4430 Ambo
1273 4375 1540 4445 siquidem
1569 4377 1737 4442 servi,

864 330 1226 390 EXPOSI'I‘IO
1261 332 1326 388 IN
1369 328 1803 391 ΜΛΤΤΗΑΞΠΜ.

1838 365 1912 376 —-
1948 334 2077 393 LIB.
2121 334 2252 408 VIII,
2291 338 2444 397 CAP.
2484 334 2670 398 XVIII.
3176 394 3181 403 .
3300 350 3403 408 63$

1811 452 2052 509 charitas
2073 454 2312 511 fraterna
2338 459 2568 513 tenenda
2596 467 2736 523 erat,
2765 458 2885 516 sine
2910 477 3015 532 qua
3039 478 3199 519 nemo
3227 465 3409 522 κώδυν-

1817 542 1980 609 vitur,
2011 545 2222 600 etiamsi
2252 561 2450 617 corpus
2477 563 2633 603 suum
2663 547 2944 605 tradiderit
2982 559 3043 607 ut
3070 553 3281 620 ardeat,
3325 556 3397 611 ita

1812 644 1874 691 ut
1895 636 2213 706 quibusdam
2244 652 2452 712 martyr
2488 641 2582 696 Dei
2610 636 2873 699 videatur.
2912 643 3019 700 Sed
3043 645 3158 702 haec
3187 663 3399 704 summa

1815 730 1980 785 totius
2000 731 2267 800 parabolae
2288 733 2481 788 melius
2514 749 2677 805 super
2698 736 2967 807 baptismo
2991 738 3396 809 interpretatur.

1813 823 2030 890 quando
2058 823 2268 893 plenius
2294 833 2350 878 et
2381 824 2672 894 perfectius
2716 828 2897 883 omnia
2929 830 3197 887 donantur
3243 832 3401 888 nobis

1814 921 2055 981 peccata,
2085 924 2141 969 et
2185 915 2426 972 charitas
2467 916 2826 975 fraternitatis
2870 929 3031 992 atque
3077 925 3296 994 adoptio
3346 914 3403 981 et

1816 1005 2037 1062 libertas
2062 1009 2312 1065 omnibus
2351 1010 2578 1080 amplior
2606 1012 2896 1068 relaxatur.
2951 1014 3157 1072 idcirco
3188 1026 3401 1087 tempus

1813 1112 1922 1157 quo
1951 1099 2213 1169 accipitur
2240 1100 2570 1171 indulgentia
2620 1113 2875 1175 tanquam
2910 1116 3120 1178 tempus
3163 1118 3247 1165 est
3274 1111 3397 1166 red-

1815 1192 2006 1248 denda;
2052 1194 2302 1258 rationis,
2359 1206 2419 1251 ut
2465 1200 2645 1254 omnia
2694 1200 2872 1255 debita
2918 1216 3037 1270 qua:
3081 1209 3136 1255 et
3181 1202 3399 1257 inventa

1816 1281 2017 1338 fuerint
2059 1285 2419 1341 dimittantur.
2460 1287 2575 1342 Non
2618 1298 2798 1345 tamen
2843 1290 2932 1347 ille
2970 1306 3161 1366 servus
3203 1294 3402 1348 dicitur

1814 1381 2004 1443 postea
2059 1375 2271 1431 dedisse
2328 1392 2590 1433 conservo
2638 1397 2737 1436 suo
2791 1392 3033 1436 mutuam
3087 1384 3396 1453 pecuniam,

1816 1478 1979 1534 quam
2006 1481 2128 1520 cum
2165 1467 2258 1522 ille
2283 1483 2388 1522 non
2415 1481 2595 1540 posset
2614 1472 2861 1537 reddere,
2890 1481 2949 1527 ut
2973 1473 3089 1542 ejus
3117 1475 3404 1530 miserere-

1816 1563 1924 1620 tur,
1961 1558 2054 1621 sed
2083 1556 2161 1611 sic
2186 1558 2315 1613 dicit
2345 1561 2499 1630 quasi
2521 1560 2634 1629 jam
2665 1562 2713 1616 ei
2743 1563 2963 1618 deberet
2990 1564 3078 1619 ille
3106 1580 3405 1619 conservus

1818 1647 1955 1719 ejus,
1982 1651 2199 1720 quando
2233 1652 2348 1721 ipse
2374 1652 2638 1708 rationem
2675 1654 2902 1710 Domino
2925 1671 3023 1711 suo
3054 1657 3283 1711 reddens
3310 1660 3402 1712 eo;

1820 1739 2046 1812 gebatur
2076 1741 2209 1796 tanti
2240 1743 2450 1797 numeri
2490 1743 2725 1798 debitum
2766 1745 3063 1800 exsolvere.
3107 1744 3216 1801 Nec
3260 1746 3404 1800 enim

1819 1832 1949 1888 dicit
1981 1833 2124 1903 quod
2152 1834 2419 1889 dimiserit
2449 1850 2713 1891 conservo
2760 1817 2857 1891 suo
2886 1838 3030 1907 quod
3058 1818 3118 1893 ei
3150 1836 3403 1904 debebat,

1819 1932 1872 1980 et
1918 1924 1998 1980 sic
2037 1926 2253 1981 demum
2286 1927 2577 1982 accesserit
2610 1935 2670 1981 ut
2713 1928 2761 1983 ei
2794 1928 3089 1984 dimitteret
3119 1929 3401 1984 Dominus.

1819 2013 1960 2070 Vere
1992 2016 2117 2085 quia
2145 2014 2199 2070 in
2226 2018 2325 2072 hac
2353 2018 2635 2072 exactiOue
2660 2014 2891 2088 'utrique
2924 2019 3197 2074 debitores
3226 2032 3403 2084 erant,

1821 2105 1945 2175 quia
2002 2106 2221 2175 utrique
2268 2123 2434 2161 unum
2478 2122 2676 2176 corpus
2720 2107 2788 2163 de
2839 2123 3015 2163 massa
3056 2109 3294 2178 peccati,
3352 2116 3408 2163 ct

1820 2197 2065 2269 utrisque
2106 2198 2387 2252 dimissum
2416 2207 2503 2253 est
2535 2213 2565 2252 a
2596 2199 2684 2268 pio
2723 2199 2969 2253 Dmnino.
3004 2197 3154 2254 Unde
3203 2198 3409 2253 rectius

1824 2288 2022 2353 fuerat,
2058 2294 2223 2357 atque
2252 2289 2354 2342 hoc
2380 2291 2556 2356 potius
2596 2288 2950 2357 congruebat,
2985 2296 3136 2341 tanto
3176 2276 3405 2343 debitori

1823 2377 2100 2433 reddituro
2158 2379 2446 2442 rationem,
2490 2388 2545 2432 et
2581 2380 2920 2448 exspectanti
2977 2379 3406 2434 misericordiam

1823 2468 2037 2523 Domini
2067 2469 2171 2532 sui,
2212 2477 2272 2523 ut
2295 2469 2444 2538 prior
2473 2468 2586 2538 ipse
2615 2484 2879 2523 conservo
2908 2469 3205 2523 dimitteret
3251 2469 3407 2538 quid-

1823 2562 1949 2631 quid
1975 2563 2026 2617 ei
2057 2560 2308 2626 debebat,
2340 2570 2395 2616 et
2423 2561 2503 2616 sic
2528 2562 2596 2616 ad
2627 2562 2889 2617 rationem
2935 2561 3283 2623 reddendam,
3311 2559 3407 2614 ubi

1825 2650 2198 2707 misericordia
2241 2650 2451 2705 Domini
2485 2650 2818 2720 imploranda
2868 2658 2986 2706 erat
3013 2648 3403 2714 rationabilius,

1825 2741 1960 2797 etad
1992 2740 2384 2812 impetrandam
2411 2741 2622 2796 veniam
2646 2741 2890 2796 securior
2914 2743 3222 2796 accederet.
3247 2739 3401 2796 Nunc

1826 2833 2170 2903 autemquod
2195 2832 2242 2887 ei
2267 2846 2372 2887 non
2396 2832 2662 2888 dimiserit
2683 2832 2924 2887 indicant
2949 2833 3111 2888 verba
3132 2836 3402 2899 conservi,

1826 2923 2142 2994 simpliciter
2167 2923 2426 2978 dicentis:
2447 2922 2765 2977 Patientiam
2792 2922 2924 2976 habe
2949 2924 3005 2977 in
3028 2938 3128 2983 me,
3155 2932 3203 2977 et
3230 2923 3406 2976 omnia

1828 3013 2043 3069 reddam
2087 3015 2199 3068 tibi.
2238 3013 2489 3084 Alioquin
2528 3014 2752 3078 diceret,
2789 3013 2900 3083 jam
2951 3013 3055 3068 hoc
3100 3013 3411 3078 dimiseras,

1830 3120 1932 3160 cur
1961 3106 2158 3159 iterum
2190 3105 2391 3175 repetis
2424 3120 2545 3175 qua:
2574 3105 2786 3161 donasti
2810 3105 2834 3158 ?
2860 3113 2914 3159 et
2952 3104 3072 3160 ideo
3094 3104 3230 3159 forte
3257 3106 3412 3160 vide-

1834 3206 1923 3251 tur
1952 3197 2153 3260 dicere,
2188 3205 2245 3249 ut
2276 3197 2327 3250 in
2369 3196 2638 3267 baptismo
2684 3197 2957 3252 dimittere
3007 3196 3323 3261 debeamus,
3370 3196 3418 3250 si

1829 3289 1958 3359 quid
1987 3290 2139 3344 nobis
2170 3289 2414 3354 debetur,
2447 3304 2545 3344 nec
2574 3290 2714 3343 ultra
2764 3291 3057 3361 quidquam
3089 3291 3155 3344 de
3188 3300 3419 3359 prseter—

1831 3381 1921 3433 itis
1952 3388 2213 3450 rcpetere.
2234 3378 2344 3433 Hoc
2365 3388 2419 3433 et
2445 3379 2615 3449 ipsius
2644 3379 2854 3433 Domini
2887 3379 3049 3433 verba
3077 3378 3418 3433 manifestius

1830 3469 2099 3538 aperiunt.
2138 3469 2229 3522 Ait
2256 3469 2399 3523 enim
2435 3484 2448 3520 :
2482 3467 2740 3538 Egressus
2765 3479 2941 3521 autem
2985 3483 3163 3521 servus
3204 3465 3293 3519 ille
3340 3467 3419 3519 in-

1833 3563 1967 3617 venit
2007 3577 2169 3615 unum
2196 3562 2260 3614 de
2284 3561 2543 3613 conservis
2568 3560 2702 3623 suis,
2727 3559 2818 3629 qui
2859 3558 3077 3612 debebat
3119 3559 3171 3612 ei
3210 3568 3417 3611 centum

1833 3654 2100 3726 denarios,
2140 3661 2196 3706 et
2233 3667 2338 3705 non
2369 3651 2524 3713 dixit,
2568 3650 2655 3705 cui
2692 3647 2805 3718 iam
2846 3649 3085 3705 debitum
3115 3647 3417 3703 dimiserat.

1835 3745 1893 3800 Si
1926 3746 2068 3800 enim
2100 3743 2416 3807 dimisisset,
2443 3757 2549 3797 non
2577 3742 2624 3797 ei
2658 3742 2846 3812 utique
2870 3741 3124 3806 deberet;
3153 3754 3300 3794 nunc
3322 3755 3418 3793 au-

1828 3846 1950 3892 tem
1997 3837 2124 3907 quia
2171 3835 2310 3890 dixit
2351 3835 2599 3900 debebat,
2634 3832 2979 3890 manifestum
3020 3833 3233 3888 videtur
3278 3832 3422 3901 quod

1837 3944 1944 3985 non
1973 3920 2279 3991 dimiserat,
2302 3935 2357 3981 et
2405 3927 2527 3982 ideo
2574 3926 2707 3980 nihil
2735 3924 2803 3980 de
2851 3924 2936 3980 his
2985 3922 3128 3980 forte
3177 3924 3424 3995 cogimur

1836 4021 2161 4092 intelligere,-
2185 4034 2305 4089 qu:e
2332 4028 2516 4088 postea
2546 4017 2649 4073 sibi
2675 4017 2742 4070 ad
2770 4016 3000 4071 invicem
3030 4015 3279 4070 homines
3299 4030 3426 4070 cou-

1837 4111 2076 4166 trahuut.
2123 4107 2231 4165 Sed
2263 4107 2541 4164 conclusio
2572 4107 2732 4177 hujus
2761 4106 3032 4177 parabolae
3064 4107 3224 4177 longe
3263 4102 3426 4160 aliter

1838 4220 1898 4260 se
1926 4205 2107 4269 habet,
2136 4218 2258 4259 cum
2286 4202 2362 4257 ait
2392 4218 2406 4256 :
2434 4200 2521 4256 Sic
2550 4210 2598 4254 et
2622 4197 2788 4255 Pater
2831 4216 2978 4254 meus
3009 4197 3226 4254 caztestis
3267 4199 3425 4269 faciet

1839 4299 2002 4363 vobis,
2028 4298 2074 4352 si
2104 4312 2207 4352 non
2233 4295 2535 4350 dimiseritis
2561 4293 2917 4364 unusquisque
2945 4292 3198 4360 fratribus
3224 4291 3427 4352 vestris,

1837 4394 2058 4456 peccata
2090 4400 2278 4439 eorum
2301 4384 2366 4437 de
2392 4383 2637 4437 cordibus
2661 4383 2859 4437 vestris.
2900 4381 2999 4438 Ubi
3027 4382 3265 4436 ostendit
3284 4389 3340 4434 et
3364 4396 3428 4435 ea

133 4479 184 4521 et
204 4471 327 4525 ideo
355 4468 466 4524 ille
492 4481 807 4524 conservus.
839 4469 946 4524 Sed
974 4468 1131 4523 aliter
1158 4467 1247 4523 ille
1271 4482 1482 4534 servus,
1507 4477 1563 4523 et
1584 4469 1741 4525 aliter
1765 4508 1819 4569 Β
1842 4491 1961 4545 qua:
1984 4484 2107 4528 ante
2123 4473 2387 4542 baptisma
2401 4472 2688 4526 commissa
2706 4479 2999 4537 sunt,etea
3023 4486 3143 4540 quae
3157 4468 3322 4540 763
3340 4469 3434 4525 (le-

135 4559 238 4615 illc.
291 4560 524 4618 Tamen
552 4574 736 4615 eorum
778 4575 917 4615 unus
955 4568 1040 4616 est
1070 4560 1349 4616 Dominus.
1402 4558 1508 4615 Sed
1549 4561 1737 4616 infelix

134 4653 360 4710 obuium
388 4660 570 4721 atque
598 4651 763 4706 miser
781 4650 932 4715 Cain,
962 4651 1089 4721 quia
1113 4652 1245 4707 exiit
1269 4667 1299 4706 a
1328 4652 1466 4707 facie
1493 4652 1735 4708 Domini:

124 4746 322 4801 beatus
334 4753 545 4800 autem
565 4744 698 4799 Abel
722 4752 779 4798 et
802 4751 1023 4814 accepta
1054 4744 1229 4800 hostia
1250 4744 1523 4816 Deo,'quia
1543 4745 1740 4800 mansit

128 4838 271 4894 intus
290 4853 434 4893 cum
465 4835 592 4890 Deo.
609 4835 675 4890 Et
696 4836 819 4891 ideo
838 4852 1028 4892 omnes
1042 4837 1309 4903 homines,
1333 4838 1582 4907 quamvis
1597 4840 1739 4895 servi

129 4928 232 4983 sint
269 4930 468 4985 unius
501 4926 736 4993 Domini,
781 4934 961 4984 tamen
1005 4928 1162 4983 aliter
1204 4939 1288 4984 est
1333 4928 1509 4984 factus
1553 4946 1581 4985 ε
1615 4946 1741 4985 rvus

128 5018 265 5075 Esau
318 5020 427 5092 qui
489 5018 764 5088 afﬂigebat
784 5017 956 5075 Iacob
1004 5020 1230 5075 fratrem
1269 5035 1450 5085 suum,
1497 5030 1553 5075 et
1589 5021 1749 5076 aliter

132 5113 243 5181 ipse
270 5115 469 5172 Iacob
482 5113 921 5184 persecutionem
956 5115 1166 5185 patiens
1191 5114 1399 5179 fratris,
1431 5130 1529 5184 pro
1559 5131 1667 5185 quo
1693 5125 1748 5171 et

129 5203 315 5278 fugam
375 5206 518 5262 iniit
563 5205 826 5274 exsulque
868 5213 953 5260 est
1001 5204 1192 5261 factus.
1224 5231 1228 5235 -
1264 5205 1420 5262 Unde
1463 5206 1589 5263 licet
1635 5208 1750 5262 ha'c

132 5299 271 5354 ratio
310 5313 502 5370 quam
553 5296 718 5366 erepit
761 5311 967 5367 ponere
1009 5311 1134 5351 cum
1177 5297 1351 5351 servis
1391 5297 1525 5360 suis,
1579 5299 1749 5367 magis

130 5392 418 5460 pertineat
469 5389 544 5444 ad
595 5396 806 5458 tempus
851 5388 1125 5457 baptismi,
1174 5390 1392 5459 quando
1441 5390 1494 5443 iu
1545 5404 1611 5444 eo
1655 5388 1752 5444 do-

132 5493 338 5538 tuantur
404 5474 605 5549 omnia
681 5480 863 5535 debita
915 5488 1025 5535 tam
1083 5495 1203 5550 qua:
1262 5483 1631 5537 contraximus
1674 5484 1753 5539 ab

130 5575 330 5641 Adam,
363 5585 552 5646 quam
597 5560 665 5624 ea
701 5584 823 5641 qua
858 5579 1045 5641 postea
1093 5571 1190 5640 ipsi
1222 5572 1609 5627 commisimus.
1643 5572 1752 5626 Ta-

132 5682 256 5721 men
300 5678 365 5721 et
412 5666 480 5719 in
520 5663 688 5733 priori
720 5663 914 5735 populo
957 5662 1045 5718 lex
1074 5671 1282 5719 naturae
1330 5666 1597 5719 servanda
1630 5665 1750 5732 fuit,

132 5759 301 5835 765
353 5760 600 5815 sicutet
629 5755 712 5811 lex
772 5755 959 5829 Moysi.
1015 5758 1091 5814 Ae
1136 5768 1394 5827 praeterea
1423 5744 1476 5813 iu
1523 5771 1750 5831 utraque

1849 4582 1994 4637 mum
2024 4576 2207 4636 postea
2234 4565 2300 4619 ad
2332 4564 2561 4619 invicem
2589 4565 3005 4629 contrahuntur,
3045 4561 3434 4633 benignissime

1848 4656 2220 4715 condonanda.
2251 4655 2516 4724 Quoniam
2547 4671 2687 4711 nova
2735 4657 2992 4712 nativitas
3016 4664 3072 4710 et
3115 4656 3297 4711 cordis
3327 4655 3431 4709 im-

1855 4750 2084 4804 mutatio
2129 4748 2185 4803 id
2216 4745 2370 4802 aﬂ‘ert
2409 4756 2468 4801 ut
2502 4747 2634 4801 nihil
2669 4749 2886 4804 demum
2920 4746 3064 4802 aliud
3112 4745 3435 4809 debeamus,

1847 4841 1951 4896 nisi
1982 4849 2042 4896 ut
2064 4840 2294 4895 invicem
2322 4838 2626 4909 diligamus.
2672 4840 3052 4897 Verumtamen
3082 4839 3137 4894 in
3170 4838 3273 4893 hoc
3314 4853 3422 4893 mae

1849 4948 2015 5002 gnum
2052 4932 2360 4987 ostenditur
2405 4932 2622 5001 pietatis
2649 4942 3074 4997 sacramentum,
3124 4944 3248 4986 cum
3282 4930 3432 4998 illud,

1851 5023 1994 5093 quod
2034 5024 2271 5077 nondum
2313 5036 2579 5078 conservo
2619 5022 2916 5088 dimiserat,
2952 5037 3128 5093 neque
3159 5022 3435 5092 quod'cur

1850 5113 2045 5167 durum
2087 5112 2352 5167 hactenus
2374 5111 2539 5166 etiam
2569 5112 2624 5167 in
2650 5112 2801 5169 l‘onte
2823 5114 3060 5182 gerebat,
3094 5110 3231 5166 nihil
3258 5111 3435 5179 inspe-

1851 5205 1968 5261 dire
1994 5205 2169 5276 potuit
2214 5205 2461 5269 Domino,
2515 5208 2802 5277 quominus
2827 5206 2918 5261 illo
2944 5206 2998 5261 in
3027 5212 3267 5274 tempore
3298 5203 3435 5258 inci—

1853 5296 2062 5367 pieudze
2096 5296 2320 5351 rationis
2347 5296 2644 5352 dimitteret
2680 5298 2730 5352 ei
2759 5296 2940 5351 omnia
2970 5310 3090 5365 quae
3111 5294 3362 5356 debebat,
3388 5292 3436 5349 si

1859 5388 2021 5444 vellet
2040 5391 2285 5460 accipere
2299 5405 2420 5459 quae
2431 5389 2718 5444 dabantur.
2745 5387 2850 5443 Sed
2876 5389 3002 5457 quid
3020 5386 3221 5458 profuit
3240 5385 3440 5442 misero

1859 5485 2001 5555 qttod
2029 5484 2287 5539 donatum
2310 5491 2415 5547 est,
2444 5481 2879 5552 quandoquidem
2908 5480 2962 5534 in
2992 5487 3154 5550 caput
3181 5478 3297 5546 ejus
3318 5493 3442 5549 pro-

1860 5586 1979 5648 pter
2025 5576 2279 5631 duritiam
2333 5575 2534 5638 cordis,
2567 5583 2622 5628 et
2669 5574 2916 5628 odiorum
2952 5574 3438 5645 persevcrantiam.

1860 5685 2049 5725 rursus
2085 5670 2267 5724 omnia
2296 5662 2553 5732 continuo
2594 5666 2924 5736 replicantur
2974 5676 3028 5723 et
3056 5668 3346 5737 exiguntur
3374 5666 3444 5719 ab

1858 5782 1922 5822 eo
1948 5768 2195 5821 universa
2217 5763 2607 5821 onctcritorum
2623 5771 2673 5819 et
2698 5764 3040 5834 pnesentium
3064 5763 3242 5820 debita
3256 5759 3449 5819 ‘l-Unda
