4008 6354
664 290 772 348 635

1461 297 1522 352 S.
1565 295 1922 352 PASCHASII
1960 291 2308 348 RADBERTI
2347 292 2636 350 ABBATIS
2676 293 3126 351 CORBEIENSIS
3743 313 3818 366 σω

665 414 816 461 recte
856 406 1118 476 quaeritur
1147 407 1435 477 quomodo,
1468 408 1512 463 si
1542 409 1763 464 dimissa
1798 417 1946 474 sunt,
1978 407 2244 463 redeunt?
2272 409 2322 464 A
2348 412 2536 472 aperto
2582 403 2757 460 factus
2785 418 2886 471 est,
2928 422 3012 460 vet
3055 407 3345 475 permansit
3385 409 3558 465 malus.
3595 413 3821 487 Propterea

663 493 744 550 Ne
772 493 912 549 forte
943 495 1190 565 impediri
1223 497 1391 566 possit
1437 497 1688 567 baptismi
1715 499 1909 567 gratia,
1956 499 2245 568 quominus

662 585 844 641 omnia
873 595 1099 654 peccata
1126 587 1386 653 dimittat,
1413 590 1647 644 maxime
1668 591 1713 646 si
1739 590 1924 646 odium
1946 589 2244 646 fraternum

665 676 720 729 in
758 676 897 745 ejus,
936 677 1021 730 cui
1074 677 1442 742 dimittuntur,
1489 681 1671 735 animo
1704 691 2033 751 perseverat.
2092 681 2245 737 Unde

665 773 903 830 constat,
939 775 994 821 et
1018 768 1280 822 catholica
1308 769 1596 824 conﬁtetur
1625 772 1890 837 Ecclesia,
1917 772 2060 842 quod
2085 773 2246 828 solvi-

663 869 751 910 tur
785 856 1074 912 hesternus
1108 858 1246 923 dies,
1277 870 1331 914 et
1354 861 1612 931 quidquid
1644 863 1698 917 in
1725 878 1790 917 eo
1817 872 2096 919 contracta
2118 873 2247 920 sunt

660 947 746 1002 vel
777 963 962 1018 supra,
993 949 1220 1004 solvitur
1247 952 1411 1006 etiam
1450 963 1506 1007 et
1548 953 1661 1023 ipsa
1710 955 1843 1009 hora
1888 963 2247 1010 momentum-

659 1056 767 1109 que
802 1049 927 1095 ante
949 1041 1296 1111 baptismum,
1325 1052 1375 1097 et
1401 1045 1454 1098 in
1481 1045 1765 1114 baptismo.
1795 1044 1964 1101 Porro
1994 1048 2247 1118 deinceps

660 1132 918 1187 continuo
946 1149 1072 1188 reus
1100 1149 1222 1190 esse
1271 1136 1475 1206 incipit,
1526 1152 1647 1191 cum
1676 1139 1742 1192 de
1790 1139 2038 1194 libertate
2084 1155 2246 1195 ruens

661 1237 852 1276 servus
881 1238 1001 1277 esse
1033 1225 1239 1292 peccati
1274 1226 1474 1295 incipit.
1504 1226 1583 1280 Ac
1609 1238 1914 1297 propterea,
1938 1246 2044 1284 non
2073 1231 2244 1286 solum

661 1316 1134 1384 consequentium,
1177 1332 1363 1372 verum
1401 1319 1562 1372 etiam
1591 1321 1987 1388 pneteritorum
2010 1322 2244 1388 dierum,

663 1404 920 1461 horarum
953 1418 1008 1462 et
1028 1421 1446 1474 momentorum,
1477 1412 1830 1469 redeuntibus
1853 1415 2106 1470 omnibus
2125 1431 2247 1485 qua:

663 1495 884 1552 dimissa
922 1507 1070 1562 sunt,
1115 1509 1327 1554 tenetur
1367 1515 1492 1556 reus
1533 1511 1590 1556 et
1623 1503 1860 1574 exigitur
1890 1505 1959 1559 ab
1990 1521 2074 1571 eo,
2105 1522 2170 1560 ac
2199 1507 2246 1562 si

662 1587 959 1642 redivivum
997 1590 1306 1645 universum
1332 1592 1591 1659 debitum,
1622 1593 1674 1648 in
1710 1603 1918 1650 tantum
1947 1605 2006 1650 ut
2027 1597 2246 1652 videan-

663 1683 751 1730 tur
777 1677 830 1730 in
863 1679 1184 1748 quilmsdam
1225 1691 1444 1750 peccata
1475 1698 1580 1736 non
1611 1683 1854 1750 dimissa,
1882 1686 2023 1740 sicut
2050 1686 2104 1740 in
2156 1686 2242 1742 Si-

2347 511 2445 567 per
2468 512 2630 552 omne
2661 507 2874 570 tempus
2921 503 3045 554 vita:
3095 507 3288 554 nostra:
3336 516 3449 556 cum
3479 504 3645 562 timore
3667 518 3712 563 et
3746 522 3822 570 tre-

2349 604 2499 644 more
2513 590 2738 646 salutem
2754 602 2994 646 nostram
3009 591 3220 662 operari
3244 602 3464 662 oportet,
3479 610 3539 648 ne
3552 596 3599 650 in
3623 598 3710 653 ullo
3727 616 3824 656 con.

2348 680 2626 736 tristemur
2653 680 2877 752 Spiritui
2903 691 3092 738 sancto
3118 683 3172 736 in
3199 697 3304 751 quo
3326 683 3505 754 signati
3531 702 3712 752 sumus;
3733 695 3823 760 quia

2347 783 2524 839 neque
2539 770 2631 840 qui
2655 770 2776 827 ﬁcte
2802 771 3012 827 accedit
3041 771 3108 825 ad
3138 773 3276 828 hanc
3304 773 3517 843 gratiam
3541 777 3825 847 remissionis,

2347 874 2522 928 neque
2552 861 2645 930 qui
2670 870 2856 930 postea
2885 858 2999 930 jam
3041 860 3257 915 adultus
3284 861 3334 915 in
3364 861 3462 917 ﬁde
3509 869 3747 922 recesserit
3779 875 3827 925 ab

2347 949 2552 1004 unitate
2595 950 2897 1014 charitatis,
2925 958 2979 1004 et
3014 965 3044 1003 a
3069 948 3280 1004 vinculo
3318 948 3553 1006 fraternae
3575 954 3825 1020 dilectionis,

2347 1051 2525 1114 potest
2553 1042 2770 1096 salvari.
2805 1041 2990 1112 Neque
3020 1043 3182 1114 igitur
3218 1043 3359 1098 intus
3385 1054 3474 1098 aut
3517 1045 3632 1101 foris
3662 1050 3828 1104 reitera-

2350 1141 2447 1186 tur‘
2469 1143 2868 1187 sacramentum
2895 1135 3156 1188 donorum
3195 1133 3310 1199 Dei,
3337 1142 3392 1188 et
3429 1138 3740 1200 consecratio,
3763 1142 3829 1192 sed

2345 1233 2692 1293 exspectatur
2727 1232 2784 1278 ut
2821 1224 3002 1279 redeat
3033 1224 3101 1278 ad
3139 1224 3394 1278 unitatem
3431 1226 3699 1290 cbaritatis,
3725 1231 3829 1282 etad

2345 1315 2618 1370 vinculum
2657 1316 2962 1370 concordiae
2994 1325 3156 1384 atque
3185 1316 3362 1385 pacis,
3402 1327 3456 1369 ut
3487 1317 3641 1370 discat
3661 1327 3706 1371 et
3736 1319 3830 1373 inci-

2345 1407 2459 1476 piat
2488 1406 2659 1478 magis
2684 1407 2960 1478 ignoscere
2990 1415 3045 1460 et
3070 1415 3327 1476 praestare
3357 1407 3472 1461 aliis
3502 1422 3645 1476 quam
3671 1409 3830 1478 exigere

2344 1512 2411 1552 ea
2451 1512 2570 1566 qua:
2614 1496 2831 1568 pietatis
2879 1505 3006 1552 sunt
3031 1513 3097 1553 ac
3139 1497 3433 1553 dilectionis
3471 1506 3522 1553 et
3559 1499 3742 1570 gratiae:
3766 1502 3831 1553 sed

2345 1589 2696 1658 quaerendum
2722 1589 2766 1642 si
2797 1588 2969 1643 solum
3006 1589 3078 1644 sit
3122 1588 3354 1659 proximi
3392 1589 3560 1643 odiutn
3599 1603 3689 1658 quo
3722 1590 3830 1642 nobis

2343 1679 2524 1735 omnia
2562 1677 2675 1747 jam
2726 1679 2932 1734 indulta
2967 1690 3290 1734 revocantur
3326 1679 3518 1744 debita,
3547 1693 3606 1733 an
3644 1679 3771 1732 etiam
3796 1687 3832 1734 et

660 1780 827 1821 mone
857 1766 1032 1838 Mago,
1071 1779 1126 1824 et
1167 1772 1220 1825 in
1267 1772 1680 1842 quamplurimis
1714 1775 1803 1844 qui
1837 1775 1958 1830 ﬁcte
1999 1792 2240 1833 accesse-

2347 1771 2551 1842 reliqua
2595 1771 2823 1826 crimina
2859 1787 2980 1841 quae
3019 1771 3310 1842 Apostolus
3345 1771 3650 1835 dinumerat,
3688 1770 3725 1824 si
3748 1771 3832 1838 quis

661 1858 812 1923 runt,
868 1861 952 1914 vel
1009 1854 1382 1917 accedttntiad
1437 1864 1662 1929 fontem,
1716 1869 1969 1937 quoniam
2024 1882 2245 1927 sanctus

662 1945 897 2016 Spiritus
928 1950 1224 2021 disciplina:
1249 1953 1468 2025 eﬁ'ngs'et
1505 1956 1711 2012 ﬁctmn.
1764 1958 1904 2027 Ergo
1950 1961 2074 2030 quia
2126 1964 2246 2017 talis

669 2038 796 2094 ﬁcte
826 2043 1058 2108 accedit,
1103 2045 1222 2098 ideo
1266 2045 1404 2100 forte
1448 2062 1554 2100 non
1598 2049 1646 2102 ei
1695 2049 2040 2104 dimittuntur
2067 2052 2244 2106 debita

664 2146 781 2194 sua,
814 2133 955 2200 quod
994 2135 1214 2188 omnino
1253 2135 1445 2191 falsum
1472 2147 1573 2192 est.
1619 2137 1771 2194 Unde
1803 2140 2092 2210 Apostolus
2122 2143 2198 2196 ait
2226 2162 2238 2197 :

663 2222 969 2294 Quicunque
997 2227 1049 2281 in
1080 2226 1285 2282 Christo
1322 2231 1570 2300 baptismi
1595 2234 1738 2297 estis,
1769 2232 2035 2288 Christum
2075 2235 2245 2291 indui-

659 2313 758 2365 stis
789 2311 934 2384 (Cal.
975 2332 1054 2379 ιιι,
1076 2317 1184 2387 27).
1221 2319 1364 2389 Ergo
1393 2320 1700 2391 quicunque
1746 2322 2019 2380 Christum
2051 2326 2242 2392 induit,

658 2403 716 2457 in
744 2419 973 2474 corpore
1012 2408 1214 2464 Christi
1262 2421 1639 2478 consecratur,
1668 2423 1724 2468 et
1772 2415 1892 2470 ideo
1933 2434 2038 2471 non
2067 2427 2246 2487 potest

661 2495 803 2560 ﬁeri,
832 2506 892 2550 ιιι
926 2513 1022 2568 per
1049 2511 1294 2556 sanctam
1345 2502 1452 2556 vim
1486 2506 1618 2558 tanti
1665 2508 1989 2562 sacramenti
2020 2519 2244 2577 peccata

662 2585 716 2642 ei
741 2603 850 2642 non
876 2587 1242 2656 dimittantur,
1267 2593 1455 2649 saltem
1473 2596 1523 2649 in
1552 2596 1719 2666 ipsius
1740 2599 1998 2668 temporis
2023 2610 2242 2670 puncto.

662 2677 769 2734 Sed
807 2695 906 2750 per
935 2681 1208 2739 ﬁctionem
1242 2697 1404 2758 atque
1432 2689 1688 2743 duritiam
1719 2706 1783 2745 eo
1821 2693 1966 2761 quod
1997 2693 2246 2763 impaeni-

660 2779 782 2826 tens
811 2786 922 2826 cor
968 2773 1015 2828 ei
1060 2787 1292 2841 maneat,
1350 2780 1555 2835 redisse
1601 2784 1860 2837 continuo
1909 2787 2234 2854 probantur,

659 2868 882 2929 prepter
915 2868 1373 2930 perseverantiam
1415 2869 1666 2937 lasciviae,
1695 2887 1790 2928 seu
1836 2874 2086 2940 ﬁctionis,
2119 2879 2243 2946 quia

658 2961 879 3008 sanctus
907 2953 1140 3024 Spiritus
1181 2959 1494 3030 disciplime,
1529 2971 1586 3018 ut
1620 2964 1750 3029 dixi,
1782 2964 2000 3038 eﬁ'ugiet
2037 2968 2240 3036 ﬁctum,

659 3057 727 3097 eo
751 3045 894 3113 quod
927 3045 1043 3115 ejus
1084 3050 1318 3106 noluerit
1353 3055 1626 3125 suscipere
1648 3058 1730 3113 vel
1754 3074 1975 3117 servare
2017 3062 2240 3130 donum,

654 3132 773 3200 jam
806 3137 1131 3206 baptizatus.
1161 3141 1262 3209 Qui
1289 3145 1530 3213 profecto
1565 3148 1785 3217 spiritus
1814 3166 1934 3206 cum
1973 3154 2239 3223 effugerit,

657 3227 762 3280 etsi
793 3227 1014 3284 dimissa
1063 3242 1188 3287 sunt
1237 3235 1435 3300 debita,
1489 3239 1735 3305 redeunt,
1790 3243 2046 3311 quoniam
2078 3245 2240 3317 767

661 3317 806 3373 oculi
859 3318 976 3389 ejus
1022 3324 1090 3378 ad
1143 3327 1396 3383 tenebras
1443 3329 1496 3383 in
1549 3340 1868 3401 perpetuum
1913 3333 2237 3406 diriguntur.

660 3410 1042 3470 Verumtamen
1073 3415 1212 3472 sicut
1241 3419 1430 3476 beatus
1479 3421 1813 3492 Augustinus
1837 3425 1932 3491 ait,
1986 3425 2100 3481 Non
2140 3442 2240 3497 po-

659 3507 763 3556 test
794 3515 917 3556 eum
951 3502 1040 3558 lux
1072 3507 1172 3561 nisi
1208 3508 1535 3577 perfundere
1565 3518 1956 3579 transeuntem,
1989 3516 2113 3570 dum
2145 3533 2241 3586 per

652 3592 829 3659 ipsam
860 3598 1057 3651 transit
1099 3595 1297 3663 lucem,
1346 3598 1558 3654 etiamsi
1615 3609 1855 3656 transeat
1885 3605 1951 3658 ad
1999 3605 2238 3661 destina-

656 3683 818 3740 tionis
843 3701 954 3740 sua:
988 3689 1260 3752 tenebras,
1290 3691 1548 3746 continuo
1592 3694 1832 3762 peccatis
1868 3697 2236 3765 redeuntibus,

657 3792 778 3843 qua:
803 3777 1057 3846 baptismi
1083 3783 1342 3838 sanctitas
1376 3784 1430 3838 in
1482 3785 1572 3839 illo
1604 3795 1863 3856 temporis
1912 3801 2112 3859 puncto
2159 3793 2240 3847 di-

659 3870 901 3936 miserat,
933 3880 1184 3942 tanquam
1215 3881 1474 3933 redeunte
1503 3879 1859 3948 obscuritate,
1883 3900 2046 3954 quam
2073 3886 2159 3940 lux
2184 3889 2235 3944 in

660 3965 890 4015 transitu
932 3965 1000 4016 ab
1029 3980 1096 4018 eo
1141 3978 1456 4023 excusserat
1501 3971 1586 4025 vel
1615 3973 1914 4042 pepulerat.
1975 3976 2129 4042 Quod
2181 3988 2240 4034 et

657 4067 896 4121 praesens
935 4054 1084 4110 locus
1121 4057 1478 4125 demonstrat,
1507 4077 1629 4118 cum
1671 4074 1890 4132 propter
1935 4065 2236 4124 fraternum

654 4143 860 4209 odium,
894 4144 978 4201 vel
1003 4147 1168 4201 debiti
1195 4151 1531 4206 exactionem
1560 4164 1780 4223 peccata
1812 4156 1990 4212 redire
2013 4159 2236 4215 dimissa

659 4234 915 4292 Dominus
948 4249 1294 4308 protestatur,
1321 4261 1443 4298 cum
1484 4249 1700 4317 exigere
1735 4249 1890 4318 jubet
1919 4253 1987 4306 ab
2017 4269 2082 4308 eo
2110 4256 2237 4310 uni-

661 4340 815 4380 versa
872 4330 1070 4395 prioris
1121 4334 1241 4386 vita:
1284 4346 1339 4389 et
1397 4339 1672 4406 sequentis
1718 4341 1918 4395 debita.
1967 4344 2233 4412 Quoniam

655 4419 832 4474 omnis
858 4423 946 4490 qui
972 4439 1073 4476 ιιοιι
1111 4425 1302 4495 diligit,
1349 4439 1522 4482 manet
1562 4431 1615 4484 in
1652 4443 1837 4496 morte,
1874 4443 1948 4499 et,
1995 4438 2085 4506 qui
2126 4439 2234 4493 odit

656 4509 873 4575 fratrem
921 4529 1074 4566 suum
1111 4516 1374 4571 homicida
1409 4529 1504 4584 est,
1541 4531 1587 4574 et
1624 4523 1679 4576 in
1707 4524 1929 4580 tenebris
1977 4528 2232 4594 ambulat,

2346 1879 2409 1919 ea
2440 1865 2530 1935 qui
2561 1875 2729 1937 agunt
2751 1865 2830 1936 (ut
2853 1865 2967 1936 ipse
2992 1864 3264 1936 testatur)
3291 1878 3507 1936 regnum
3533 1863 3617 1918 Dei
3642 1878 3729 1917 non
3742 1877 3831 1916 cou-

2345 1965 2660 2026 sequentur.
2691 1955 2844 2024 Quod
2873 1956 3097 2012 omnino
3122 1971 3283 2010 nemo
3305 1955 3396 2025 qui
3430 1955 3639 2024 abneget
3662 1955 3721 2007 ita
3736 1967 3832 2008 esse.

2347 2048 2453 2102 Sed
2487 2049 2824 2104 solummodo
2849 2049 3031 2103 odium
3062 2059 3116 2102 et
3139 2047 3380 2102 fraterna
3401 2045 3655 2102 suﬂ'ocatio
3674 2045 3737 2098 vel
3753 2060 3834 2097 cru-

2345 2141 2482 2196 delis
2502 2141 2714 2195 exactio
2737 2141 2904 2212 768
2930 2139 3018 2195 hic
3049 2140 3102 2194 in
3124 2155 3289 2194 causa
3316 2139 3556 2208 ponitur;
3582 2138 3689 2208 quia
3711 2137 3836 2190 omnis

2348 2235 2604 2304 iniquitas
2634 2235 2717 2290 sui
2743 2245 2829 2290 est
2872 2233 3053 2289 odium
3085 2233 3170 2288 vel
3192 2235 3445 2304 proximi,
3463 2241 3517 2288 et
3545 2233 3606 2290 de
3625 2232 3838 2289 odioveuit

2341 2326 2568 2396 justitize
2614 2332 2668 2378 et
2717 2325 3008 2394 mquitatis.
3058 2323 3211 2380 Unde
3266 2324 3450 2388 David,
3487 2323 3668 2389 Omnis,
3701 2323 3836 2392 inquit,

2345 2419 2436 2486 qui
2466 2416 2637 2487 diligit
2666 2417 3014 2487 iniquitatem,
3047 2417 3156 2469 odit
3199 2417 3436 2471 animum
3463 2432 3603 2470 suam
3627 2413 3764 2485 (Psal.
3799 2429 3837 2474 ιι

2347 2509 2425 2579 5).
2457 2510 2596 2578 Ergo
2624 2508 2850 2562 alterum
2878 2522 3038 2562 nemo
3067 2517 3211 2562 recte
3252 2507 3423 2576 diligit
3451 2507 3540 2576 qui
3572 2505 3838 2573 semetipsum

2347 2601 2482 2656 odit.
2526 2601 2660 2655 Hinc
2681 2615 2894 2669 quoque
2925 2599 3204 2668 Scriptura
3238 2610 3453 2654 revocat
3478 2610 3830 2668 unumquemque

2347 2702 2591 2748 nostrum
2627 2693 2694 2746 ad
2744 2693 3118 2762 semetipsum,
3172 2692 3451 2757 Miserere,
3497 2691 3668 2760 inquit,
3704 2689 3840 2742 enim

2347 2801 2475 2838 metu
2487 2783 2697 2854 placens
2720 2783 2831 2839 Deo
2847 2782 3040 2854 (Eccli.
3057 2800 3187 2847 xxx,
3205 2784 3326 2856 24).
3347 2784 3480 2852 Quia
3505 2783 3587 2853 qni
3602 2781 3671 2838 sui
3683 2779 3840 2834 misere-

2347 2884 2455 2939 tur,
2496 2885 2556 2930 ut
2587 2885 2819 2946 oportet,
2853 2875 2981 2930 nulli
3013 2875 3166 2930 alteri
3191 2876 3433 2931 crudelis
3459 2876 3557 2931 erit
3579 2879 3773 2929 exactor.
3797 2868 3840 2921 Et

2347 2967 2437 3038 qui
2474 2967 2527 3021 in
2556 2982 2615 3022 se
2644 2967 2818 3038 diligit
2849 2967 3208 3036 iniquitatem,
3238 2968 3294 3021 in
3317 2966 3461 3021 nullo
3489 2964 3696 3036 perfecte
3711 2973 3841 3056 amare

2348 3067 2527 3128 potest
2563 3057 2894 3126 aequitatem,
2926 3057 3052 3125 quia
3081 3056 3460 3125 aequissimum
3489 3064 3583 3119 est,
3613 3062 3662 3106 nt
3691 3066 3738 3105 se
3763 3064 3838 3146 pu-

2347 3163 2493 3202 mum
2529 3148 2756 3217 quisque
2784 3146 3077 3201 secundum
3107 3145 3282 3200 Deum
3310 3146 3514 3216 diligat,
3536 3141 3700 3198 deinde
3713 3141 3841 3209 prosi-

2344 3254 2494 3295 mum
2523 3239 2663 3293 sicut
2684 3237 2946 3306 seipsum.
2976 3235 3231 3307 Alioquin
3269 3237 3408 3294 sciat
3442 3251 3534 3307 pro
3570 3242 3696 3290 certo
3726 3241 3843 3283 unus-

2343 3327 2573 3398 quisque
2607 3327 2828 3383 dimissa
2887 3328 3065 3383 redire
3113 3339 3370 3398 peccata,
3423 3327 3510 3382 ubi
3547 3341 3631 3380 nec
3663 3322 3842 3376 fraterna

2342 3421 2583 3476 cbaritas
2605 3429 2706 3482 est,
2739 3435 2839 3474 nec
2864 3434 2960 3474 sua
2987 3418 3292 3474 secundum
3328 3419 3492 3474 Deum
3517 3414 3714 3473 dllectio.
3739 3409 3844 3476 Quoo

2344 3512 2487 3566 uiam
2517 3511 2585 3576 si,
2623 3511 2789 3565 omnis
2835 3511 2924 3581 qui
2955 3511 3064 3564 odit
3097 3510 3326 3580 fratrem
3365 3526 3537 3572 suum,
3561 3502 3774 3560 homicida
3792 3508 3843 3551 est

2346 3605 2396 3672 (Ι
2427 3603 2591 3658 Joan.
2619 3620 2700 3668 ιιι,
2731 3603 2846 3674 15),
2883 3601 3051 3656 multo
3081 3601 3262 3672 magis
3291 3603 3338 3656 is
3373 3600 3465 3670 qui
3489 3614 3546 3654 se
3578 3597 3643 3651 ita
3675 3591 3777 3654 odit,
3803 3595 3845 3683 ut

2343 3711 2442 3750 nec
2463 3694 2543 3749 sui
2566 3693 2888 3748 misereatur
2911 3706 3010 3746 nec
3029 3690 3208 3754 alteri,
3244 3706 3356 3760 quo
3378 3690 3485 3744 Deo
3504 3687 3692 3757 placere
3707 3684 3841 3776 possit

2340 3787 2567 3849 Idcirco,
2605 3787 2801 3840 fratres
2821 3782 3152 3848 charissimi,
3180 3781 3606 3839 considerandus
3627 3783 3713 3868 est
3734 3772 3845 3868 huius

2341 3878 2612 3950 parabolae
2652 3887 2855 3940 textus,
2909 3876 3312 3931 consideranda
3347 3874 3532 3930 aeterni
3581 3867 3742 3942 iudicis
3773 3877 3844 3915 crt-

2341 3972 2602 4036 minatio;
2637 3970 2763 4039 quia
2800 3969 2853 4022 in
2896 3967 3136 4022 Ecclesia
3161 3966 3376 4022 Christi
3409 3981 3512 4021 non
3537 3961 3631 4026 nisi
3658 3959 3744 4014 duo
3761 3957 3844 4008 sum

2339 4063 2519 4134 populi
2568 4062 2797 4130 duaeque
2823 4067 3033 4129 gentes,
3063 4059 3322 4127 quamvis
3366 4057 3638 4111 videantur
3659 4061 3754 4104 esse
3783 4055 3843 4112 εεο

2339 4155 2492 4216 mini,
2531 4153 2689 4206 sicuti
2724 4150 2888 4204 etiam
2915 4157 2971 4204 et
3006 4149 3057 4202 in
3100 4159 3260 4202 utero
3306 4148 3582 4211 Rebeccm,
3629 4147 3846 4234 antequatn

2337 4253 2724 4308 nascerentur,
2747 4243 2854 4297 duo
2886 4240 3266 4306 laetabantur;
3299 4257 3366 4295 ex
3408 4240 3598 4310 quibus
3635 4230 3846 4326 propitle

2336 4349 2439 4402 est,
2471 4336 2616 4408 quod
2640 4335 2811 4406 major
2837 4334 3039 4390 serviet
3071 4335 3274 4389 minori
3306 4333 3467 4404 (Gen.
3497 4345 3618 4395 xxv,

2339 4444 2402 4483 ea
2428 4428 2644 4497 quidem
2683 4424 2994 4480 conditione
3020 4439 3128 4494 qua
3147 4423 3401 4478 serviunt
3422 4421 3602 4477 ﬁdeles
3640 4417 3795 4471 Christi
3813 4423 3849 4456 In

2340 4517 2581 4573 Ecclesia
2634 4516 2836 4572 Christi
2867 4515 2968 4570 sub
3019 4514 3209 4569 timore
3258 4515 3391 4580 Dei,
3433 4527 3538 4566 non
3592 4507 3654 4564 ad
3692 4499 3849 4558 oculum

643 4603 780 4669 quia
823 4605 984 4658 nescit
1009 4624 1111 4676 quo
1135 4617 1217 4661 eat
1245 4607 1296 4676 (I
1319 4609 1482 4666 Joan.
1509 4629 1591 4677 ιιι,
1622 4615 1710 4681 14,
1739 4616 1849 4686 15).
1887 4618 2010 4674 Haec
2031 4585 2236 4676 idcirco
2333 4609 2654 4675 δεΐνίθηιθεν
2679 4609 2772 4664 εθά
2802 4621 2864 4660 ea
2902 4605 3160 4662 εθννίιυίθ
3187 4620 3299 4675 qua
3335 4603 3558 4660 δθτνίνίι
3593 4600 3715 4655 Esau
3734 4585 3852 4686 iam

655 4694 904 4760 dixerim,
949 4707 1008 4751 ut
1037 4698 1301 4772 intelligat
1345 4709 1735 4776 unusquisque,
1765 4709 1891 4778 quia
1919 4711 2096 4768 nullus
2123 4722 2230 4780 est,

660 4785 744 4840 cui
769 4802 874 4841 non
902 4788 1240 4846 dimittantur
1259 4793 1374 4848 haec
1397 4796 1598 4863 debita,
1625 4799 1931 4871 ubicunque
1950 4803 2002 4857 in
2019 4806 2236 4862 nomine

661 4877 854 4940 t’atris,
888 4887 938 4933 et
970 4878 1114 4943 Filii,
1140 4890 1196 4935 et
1242 4883 1475 4953 Spiritus
1502 4889 1675 4942 sancti
1703 4890 2005 4960 baptizatus
2052 4893 2232 4949 fuerit.

657 4969 760 5022 Sed
791 4969 893 5024 nisi
926 4971 978 5024 iu
1006 4973 1211 5029 unitate
1261 4975 1540 5043 Ecclesiae,
1561 4987 1618 5034 et
1645 4983 1961 5052 compagine
1996 4984 2236 5040 charita-

639 5070 656 5112 t
684 5060 728 5113 is
758 5061 849 5115 Dei
875 5071 932 5116 et
955 5065 1209 5132 proximi,
1245 5081 1350 5120 non
1381 5078 1630 5124 servatur
1656 5071 1772 5126 haec
1811 5074 1984 5140 gratia
2015 5075 2236 5130 liberta-

657 5156 747 5219 tis,
783 5171 875 5210 seu
907 5158 1049 5213 intus
1074 5160 1322 5216 videatur
1350 5176 1471 5217 esse
1495 5177 1589 5216 seu
1618 5163 1770 5218 foris.
1802 5163 1956 5220 Unde
1983 5166 2072 5222 hic
2116 5183 2236 5222 ser-

657 5263 779 5309 vus,
803 5249 895 5318 qui
933 5265 1257 5305 conservum
1294 5267 1449 5307 suum
1474 5262 1682 5315 tenens,
1712 5253 1956 5320 sulfocat,
1985 5271 2235 5326 egressus

633 5350 714 5394 ,ει
741 5341 855 5410 ipse
877 5341 1096 5408 dicitur,
1123 5342 1251 5412 quia
1283 5359 1534 5413 egressus
1561 5352 1644 5398 est
1667 5342 1736 5398 ab
1765 5345 1973 5400 unitate
2001 5345 2238 5400 charita-

656 5434 749 5496 tis,
780 5443 836 5488 et
873 5451 902 5487 a
953 5435 1172 5491 vinculo
1212 5437 1517 5492 concordiae
1557 5446 1615 5492 et
1653 5438 1820 5506 pacis.
1861 5438 2066 5492 Idcirco
2111 5438 2237 5493 licet

659 5524 804 5578 intus
849 5526 920 5579 sit
979 5540 1204 5581 numero
1241 5536 1298 5581 et
1343 5542 1591 5598 corporc,
1639 5529 1768 5582 foris
1820 5536 1998 5582 tamen
2032 5537 2134 5593 est,
2181 5537 2236 5582 et

659 5631 765 5670 non
798 5632 880 5671 cst
911 5628 962 5672 tu
998 5619 1202 5673 unitate
1237 5621 1477 5690 spiritus,
1501 5632 1555 5674 et
1584 5621 1635 5675 in
1671 5620 1883 5676 vinculo
1908 5623 2076 5690 pacis,
2108 5622 2232 5692 quia

659 5708 881 5764 suiritus
921 5710 1212 5766 discinlinaa
1242 5714 1464 5766 recessit
1497 5731 1524 5766 a
1554 5713 1678 5769 ﬁcto
1699 5754 1712 5779 ,
1747 5714 1828 5770 vel
1866 5715 1932 5769 ab
1957 5730 2023 5770 eo
2051 5715 2141 5785 qui
2179 5715 2232 5769 in

2341 4699 2496 4754 fratri
2558 4714 2681 4761 suo,
2729 4690 3002 4767 aﬂligens"
3028 4711 3154 4751 eum
3195 4705 3255 4752 et
3303 4695 3641 4757 excrucians,
3689 4683 3852 4785 suisque

2341 4793 2481 4847 odiis
2515 4806 2714 4863 cogens
2761 4790 3120 4862 peregrinari,
3165 4798 3443 4859 quatenus
3488 4788 3600 4858 ejus
3629 4778 3856 4840 crudelitas

2340 4887 2494 4941 fratri
2528 4885 2970 4940 mansuetissimo
3015 4883 3308 4954 proﬁceret
3343 4883 3412 4938 ad
3467 4878 3792 4954 probationem
3818 4872 3856 4919 ei

2339 4984 2407 5037 ad
2433 4983 2734 5052 profectum
2759 4995 2872 5034 suae
2899 4979 3110 5043 salutis,
3139 4986 3197 5034 et
3224 4978 3390 5034 alteri
3426 4993 3521 5031 sua
3553 4955 3858 5059 infestatiuad

2339 5074 2612 5129 cumulmn
2661 5087 2774 5126 suae
2819 5068 3202 5124 damnationis.
3255 5069 3488 5138 Utrique
3537 5074 3699 5119 tamen
3743 5060 3860 5150 tim“.s

2341 5164 2551 5220 Domini
2583 5171 2707 5220 sunt
2730 5162 2892 5218 servi.
2930 5161 3036 5216 Sed
3075 5161 3231 5230 longe
3265 5163 3433 5216 aliter
3469 5158 3696 5214 serviunt
3725 5149 3858 5242 electi.

2337 5256 2466 5310 dum
2511 5255 2892 5311 excruciantur
2924 5252 3165 5310 fraterno
3205 5254 3336 5308 odio
3379 5262 3437 5307 et
3476 5243 3764 5306 inimicitiis,
3791 5234 3860 5287 ³11·

2341 5354 2420 5399 ter
2452 5360 2581 5399 vero
2611 5345 2685 5398 illi
2707 5344 2796 5413 qui
2821 5358 2914 5398 eos
2949 5343 3092 5397 intus
3127 5341 3330 5399 ferisve
3357 5325 3861 5428 persequuntur.mllf

2338 5451 2445 5505 que
2475 5435 2718 5489 serviunt
2756 5432 2906 5497 boni,
2945 5433 3039 5488 sed
3072 5433 3145 5488 ad
3182 5433 3401 5487 laudem
3445 5430 3540 5484 Dei
3573 5436 3627 5484 et
3656 5415 3860 5516 justlﬁca"

2340 5531 2540 5584 tionem
2580 5543 2770 5582 suam:
2808 5528 3052 5582 serviunt
3087 5534 3144 5582 et
3182 5525 3336 5588 mali,
3388 5525 3484 5580 sed
3520 5521 3620 5579 sibi
3656 5517 3716 5573 ad
3740 5513 3863 5615 dettl:

2341 5631 2580 5675 intentum
2618 5619 2827 5684 salutis,
2859 5628 2914 5673 et
2943 5632 3161 5690 poenam
3189 5615 3582 5679 damnationis,
3611 5619 3666 5665 ut
3691 5614 3739 5662 et
3767 5605 3869 5672 ills“

2342 5715 2552 5770 illorum
2607 5717 2900 5784 probentur
2946 5714 3300 5775 cruciatibus,
3345 5711 3545 5780 quibus
3585 5714 3752 5761 eorum
3795 5706 3865 5742 ιιι·
