4008 6354
136 351 225 409 657

860 348 1220 408 EXPOSITIO
1254 351 1322 407 IN
1362 350 1800 409 MATTHEUM.
1840 385 1911 395 -—
1948 355 2077 411 LIB.
2120 354 2252 422 V’lll,
2289 355 2442 413 CAP.
2480 354 2643 413 XVIII

3284 352 3390 410 6'58

136 481 348 545 geantur
390 469 607 537 merita,
655 479 712 526 et
768 470 892 525 mali
918 486 983 526 ac
1029 470 1279 527 scelerati
1332 478 1534 525 aeterna
1587 486 1692 525 non
1725 476 1771 534 Α
1800 471 2040 543 ingratus
2062 480 2118 527 et
2147 472 2341 535 malus,
2369 473 2455 528 cui
2487 470 2629 526 nulla
2662 472 2765 527 alia
2796 485 2958 528 causa
2987 468 3089 525 fuit
3116 476 3178 526 ut
3203 469 3388 525 dimit-

137 561 345 618 evadant
380 556 482 616 sibi
513 561 772 634 supplicia
800 572 1121 633 prmparata.
1151 561 1428 634 Siquidem
1457 565 1699 619 serviunt

135 669 307 713 omnes
361 669 501 726 quos
548 654 823 725 praescivit
871 655 1141 721 Christus,
1186 666 1243 712 et
1294 655 1711 727 praedestinavit

136 749 193 803 ad
236 748 418 810 vitam,
451 748 698 803 serviunt
723 756 779 802 et
813 747 885 802 illi
915 748 1007 818 qui
1038 747 1169 803 foris
1200 750 1423 820 egressi,
1454 751 1700 819 quamvis

136 840 265 893 intus
306 837 625 904 videantur,
674 838 767 908 qui
813 836 1058 909 aﬁligunt
1099 841 1395 909 proximos.
1447 838 1569 897 Sed
1606 856 1701 896 eos

136 944 255 999 quos
314 925 453 982 falso
521 927 719 984 fratres
783 936 1024 993 vocant,
1089 931 1288 1000 quibus
1357 941 1413 987 et
1484 928 1701 1000 quantis

140 1019 292 1073 laudis
337 1017 580 1089 aﬂligant
633 1028 691 1074 et
750 1027 971 1074 teneant
1036 1019 1175 1075 infra
1237 1020 1538 1077 Ecclesiam
1602 1008 1699 1076 Dei

140 1110 224 1162 diri
249 1118 533 1164 exactores
581 1102 829 1165 membra
862 1108 1092 1173 Christi,
1141 1110 1360 1182 longum
1408 1120 1493 1166 est
1532 1111 1703 1166 disse-

141 1215 262 1262 rere,
284 1196 449 1272 769
471 1200 776 1271 quibusque
811 1201 985 1256 modis
1022 1199 1377 1265 suﬂ'ocantur,
1405 1210 1461 1257 et
1492 1202 1546 1256 in
1581 1218 1699 1257 car-

140 1290 330 1345 ceribus
371 1290 704 1345 clauduntur
748 1290 906 1357 boui,
948 1302 1081 1361 puto
1118 1292 1261 1362 quod
1298 1307 1458 1346 nemo
1501 1292 1571 1347 sit
1608 1291 1700 1363 qui

136 1384 326 1439 edicere
367 1399 435 1439 ac
475 1383 825 1438 dinumerare
857 1390 1040 1453 queat.
1086 1381 1189 1450 Qui
1222 1381 1361 1438 forte
1407 1397 1702 1439 conservus

135 1475 345 1532 debebat
372 1484 594 1531 centum
630 1463 919 1541 denarios;
947 1490 1082 1545 quos
1111 1475 1237 1545 quia
1268 1475 1499 1531 debebat
1532 1475 1703 1531 noluit

131 1569 412 1637 rependere
434 1580 701 1622 conservo
729 1564 990 1621 beneﬁcia
1026 1565 1201 1621 malus
1240 1580 1430 1621 servus
1458 1582 1579 1636 qua:
1613 1580 1704 1620 ac—

130 1668 345 1731 ceperat
384 1659 708 1730 gratissima,
756 1674 791 1714 a
828 1658 1279 1729 praestantissimo
1315 1657 1555 1714 domino.
1586 1657 1704 1714 Uti-

129 1768 231 1823 que
265 1752 384 1821 quia
432 1751 607 1806 malus
644 1765 836 1806 servus
876 1758 934 1805 et
977 1750 1246 1822 ingratus,
1285 1751 1453 1804 durus
1495 1757 1552 1803 et
1595 1748 1700 1804 ini-

1803 573 1939 619 teret
1965 565 2036 629 ei,
2074 564 2173 619 nisi
2210 565 2335 635 quia
2374 564 2550 618 bonus
2591 563 2850 619 Dominus
2872 569 3008 624 erat,
3041 568 3099 616 et
3134 558 3261 631 quia
3292 574 3385 615 ro-

1798 656 1942 725 gavit
1959 656 2193 711 adorans
2212 672 2357 712 eum.
2377 654 2487 711 Sed
2514 653 2602 710 hic
2626 653 2802 708 malus
2827 667 3016 707 servus
3037 661 3094 707 et
3119 652 3384 721 ingratus,

1799 744 2189 817 indulgent-iam
2233 754 2576 807 consecutus,
2617 745 2808 800 exiens
2852 760 2881 798 a
2927 754 3052 814 rege
3087 741 3389 797 suﬂocabat

1798 843 1922 893 eum
1965 839 2197 895 dicens:
2242 838 2421 893 Redde
2468 838 2608 910 quod
2644 838 2815 893 debes.
2849 835 3162 893 Suﬂ’oeabat
3202 846 3386 891 autem

1799 946 1944 996 eum,
1962 940 2013 986 ct
2037 932 2264 987 suﬁ'ocat
2284 933 2462 987 adhuc
2498 932 2679 995 hodie,
2694 930 2947 1001 quoniam
2976 929 3188 985 exierat
3207 942 3238 982 a
3262 941 3391 999 rege

1800 1031 1855 1078 et
1882 1040 1909 1077 a
1940 1024 2223 1093 praeceptis
2246 1023 2384 1095 ejus,
2409 1030 2468 1077 ut
2493 1022 2716 1076 fratrem
2743 1020 3004 1092 aﬁligeret
3023 1028 3081 1075 et
3106 1019 3385 1089 probaret.

1800 1114 1948 1169 Alias
1993 1122 2172 1168 autem
2218 1129 2323 1168 non
2370 1111 2690 1168 suﬁ'ocasset
2735 1126 3057 1167 conservum
3104 1124 3295 1170 suum,
3342 1107 3385 1163 s'

1801 1222 1907 1262 non
1953 1206 2155 1261 exisset
2180 1222 2210 1259 a
2244 1220 2388 1275 rege.
2432 1204 2774 1275 Quapropter
2805 1217 3012 1273 quaeso,
3037 1200 3270 1272 diligens
3312 1198 3391 1254 le-

1801 1307 1941 1361 ctor,
1977 1296 2261 1352 considera
2309 1296 2662 1351 subtilitatem
2692 1295 2987 1359 dictorum,
3029 1294 3157 1364 quia
3199 1306 3392 1346 servus

1800 1389 2095 1445 multorum
2152 1390 2476 1444 talentorum
2524 1387 2769 1452 debitor,
2819 1384 3052 1457 procidit
3098 1392 3153 1439 et
3200 1384 3393 1437 adorat

1803 1494 2008 1550 regem,
2035 1481 2291 1550 quoniam
2319 1479 2434 1549 ipse
2463 1487 2547 1533 est
2573 1476 2681 1532 Rea:
2709 1493 2908 1549 regum,
2939 1486 2986 1530 et
3016 1471 3275 1531 Dominus
3294 1474 3391 1528 do-

1800 1570 2115 1624 minantium
2143 1570 2326 1641 (Apoc.
2358 1584 2471 1635 xtx,
2506 1568 2617 1641 16).
2649 1569 2929 1639 Siquidem
2960 1582 3142 1639 regem
3168 1567 3390 1621 demon-

1803 1669 1941 1717 strat
1987 1677 2144 1727 eum,
2185 1671 2242 1717 et
2288 1662 2409 1718 ideo
2458 1662 2714 1719 adorasse
2761 1678 2885 1718 eum
2922 1658 3253 1725 introducit;
3296 1658 3390 1729 qui

1803 1761 2085 1823 acceperat
2123 1768 2151 1807 a
2191 1751 2354 1809 Patre
2388 1769 2632 1823 regnum,
2660 1762 2716 1809 et
2750 1761 2976 1809 venerat
3020 1752 3089 1808 ad
3125 1751 3389 1806 rationem

129 1860 274 1915 quus,
302 1843 475 1899 noluit
504 1851 765 1915 praestare
800 1857 1083 1908 conservo,
1109 1826 1255 1913 quod
1283 1840 1358 1897 illi
1402 1839 1701 1912 praestitum
1730 1825 1779 1885 Β
1804 1846 2132 1916 ponendam.
2158 1845 2289 1913 Qua:
2315 1848 2474 1908 ratio,
2508 1858 2568 1902 ut
2596 1846 2728 1905 dixi.
2762 1846 2815 1901 in
2838 1847 2986 1902 omni
3017 1846 3120 1901 isto
3150 1854 3395 1914 tempore

129 1936 303 1989 iuerat.
330 1934 487 2001 Quod
517 1934 564 1988 si
599 1932 725 1988 talis
757 1933 879 1987 ideo
915 1947 1041 1988 reus
1064 1938 1299 1994 tenetur,
1330 1932 1456 2003 quia
1482 1947 1589 1986 non
1620 1930 1702 1985 in-

128 2024 272 2078 dulsit
297 2022 537 2079 debitori
565 2038 662 2078 suo
707 2020 972 2093 poscenti,
1004 2021 1131 2092 quid
1180 2030 1339 2092 putas
1370 2021 1437 2076 de
1486 2020 1571 2075 his
1608 2020 1701 2091 qui

126 2114 270 2168 etiam
300 2129 414 2169 non
458 2112 779 2168 debentibus
821 2112 961 2167 mala
1004 2127 1102 2182 pro
1153 2112 1308 2167 bonis
1355 2111 1605 2177 reddunt,
1649 2119 1705 2166 et

126 2216 364 2277 torquere
399 2221 499 2261 eos
523 2220 687 2276 quam
716 2221 859 2275 saepe
895 2205 1064 2277 gratis
1092 2212 1378 2259 conantur.
1411 2202 1548 2258 llinc
1574 2217 1705 2274 ergo

124 2296 395 2350 estomnis
443 2293 662 2350 afﬂictio
704 2294 758 2348 in
802 2292 1042 2348 Ecclesia
1091 2292 1206 2356 Dei,
1242 2292 1369 2347 hinc
1397 2291 1578 2348 omnis
1607 2307 1704 2347 ca-

122 2385 347 2453 lamitas,
395 2395 454 2442 et
497 2386 662 2442 nimis
710 2386 845 2439 dura
887 2384 1198 2455 Oppressio;
1238 2384 1368 2455 quia
1395 2398 1586 2440 servus
1615 2382 1704 2440 ille

121 2477 280 2532 malus
323 2486 381 2533 et
425 2476 663 2532 crudelis
705 2490 1033 2532 conservum
1095 2491 1253 2531 suum
1301 2490 1551 2547 premere
1594 2490 1703 2531 non

121 2578 304 2633 cessat,
335 2585 482 2624 nunc
519 2569 575 2624 in
604 2584 789 2623 rerum
825 2569 1061 2634 damnis,
1096 2577 1152 2624 et
1186 2569 1240 2624 in
1271 2570 1435 2625 rebus
1470 2569 1706 2625 exterio-

121 2659 270 2721 ribus,
300 2673 452 2713 nunc
474 2658 771 2714 secundum
799 2656 1112 2713 interiorem
1143 2659 1416 2714 hominem
1440 2658 1494 2713 in
1520 2658 1703 2714 multis

119 2748 506 2814 vexationibus,
533 2748 661 2803 dum
688 2761 799 2801 non
822 2749 1159 2804 erubescunt
1184 2748 1239 2802 bi
1262 2746 1401 2803 tales
1428 2748 1707 2804 conscien-

119 2841 209 2894 tias
246 2847 547 2911 percutere
572 2834 930 2910 singulorum.
979 2838 1087 2894 Sed
1131 2839 1259 2909 quia
1301 2838 1415 2893 haec
1442 2837 1703 2910 parabola

118 2932 177 2983 ad
198 2944 257 2984 ea
287 2927 519 2997 respicit
546 2943 668 2997 quae
707 2928 959 2998 superius
988 2927 1203 2983 dixerat
1230 2926 1396 2984 Petro
1436 2924 1702 2998 quaerenti

119 3022 159 3077 si
188 3021 414 3079 deberet
464 3021 711 3092 peccanti
756 3020 812 3077 in
857 3036 917 3076 se
961 3020 1115 3076 fratri
1153 3036 1326 3093 usque
1372 3021 1576 3092 septies
1614 3020 1702 3077 di-

121 3115 345 3179 mittere,
373 3123 434 3170 et
476 3113 568 3169 ille
605 3114 924 3184 respondit:
966 3113 1091 3167 Non
1133 3114 1254 3168 dico
1287 3112 1384 3169 tibi
1414 3131 1578 3186 usque
1619 3131 1702 3170 se—

118 3210 254 3276 pties,
426 3224 591 3278 usque
631 3173 924 3277 septuagies
953 3208 1164 3278 septies,
1194 3207 1452 3263 debemus
1489 3173 1547 3263 in
1591 3207 1699 3263 ﬁne
1727 3173 1776 3238 ο

119 3313 351 3367 querere
400 3297 676 3368 quomodo
720 3296 924 3352 eisdem
973 3297 1262 3353 conveniat
1302 3312 1581 3363 numerus,
1617 3298 1701 3352 id-

118 3388 253 3445 circo
279 3399 574 3460 utrumque
614 3389 845 3443 observa
878 3403 1186 3454 numerum,
1225 3389 1451 3444 observa
1482 3398 1537 3444 et
1578 3405 1703 3462 pec-

116 3491 294 3535 catum
326 3482 490 3536 unius
518 3480 741 3547 talenti;
775 3495 901 3535 nam
927 3495 1187 3536 numerus
1214 3481 1545 3537 undenarius
1569 3481 1703 3554 legis

118 3574 483 3645 transgressio
521 3583 626 3640 est,
677 3575 767 3630 lex
804 3574 861 3630 in
907 3575 1132 3631 denario
1175 3585 1394 3631 constat
1448 3593 1700 3645 numero,

114 3680 404 3741 peccatum
447 3685 567 3726 vero
601 3685 700 3741 per
729 3671 1090 3739 undenarium
1137 3670 1479 3743 exprimitur.
1523 3670 1704 3739 Quare

109 3771 391 3832 peccatum
437 3776 535 3832 per
560 3762 852 3818 undecim?
899 3762 1036 3831 Quia
1082 3760 1447 3832 transgressio
1490 3761 1701 3817 denarii

114 3863 207 3921 est,
238 3864 298 3910 ut
322 3855 517 3911 venias
545 3856 613 3911 ad
658 3857 1035 3911 undenarium.
1064 3854 1121 3910 ln
1151 3855 1269 3928 lege
1295 3863 1474 3911 autem
1510 3855 1704 3912 modus

117 3947 244 4003 ﬁxus
274 3960 703 4021 praeceptorum,
738 3948 1096 4022 transgressio
1121 3958 1302 4005 autem
1336 3948 1498 4022 hujus
1517 3948 1704 4005 limitis

114 4050 527 4111 praeceptorum,
567 4048 846 4112 peccatum
896 4050 1001 4097 est.
1030 4040 1099 4096 Et
1145 4042 1268 4097 ideo
1303 4041 1358 4097 in
1403 4040 1703 4098 undenario

118 4146 325 4188 numero
369 4148 637 4203 magnum
686 4132 1000 4203 mysterium
1040 4132 1330 4203 ﬁguratum
1357 4141 1462 4193 est.
1485 4134 1702 4204 quando

116 4224 216 4279 vela
251 4226 480 4281 cilieina
513 4226 569 4280 in
605 4224 958 4281 tabernaculo
1004 4226 1254 4283 undecim
1281 4225 1539 4283 fabricari
1582 4227 1701 4299 jus-

116 4332 215 4369 sum
251 4328 360 4373 est.
395 4316 596 4372 Omnia
639 4317 782 4370 enim
829 4326 1054 4386 peccata
1102 4318 1241 4373 dixit
1284 4334 1384 4374 nos
1430 4319 1703 4378 dimittere

113 4407 309 4474 debere,
357 4409 591 4480 quando
634 4409 940 4480 septuagies
968 4408 1167 4480 septies
1199 4408 1356 4475 dixit,
1398 4412 1540 4466 sicut
1568 4422 1624 4467 et
1653 4413 1698 4467 si

115 4502 295 4568 septies
322 4501 589 4563 dixisset,
629 4500 755 4570 quia
791 4500 1097 4571 septuplum
1123 4518 1221 4572 pro
1252 4512 1365 4557 toto
1390 4504 1526 4558 solet
1552 4519 1699 4561 com-
1728 4541 1777 4599 Ι)

109 4595 290 4662 putari,
322 4592 598 4667 quoniam
643 4601 849 4663 septem
880 4592 1070 4648 diebus
1103 4594 1335 4650 volvitur
1376 4610 1536 4650 omne
1565 4603 1699 4651 tem-

110 4699 224 4750 pus,
263 4697 320 4742 et
374 4686 544 4741 ﬁnito
576 4684 887 4755 septenario
935 4700 1125 4740 rursus
1167 4686 1234 4741 ad
1270 4694 1433 4756 caput
1469 4685 1695 4741 reditur.

109 4773 283 4833 (bunia
305 4778 470 4834 enim
502 4785 727 4848 peccata
751 4776 886 4830 dixit
910 4777 1126 4847 quando
1156 4778 1357 4846 septies
1387 4777 1546 4844 dixit,
1573 4778 1701 4850 quia

110 4865 221 4922 illud
247 4867 514 4930 undecim
545 4867 745 4939 septies
770 4866 904 4921 ﬁunt
927 4867 1232 4938 septuagies
1258 4867 1476 4938 septies.
1506 4867 1699 4923 Omnia

108 4973 223 5029 ergo
258 4969 501 5033 peccata
532 4958 730 5013 dimitti
763 4958 932 5013 voluit
962 4959 1051 5028 qui
1084 4974 1147 5014 ea
1189 4959 1587 5030 septuagesimo
1617 4976 1701 5014 se-

108 5053 262 5119 ptimo
297 5067 550 5108 numero
594 5049 955 5121 pnesignavit.
988 5048 1196 5105 Llcireo
1228 5065 1388 5105 nemo
1414 5062 1601 5106 contra
1642 5067 1700 5106 se

108 5152 273 5198 teneat
295 5160 415 5200 non
448 5141 803 5210 ignoscendo,
816 5156 883 5194 ne
899 5149 1090 5195 contra
1111 5139 1263 5195 illum
1288 5148 1537 5194 teneatur
1558 5144 1700 5210 quod

107 5235 259 5307 770
284 5244 445 5292 erat.
482 5233 620 5301 Quia
660 5231 761 5287 etsi
798 5243 1016 5287 centum
1061 5230 1313 5286 denarios
1342 5230 1590 5300 proximo
1618 5246 1702 5287 re-

105 5328 310 5384 iuitterc
351 5333 611 5389 recusat,
637 5322 827 5377 decem
855 5321 1021 5377 millia
1066 5320 1268 5376 talenta
1292 5321 1363 5384 ei,
1391 5336 1514 5391 quae
1542 5320 1699 5376 dimi-

104 5430 239 5474 serat
259 5422 317 5475 in
343 5418 554 5475 facient
579 5424 949 5486 reprteseutat.
970 5414 1062 5469 Ait
1085 5414 1230 5469 enim
1248 5431 1262 5468 :
1280 5412 1433 5469 Serve
1455 5430 1697 5485 nequam,

104 5529 244 5575 omne
265 5516 515 5571 debitum
540 5511 720 5565 dimisi
744 5502 857 5575 tibi,
882 5508 1131 5580 quoniam
1161 5510 1357 5580 rogasti
1385 5525 1485 5563 me.
1511 5509 1566 5563 In
1598 5523 1705 5578 quo

104 5605 367 5673 declarat,
398 5604 551 5676 quod
582 5604 650 5659 sit
682 5603 870 5659 decem
900 5600 1064 5656 millia
1103 5600 1449 5667 talentorum.
1475 5598 1627 5669 Quod
1658 5600 1701 5655 si

106 5696 199 5755 ista
234 5701 476 5757 veniunt
522 5696 576 5751 iu
607 5693 976 5766 opprobrium,
1009 5708 1130 5763 qua:
1158 5692 1364 5746 dimisit
1394 5692 1569 5747 bonus
1608 5707 1699 5745 rex

106 5800 151 5841 ει
173 5792 313 5859 pius,
344 5798 560 5861 quanto
587 5786 758 5859 magis
780 5800 843 5840 ea
866 5800 983 5855 qua:
1011 5793 1196 5857 postea
1221 5783 1496 5840 commisit
1514 5799 1703 5840 servus

1801 1937 2040 2010 ponitur,
2083 1938 2303 2007 quando
2349 1946 2404 1992 et
2431 1937 2660 2009 pecunia
2698 1927 2978 1992 Dominica
3021 1936 3388 2007 dispensatur,

1801 2039 1858 2087 et
1884 2046 2077 2087 servus
2104 2031 2173 2085 de
2201 2029 2404 2085 talento
2451 2040 2673 2102 accepto
2701 2029 2913 2085 lucrum
2952 2028 3197 2100 pecuniae
3226 2041 3391 2097 nego-

1806 2123 2290 2197 tiando.sectatur.
2319 2120 2472 2188 Quod
2504 2121 2549 2176 si
2598 2129 2856 2177 causatur
2887 2119 3084 2191 aliquis
3130 2116 3391 2173 talentum

1803 2231 1863 2272 se
1906 2231 2014 2270 non
2061 2214 2355 2283 accepisse,
2388 2227 2588 2284 negare
2630 2226 2737 2267 non
2782 2218 2994 2284 potest,
3039 2208 3168 2280 quia
3198 2204 3390 2263 saltem

1805 2307 1909 2362 hoc
1951 2305 2185 2376 accepit,
2225 2303 2373 2374 quod
2418 2301 2701 2357 dimissum
2742 2308 2826 2356 est
2866 2301 2939 2357 ei.
2971 2299 3040 2355 Et
3067 2299 3112 2354 si
3138 2313 3244 2353 non
3275 2312 3393 2352 am-

1802 2397 1944 2467 plius
1969 2396 2115 2466 quod
2148 2404 2204 2449 et
2231 2394 2345 2465 ipse
2369 2391 2605 2448 debitori
2632 2392 2818 2447 debuit
2848 2397 3129 2446 remittere
3156 2388 3391 2458 gratiam

1802 2502 1965 2559 quam
2009 2484 2251 2555 accepit,
2293 2492 2350 2538 et
2390 2497 2498 2538 non
2536 2481 2780 2536 debitum
2823 2481 3043 2550 exigere
3081 2479 3196 2550 ipse
3241 2475 3385 2547 quod

1803 2577 2052 2634 debebat.
2096 2576 2215 2631 Non
2254 2574 2401 2629 enim
2443 2581 2621 2644 potest
2661 2582 2861 2643 negare
2906 2569 3102 2640 aliquis
3147 2564 3208 2622 ut
3240 2566 3391 2622 debi-

1806 2681 1977 2726 torem
2019 2685 2126 2724 non
2154 2669 2389 2733 habeat,
2434 2665 2528 2737 qui
2573 2665 2622 2720 ei
2656 2673 2879 2720 centum
2905 2663 3071 2718 debet
3114 2657 3387 2715 denarios.

1803 2762 1905 2830 Qui
1930 2761 2166 2826 debitor,
2196 2758 2298 2814 etsi
2328 2773 2434 2813 non
2465 2754 2754 2828 procidens
2796 2753 2988 2808 adorat
3035 2749 3183 2823 (quia
3228 2762 3389 2804 nemo

1804 2853 1941 2908 alter
1972 2862 2057 2907 est
2096 2848 2409 2905 adorandus
2454 2861 2615 2918 quam
2659 2861 2756 2901 rex
2801 2844 2965 2908 Deus,
3006 2841 3160 2913 cujus
3201 2835 3392 2895 omnes

1804 2956 1933 3003 sunt
1956 2944 2099 3001 servi
2128 2953 2237 2999 tam
2268 2941 2395 2998 boni
2417 2955 2579 3011 quam
2609 2945 2665 2995 et
2692 2937 2826 3010 alii),
2861 2943 3016 3006 rogat
3053 2943 3233 2989 tamen
3261 2946 3391 2988 con-

1804 3055 2021 3096 servum
2067 3045 2126 3092 ut
2170 3034 2489 3106 patientiam
2535 3030 2832 3088 habeat-in
2873 3045 2953 3095 se,
3001 3027 3172 3083 donec
3202 3024 3253 3079 ei
3293 3038 3390 3079 sua

1803 3130 1987 3188 omnia
2028 3128 2235 3184 reddat.
2265 3127 2368 3195 Qui
2404 3126 2448 3182 si
2482 3141 2589 3181 non
2625 3126 2904 3181 habuisset
2944 3121 3087 3177 unde
3115 3106 3388 3181 redderet,

1808 3223 2069 3280 debuerat
2097 3220 2336 3293 cogitare
2370 3218 2546 3274 malus
2585 3232 2794 3281 servus,
2822 3223 3083 3286 quantum
3115 3211 3167 3268 ei
3203 3210 3393 3272 dimis-

1806 3329 1926 3370 sum
1955 3312 2146 3367 fuisset
2186 3309 2356 3382 gratis
2384 3323 2415 3363 a
2441 3306 2714 3364 communi
2745 3305 2997 3370 Domino,
3025 3310 3080 3359 et
3105 3301 3230 3371 quia
3261 3315 3392 3355 cou-

1805 3418 1995 3458 servus
2020 3408 2167 3457 esset
2197 3399 2245 3455 is
2287 3398 2379 3470 qui
2421 3395 2654 3453 debebat
2683 3396 2829 3465 quod
2862 3402 2916 3447 et
2958 3393 3074 3462 ipse
3106 3390 3391 3452 debuerat,

1806 3495 1892 3550 cui
1920 3494 2049 3565 quia
2091 3492 2313 3551 dimissa
2360 3492 2577 3545 fuerant
2616 3487 2822 3549 omnia,
2868 3484 3144 3540 debuisset
3184 3490 3239 3535 et
3278 3481 3394 3551 ipse

1806 3589 2020 3645 debitor
2064 3585 2319 3641 universa
2361 3580 2594 3638 debitori
2626 3595 2725 3635 suo
2758 3577 3003 3632 relaxare
3032 3575 3133 3628 sub
3163 3587 3258 3643 spe
3286 3570 3393 3625 sal-

1807 3691 1917 3738 tem
1943 3688 2162 3733 aeterna:
2188 3672 2583 3738 retributionis.
2608 3669 2715 3726 Sed
2742 3668 2907 3724 miser
2929 3675 3138 3728 tenens,
3166 3660 3395 3718 suﬁ‘ocat

1804 3787 1953 3829 eum.
1983 3768 2139 3836 Quod
2185 3766 2392 3821 utinam
2428 3778 2534 3818 non
2579 3774 2866 3817 nossemus
2894 3756 3011 3812 ﬁeri
3039 3754 3095 3809 in
3139 3752 3243 3807 hoc
3288 3765 3394 3806 sa:-

1805 3864 1951 3930 culo,
1974 3863 2029 3920 in
2056 3868 2267 3917 tantum
2297 3866 2359 3912 ut
2389 3870 2496 3911 non
2525 3853 2683 3909 liceat
2712 3850 2938 3906 miseros
2966 3847 3034 3902 ad
3062 3844 3277 3901 veniam
3305 3854 3394 3897 re-

1806 3958 2034 4029 spirare.
2060 3953 2220 4025 771
2249 3964 2387 4021 quos
2412 3961 2557 4018 saepe
2582 3944 2869 4000 retruduut
2899 3942 2952 3994 in
2994 3950 3237 4000 carcere,
3250 3942 3393 4029 ‘tam

1804 4022 2099 4107 crudeliter
2123 4022 2185 4098 ut
2207 4042 2288 4097 eis
2318 4048 2464 4096 totus
2489 4036 2723 4092 mundus
2747 4048 2888 4088 unus
2913 4031 2983 4086 sit
3009 4042 3216 4085 carcer.
3246 4024 3317 4081 Et
3349 4022 3395 4078 si

1804 4138 1874 4195 ad
1917 4136 2111 4193 delicta
2163 4129 2490 4203 pertinuerit
2550 4126 2830 4189 debitum,
2875 4119 3051 4176 adhuc
3110 4124 3397 4171 exactores

1803 4229 2102 4286 atrociores
2132 4225 2286 4290 ﬁunt,
2317 4222 2443 4277 dum
2477 4219 2726 4274 laborant
2772 4215 2826 4270 in
2855 4213 3042 4277 corde,
3073 4223 3141 4264 ue
3181 4205 3396 4263 veniam

1801 4335 1902 4393 pro
1931 4317 2153 4373 offensis
2192 4313 2307 4370 suis
2349 4327 2471 4383 qua:
2516 4308 2888 4370 admiserunt,
2932 4304 2988 4359 in
3028 4302 3109 4357 eis
3151 4297 3399 4393 invenire

1803 4389 2029 4483 possint,
2058 4408 2202 4479 quod
2231 4415 2318 4462 est
2342 4420 2438 4460 eos
2468 4402 2685 4458 mittere
2714 4400 2768 4455 in
2814 4409 3111 4459 carcerem,
3151 4389 3398 4483 dum-eis

1803 4481 1909 4561 non
1940 4500 2213 4565 misereri,
2261 4497 2355 4554 sed
2396 4495 2694 4566 rependere
2740 4490 2996 4560 cupiunt,
3042 4485 3209 4540 etiam
3254 4481 3396 4537 ultra

1803 4611 1966 4667 quam
1994 4591 2292 4648 retribuere
2316 4587 2401 4643 vel
2429 4582 2761 4646 evindicare,
2785 4586 3002 4652 queant.
3034 4573 3189 4667 Quod
3213 4579 3396 4667 autem

1803 4661 1902 4749 in,
1932 4683 2060 4755 quia
2090 4680 2237 4736 Misit
2264 4693 2383 4733 eum
2417 4678 2474 4731 iu
2506 4669 2790 4737 carcerem,
2814 4669 2979 4723 donec
3009 4663 3246 4720 redderet
3278 4661 3398 4713 uni-

1803 4751 2008 4832 versatim
2029 4773 2278 4836 debitum,
2304 4784 2411 4825 non
2437 4767 2508 4821 ita
2529 4765 2661 4820 dicit
2682 4761 2837 4833 quasi
2867 4758 3237 4820 obliviscatur,
3252 4751 3396 4823 quod

1804 4866 1932 4922 boni
1970 4863 2113 4919 servi
2145 4862 2199 4915 in
2230 4874 2450 4915 carcere
2480 4872 2586 4910 non
2621 4850 3038 4924 permanebunt,
3080 4845 3232 4900 ﬁnito
3258 4855 3398 4914 prte-

1804 4958 1945 5013 senti
1999 4954 2197 5011 sutculo
2240 4970 2253 5006 :
2302 4949 2539 5005 maxime
2588 4947 2714 5018 quia
2762 4940 3061 5000 intervenit
3100 4934 3397 4992 redhibitio

1807 5048 2024 5121 pessimi
2051 5043 2350 5108 exactoris;
2382 5041 2474 5096 sed
2501 5040 2622 5094 ideo
2651 5038 2730 5093 sic
2763 5036 2917 5099 dicit,
2945 5033 3070 5104 quia
3104 5028 3250 5083 Misit
3268 5040 3399 5121 eunt

1804 5115 1860 5196 in
1887 5155 2168 5204 carcerem,
2195 5136 2359 5190 donec
2390 5133 2687 5188 universum
2713 5128 2943 5183 debitum
2971 5121 3228 5178 redderet.
3257 5115 3396 5185 Quia

1806 5245 1955 5304 tanta
1977 5230 2269 5288 crudelitas
2290 5227 2648 5300 quorumdam
2662 5220 2969 5280 exardescit
2983 5231 3193 5281 eorum,
3211 5214 3266 5269 in
3282 5224 3399 5282 ρω-

1806 5340 1904 5380 nas
1928 5312 2266 5378 inimico'rum
2288 5334 2531 5381 suorum,
2560 5324 2614 5371 ut
2641 5327 2914 5384 nunquam
2929 5325 3024 5366 eas
3038 5307 3194 5362 ﬁnire
3206 5304 3393 5360 velint.

1807 5416 2100 5486 Propterea
2132 5423 2186 5468 et
2217 5411 2332 5484 ipse
2362 5426 2426 5466 ac
2454 5410 2498 5465 si
2528 5425 2591 5464 ex
2631 5406 2910 5475 reciproca
2938 5400 3228 5466 sententia,
3249 5395 3398 5486 iuste

1809 5484 1935 5561 mox
1954 5521 1984 5559 a
2008 5503 2235 5560 Domino
2260 5502 2673 5563 condemnatur,
2700 5507 2757 5550 ut
2780 5494 2923 5564 quod
2948 5490 3218 5548 sreviendo
3239 5484 3397 5542 alteri

1808 5595 2093 5668 poenaliter
2140 5592 2348 5656 intulit,
2400 5591 2513 5660 ipse
2557 5586 2855 5643 secundum
2908 5582 3249 5639 crudelitatis
3287 5592 3399 5633 suae
3458 5586 3464 5593 '

1807 5690 2132 5746 sententiam
2179 5702 2341 5758 quam
2373 5685 2531 5753 digne
2579 5679 2869 5735 damnatus
2902 5678 3157 5749 excipiat.
3187 5674 3253 5729 Et
3301 5687 3399 5727 no-

1809 5781 2028 5836 tandum
2058 5778 2198 5848 quod
2232 5792 2333 5829 non
2364 5775 2431 5829 ait
2456 5815 2469 5839 ,
2500 5788 2661 5829 omne
2710 5770 2948 5829 debitum
2988 5768 3191 5825 dimisit
3216 5806 3229 5829 .
3259 5780 3410 5836 quo.
