4008 6354
662 292 781 351 650

1438 288 1511 344 s.
1549 283 1906 343 PASCIIASII
1938 242 2294 340 nauseam
2330 278 2628 337 ABBATIS
2666 277 3118 337 consumas

3779 292 3858 349 ϐω

663 408 811 461 uiam
853 401 1091 473 adorasti
1124 378 1239 463 me.
1270 416 1338 456 ne
1380 399 1520 455 forte
1564 397 1839 454 videretur
1865 396 1914 452 ei
1965 393 2254 451 indulsisse
2280 392 2331 453 Δ
2357 390 2473 457 bus,
2500 390 2842 462 quoadusque
2870 388 3105 465 redderet
3137 389 3427 461 uniuersum
3446 391 3673 451 debitum.
3697 400 3857 473 nequ.

661 496 733 550 ob
780 490 998 562 aliquod
1043 489 1362 562 obsequium
1402 488 1681 544 servitutis
1710 502 1840 553 suae,
1871 485 1965 543 sed
1994 485 2121 556 quia
2162 498 2287 539 ro-'

662 585 806 658 gusti
854 599 961 641 me.
991 581 1171 637 Voluit
1215 582 1360 637 enim
1410 595 1510 636 nos
1553 579 1853 649 intelligere
1897 575 2167 640 Christus,
2200 574 2257 629 in

578 730 581 731 ν
664 679 770 733 hoc
794 675 980 741 verbo,
1005 673 1133 744 quia
1161 680 1330 726 totum
1360 672 1529 744 gratis
1552 669 1710 725 nobis
1739 669 1977 724 debitum
2010 665 2257 734 indulsit,

664 765 830 819 nullis
860 762 1354 818 intervenientibus
1378 761 1651 816 actionum
1686 769 1998 814 nostrarum
2028 756 2252 813 meritis.

662 854 709 910 0
741 868 905 925 quam
932 852 1079 923 justa
1109 849 1572 920 recompensatio!
1602 848 1782 903 Noluit
1809 846 1953 903 enim
1984 845 2259 901 reminisci

665 942 1057 1000 beneficiorum
1090 941 1208 1007 Dei,
1235 941 1408 996 noluit
1433 939 1679 994 misereri
1710 938 1957 993 conservi
1987 938 2091 1001 sui,
2122 936 2262 991 sicut

669 1038 720 1092 ei
746 1037 1001 1091 misertus
1025 1034 1203 1090 fuerat
1237 1033 1488 1090 dominus
1510 1031 1854 1096 suus,-noluit
1879 1030 2109 1101 spatium
2133 1030 2261 1085 dare

669 1126 999 1196 paenitendi,
1048 1124 1221 1180 noluit
1265 1122 1557 1178 vindictam
1603 1121 1882 1176 remittere
1920 1129 1975 1174 et
2020 1119 2261 1199 debitum

673 1215 945 1271 relaxare.

751 1304 994 1361 Videntes
1022 1314 1195 1359 autem
1226 1302 1457 1358 conservi
1501 1302 1623 1371 ejus
1648 1317 1766 1372 qua:
1800 1299 2030 1369 ﬁebant,
2071 1298 2269 1353 contri-

670 1400 944 1455 stativsunt
991 1395 1159 1451 valde.
1187 1395 1256 1450 Et
1303 1396 1559 1450 venientes
1597 1394 1966 1449 nuntiaverunt
2007 1392 2119 1447 Iuro
2164 1390 2264 1445 do-

676 1491 817 1546 mino
847 1505 964 1544 suo.
1013 1488 1173 1543 Dives
1205 1502 1338 1558 ergo
1375 1486 1648 1551 dominus,
1680 1485 1771 1556 qui
1810 1484 1945 1540 tales
1979 1492 2267 1553 tantosque

673 1579 841 1636 habet
881 1594 1089 1636 servos.
1137 1578 1311 1634 Habet
1348 1592 1585 1649 namque
1618 1577 1899 1648 plurimos,
1929 1576 2021 1646 qui
2053 1576 2265 1631 diversa

674 1669 940 1726 donorum
988 1668 1205 1724 talenta
1239 1669 1516 1723 conservis
1559 1668 1671 1722 suis
1712 1667 1766 1720 in
1808 1666 2015 1721 lucrum
2065 1665 2265 1720 domini

2359 482 2629 538 sententia
2652 480 2746 553 qui
2771 479 2961 536 volunt
2999 486 3123 552 post
3149 480 3480 538 exactionem
3499 484 3744 557 culparum
3765 495 3857 548 red.

2360 572 2441 628 ire
2496 571 2694 629 debere
2729 570 2796 627 ad
2841 571 3081 636 veniam,
3128 569 3348 626 multam
3393 572 3491 629 sibi
3532 573 3857 647 dogmatizandt

2360 671 2645 721 assumunt
2672 663 2980 718 materiam.
3009 660 3176 729 Quasi
3202 676 3267 719 eo
3295 678 3460 734 usque
3504 666 3757 724 tradantur
3778 680 3858 727 tor-

2360 757 2570 812 toribus
2611 754 2964 825 quoadusque
3007 754 3338 810 cruciatibus
3376 757 3658 813 exsolutum
3695 763 3754 816 sit
3774 766 3858 818 nni-

2360 861 2577 903 versum
2619 847 2884 912 debitum,
2931 846 3117 916 sicque
3145 846 3363 902 demum
3388 848 3574 904 debeat
3613 851 3780 908 homini
3813 857 3858 909 li-

2361 943 2549 997 bertas
2596 939 2774 996 redire
2803 941 2870 994 ad
2913 940 3200 1011 integrum,
3233 939 3377 1009 quod
3419 942 3624 997 omnino
3660 945 3860 1002 catholica

2364 1033 2499 1088 fides
2546 1048 2649 1087 non
2704 1031 2915 1102 recipit.
2966 1030 3043 1085 De
3090 1046 3197 1100 quo
3245 1046 3376 1086 sane
3419 1030 3681 1089 locutionis
3718 1051 3861 1106 genere

2364 1139 2452 1180 me
2488 1123 2670 1179 recolo
2719 1124 2830 1194 jam
2884 1139 3045 1193 supra
3080 1123 3132 1177 in
3183 1124 3285 1178 hoc
3334 1124 3447 1193 ipso
3483 1124 3737 1195 Evangelio
3768 1131 3861 1184 satis

2364 1216 2591 1280 dixisse,
2621 1214 2713 1269 ubi
2745 1215 2822 1267 ait
2850 1233 2862 1267 :
2890 1213 3019 1268 Esto
3046 1215 3367 1268 consentiens
3390 1214 3754 1271 adversariotuo
3774 1220 3859 1281 cito.

2365 1307 2490 1362 dum
2516 1323 2571 1360 es
2600 1306 2655 1360 in
2695 1307 2780 1360 via
2808 1322 2927 1360 cum
2953 1322 3038 1371 eo,
3074 1321 3137 1360 ne
3170 1305 3306 1375 forte
3331 1308 3504 1360 tradat
3532 1316 3577 1360 te
3603 1308 3859 1365 adversaria

2357 1396 2563 1468 judici,
2596 1403 2645 1450 et
2687 1394 2857 1465 judea;
2900 1394 3076 1449 tradat
3130 1404 3179 1448 te
3214 1395 3472 1459 ministro,
3503 1405 3546 1449 et
3579 1397 3629 1449 in
3672 1412 3861 1451 carcerem

2366 1490 2615 1544 mittaris.
2644 1488 2809 1543 Amen
2836 1487 2953 1542 dico
2994 1487 3108 1553 tibi,
3135 1503 3241 1542 non
3268 1487 3408 1542 exics
3428 1488 3564 1554 inde,
3592 1490 3729 1544 donec
3749 1491 3862 1562 773

2369 1581 2558 1635 reddas
2603 1581 2942 1635 novissimum
2980 1579 3348 1652 quadrantem.
3382 1580 3513 1636 Nam
3550 1581 3646 1637 tale
3670 1583 3861 1653 estquod

2370 1670 2446 1725 ait
2473 1688 2486 1724 :

676 1758 760 1813 sui
798 1758 1043 1829 quotidie
1071 1758 1411 1828 dispensant,
1442 1766 1498 1811 et
1538 1754 1918 1811 nummulariis
1946 1771 2010 1809 ne
2038 1754 2272 1826 negotia-
2304 1762 2348 1821 Β
2450 1759 2689 1815 Tradidit
2719 1777 2843 1815 eum
2868 1761 3151 1816 tortoribus
3178 1779 3447 1834 quomque
3476 1740 3693 1820 ’τεάαενα
3715 1769 3859 1820 “nam.

675 1852 889 1907 toribus
930 1853 998 1905 ad
1047 1850 1433 1922 negotiandum
1480 1862 1543 1903 ea
1590 1848 1961 1903 committunt.
2011 1846 2185 1900 liabet
2216 1853 2272 1900 et

675 1942 833 2008 alios,
866 1957 1004 2012 quos
1039 1942 1142 1996 iste
1187 1955 1377 1995 servus
1419 1939 1652 2008 pessime
1694 1937 1945 2009 flagellat.
2000 1937 2173 1993 liabet
2216 1946 2273 1992 et

678 2033 841 2086 istuut
883 2032 1201 2103 pessimum,
1231 2031 1285 2085 in
1314 2046 1421 2100 quo
1448 2038 1573 2085 sunt
1611 2044 1801 2084 omnes
1830 2029 1921 2098 qui
1965 2030 2271 2083 universam

681 2123 777 2177 Dei
813 2122 1111 2178 Ecclesiam
1163 2121 1494 2176 conturbant
1524 2136 1586 2175 ac
1622 2120 1905 2185 divclhmt,
1937 2129 1993 2174 et
2024 2120 2273 2173 conscin-

679 2212 808 2267 dere
837 2226 944 2266 non
984 2215 1251 2265 metuunt.
1295 2210 1473 2265 llabet
1515 2222 1569 2264 et
1606 2210 1740 2265 istos
1778 2210 1868 2279 qui
1899 2207 2014 2277 ejus
2047 2207 2275 2279 injurias

680 2300 825 2357 ferre
860 2306 1157 2372 nequeunt,
1184 2303 1276 2373 qui
1310 2303 1704 2358 contristantur
1737 2317 1837 2371 pro
1867 2300 2064 2356 talibus
2092 2301 2143 2355 iu
2177 2300 2274 2356 lic-

679 2390 845 2446 clesia
890 2406 1011 2461 qua:
1060 2390 1215 2446 fiunt.
1261 2390 1376 2446 Non
1428 2391 1572 2460 quod
1631 2391 1852 2445 tristitia
1902 2390 2131 2460 pmnalis
2167 2389 2275 2444 ulla

679 2481 842 2537 cadat
869 2481 922 2536 in
951 2480 1195 2551 angelos,
1222 2483 1317 2537 sed
1347 2482 1472 2551 quia
1501 2483 1582 2536 eis
1607 2497 1710 2535 non
1739 2481 1957 2551 placent
1985 2480 2127 2535 mala
2155 2495 2276 2549 quae

680 2572 836 2627 ﬁunt.
868 2571 1162 2643 Propterea
1189 2573 1502 2628 contristari
1538 2572 1692 2626 valde
1723 2572 1996 2636 dicuutttr,
2030 2586 2131 2627 nec
2171 2571 2275 2624 itu-

680 2665 896 2726 merito,
923 2680 1046 2720 cum
1071 2672 1126 2720 et
1154 2663 1414 2719 Dominus
1442 2665 1601 2718 irasci
1634 2664 1845 2718 dicatur
1874 2662 2037 2735 772
2062 2678 2128 2718 ac
2154 2677 2280 2733 gau-

682 2754 847 2819 dere,
892 2752 1239 2823 reliquasque
1285 2752 1599 2808 affectiones
1646 2753 1894 2806 humanae
1929 2753 2128 2808 mentis
2176 2753 2278 2807 ha-

685 2846 837 2901 bere.
864 2843 1037 2899 Porro
1065 2843 1209 2915 quod
1232 2843 1300 2898 ab
1330 2843 1536 2914 angelis
1567 2842 1761 2897 factori
1792 2853 1978 2897 nostro
2006 2838 2169 2914 atque
2194 2844 2281 2913 ju-

687 2935 797 2991 dici
828 2937 1069 3008 quotidie
1117 2944 1303 2993 nostra
1350 2938 1733 2992 renuntiantur
1762 2951 1963 3006 opera,
2010 2952 2103 2991 seu
2140 2939 2280 2990 bona
2336 2946 2339 2953 '

687 3023 908 3090 fuerint,
937 3040 1031 3081 seu
1071 3025 1233 3091 mala,
1263 3025 1450 3080 multis
1482 3027 1533 3079 in
1572 3025 1705 3080 locis
1741 3025 2149 3097 Scripturarum
2196 3027 2283 3081 de-

2371 1868 2487 1906 sum
2516 1850 2767 1905 debitum.
2800 1849 2973 1918 Quale
3000 1860 3056 1906 et
3085 1852 3192 1907 hoc
3210 1851 3378 1922 iudex
3407 1850 3577 1907 tradat
3598 1863 3642 1908 te
3662 1854 3861 1917 ministro,

2371 1951 2426 1998 et
2452 1943 2503 1997 in
2534 1957 2815 1997 carcerem
2846 1941 3103 2008 mittaris,
3137 1957 3241 1998 nec
3267 1942 3419 1998 exies
3454 1942 3591 2008 inde,
3618 1944 3758 1998 donec
3778 1944 3861 1997 red-

2372 2035 2470 2089 das
2493 2035 2844 2090 novissitnum
2871 2036 3251 2104 quadrantem.
3278 2033 3437 2103 Quia,
3461 2035 3639 2096 donec,
3664 2042 3709 2088 et
3724 2050 3861 2102 quous-

2373 2143 2508 2197 que,
2540 2142 2703 2181 uuuut
2736 2140 2955 2181 sensum
2986 2125 3190 2181 habere
3223 2125 3520 2194 probantur
3557 2126 3606 2179 iu
3649 2125 3864 2193 Scripturis

2375 2219 2590 2273 divinis.
2620 2216 2755 2270 Nam
2790 2225 2847 2272 ct
2877 2215 3099 2273 Gracus
3132 2214 3504 2273 indifferenter
3537 2233 3626 2288 pro
3659 2217 3807 2277 donec.
3828 2224 3864 2269 ct

2373 2327 2642 2382 quousque
2667 2311 2764 2374 ἕως
2795 2317 3007 2365 tantum
3038 2310 3225 2365 habet.
3262 2309 3393 2378 Qua:
3420 2323 3592 2380 partes
3614 2324 3745 2380 quam
3770 2322 3865 2378 sape

2377 2418 2476 2473 pro
2508 2400 2718 2455 infinito
2749 2409 3039 2471 ponuntur,
3058 2401 3214 2479 sicut
3241 2402 3345 2457 hoc
3369 2402 3508 2466 loco,
3529 2417 3590 2457 eo
3611 2400 3726 2472 quod
3745 2414 3864 2471 pana

2384 2495 2736 2565 rcproborum
2780 2494 3004 2549 infinita:
3033 2494 3354 2549 creduntur.
3397 2493 3501 2551 Sed
3524 2498 3650 2565 quod
3679 2494 3764 2548 illic
3783 2494 3861 2545 ait:

2383 2584 2741 2639 Nouissimam
2780 2580 3162 2655 quadrantem,
3219 2584 3328 2640 hoc
3363 2585 3450 2641 hic
3490 2587 3742 2640 uniuersum
3771 2583 3865 2635 deii-

2380 2689 2489 2731 tum
2517 2678 2687 2740 dit‘it;
2736 2678 2862 2747 quia
2909 2676 3020 2733 illic
3053 2677 3335 2747 persolvet
3376 2679 3609 2734 universa
3634 2678 3863 2733 delictorum

2382 2771 2584 2828 debita.
2616 2772 2692 2827 lta
2724 2782 2784 2827 ut
2808 2774 2950 2829 sicut
2976 2773 3066 2828 hic
3090 2787 3253 2828 suam
3283 2773 3455 2829 noluit
3485 2772 3626 2828 finire
3656 2769 3865 2826 crudelita-

2385 2873 2517 2928 tem,
2546 2880 2644 2919 ncc
2676 2865 2786 2920 illic
2816 2852 3080 2919 finiantur
3103 2864 3307 2920 debitae
3332 2877 3517 2935 poenae.
3536 2862 3863 2918 Manifestiusta-

2385 2968 2506 3007 mea
2540 2955 2629 3008 hic
2678 2953 2980 3009 tortoribus
3027 2954 3269 3009 traditur
3296 2970 3456 3024 quam
3496 2967 3642 3023 supra
3686 2949 3863 3010 eumsil.

2385 3046 2634 3117 Etjudex
2666 3046 2845 3121 tradet
2881 3055 2932 3100 te
2962 3045 3216 3101 ministro
3240 3087 3254 3111 ,
3293 3047 3420 3115 quia
3459 3060 3550 3115 per
3575 3043 3863 3099 ministrumet

687 3113 930 3209 (ἶίπδίΨ
976 3123 1321 3181 “Mummi
1371 3130 1401 3168 “
1450 3115 1633 3209 "mm?
1681 3131 1896 3209 (ιυίξίιυβ
1955 3115 2279 3209 Ρῗίὲίηοθίοτ
2307 3129 2355 3190 C
2384 3113 2610 3209 possunt
2638 3114 2771 3200 boni
2810 3136 2990 3207 angeli
3034 3137 3269 3209 intelligi
3294 3113 3321 3204 ,_
3343 3113 3563 3208 quorum
3605 3132 3746 3197 ollicio
3779 3129 3863 3184 illud

688 3205 1031 3274 doctoribus,
1054 3223 1308 3278 quorum,
1338 3217 1395 3261 ut
1424 3223 1585 3278 supra
1612 3206 1719 3277 iam
1763 3207 1894 3272 dixi,
1928 3207 2120 3262 ot'liciis
2144 3222 2279 3277 pra:-

674 3312 815 3353 -sens
844 3298 1052 3367 regitur
1077 3306 1132 3354 et
1167 3299 1455 3370 adjuvetur
1496 3299 1756 3355 Ecclesia.
1785 3298 1939 3365 Quod
1968 3300 2115 3353 enim
2145 3299 2189 3353 si
2222 3299 2278 3353 in

691 3389 852 3443 terris
879 3388 1056 3445 nullus
1084 3405 1179 3445 rex
1206 3398 1310 3457 est,
1339 3391 1428 3460 qui
1469 3408 1575 3445 non
1612 3391 1724 3446 suis
1763 3390 2020 3444 iniciatur
2064 3389 2283 3459 appari-

690 3481 918 3545 toribus,
950 3480 1037 3536 cui
1083 3494 1189 3535 non
1224 3481 1505 3552 condignis
1536 3481 1824 3544 serviatur,
1852 3488 1910 3534 et
1955 3496 2061 3535 tton
2106 3478 2282 3534 admi-

692 3569 958 3637 nistretur
994 3570 1280 3637 ministris,
1309 3579 1514 3642 quanto
1560 3571 1733 3641 magis
1761 3570 2138 3626 universorum
2180 3569 2285 3624 Do-

692 3661 841 3717 mino
881 3661 1214 3717 credendum
1255 3671 1359 3728 est,
1406 3661 1549 3731 quod
1594 3660 1773 3732 angeli
1805 3660 2200 3726 obsecuttdent,
2230 3669 2289 3715 et

693 3752 1004 3808 ministrent
1052 3753 1109 3809 in
1141 3752 1340 3809 auxilio
1370 3751 1631 3808 Ecclesia:
1674 3751 1949 3823 deputati,
1993 3759 2050 3807 et
2082 3751 2147 3807 in-
2186 3750 2285 3806 de-

693 3841 939 3899 fensione
963 3854 1296 3900 sanctorum.
1322 3843 1469 3911 Quos
1494 3844 1620 3914 quia
1645 3843 1779 3899 tales
1806 3858 1912 3897 non
1944 3843 2163 3903 timent,
2191 3839 2284 3912 qui

695 3930 824 3998 Dei,
854 3932 1078 4002 suisque
1101 3931 1454 4002 vectigalibus
1483 3940 1540 3986 et
1583 3930 1887 4002 pressuris,
1910 3937 2193 3986 coarctant
2233 3938 2290 3985 et

695 4024 1077 4096 constringunt
1104 4038 1315 4089 servos,
1344 4023 1514 4079 velint
1559 4023 1754 4088 nolint,
1798 4023 2037 4078 sentient
2064 4036 2290 4076 accusa-

600 4096 618 4116 “
697 4127 844 4170 tores
862 4114 1026 4169 etiam
1049 4122 1104 4169 et
1129 4123 1441 4180 exactores;
1469 4112 1726 4183 quoniam
1749 4111 1847 4182 ipsi
1873 4110 2083 4167 venturi
2107 4110 2288 4164 dican-

700 4218 787 4261 tur
813 4206 867 4260 in
893 4190 997 4262 hoc
1025 4206 1140 4277 ipso
1163 4204 1474 4276 Evangelio,
1493 4213 1552 4258 ut
1581 4203 2101 4275 colligantuniversa
2126 4218 2289 4256 scan-

699 4294 821 4351 dala
848 4296 913 4351 de
945 4312 1112 4368 regno
1138 4296 1364 4361 Christi,
1392 4313 1513 4365 qua:
1544 4296 1631 4350 isti
1660 4294 1880 4366 pessimi
1908 4293 2051 4350 servi
2083 4303 2137 4348 et
2166 4314 2195 4345 ιι
2218 4294 2287 4349 ali

698 4386 993 4442 crudeliter
1044 4389 1365 4443 intulerunt.
1410 4387 1477 4442 Et
1525 4386 1820 4442 notandum
1869 4385 2001 4457 quia
2045 4385 2289 4441 volentes

700 4478 957 4549 adjuvare
985 4494 1108 4535 eum
1136 4481 1226 4553 qui
1260 4480 1457 4535 missus
1495 4478 1672 4532 fuerat
1715 4478 1768 4532 in
1809 4492 2110 4543 carcerem,
2144 4477 2288 4548 quod
2318 4486 2368 4547 ι)

703 4584 810 4623 non
839 4568 976 4623 dixit
1020 4570 1373 4625 detraxerunt
1401 4569 1486 4623 vel
1532 4566 1874 4633 inflixernnt,
1908 4568 2003 4622 sed
2034 4582 2291 4623 narrave-

704 4669 831 4715 runt
866 4675 984 4730 qua:
1014 4660 1230 4714 {iterant
1269 4670 1411 4724 acta,
1458 4658 1615 4729 quasi
1662 4672 1778 4713 rem
1826 4667 2030 4728 gestam
2077 4666 2136 4712 et
2182 4671 2289 4711 non

706 4752 885 4807 fictam
917 4752 1000 4806 vel
1032 4750 1245 4805 f'alsaut.

678 4858 688 4881 ’
776 4868 846 4924 Et
895 4879 1016 4923 tunc
1061 4885 1249 4923 uocans
1295 4884 1415 4920 eum
1458 4866 1706 4919 dominus
1753 4881 1884 4919 suus
1931 4864 2026 4917 ait.
2070 4862 2187 4918 Non
2232 4870 2292 4917 ut

702 4962 858 5034 prius
888 4977 985 5031 pro
1015 4960 1236 5023 damno,
1273 4958 1367 5015 sed
1396 4955 1635 5011 atrocius
1679 4970 1778 5027 pro
1806 4969 2073 5009 conservo
2121 4954 2288 5008 misso

703 5053 757 5106 in
800 5065 1043 5107 carcere.
1073 5049 1313 5103 Primum
1342 5048 1486 5101 enim
1520 5046 1733 5101 locutus
1755 5053 1841 5100 est
1868 5046 2008 5101 sicut
2034 5044 2155 5114 pius
2194 5059 2290 5099 rex

705 5156 753 5194 ιιι
804 5130 1150 5205 misericors,
1203 5153 1377 5209 neque
1424 5138 1811 5211 intpruperavit
1859 5137 2057 5208 aliquid
2104 5144 2164 5190 ιιι
2206 5136 2291 5189 di-

706 5244 854 5289 cet-ct
894 5234 942 5287 ei
973 5249 1129 5288 serve
1179 5246 1411 5303 nequam
1457 5241 1513 5286 et
1546 5230 1705 5285 male.
1754 5227 1861 5284 Sed
1890 5244 2012 5289 cum
2051 5242 2156 5283 non
2191 5229 2290 5282 ha-

707 5334 857 5380 ncret
889 5326 1029 5379 unde
1063 5324 1331 5391 redderet,
1354 5322 1518 5393 jussit
1551 5338 1674 5378 eum
1703 5338 1800 5393 pro
1823 5321 2004 5378 debito
2035 5320 2290 5385 vendere,

710 5427 768 5472 ut
798 5419 1063 5481 dixeram,
1109 5416 1160 5471 id
1189 5427 1271 5473 est
1300 5415 1575 5472 venditum
1623 5415 1963 5470 denuntiare.
1996 5414 2073 5467 Ac
2099 5412 2293 5468 deinde

709 5502 1114 5578 cumprccibns
1154 5524 1277 5563 cum
1322 5508 1615 5579 pulsasset,
1642 5507 1847 5562 dimisit
1886 5522 2006 5562 eum
2039 5498 2292 5568 liberum,

699 5607 761 5676 ut
790 5599 969 5652 omnia
1007 5584 1213 5653 dimisit
1244 5599 1312 5654 ei.
1358 5598 1511 5654 Nunc
1540 5610 1720 5656 autent
1750 5600 2079 5669 improperal
2117 5607 2171 5653 et
2200 5597 2294 5652 ob-

712 5700 906 5760 iurgat,
939 5708 1096 5763 quem
1135 5692 1247 5763 jam
1303 5694 1540 5759 laudent,
1586 5693 1774 5759 iratus,
1814 5693 2033 5747 tradulit
2083 5692 2296 5747 tartari-

2383 3229 2855 3284 administrabitnr
2886 3244 3147 3293 examen,
3181 3243 3311 3284 cum
3359 3228 3716 3300 separahuntur
3736 3221 3825 3277 [toni
3844 3234 3863 3270 a

2386 3320 2569 3386 malis,
2589 3328 2645 3375 et
2671 3319 2799 3374 mali
2829 3328 3120 3375 exactores
3146 3332 3439 3390 pinnarum
3457 3359 3471 3384 ,
3498 3317 3668 3388 quibus
3688 3308 3863 3367 tradendi

2386 3420 2516 3467 sunt
2536 3426 2727 3465 omnes
2763 3409 2981 3480 reprobi
3007 3451 3023 3474 ,
3065 3409 3293 3479 quando
3322 3409 3560 3464 dicturus
3583 3415 3652 3461 est
3669 3403 3792 3474 judex
3810 3398 3864 3452 liis

2385 3503 2475 3573 qni
2510 3518 2540 3556 a
2582 3502 2820 3557 sinistris
2848 3511 3010 3556 erunt
3034 3518 3047 3555 :
3084 3499 3356 3555 Discedite
3382 3517 3416 3554 a
3443 3515 3551 3565 me,
3578 3491 3806 3555 maledicti,
3829 3488 3863 3540 in

2384 3590 2555 3662 ignem
2577 3599 2853 3654 teternum,
2873 3589 2963 3659 qui
2984 3598 3200 3658 paratus
3224 3598 3307 3644 est
3333 3588 3539 3644 diabolo
3563 3598 3607 3642 et
3623 3578 3864 3655 angelis:er

2387 3679 2602 3753 (Matth.
2636 3695 2765 3745 xxv,
2788 3680 2903 3750 41).
2930 3677 3183 3735 Servavit
3203 3690 3393 3736 autem
3416 3679 3744 3750 metaphoram
3761 3684 3863 3726 suam

2387 3792 2418 3830 a
2450 3772 2737 3844 principio,
2767 3786 2833 3826 ex
2876 3785 2984 3842 quo
3038 3784 3269 3840 regnum
3316 3772 3566 3828 cmlorum
3612 3763 3751 3823 simile
3787 3770 3866 3814 esse

2387 3865 2526 3921 dixit
2545 3862 2746 3917 homini
2767 3862 2898 3931 regi,
2915 3862 3004 3932 qui
3021 3858 3169 3933 coepit
3198 3862 3461 3917 rationem
3471 3875 3642 3932 ponere
3658 3869 3749 3910 cum
3759 3847 3863 3905 mat

2387 3955 2519 4020 suis,
2549 3968 2718 4024 usque
2745 3952 2800 4008 in
2831 3952 3016 4019 fittcm,
3047 3953 3271 4022 quando
3303 3954 3443 4009 idem
3468 3951 3639 4021 iudex,
3661 3945 3861 4017 quietrex

2389 4060 2549 4114 supra
2575 4043 2750 4099 dictus
2771 4051 2874 4110 est,
2896 4043 3299 4098 consummabit
3320 4043 3576 4099 rationem
3590 4035 3863 4111 judiciitlm‘

2391 4138 2444 4192 in
2475 4136 2651 4207 primo
2676 4134 2911 4190 adventu
2948 4149 3047 4188 suo
3073 4133 3246 4204 coepit
3279 4149 3481 4206 ponere
3513 4147 3599 4188 seu
3625 4146 3651 4184 a
3683 4119 3867 4199 principio

2366 4227 2594 4292 saeculi,
2622 4234 2677 4282 et
2703 4226 2994 4296 complevit
3018 4225 3275 4281 universa
3306 4235 3367 4281 ut
3389 4225 3540 4281 bonis
3568 4221 3772 4277 restituat
3790 4224 3868 4281 qum

2389 4327 2710 4392 gesserunt,
2753 4333 2890 4388 quos
2934 4318 3035 4373 iste
3066 4317 3245 4373 malus
3291 4316 3477 4373 afﬂixit
3504 4316 3768 4376 servus,et
3788 4299 3869 4357 huic

2389 4412 2629 4483 pessimo
2648 4426 2808 4467 servo
2832 4426 2929 4465 sua
2956 4410 3279 4466 adnumeret
3299 4425 3419 4481 qua:
3439 4406 3537 4464 sibi
3559 4397 3868 4483 thesattritattt.

2394 4480 2450 4557 et
2472 4502 2751 4558 conservis
2779 4502 2893 4556 suis
2920 4499 3218 4557 crudeliter
3246 4495 3645 4572 agendointulit
3670 4487 3793 4546 mala.
3813 4480 3875 4537 ld-

2394 4593 2544 4648 circo
2574 4591 2655 4647 sic
2676 4590 3050 4661 accipiendum
3078 4597 3163 4645 est
3183 4630 3197 4654 ,
3233 4600 3294 4646 ut
3318 4605 3418 4662 per
3443 4600 3594 4644 omne
3623 4590 3787 4650 tempus
3807 4572 3879 4623 istc

2396 4700 2537 4744 unus
2573 4693 2796 4756 propter
2824 4683 3089 4739 unitatem
3125 4668 3376 4755 corporis
3409 4695 3626 4755 quorum
3650 4668 3880 4744 caputesl.

2396 4775 2645 4835 diabolus
2665 4790 2829 4830 omne
2855 4788 3025 4844 genus
3053 4774 3323 4829 malorum
3351 4773 3679 4840 intelligatur,
3701 4770 3820 4832 quam
3846 4760 3881 4802 ιιι

2396 4868 2463 4924 ad
2505 4867 2665 4922 aliam
2707 4864 3119 4938 intelligentiam
3150 4864 3420 4937 generalis
3447 4866 3554 4920 haec
3589 4850 3818 4915 sententia,
3847 4848 3883 4890 ιιι

2394 4960 2615 5031 quidam
2648 4958 2856 5023 volunt,
2887 4957 3187 5027 derivetur,
3214 4957 3308 5028 qui
3339 4966 3566 5013 tortores
3587 4951 3724 5008 etiam
3741 4941 3880 5032 donli:

2400 5069 2529 5109 num
2556 5061 2747 5109 contra
2772 5049 2990 5107 Judmos
3011 5051 3315 5106 exercitum
3339 5049 3548 5105 venisse
3569 5040 3735 5115 quibus
3752 5024 3882 5122 trtttll.il

2398 5155 2566 5212 sunt,
2599 5147 3054 5215 interpretantur.
3104 5142 3211 5198 Sed
3240 5143 3459 5199 videant
3500 5131 3736 5210 quomodo
3759 5128 3882 5178 0111⁸³⁸ς

2399 5239 2513 5292 inec
2534 5235 2787 5307 parabola
2837 5235 2964 5290 huic
2984 5236 3165 5290 sensui
3194 5233 3483 5290 convenire
3508 5225 3680 5300 possit,
3702 5224 3796 5274 cum
3814 5216 3878 5307 ης(

2398 5326 2746 5395 principium,
2769 5339 2869 5378 nec
2904 5323 3060 5389 finis,
3088 5324 3273 5393 utique
3304 5337 3404 5377 nec
3431 5318 3647 5375 medium
3671 5322 3791 5377 eius.
3813 5293 3877 5350 ³¹¹⁸

2397 5415 2524 5486 quid
2550 5416 2754 5473 eisdem
2787 5416 2949 5471 dictis
2978 5414 3270 5471 consentit.
3308 5412 3461 5469 Unde
3494 5405 3717 5478 sequitur
3734 5412 3752 5486 ξ

2470 5506 2561 5561 Sic
2594 5505 2756 5561 Pater
2794 5523 2938 5562 meus
2975 5504 3193 5560 calcatis
3234 5504 3387 5574 faciet
3419 5499 3553 5555 vobis
3591 5495 3631 5548 si
3664 5480 3792 5561 774
3812 5487 3878 5575 Ψ

2403 5601 2702 5656 remiseritis
2730 5599 3026 5654 hominibus
3052 5596 3403 5668 unusquisque
3420 5593 3486 5648 de
3508 5587 3723 5646 cordibus
3742 5577 3878 5668 rem":

2405 5691 2501 5748 Ubi
2550 5691 2890 5761 apertissime
2933 5690 3169 5746 declarat
3202 5665 3332 5759 pius
3376 5684 3648 5740 Dominus,
3687 5670 3740 5725 ad
3772 5665 3886 5731 ίῐ¹¹²⁴1η
