4008 6354
158 345 233 398 6ll
879 338 1238 397 EXPOSITIG
1276 340 1340 396 IN
1379 339 1686 396 ΜᾹΤἸΊΙΑΞ

1790 345 1815 396 “.
1856 373 1921 380 -
1961 339 2086 396 LIB.
2133 341 2262 408 Vill,
2305 343 2457 398 CAP.
2500 340 2679 398 XVIII.

3297 346 3400 401 642

157 457 530 528 intelligentiam
562 455 706 510 hanc.
743 457 1082 526 proposuerit
1119 457 1429 526 parabolam
1455 500 1467 519 .
1503 467 1560 510 ut
1597 467 1705 510 tota
1739 461 1781 516 Α
1811 459 1954 525 quod
1985 457 2025 510 si
2064 473 2159 527 per
2182 473 2397 511 omnem
2435 459 2632 512 seriem
2668 458 2874 511 Veteris
2904 456 3236 513 'l‘estamenti
3271 476 3399 513 con-

155 553 209 604 de
233 547 551 617 indulgentia
580 557 635 602 et
667 548 1004 611 remissione,
1032 563 1195 617 quam
1225 549 1322 617 ipsi
1347 563 1376 601 a
1403 549 1511 602 Deo
1541 549 1708 619 gratis

154 639 484 709 percepimus,
516 640 787 708 proposita
829 639 1101 698 credatur,
1135 648 1189 690 ut
1220 640 1345 708 quia
1393 655 1489 692 nos
1521 640 1708 692 fratri-

153 733 236 785 lus
260 738 308 782 et
332 728 611 782 conservis
648 729 998 783 devotissime
1033 729 1277 782 eamdem
1304 731 1533 799 gratiam
1569 743 1708 798 pnn-

152 834 274 876 stare
299 821 612 875 debeamus.
645 820 718 874 Ex
747 836 850 890 qua
888 822 1153 874 sententia
1187 822 1292 874 duo
1326 831 1511 876 notare
1541 823 1703 877 debe-

113 931 118 936 ·
152 929 266 972 nius,
296 927 456 964 unum
490 911 633 979 quod
671 912 747 964 ait
779 930 790 964 :
821 910 908 964 Sic
937 908 1100 964 Pater
1130 927 1274 965 meus
1300 914 1516 966 ccclesiis
1549 915 1704 984 faciet

150 1005 296 1064 vobis;
324 1001 555 1055 alterum
579 1016 744 1056 vero:
776 1003 836 1056 Si
859 1020 961 1056 non
984 1004 1282 1057 remiseritis
1310 1005 1617 1061 hominibus
1642 1008 1705 1061 de

148 1094 362 1146 cordibus
385 1094 588 1146 vestris.
617 1093 882 1160 Quoniam
908 1095 1117 1147 dualms
1145 1092 1264 1150 istis
1290 1099 1573 1152 sententiis
1597 1109 1704 1152 ter-

147 1185 274 1237 ribile
308 1194 390 1238 est
421 1187 567 1253 quod
609 1185 880 1248 ostendit,
909 1187 1126 1255 quando
1171 1188 1223 1241 in
1255 1205 1362 1242 uno
1404 1192 1703 1261 eodemque

145 1291 306 1337 servo,
345 1292 409 1329 ac
447 1277 492 1329 si
527 1277 579 1329 in
624 1277 806 1345 specie
851 1285 1019 1332 totum
1049 1294 1250 1349 genus,
1279 1289 1333 1333 et
1370 1296 1558 1349 prunas
1585 1300 1702 1337 om-

143 1368 264 1420 nium
293 1367 558 1421 malorum
583 1369 860 1430 describit,
887 1385 991 1423 non
1019 1371 1160 1440 quod
1189 1372 1328 1426 alius
1359 1374 1429 1426 sit
1460 1375 1560 1428 iste
1587 1391 1702 1430 ser-

142 1471 220 1508 vus
247 1471 402 1524 quem
429 1458 703 1525 proponit,
737 1467 791 1512 et
819 1458 909 1513 alii
938 1457 1028 1529 qui
1050 1462 1118 1514 ad
1148 1459 1262 1530 ejus
1289 1459 1518 1517 formam
1548 1465 1700 1518 dam-

140 1545 282 1598 nandi
311 1547 582 1607 dicuntur,
615 1549 708 1602 sed
737 1549 850 1618 ipse
883 1550 988 1604 erit
1017 1551 1118 1604 iste
1161 1568 1348 1607 servus
1389 1555 1698 1625 quicunque

139 1637 195 1688 de
234 1637 390 1690 corde
417 1637 568 1690 fratri
602 1653 702 1692 suo
747 1655 854 1694 non
888 1641 1177 1696 remiserit.
1209 1641 1475 1697 Servatur
1514 1654 1697 1699 autem

137 1724 329 1779 arbitrii
375 1725 595 1782 libertas
625 1729 766 1783 inter
795 1730 1106 1785 innumeros
1131 1746 1318 1788 servos
1345 1735 1435 1802 qui
1466 1735 1697 1790 voluerit

1809 548 2050 611 sideres,
2105 550 2347 604 invenies
2406 550 2551 603 hunc
2597 564 2880 603 numerum
2931 551 3394 606 hebdomadarum

1811 640 2130 709 mysticum.
2157 655 2249 693 seu
2275 649 2460 694 currat
2502 655 2600 709 per
2637 641 2753 694 dies
2777 649 2833 694 ut
2876 642 3160 695 sabbatum
3192 641 3392 699 iaciat.

1809 745 1902 782 seu
1930 747 2026 800 per
2049 732 2405 800 septimanos,
2447 741 2505 784 ut
2549 730 2902 785 Pentecosten
2947 733 3102 787 nobis
3142 734 3392 803 impleat;

1807 836 1900 873 seu
1923 838 2045 875 cum
2069 831 2322 890 properat
2344 837 2438 892 per
2459 838 2690 883 menses,
2713 831 2771 874 ut
2795 824 3008 892 septimi
3036 825 3236 877 mensis
3260 827 3393 878 festa

1806 921 2108 974 consecret,
2136 929 2343 967 necnon
2371 925 2567 967 etcum
2592 913 2738 965 vadit
2760 928 2857 982 per
2878 930 3110 967 animam
3135 917 3394 984 septima-

1807 1016 1930 1053 nam
1965 1000 2093 1055 facit
2137 1017 2336 1055 annum
2388 1003 2480 1071 qui
2515 1001 2758 1070 requiem
2806 1003 2900 1055 dat
2947 1012 3122 1056 terrae.
3159 1004 3396 1067 Deinde,

1805 1106 1978 1145 nimis
2008 1092 2185 1145 omnis
2216 1093 2470 1145 fraterna:
2499 1091 2845 1160 obligationis
2875 1092 3108 1146 absolvit
3133 1094 3397 1162 septimus

1803 1198 2060 1236 numerus
2081 1198 2366 1245 annorum,
2391 1197 2512 1235 cum
2537 1182 2742 1236 circum
2769 1183 3099 1250 septimanas
3119 1192 3172 1235 et
3191 1199 3394 1236 annum

1802 1271 2310 1342 quinquagesimum
2353 1271 2504 1335 facit,
2548 1272 2640 1340 qui
2673 1287 2848 1325 annus
2873 1270 3130 1325 Jubilzeus
3151 1311 3164 1335 ,
3193 1271 3304 1340 jam
3337 1283 3396 1326 ut

1799 1360 1912 1414 dixi
1936 1370 2184 1425 vocatur,
2210 1362 2433 1431 ipseque
2455 1376 2671 1415 omnem
2698 1361 3086 1429 plenitudinem
3112 1363 3282 1415 venia:
3301 1403 3316 1424 ,
3341 1374 3394 1416 et

1802 1453 2151 1508 remissiones
2178 1454 2418 1507 omnium
2452 1467 2631 1506 rerum
2659 1454 2895 1515 adducit,
2937 1464 2995 1506 ut
3023 1453 3243 1508 tollatur
3273 1470 3390 1509 ser-

1793 1545 1940 1599 vitus
1967 1554 2186 1614 totaque
2214 1544 2434 1599 libertas
2463 1545 2670 1608 redeat,
2694 1552 2751 1596 ut
2783 1544 2974 1614 sopitis
2997 1545 3267 1603 universis
3295 1545 3389 1600 de-

1797 1635 1928 1689 bitis
1957 1645 2013 1688 et
2045 1635 2309 1704 disruptis
2333 1634 2681 1689 cautionibus
2708 1644 2958 1703 resurgat
2983 1635 3199 1690 debitor
3227 1635 3386 1692 liber.

1792 1724 1917 1790 Quo
1942 1739 2074 1778 sane
2103 1739 2329 1778 numero
2350 1723 2526 1794 jurgia
2552 1725 2802 1779 universa
2832 1725 3186 1794 sepeliuntur,
3208 1737 3264 1782 et
3291 1743 3389 1782 cu-

135 1816 316 1868 imilari
340 1818 731 1888 indulgentiam
757 1821 957 1874 domini
981 1822 1062 1874 sui
1088 1823 1140 1876 in
1168 1839 1248 1885 se,
1274 1833 1326 1877 et
1348 1825 1439 1894 qui
1467 1826 1688 1880 voluerit

1799 1813 1994 1882 piditas
2018 1823 2128 1866 tota
2150 1812 2380 1883 deperit,
2405 1824 2458 1868 et
2479 1813 2547 1866 de
2575 1814 2867 1883 cupiditate
2893 1815 3072 1870 omnis
3095 1826 3382 1872 tractatus.

136 1907 490 1962 crudelitatem
525 1925 785 1965 exercere
827 1912 880 1965 in
915 1913 999 1967 his
1040 1913 1248 1982 pusillis
1275 1929 1413 1983 quos
1439 1915 1695 1971 Christus

133 2001 314 2052 vocavit
335 2041 349 2062 ,
383 2003 626 2064 sanavit,
655 2013 708 2057 et
734 2005 967 2073 propriis
990 2006 1232 2060 humeris
1260 2009 1325 2060 ad
1357 2023 1572 2078 gregem
1605 2025 1691 2063 re-

134 2101 326 2157 portare
366 2094 627 2161 suscepit.
660 2092 749 2146 Sic
787 2105 834 2147 et
881 2093 1044 2148 Pater
1078 2114 1255 2160 meus,
1301 2097 1508 2168 inquit,
1538 2101 1693 2168 faciet

132 2177 280 2238 vobis,
316 2181 362 2231 si
409 2197 514 2232 non
556 2184 857 2236 remiscrilis
901 2185 1195 2238 hominibus
1238 2191 1595 2258 unusquisque
1629 2191 1693 2244 de

128 2271 349 2323 cordibus
379 2274 584 2324 castris.
619 2272 786 2326 Nemo
811 2275 909 2327 ista
937 2276 1189 2334 audiens.
1221 2293 1368 2345 rogo.
1403 2295 1690 2334 censuram

125 2357 211 2410 sibi
243 2360 570 2414 remittentis
599 2371 842 2415 assumat
899 2373 953 2418 et
977 2367 1217 2434 imponat
1241 2367 1365 2431 sibi,
1396 2378 1488 2421 aut
1516 2369 1689 2422 deliu-

121 2449 288 2514 quenti
337 2449 389 2500 in
448 2466 505 2504 se
554 2467 746 2505 vanam
804 2456 1278 2524 praesumptionem
1333 2461 1687 2527 persuadeat,

123 2541 320 2604 quando
341 2548 442 2592 aut
476 2542 562 2593 cui
596 2542 874 2611 ignoscere
907 2545 1130 2608 debeat;
1164 2548 1420 2615 quoniam
1453 2549 1531 2602 sic
1561 2565 1690 2618 pro-

122 2627 278 2679 visum
310 2638 393 2682 est
416 2645 445 2681 a
481 2631 570 2699 pio
599 2632 838 2692 medico,
872 2644 929 2686 ut
974 2635 1118 2689 illius
1146 2637 1352 2691 sanitas
1385 2638 1470 2691 cui
1513 2639 1689 2708 parcis

117 2718 174 2769 ad
203 2729 342 2772 luam
371 2720 598 2787 gloriam
632 2734 896 2786 recurrat,
926 2725 1177 2794 illiusque
1202 2729 1352 2781 venia
1388 2738 1534 2782 tuum
1559 2745 1688 2798 prte-

118 2809 270 2861 niium
306 2809 437 2870 fiat,
474 2810 616 2863 sicut
657 2821 713 2865 et
752 2821 841 2866 tua
884 2817 1151 2869 correctio
1188 2818 1268 2868 vel
1316 2816 1646 2887 indulgentia
1671 2859 1685 2882 ,

115 2895 246 2949 illius
288 2899 468 2951 venia.
501 2898 844 2969 Quapropter
886 2901 1229 2958 formidolosa
1263 2908 1528 2960 sententia
1565 2923 1689 2977 pro-

117 2986 208 3040 lata
236 3000 319 3042 est
343 2989 414 3042 ab
441 2993 651 3060 eo,qui
680 2993 842 3045 corda
875 2993 1089 3062 inspicit
1120 2996 1479 3066 singulorum,
1507 3000 1550 3052 si
1580 3016 1684 3054 non

119 3080 420 3133 remiseritis
451 3082 764 3136 hominibus
793 3083 860 3138 de
887 3085 1141 3140 cordibus
1174 3091 1388 3151 vestris,
1419 3101 1474 3144 ut
1502 3094 1688 3146 creda-

1797 1902 2136 1972 Quapmpter
2163 1903 2375 1971 quoties
2401 1903 2602 1972 septies
2639 1903 3046 1972 multiplicatur,
3077 1906 3211 1960 nihil
3237 1907 3383 1961 aliud

1788 2007 1956 2060 quam
1983 1993 2194 2046 veniam
2215 2001 2273 2046 et
2297 1993 2669 2047 remissionem
2694 1992 2873 2056 affert,
2897 1994 2938 2046 si
2964 2003 3108 2047 recte
3124 1996 3386 2050 Christiao

1795 2099 1896 2137 nus
1908 2098 2028 2135 eum
2050 2094 2373 2152 percenseat
2386 2093 2441 2137 et
2460 2083 2707 2137 advertat
2724 2084 2957 2137 auditor.
2977 2086 3240 2150 Quoniam
3259 2103 3382 2142 cum

1790 2176 1978 2229 ﬁnitus
2001 2174 2183 2239 fuerit,
2213 2184 2342 2230 tunc
2365 2190 2488 2230 vere
2515 2177 2752 2230 cessabit
2773 2177 2962 2230 crediti
2987 2187 3299 2232 contractus
3326 2188 3382 2233 et

1794 2266 1981 2318 debiti.
2017 2265 2167 2320 Tunc
2195 2280 2320 2320 vere
2343 2266 2648 2319 abolebitur
2677 2274 2782 2319 tota
2812 2267 3052 2321 conditio
3078 2268 3381 2332 servitutis,

1796 2363 1926 2408 tunc
1951 2354 2039 2407 illa
2066 2355 2245 2408 veniet
2267 2355 2385 2408 sine
2408 2357 2514 2408 fine
2537 2354 2766 2423 gloriosa
2791 2355 3035 2420 libertas,
3067 2365 3195 2410 tunc
3217 2367 3380 2413 teter-

1795 2461 1894 2497 nus
1923 2459 2082 2512 ager,
2115 2460 2328 2514 semper
2361 2444 2549 2497 viridis
2574 2460 2638 2497 ac
2681 2443 2901 2498 ﬂoridus
2948 2448 3236 2501 remeabit.
3267 2447 3377 2502 No-

1791 2536 1932 2588 verit
1951 2535 2190 2589 charitas
2209 2542 2386 2589 vestra
2405 2573 2420 2597 ,
2453 2535 2756 2588 charissimi
2775 2576 2789 2598 ,
2819 2537 2944 2604 quia
2981 2537 3121 2592 sicut
3152 2539 3204 2592 in
3233 2549 3376 2594 terra

1789 2625 1921 2678 latet
1952 2640 2166 2689 aurum,
2199 2625 2271 2678 ita
2298 2625 2514 2678 divinus
2541 2638 2734 2678 sensus
2756 2625 2935 2678 verbis
2959 2625 3166 2679 celatur
3187 2628 3382 2680 huma-

1791 2716 1897 2770 nis.
1929 2715 2092 2787 776
2115 2715 2181 2768 Et
2219 2715 2339 2768 ideo
2367 2714 2795 2783 quotiescunque
2819 2713 3092 2769 Dominica
3137 2724 3376 2770 tractan-

1793 2817 1880 2860 tur
1907 2806 2116 2875 eloquia
2145 2844 2160 2870 ,
2189 2820 2346 2858 meus
2373 2805 2592 2874 evigilet
2612 2844 2626 2864 ,
2655 2805 2867 2858 animus
2899 2805 3169 2869 intendat,
3203 2820 3268 2860 ne
3299 2805 3381 2860 in-

1792 2897 2035 2950 tellectus
2062 2911 2267 2951 vacuus
2295 2895 2531 2949 recedat.
2563 2896 2820 2962 Quinimo
2847 2895 3055 2950 laboret
3078 2913 3202 2950 cum
3226 2898 3375 2950 omni

1790 2987 1967 3039 cordis
2011 2986 2314 3048 desiderio,
2346 2995 2408 3039 ut
2435 2986 2500 3038 ad
2535 2985 2779 3040 cuilestis
2808 2987 3047 3041 scientia:
3080 2989 3254 3057 possit
3287 2989 3375 3042 in-

1793 3089 1935 3132 lrare
1965 3087 2255 3132 secretum.
2285 3078 2352 3133 Et
2372 3079 2631 3148 quidquid
2663 3088 2745 3132 est
2773 3080 2914 3146 quod
2946 3095 3044 3133 nos
3080 3082 3258 3134 minus
3286 3095 3377 3150 pe-

117 3183 225 3221 mus
252 3172 391 3237 quod
420 3171 578 3238 juxta
610 3182 841 3226 mentem
870 3184 1112 3229 nostram
1161 3177 1252 3231 Dei
1281 3181 1550 3234 sententia
1591 3183 1683 3236 Ile-

1790 3180 2006 3221 nctrare
2052 3169 2325 3238 potuimus
2363 3171 2415 3222 in
2460 3169 2559 3222 hac
2590 3169 2878 3237 paralmla,
2921 3185 3017 3224 seu
3063 3171 3115 3224 in
3163 3171 3377 3225 caneris

110 3257 264 3310 clitur
283 3268 446 3326 atque
472 3269 732 3314 mutatur.
762 3261 917 3316 Unde
939 3267 1069 3317 certi
1093 3280 1215 3319 esse
1237 3267 1514 3333 debemus,
1542 3273 1683 3339 quod

111 3346 155 3398 si
192 3362 348 3416 parva
388 3351 706 3404 hominibus
734 3369 839 3404 non
867 3353 1190 3408 dimittimus
1215 3395 1228 3418 ,
1263 3372 1366 3409 nun
1399 3358 1521 3411 dico
1552 3375 1683 3413 voce

107 3449 160 3487 et
194 3438 568 3503 simulatione,
604 3454 790 3494 verum
819 3443 980 3496 etiam
1013 3446 1112 3498 nisi
1144 3462 1215 3499 ex
1261 3455 1374 3500 toto
1431 3451 1592 3503 corde
1631 3460 1686 3503 et

109 3528 254 3580 omni
280 3531 509 3596 puritate
536 3535 733 3587 tuentis
762 3534 1149 3600 dimiserimus,
1175 3539 1300 3607 quia
1331 3541 1525 3594 violata
1556 3543 1686 3594 cha—

114 3616 293 3679 ritate,
332 3618 408 3671 rei
444 3629 699 3675 tenemur.
733 3623 938 3677 Idcirco
983 3640 1141 3679 nemo
1183 3626 1329 3680 dicat
1361 3628 1521 3682 ficte:
1552 3631 1680 3683 nihil

112 3706 281 3761 habeo
307 3719 496 3763 contra
539 3727 697 3775 eum,
732 3712 791 3766 ut
827 3713 1000 3767 solent
1032 3716 1281 3770 homines
1321 3717 1533 3782 dicere;
1569 3719 1681 3787 ipse

111 3800 286 3864 novit,
317 3801 479 3854 habet
505 3803 671 3856 Deum
694 3803 931 3872 judicem
960 3845 974 3868 ,
1002 3821 1106 3858 non
1134 3808 1263 3862 mihi
1286 3824 1417 3862 cura
1446 3818 1532 3863 cst
1551 3810 1680 3878 quid

112 3891 227 3944 velit
256 3907 440 3962 agere,
470 3909 574 3963 ego
602 3895 782 3964 ignovi
827 3897 910 3960 ei;
941 3897 1044 3950 iste
1088 3897 1212 3950 talis
1236 3898 1517 3952 confundit
1553 3917 1678 3953 sen-

108 3984 319 4038 tentiam
346 4001 504 4039 suam
537 3995 592 4039 et
619 3987 960 4040 convincitur
981 4004 1011 4041 a
1042 3989 1374 4042 conscientia
1400 4006 1514 4044 sua.
1544 3991 1680 4057 Quia

106 4076 190 4129 ubi
220 4093 344 4131 vera
376 4080 624 4132 charitas
652 4079 810 4150 775
836 4095 941 4132 non
976 4090 1188 4150 regnat,
1221 4080 1354 4133 falsa
1377 4096 1480 4150 pax
1508 4097 1567 4136 se
1591 4097 1681 4135 co-

111 4165 248 4221 lerat.
282 4167 631 4239 Quapropter
664 4185 878 4224 omnem
915 4170 1056 4224 fictae
1084 4171 1235 4239 pacis
1285 4171 1678 4226 simulationem

99 4259 289 4312 evertit
315 4260 510 4313 dicens
544 4275 556 4309 :
593 4257 684 4312 Sic
710 4259 863 4328 faciet
897 4260 1036 4312 vobis
1069 4257 1232 4312 Pater
1260 4276 1404 4313 meus
1440 4260 1678 4324 caelatis,

104 4347 144 4396 si
166 4364 265 4401 non
294 4350 602 4402 "miseritis
636 4349 945 4404 hominibus
971 4352 1325 4419 unusquisque
1351 4351 1415 4403 de
1437 4349 1680 4403 cordibus

101 4441 289 4492 vestris.
325 4438 392 4492 Et
418 4455 526 4492 non
563 4439 695 4493 dicit
720 4441 948 4508 quoties,
981 4442 1122 4494 sicut
1145 4440 1338 4495 Petrus
1363 4441 1678 4511 interrogat,

1787 3260 1949 3313 dictis
1985 3276 2106 3328 qum
2141 3260 2192 3312 in
2224 3260 2325 3313 hoc
2359 3260 2499 3313 libro
2536 3259 2853 3314 difficillima
2887 3263 3374 3330 pertractavimus,

1788 3351 1901 3417 ipse
1932 3367 1960 3402 a
1992 3350 2198 3419 Spiritu
2229 3360 2418 3404 saneto
2447 3351 2693 3414 edoctus,
2731 3351 2905 3405 fidelis
2935 3355 3181 3415 accedat,
3212 3361 3271 3406 ut
3304 3352 3371 3406 Ii—

1785 3443 1905 3494 dem
1941 3450 2120 3494 teneat
2147 3441 2467 3510 perfectam,
2499 3458 2662 3509 quam
2691 3458 2794 3495 non
2825 3459 2972 3505 caro,
2998 3460 3102 3497 non
3129 3444 3373 3513 sanguis,

1784 3532 1880 3584 sed
1914 3531 2073 3584 Pater
2093 3531 2333 3584 cwlestis
2365 3530 2525 3584 Petro
2555 3533 2834 3585 revelavit.
2870 3533 3069 3586 Deimle
3099 3543 3369 3602 praecepta

1784 3638 1904 3690 qua:
1937 3622 2192 3691 pnccepit
2232 3622 2457 3691 implere
2488 3622 2706 3676 festinet
2737 3624 2875 3678 votis
2899 3663 2914 3687 ,
2949 3635 3007 3677 ut
3047 3625 3112 3678 ad
3144 3626 3371 3680 visionis

1785 3721 2021 3763 montem
2053 3713 2418 3764 conscendere
2443 3712 2652 3779 possit,
2680 3726 2785 3778 quo
2813 3712 2970 3765 simul
3001 3729 3216 3782 semper
3242 3731 3366 3770 cum

1783 3797 1931 3862 Jesu,
1964 3799 2129 3870 Moysi
2156 3808 2209 3852 et
2241 3801 2352 3853 Elia
2384 3800 2528 3854 clare
2554 3801 2926 3870 colloquentes
2946 3804 3138 3857 audire
3169 3816 3366 3874 queat,

1783 3899 1841 3941 ut
1873 3890 1990 3942 ovis
2020 3905 2138 3957 quae
2165 3888 2270 3956 iam
2302 3891 2544 3946 humeris
2567 3890 2659 3944 Dei
2694 3903 2908 3946 revecta
2932 3903 3015 3946 est
3035 3893 3100 3946 ad
3127 3906 3367 3966 gregem,

1781 3994 2058 4046 nunquam
2086 3979 2344 4032 aberrare
2373 3981 2543 4048 possit
2575 3981 2627 4034 in
2665 3980 2799 4041 (ide,
2830 3997 3004 4051 neque
3034 3985 3306 4040 declinare
3334 4003 3364 4040 a

1785 4083 1933 4120 vero.
1966 4067 2048 4121 Ad
2073 4067 2322 4120 ultimum
2349 4108 2364 4132 ,
2396 4084 2578 4137 quaeso
2600 4109 2616 4135 ,
2641 4071 2846 4140 cogitet
2875 4073 3089 4125 devotio
3121 4073 3371 4144 religiosa

1783 4161 2020 4215 fidelium
2043 4172 2203 4217 ex’eo
2223 4162 2341 4217 loco
2360 4177 2468 4231 quo
2490 4163 2907 4233 benignissimus
2931 4165 3178 4219 Salvator
3201 4184 3364 4220 unum

1783 4254 1848 4307 de
1893 4253 2134 4322 parvulis
2171 4254 2360 4307 statuit
2389 4254 2440 4307 in
2472 4254 2650 4307 medio
2679 4254 3044 4323 apostolorum
3070 4295 3086 4317 ,
3120 4265 3178 4309 ut
3207 4272 3273 4311 ex
3305 4273 3372 4311 eo

1781 4362 1970 4400 omnes
1995 4346 2302 4416 exemplum
2325 4345 2579 4415 perfectae
2600 4345 2722 4399 vita:
2745 4355 3017 4414 caperent,
3044 4347 3185 4414 quod
3211 4347 3365 4400 dein-

1783 4451 1912 4504 ceps
1931 4434 1997 4490 de
2028 4436 2386 4490 unanimitate
2406 4444 2460 4489 et
2481 4435 2768 4490 concordia
2793 4435 2942 4503 pacis
2975 4444 3367 4503 pertractatum

105 4543 261 4597 usque
289 4531 522 4598 septies,
553 4545 724 4598 neque
754 4532 893 4586 sicut
919 4532 1034 4600 ipse
1065 4530 1342 4600 respondit
1372 4547 1541 4601 usque
1565 4547 1683 4602 sep-
1711 4511 1758 4568 Ῑ)
1785 4526 1888 4588 sit,
1921 4525 2118 4595 quidve
2146 4526 2210 4579 de
2234 4526 2457 4594 singulis
2487 4525 2820 4594 propositum
2843 4564 2857 4586 ,
2893 4525 2976 4577 vel
3013 4526 3142 4594 quid
3175 4527 3227 4578 in
3265 4527 3372 4579 l‘ine

99 4620 304 4688 tuagies
339 4621 572 4688 septies,
619 4622 742 4682 sed,
778 4621 822 4674 si
854 4636 958 4674 non
1003 4621 1319 4676 dimiseritis
1351 4622 1677 4678 hominibus.

98 4707 157 4760 Et
183 4724 293 4778 quo
323 4710 494 4780 liquet
521 4712 646 4779 quia
672 4710 1018 4780 praiscriptus
1047 4728 1307 4767 numerus
1329 4728 1436 4767 non
1485 4729 1680 4784 angus-

96 4805 166 4850 tat
198 4799 446 4862 veniam,
480 4801 574 4854 sed
603 4801 810 4864 dilatat,
841 4815 906 4856 eo
935 4802 1079 4870 quod
1110 4811 1378 4872 praecepto
1409 4803 1528 4856 finit
1551 4793 1680 4858 obeé

93 4886 314 4952 dientia,
349 4897 406 4942 et
431 4890 550 4942 sine
578 4889 684 4942 fine
710 4890 967 4959 relinquit
999 4891 1316 4957 arbitrium;
1348 4903 1408 4944 ut
1437 4893 1480 4946 si
1502 4908 1676 4962 quan-

95 4985 202 5032 tum
228 4980 398 5050 jubet
425 4979 572 5033 Deus
593 4975 899 5043 remiseris,
927 4989 1133 5035 tantum
1159 4982 1230 5034 sit
1251 4982 1573 5037 obcdientia:
1598 4998 1680 5036 re-

93 5071 345 5134 tributio,
371 5073 457 5125 sin
488 5072 741 5141 amplius,
771 5081 831 5126 ut
852 5073 1115 5143 mysticus
1135 5072 1469 5127 demonstrat
1495 5089 1681 5128 nume-

90 5175 207 5226 rus,
252 5165 335 5219 sit
378 5165 565 5231 gratiae
603 5166 902 5234 praemium.
935 5163 1073 5230 Quia
1120 5180 1218 5218 nec
1247 5174 1453 5218 tantum
1498 5181 1526 5216 a
1570 5165 1680 5218 Deo

90 5269 246 5321 quam
291 5269 446 5324 smpe
486 5257 829 5325 pr:ccipitnr,
863 5267 923 5310 ut
967 5258 1106 5310 ultra
1137 5257 1311 5326 gratia
1341 5271 1446 5311 non
1484 5257 1681 5311 habeat

93 5343 304 5412 locum;
343 5347 594 5414 quamvis
623 5355 679 5401 et
701 5347 893 5416 gratia:
919 5349 990 5402 sit
1041 5348 1239 5402 donum
1272 5348 1555 5417 praeceptis
1585 5347 1677 5401 Dei

86 5439 349 5493 omnibus
384 5439 630 5492 obedire.
667 5438 818 5494 [inde
861 5447 916 5492 et
959 5439 1074 5508 ipse
1117 5439 1378 5508 septimus
1420 5453 1679 5493 numerus

87 5540 247 5595 quem
292 5527 495 5583 Petrus
524 5529 825 5600 proposuit,
871 5530 1121 5599 quamvis
1168 5545 1393 5584 numero
1433 5530 1679 5584 videatur

85 5618 328 5684 parvus,
365 5621 643 5676 invenitur
686 5631 865 5676 tamen
895 5621 1262 5691 amplissimus
1301 5631 1678 5688 sacramento,

69 5710 225 5764 sicut
275 5722 338 5765 et
372 5712 488 5778 ille,
535 5728 658 5766 cum
689 5712 994 5782 septuagics
1023 5712 1222 5782 septies
1253 5711 1675 5782 multiplicatur;

1788 4615 1842 4668 in
1874 4615 1977 4670 hac
2006 4614 2260 4684 parabola
2290 4615 2606 4670 conclusum
2637 4615 2740 4677 sit;
2769 4615 3022 4683 quoniam
3051 4616 3229 4670 omnis
3254 4615 3374 4683 ejus

1787 4708 2119 4778 propositio,
2154 4722 2449 4774 omnesque
2490 4707 2919 4775 assumptiones,
2954 4722 3049 4761 seu
3081 4707 3372 4760 contirma-

1787 4799 1964 4852 tioncs
2009 4798 2440 4862 sententiarum,
2486 4806 2540 4850 et
2570 4797 2623 4850 in
2667 4799 2773 4851 line
2804 4797 2926 4851 talis
2958 4805 3214 4865 tantaque
3243 4813 3372 4850 con-

1785 4891 1986 4954 clusio,
2036 4891 2138 4944 hoc
2183 4890 2436 4944 nimirum
2463 4900 2660 4961 agunt,
2694 4900 2753 4944 ut
2782 4893 3065 4946 unanimes
3093 4906 3371 4960 unumque

1788 4985 1977 5047 simus,
2013 4996 2079 5035 ne
2110 4982 2276 5035 ullum
2307 4981 2504 5038 liedere
2533 4982 2782 5051 velimus,
2813 4999 2991 5054 neque
3025 4998 3220 5053 negare
3251 4982 3367 5048 ulli,

1787 5075 1931 5144 quod
1966 5072 2122 5130 nobis
2148 5073 2395 5142 praestari
2424 5083 2696 5142 optamus,
2735 5077 3002 5144 quatenus
3027 5075 3094 5128 ab
3119 5091 3184 5128 eo
3214 5089 3364 5141 qua:—

1785 5178 2000 5232 cunque
2052 5161 2363 5231 poscimus,
2413 5162 2500 5232 pie
2551 5162 2840 5233 impetrare
2888 5162 3176 5232 possimus.
3227 5159 3363 5226 Quia

1783 5259 2006 5312 omnino
2033 5259 2210 5316 veniet
2242 5266 2368 5312 tunc
2401 5257 2488 5310 illa
2521 5257 2770 5311 remissio
2799 5271 2951 5321 vera,
2984 5254 3071 5308 illa
3099 5253 3368 5310 absolutio

1785 5360 2046 5420 perpetua
2073 5389 2088 5412 ,
2119 5348 2337 5418 quando
2377 5348 2682 5403 abolebitur
2705 5387 2720 5410 ,
2759 5347 2922 5401 etiam
2953 5345 3180 5399 Domino
3222 5359 3365 5413 pne-

1786 5451 1964 5496 stante
1989 5480 2004 5505 ,
2035 5441 2149 5509 ipsa
2183 5440 2477 5494 necessitas
2515 5437 2796 5508 peccandi.
2840 5435 3068 5502 Quando
3106 5443 3365 5504 pereunte

1761 5531 2154 5596 .immunditia,
2185 5531 2417 5586 mundus
2449 5528 2538 5583 ille
2566 5526 2880 5596 redemptus
2908 5541 3033 5580 vere
3066 5526 3176 5595 jam
3210 5539 3366 5576 voca-

1763 5623 1933 5678 bitur
1958 5623 2190 5676 mundus
2217 5635 2231 5674 :
2260 5619 2476 5690 quando
2505 5618 2762 5672 redeunte
2791 5621 2898 5672 vita
2930 5633 3076 5671 mors
3101 5618 3212 5686 jam
3255 5630 3362 5668 nou

1788 5715 1926 5780 erit;
1957 5728 2065 5783 quo
2093 5711 2235 5768 nulla
2265 5719 2454 5779 erunt,
2487 5708 2703 5780 quando
2735 5719 2991 5780 regnante
3020 5709 3237 5764 Christo
3268 5705 3367 5780 soli
