4008 6354
689 306 794 361 645

1506 302 1562 356 S.
1603 300 1684 356 ΡΑ
1696 299 1959 356 SCIIASII
2001 297 2276 353 ιιΑῡΒΕιι

2385 295 2676 353 ABBATIS
2713 291 3161 354 CORBEIENSIS
3779 314 3852 368 liii

690 413 820 470 boni
849 413 1159 485 gaudelmnt
1185 452 1200 475 ,
1248 420 1303 464 et
1335 412 1460 465 mali
1505 426 1700 464 omnes
1730 426 1853 464 eum
1882 409 2099 464 diabolo
2127 417 2280 462 extra
2310 413 2358 472 Α
2386 409 2510 463 vitae
2537 409 2818 480 mysteria,
2847 407 3084 480 pr0priis
3115 422 3213 462 nos
3242 408 3352 463 suis
3374 423 3588 481 reportet
3607 416 3798 478 humeris
3811 431 3858 483 ad

691 509 794 560 hos
826 505 960 559 ﬁnes
981 512 1161 558 erunt.
1196 503 1536 571 Quapropter
1556 514 1728 562 orate,
1763 501 1981 566 fratres,
2007 500 2133 570 quia
2159 515 2276 568 pro~

691 597 874 653 lisitas
903 595 1024 649 libri
1059 594 1220 648 ﬁnem
1249 592 1524 662 postulat,
1557 601 1614 644 ιιι
1641 600 1694 645 et
1727 591 1884 645 nobis
1914 600 1968 644 et
1996 588 2148 642 vobis
2180 588 2282 641 Do-

691 688 873 746 minus
902 688 1061 742 ﬁdem
1092 695 1288 757 augeat
1315 725 1330 749 ,
1376 686 1715 740 demonstret
1740 683 2004 752 praeclara
2039 680 2280 738 etelestis

2387 513 2626 569 gregem,
2650 498 2819 553 donec
2843 498 3004 588 bona,
3031 512 3151 566 quae
3173 499 3448 566 promittit,
3471 503 3634 560 videre
3658 513 3860 576 possimus

2389 589 2440 642 in
2467 597 2608 642 terra
2639 588 2960 652 viventium,
2987 586 3044 644 et
3069 587 3186 644 sine
3213 586 3316 643 ﬁne
3342 597 3534 656 tenere,
3555 593 3612 646 ad
3635 610 3767 664 quem
3783 612 3856 656 te".

2387 680 2587 736 ditnus.

705 863 3857 891 ΝΜ

1773 1019 1941 1092 779
1980 1017 2410 1081 ΡΒᾹΞἘΑΤΙΟ
2454 1016 2666 1077 LIBRI
2705 1015 2923 1077 NON].

759 1333 1045 1403 Nunquam
1093 1328 1253 1400 digne
1281 1325 1414 1381 satis
1453 1323 1662 1379 laudari
1699 1319 2040 1394 philosophia
2079 1326 2278 1388 potest,

689 1425 912 1480 Fratres
937 1417 1374 1483 charissimi,‘cui
1399 1415 1493 1486 qui
1514 1421 1694 1485 paret,
1717 1427 1879 1468 omne
1903 1420 2114 1480 tempus
2149 1417 2280 1462 aeta-

689 1519 759 1571 tis
799 1531 911 1570 suae
961 1512 1164 1584 poterit
1199 1511 1318 1566 sine
1349 1507 1596 1562 molestia
1625 1502 2024 1576 quodammodo
2051 1514 2282 1556 conver-

686 1608 829 1672 sari;
861 1606 986 1676 quia
1017 1618 1153 1674 quos
1179 1599 1433 1656 nutrierit
1465 1613 1496 1653 a
1517 1612 1709 1667 puero,
1737 1595 1903 1651 etiam
1927 1594 1982 1648 in
2003 1601 2282 1648 senectute

686 1713 794 1752 non
817 1695 1040 1752 deserit.
1068 1692 1206 1747 llinc
1231 1699 1317 1746 est
1343 1689 1490 1760 quod
1520 1702 1628 1754 me,
1667 1686 1790 1740 licet
1811 1699 1911 1755 ego
1947 1681 2280 1738 deseruerint

684 1801 828 1850 eam,
862 1800 967 1839 non
991 1799 1148 1854 passa
1171 1790 1256 1836 est
1277 1780 1332 1834 in
1363 1779 1465 1833 hac
1494 1785 1654 1832 aetate
1679 1774 1892 1845 longius
1919 1787 1950 1826 a
1971 1787 2029 1828 se
2050 1771 2280 1840 amplius

685 1875 1043 1946 peregrinari.
1075 1872 1182 1929 Sed
1218 1885 1344 1926 mox
1373 1877 1432 1922 ut
1471 1867 1608 1922 redii
1641 1866 1708 1921 ad
1735 1880 1878 1930 eam,
1905 1863 2132 1918 multum
2156 1863 2278 1916 diu-

685 1983 792 2037 que
823 1967 962 2020 male
1013 1973 1242 2018 vexatus
1289 1959 1632 2016 saecularium
1667 1971 1852 2011 rerum
1895 1954 2078 2018 curis,
2123 1967 2280 2008 reco-

684 2058 847 2128 gnovi
877 2072 1062 2111 veram
1095 2071 1204 2109 non
1252 2065 1375 2107 esse
1407 2050 1552 2105 viam
1581 2048 1778 2120 prioris
1806 2047 1953 2112 vitae,
1978 2054 2034 2100 et
2075 2044 2280 2100 lactare

687 2161 777 2202 me
804 2146 971 2216 coepit
1013 2144 1167 2215 quasi
1198 2156 1451 2212 puerum,
1473 2139 1694 2209 suisque
1720 2150 1971 2192 recreare
2000 2135 2276 2190 uberibus.

687 2239 883 2294 Merito
914 2239 1080 2309 igitur
1123 2237 1248 2305 quia
1276 2247 1571 2303 puerorum
1601 2240 1656 2286 et
1681 2244 1871 2284 senum
1901 2241 2038 2299 pene
2065 2241 2168 2280 una
2197 2233 2282 2279 est

687 2330 953 2394 conditio,
985 2337 1041 2384 et
1069 2325 1359 2396 coaequalis
1386 2339 1575 2378 eorum
1605 2337 1755 2377 mors
1784 2321 1916 2375 mihi
1949 2319 2181 2374 videtur.
2215 2317 2282 2371 Et

686 2423 808 2477 ideo
828 2435 1018 2476 eorum
1050 2431 1262 2488 semper
1290 2425 1645 2484 utrorumque
1681 2412 1820 2467 lacte
1872 2410 2278 2479 Scripturarum

683 2511 990 2565 divinarum
1015 2507 1336 2563 nutriendus
1360 2515 1445 2561 est
1475 2507 1719 2568 animus;
1767 2518 1904 2574 puer
1931 2502 2196 2573 siquidem
2221 2509 2280 2554 ut

682 2612 916 2667 crescat,
947 2615 1112 2656 senex
1141 2615 1270 2654 vero
1298 2613 1368 2653 ne
1395 2597 1628 2662 deﬁciat,
1660 2597 1769 2650 imo
1821 2603 2050 2662 uterque
2089 2605 2279 2646 eorum

687 2703 747 2746 ut
768 2691 1018 2762 proﬁciat
1042 2691 1098 2745 in
1125 2689 1338 2754 melius,
1370 2698 1428 2744 et
1456 2687 1602 2741 vivat
1627 2685 1826 2740 divinis
1849 2684 2080 2738 laetatus
2101 2681 2281 2736 uberi-

685 2785 806 2837 bus.
824 2781 962 2849 Quia
983 2781 1334 2835 sicut-eorum
1360 2793 1500 2832 unus
1515 2785 1600 2831 est
1620 2775 1876 2830 introitus
1901 2775 1970 2828 ad
1995 2775 2185 2836 vitam,
2204 2772 2278 2825 ita

685 2882 742 2926 et
781 2887 923 2926 unus
968 2869 1146 2926 exitus
1172 2878 1295 2939 post
1347 2867 1729 2923 defectionem.
1779 2865 1986 2919 Idcirco
2036 2863 2280 2931 utrisque

684 2961 1096 3024 elaborandum,
1149 2969 1206 3014 ut
1255 2959 1435 3014 sciant
1475 2958 1672 3030 singuli
1699 2957 1882 3012 omnia
1934 2971 2054 3025 quae
2085 2955 2279 3010 divina:

687 3057 900 3128 pagina:
921 3060 1220 3108 noscuntur
1246 3051 1541 3122 pertinere.
1567 3049 1721 3142 Quod
1743 3048 1787 3103 si
1817 3048 2104 3118 quisquam
2144 3045 2278 3114 ohji-
2305 3080 2351 3142 ρ

688 3161 816 3204 cere
841 3144 1074 3200 voluerit
1104 3143 1240 3208 seni,
1266 3143 1411 3212 quod
1451 3157 1558 3196 non
1590 3141 1644 3195 in
1679 3156 1778 3195 suo
1801 3149 2041 3210 tempore
2063 3139 2276 3194 labora-

688 3242 800 3304 vit;
836 3239 1010 3294 discat
1039 3236 1164 3307 quia
1188 3236 1338 3306 prius
1367 3250 1494 3289 eum
1515 3234 1671 3289 decet
1706 3234 1898 3288 audire
1917 3274 1930 3298 ,
1976 3242 2035 3287 ut
2063 3233 2276 3287 doceat.

689 3331 888 3386 Audiat
930 3329 1116 3393 etiam,
1145 3327 1270 3397 quia
1323 3325 1517 3380 melius
1545 3333 1630 3380 est
1670 3339 1910 3394 unquam
1948 3339 2110 3394 quam
2140 3338 2279 3376 nun-

689 3438 854 3493 quam
877 3422 1126 3476 laborare
1153 3421 1208 3474 in
1236 3421 1420 3475 verbo.
1440 3418 1732 3490 Propterea
1756 3418 1960 3472 nullum
1977 3419 2137 3472 debet
2157 3430 2278 3472 esse

684 3525 900 3585 tempus
935 3512 1230 3568 senectutis
1283 3510 1538 3574 otiosum,
1569 3508 1710 3579 quod
1743 3525 1848 3564 non
1885 3508 2078 3578 prosit.
2115 3506 2281 3561 Maxi-

687 3621 778 3662 me
799 3605 925 3675 quia
954 3605 1008 3659 iu
1032 3603 1152 3658 aliis
1174 3599 1520 3657 meminimus
1545 3599 1811 3671 proﬁcere
1836 3599 2015 3654 studia
2041 3597 2280 3668 Scriptu-

687 3713 898 3762 rarum,
919 3697 1100 3752 divina
1122 3693 1273 3749 verbi
1297 3694 1506 3749 semina
1529 3692 1719 3748 saltem
1739 3692 2031 3759 juvenibus
2056 3705 2274 3760 spargo.

687 3787 809 3843 Erit
846 3786 986 3841 forte
1044 3785 1456 3840 incitamentum
1484 3798 1672 3838 eorum
1719 3781 1972 3846 allectus;
2002 3781 2126 3851 quia
2155 3781 2278 3849 pius

685 3876 843 3931 labor
874 3875 1056 3928 omnia
1103 3873 1290 3927 vincit.
1322 3872 1528 3928 Idcirco
1576 3872 1643 3925 ad
1696 3873 2041 3942 sponsionem
2089 3871 2279 3940 prima:

686 3966 1083 4037 promissionis,
1115 3966 1218 4020 etsi
1264 3965 1514 4019 exhausti
1546 3965 1748 4019 macies
1775 3965 1974 4034 ingenii
2010 3963 2123 4031 jam
2155 3980 2276 4018 are-

688 4057 815 4118 scit,
849 4063 1131 4124 promptus
1174 4067 1438 4116 revertor,
1488 4055 1614 4124 quia
1647 4055 1987 4109 charissimis
2016 4055 2278 4110 fratribus

689 4146 904 4214 loquor.
936 4143 1051 4197 Non
1103 4143 1248 4196 enim
1304 4144 1447 4196 inter
1478 4151 1588 4198 tam
1623 4141 1891 4209 eﬂicaces,
1923 4143 2276 4209 clarissimos,

685 4250 752 4288 ac
776 4232 1228 4304 sapientissimos,
1257 4232 1460 4302 aliquid
1489 4232 1569 4286 vel
1593 4233 1658 4288 de
1684 4232 1910 4288 minimo
1939 4232 2085 4302 loqui
2117 4234 2278 4290 aude-

685 4341 828 4390 rem,
860 4325 963 4380 nisi
996 4340 1082 4380 me
1107 4324 1348 4379 charitas
1372 4339 1560 4380 eorum
1589 4324 1874 4395 coegisset.
1929 4323 2084 4394 Saepe
2123 4341 2279 4379 nam-

2385 1315 2658 1372 liebantur
2687 1316 2856 1381 aliud,
2900 1325 2955 1373 et
2979 1317 3091 1373 filio
3136 1325 3263 1373 tunc
3312 1315 3438 1374 mihi
3481 1318 3769 1387 charissimo,
3804 1325 3865 1379 vix

2386 1409 2602 1480 expleto
2647 1409 2937 1480 tyrocinio,
2969 1409 3123 1465 valde
3179 1411 3646 1481 negotiosissimum
3688 1414 3866 1484 imposuit

2381 1501 2603 1573 iugum,
2655 1501 2780 1571 quia
2829 1501 3046 1572 vigebat
3097 1502 3280 1556 animo
3324 1511 3380 1556 et
3431 1517 3666 1572 corpore,
3705 1512 3751 1557 ut
3781 1516 3865 1573 opto

2389 1590 2552 1646 etiam
2600 1599 2657 1644 et
2701 1591 2898 1645 merito
2928 1590 3259 1645 sanctitatis.
3288 1589 3385 1646 Cui
3424 1592 3541 1660 quia
3565 1592 3716 1646 divina
3751 1595 3866 1646 \‘irtns

2387 1680 2668 1752 ampliavit
2690 1680 2878 1751 gratia:
2921 1679 3216 1745 fastidium,
3251 1681 3533 1737 discrimen
3567 1682 3864 1753 coanxitregi-

2386 1774 2549 1828 minis
2572 1788 2851 1843 magnum,
2881 1780 2936 1826 et
2961 1773 3322 1842 praegravavit
3345 1787 3518 1826 rerum
3547 1773 3691 1836 euris,
3709 1788 3864 1842 occupa-

2382 1867 2462 1920 vit
2502 1865 2713 1931 oﬂiciis,
2741 1875 2797 1920 et
2826 1864 3019 1920 extulit
3067 1865 3384 1920 honoribus.
3420 1864 3554 1919 Nihil
3579 1875 3728 1918 tamen
3747 1865 3862 1919 omni-

2380 1966 2572 2028 potens
2597 1957 2870 2012 concessit
2918 1955 3337 2024 perﬁcere‘illis,
3386 1955 3474 2024 qui
3505 1954 3680 2008 nostris
3717 1969 3863 2023 semper

2380 2048 2520 2101 bene
2548 2047 2720 2101 utitur
2763 2045 2921 2100 malis
2948 2045 3016 2100 ad
3035 2044 3310 2106 effectum,
3341 2044 3431 2098 sed
3455 2044 3598 2097 nobis
3620 2043 3794 2114 largitus
3813 2053 3864 2096 est

2381 2151 2492 2192 sua:
2516 2137 2705 2208 gratiae
2727 2135 3016 2190 admodum
3042 2150 3242 2189 munus
3267 2133 3584 2204 praelationis
3604 2133 3648 2186 in
3671 2133 3770 2186 ﬁlio.
3786 2131 3863 2189 Cui.

2381 2228 2740 2292 dilectissnni,
2772 2227 2875 2282 etsi
2907 2226 3060 2282 vobis
3089 2227 3274 2282 scribo
3311 2242 3410 2297 pro
3456 2241 3661 2280 munere
3694 2224 3864 2278 dilectio-

2382 2321 2486 2386 nis,
2539 2329 2594 2376 et
2645 2319 2908 2374 fratribus
2955 2333 3173 2388 quoque
3224 2320 3361 2374 meis
3414 2334 3624 2374 censum
3672 2316 3867 2372 servitutis

2381 2414 2650 2483 persolvo.
2674 2412 2792 2467 Non
2823 2411 3096 2467 immerito
3124 2411 3402 2483 impensas
3419 2425 3547 2481 paro
3569 2409 3716 2475 verbi,
3736 2409 3868 2478 quibus

2381 2522 2488 2560 non
2514 2506 2692 2560 minus
2718 2519 2839 2559 meo
2879 2503 3056 2560 olllcio
3085 2521 3253 2575 quam
3283 2520 3380 2562 suo
3411 2506 3591 2562 reddat
3613 2505 3710 2572 ipse
3732 2517 3804 2572 per
3831 2515 3869 2553 se

2381 2597 2636 2650 omnibus
2687 2596 2927 2650 debitum
2977 2597 3286 2663 servitutis,
3318 2607 3368 2652 et
3415 2595 3700 2665 obsequium
3740 2591 3869 2662 pradi-

2382 2689 2630 2750 cationis.
2650 2688 2703 2742 in
2730 2690 2920 2754 verbo,
2944 2689 2998 2743 in
3021 2689 3300 2756 doctrina,
3319 2692 3372 2744 in
3390 2691 3531 2745 omni
3550 2686 3776 2756 religionis
3791 2697 3868 2751 [m-

2383 2782 2478 2836 tia.
2513 2779 2663 2836 Unde
2692 2788 2746 2836 et
2797 2781 2911 2852 ipse
2936 2797 3060 2836 cum
3105 2782 3436 2852 Oportuerit,
3461 2781 3589 2836 forte
3613 2775 3732 2832 aliud
3749 2772 3869 2842 operis

2383 2872 2652 2928 conﬁcere
2691 2872 2882 2942 possit.
2929 2871 3008 2927 lta
3052 2881 3240 2928 tamen
3271 2873 3316 2928 si
3361 2874 3461 2928 hoc
3498 2879 3757 2940 paternum.
3789 2863 3870 2916 licet

2381 2963 2654 3035 exiguum.
2689 2962 2815 3032 quia
2851 2978 2956 3017 non
2988 2963 3168 3034 ignavi
3216 2963 3472 3034 ponderis
3496 2971 3574 3016 est
3601 2959 3777 3019 donum.
3799 2967 3868 3006 non

2383 3052 2637 3123 negligat.
2669 3053 2775 3108 sibi
2825 3053 2989 3109 etiam
3020 3070 3145 3108 eum
3181 3055 3441 3110 omnibus
3495 3050 3721 3107 oblatum.
3759 3043 3870 3110 Quin-

2383 3142 2514 3206 imo,
2527 3143 2631 3197 etsi
2660 3141 2887 3208 vilescit,
2903 3144 3273 3212 amplectatur
3301 3143 3548 3207 cbarius;
3572 3139 3681 3210 quia
3693 3133 3869 3190 nobilius

2381 3231 2475 3286 ﬁlii
2503 3247 2570 3286 ex
2603 3231 2806 3288 honore
2834 3243 2890 3286 et
2937 3234 3246 3288 reverentia
3291 3232 3567 3290 descendit
3593 3228 3749 3301 patris.
3783 3222 3870 3278 Nam

2378 3337 2539 3376 omne
2580 3322 2967 3391 patrimonium
3008 3332 3376 3392 pneparatum
3397 3363 3413 3388 ,
3437 3322 3573 3392 quod
3601 3336 3627 3374 a
3652 3324 3772 3387 pall?
3792 3325 3871 3381 Pe"

2380 3415 2601 3484 cipitur,
2651 3416 2944 3486 pretiosius
2989 3429 3112 3470 esse
3140 3416 3287 3472 solet
3331 3416 3539 3472 cunctis
3572 3411 3749 3482 opibus,
3783 3413 3872 3472 qu”

2379 3509 2598 3563 aliunde
2633 3508 2733 3563 sibi
2765 3505 3119 3563 contraxerit.
3157 3507 3372 3563 Idcirco
3420 3521 3594 3577 quzeso
3621 3494 3867 3572 proprinlm"

2378 3601 2591 3672 paterni
2636 3598 2774 3668 iuris
2812 3601 2866 3656 in
2903 3600 3068 3655 verbo
3126 3599 3212 3656 sic
3261 3601 3628 3671 amplectatur,
3679 3603 3728 3647 ut
3752 3587 3870 3643 divina

2378 3707 2499 3762 qua:
2554 3692 2794 3756 revolvo,
2826 3691 3060 3745 fructum
3111 3691 3244 3748 vitae
3292 3692 3401 3747 illis
3457 3692 3593 3746 intus
3627 3683 3800 3740 atl‘erant
3838 3677 3871 3726 in

2379 3784 2592 3849 animo;
2624 3799 2814 3837 verum
2845 3783 3010 3837 etiam
3040 3797 3135 3836 eos
3155 3784 3230 3838 ad
3277 3799 3342 3838 ea
3379 3780 3594 3838 extollat
3624 3789 3724 3847 qua
3753 3767 3872 3825 divina

2379 3883 2527 3938 sunt,
2557 3881 2614 3928 et
2646 3887 2844 3928 arcana
2879 3882 3226 3928 secretorum
3257 3873 3374 3928 Dei.
3425 3873 3570 3941 Rogo
3594 3875 3746 3923 autem
3780 3865 3874 3912 utet

2379 3965 2534 4020 vobis
2563 3964 2836 4034 placeant,
2872 3964 2998 4033 quia
3057 3971 3187 4018 tunc
3221 3963 3336 4019 Deo
3366 3970 3582 4032 accepta
3607 3962 3739 4028 erunt
3759 3949 3823 4019 qni
3840 3945 3872 3996 in

2379 4055 2535 4110 vobis
2580 4055 2870 4121 inhabitat,
2900 4070 3026 4116 cum
3073 4055 3234 4110 vobis
3284 4064 3440 4126 grata
3487 4053 3670 4106 fuerint
3700 4056 3776 4114 pro
3793 4044 3874 4092 Volo

2377 4156 2608 4202 eatenus
2657 4145 3027 4201 dilectissimis
3057 4159 3180 4214 qua:
3211 4143 3408 4200 offero.
3451 4139 3692 4210 Quoniam
3714 4129 3792 4188 etsi
3808 4127 3876 4180 lra-

2381 4253 2490 4296 tres
2541 4240 2818 4295 debitores
2852 4237 2980 4292 facti
3033 4247 3182 4303 sunt,
3220 4246 3284 4293 ut
3335 4237 3556 4292 audiant
3594 4240 3645 4286 et
3675 4220 3874 4296 pecuniam

2377 4332 2553 4397 verbi,
2606 4346 2714 4385 non
2769 4330 2839 4384 ad
2896 4327 3244 4398 dispendium
3297 4327 3458 4388 vitae,
3510 4322 3600 4381 sed
3643 4317 3701 4372 ad
3735 4312 3877 4366 lucum!

685 4431 790 4488 que
812 4432 1101 4488 puerorum
1122 4417 1332 4472 meritis
1348 4416 1555 4472 doctori
1582 4417 1735 4487 copia
1757 4417 1971 4473 dicendi
1998 4417 2272 4485 tribuitur;
2305 4432 2356 4492 ι)
2383 4423 2484 4478 sibi
2539 4424 2842 4491 impensam
2869 4461 2884 4482 ,
2941 4426 3309 4490 pertractent.
3357 4415 3696 4472 Nihilominus
3732 4412 3775 4459 et
3817 4406 3878 4492 ναξ

685 4518 741 4563 et
761 4507 884 4564 ideo
910 4506 1053 4561 nulla
1080 4521 1202 4562 esse
1237 4506 1400 4562 debet
1425 4505 1719 4563 difﬁdentia
1753 4509 1808 4562 in
1840 4516 2102 4573 tractatu,
2145 4509 2272 4562 dum

678 4597 844 4669 plena
874 4595 1091 4652 dilectio
1127 4595 1391 4651 exuberat
1440 4596 1497 4650 in
1546 4595 1782 4663 affectu;
1821 4598 2058 4652 maxime
2109 4599 2272 4663 mihi,

684 4689 814 4758 quia
836 4687 961 4743 ﬁliis
987 4687 1198 4742 debitas
1215 4702 1321 4740 una
1343 4687 1625 4743 vobiscum
1652 4689 2272 4760 impensasintelligendi

681 4796 838 4850 paro.
865 4780 997 4836 Nam
1034 4780 1176 4836 sicut
1204 4781 1408 4853 legistis
1436 4782 1490 4836 in
1521 4781 1872 4838 saacularibus
1897 4783 2113 4847 litteris,
2145 4782 2276 4836 0m-

682 4876 774 4928 nia
806 4874 920 4944 fert.
961 4885 1122 4939 retas;
1159 4875 1286 4931 hinc
1332 4890 1549 4946 quoque
1598 4876 1871 4941 itatenus,
1919 4875 2166 4930 mihimet
2208 4890 2272 4930 ac

684 4963 854 5034 780
900 4962 1011 5018 filio
1061 4964 1388 5021 charissimo
1439 4965 1730 5036 contigerit
1774 4966 1877 5019 hoc
1928 4965 2270 5034 proverbium

686 5054 1161 5119 inaestimabiliter,
1194 5063 1254 5108 ut
1283 5055 1355 5108 ita
1379 5055 1578 5119 dicam,
1607 5055 1734 5109 dum
1763 5056 1968 5110 alterna
1997 5057 2274 5126 proportio

683 5145 809 5198 vita:
835 5145 1019 5198 divino
1057 5145 1407 5214 dispensante
1431 5144 1657 5216 judicio,
1689 5148 1824 5201 satis
1863 5156 2171 5217 opportuno
2218 5148 2273 5200 in

684 5245 952 5306 tempore,
981 5251 1222 5307 congrua
1251 5237 1518 5306 utrisque,
1572 5238 1816 5306 quolibet
1871 5247 2062 5307 pacto.
2095 5238 2277 5292 intulit

681 5328 952 5398 stipendia
1006 5329 1302 5384 actionum.
1352 5330 1481 5384 Mihi
1506 5331 1748 5398 quidem,
1797 5339 1920 5396 post
1962 5331 2275 5386 innumeros

682 5430 840 5475 actus
864 5419 1072 5484 saeculi,
1101 5430 1154 5476 et
1179 5420 1439 5476 molestos
1467 5420 1593 5474 vitae
1638 5419 1882 5484 labores;
1909 5429 2034 5489 post
2069 5421 2272 5476 sollici-

683 5511 902 5566 tudines
947 5513 1082 5566 tanti
1133 5511 1435 5581 regiminis,
1492 5517 1549 5565 et
1603 5508 1759 5579 longa
1815 5510 1939 5565 vitae
1994 5512 2276 5581 praesentis

685 5601 985 5670 dispendia,
1010 5603 1245 5674 optabile
1281 5603 1416 5658 satis
1445 5602 1662 5658 tandem
1710 5602 1961 5671 prudenti
1991 5605 2106 5660 viro
2140 5620 2274 5661 con-

678 5692 853 5747 cessit
889 5694 1080 5749 otium.
1112 5695 1261 5752 Adeo
1286 5704 1342 5750 ut
1371 5694 1506 5750 nihil
1550 5692 1625 5751 i'lli
1654 5692 2000 5765 profecerim,
2029 5698 2125 5768 qui
2157 5713 2273 5754 mo-

2378 4481 2994 4581 oportct.considerare
3045 4509 3098 4563 in
3148 4508 3466 4571 charitate,
3517 4503 3742 4559 talentum
3783 4481 3879 4583 illi?"

2377 4576 2618 4659 essolvo.
2636 4601 2773 4670 Quia
2797 4601 2901 4656 etsi
2929 4608 3187 4668 parentes
3215 4601 3425 4655 debent
3461 4590 3786 4652 thesaurizare
3801 4576 3881 4631 ﬁliis

2377 4669 2710 4765 7811Ml3
2735 4691 3076 4764 Apostolum,
3109 4698 3298 4746 etnon
3325 4689 3422 4744 ﬁlii
3448 4681 3758 4759 parentibus;
3780 4669 3882 4724 dettl

2378 4795 2558 4840 tamen
2582 4785 2722 4840 ﬁlios
2755 4784 2900 4853 quod
2921 4783 3356 4838 thesaurizatum
3385 4790 3472 4837 est
3491 4773 3747 4834 sollicitius
3760 4769 3885 4853 ωειος

2377 4877 2514 4940 dire,
2529 4884 2693 4944 atque
2712 4850 2998 4945 diligenter
3008 4872 3282 4938 excolere,
3301 4887 3372 4927 ne
3391 4872 3446 4926 in
3459 4850 3885 4945 vacuunt-diil’e“?at

2376 4981 2573 5020 census
2604 4964 2836 5027 laboris;
2869 4963 2964 5031 qui
3004 4977 3110 5016 non
3142 4960 3248 5016 nisi
3285 4962 3359 5015 ab
3388 4961 3507 5028 ipso
3545 4950 3760 5009 Domino.
3781 4947 3886 5003 ουιυε

2375 5065 2459 5112 est
2493 5056 2744 5127 pecunia,
2771 5069 2897 5108 cum
2921 5068 3087 5108 usura
3114 5052 3361 5123 exigitur
3395 5049 3716 5105 meritorum.
3738 5041 3781 5088 ει
3801 5037 3884 5084 Cm“

2376 5146 2528 5200 lucro
2550 5146 2674 5200 boni
2703 5144 2904 5214 operis.
2937 5141 3070 5197 Nam
3095 5143 3149 5196 in
3174 5145 3282 5198 hoc
3309 5142 3487 5197 solido
3506 5128 3886 5216 Evangelistaﬂlm

2375 5240 2641 5308 quadrato
2667 5250 2913 5300 numero,
2941 5235 3123 5304 magni
3167 5243 3301 5288 sunt
3339 5227 3619 5301 sapientia:
3640 5229 3689 5276 et
3711 5215 3887 5308 sciui“?

2377 5307 2640 5391 thesauri.
2690 5343 2828 5397 quos
2877 5326 3094 5381 ellodio.
3155 5324 3317 5381 Unde
3375 5323 3504 5392 quia
3555 5323 3689 5372 totus
3721 5307 3889 5376 quatuor

2377 5420 2608 5475 mundus
2631 5425 2844 5473 constat
2872 5417 3193 5481 elementis;
3243 5423 3303 5469 et
3340 5412 3494 5468 orbis
3524 5407 3778 5464 universus
3795 5400 3886 5460 4""

2376 5519 2500 5566 tuor
2526 5511 2640 5565 suis
2669 5511 2940 5564 adunatur
2966 5507 3232 5577 partibus,
3267 5503 3554 5574 aptissime
3581 5483 3892 5582 provisumfsl

2375 5618 2408 5657 a
2435 5617 2647 5658 summo
2675 5600 2870 5670 opiﬁee
2905 5598 3040 5664 Deo,
3084 5607 3144 5652 ut
3172 5596 3328 5652 sicut
3366 5609 3468 5665 per
3492 5598 3711 5658 quatuor
3745 5578 3890 5670 insilit

2378 5697 2550 5752 currit
2588 5668 2830 5766 tempora
2865 5711 2878 5746 :
2910 5693 3165 5758 itatenus,
3191 5699 3438 5759 quatuor
3468 5685 3585 5741 istis
3610 5672 3780 5736 divinis
3801 5668 3890 5722 irrt-
