  <div class='ocr_page' id='page_1' title='image "/cluster/home/n/w/nwhite01/storage/ocr_20150623/120/hvd.32044015466923/328.png"; bbox 0 0 4008 6354; ppageno 0'>
   <div class='ocr_carea' id='block_1_1' title="bbox 145 347 1693 413">
    <p class='ocr_par' dir='ltr' id='par_1_1' title="bbox 145 347 1693 413">
     <span class='ocr_line' id='line_1_1' title="bbox 145 347 1693 413; baseline -0.006 -1"><span class='ocrx_word' id='word_1_1' title='bbox 145 353 224 413; x_wconf 68' lang='grc' dir='ltr'><strong>(διδ</strong></span> <span class='ocrx_word' id='word_1_2' title='bbox 912 348 1274 407; x_wconf 70' lang='grc' dir='ltr'><strong>ΕΧΡΟΞΙΤΙΟ</strong></span> <span class='ocrx_word' id='word_1_3' title='bbox 1307 348 1372 403; x_wconf 81' lang='grc' dir='ltr'><strong>ΙΝ</strong></span> <span class='ocrx_word' id='word_1_4' title='bbox 1413 347 1650 404; x_wconf 64' lang='grc' dir='ltr'><strong>ΜᾹΊἽΊΙ</strong></span> <span class='ocrx_word' id='word_1_5' title='bbox 1662 349 1693 402; x_wconf 71' lang='grc' dir='ltr'><strong><em>Α</em></strong></span> 
     </span>
    </p>
   </div>
   <div class='ocr_carea' id='block_1_2' title="bbox 1797 347 2640 413">
    <p class='ocr_par' dir='ltr' id='par_1_2' title="bbox 1797 347 2640 413">
     <span class='ocr_line' id='line_1_2' title="bbox 1797 347 2640 413; baseline 0.006 -12"><span class='ocrx_word' id='word_1_6' title='bbox 1797 347 1852 401; x_wconf 80' lang='lat' dir='ltr'><strong>ll.</strong></span> <span class='ocrx_word' id='word_1_7' title='bbox 1894 379 1963 389; x_wconf 89' lang='lat'>—</span> <span class='ocrx_word' id='word_1_8' title='bbox 1998 347 2130 402; x_wconf 75' lang='lat' dir='ltr'><strong>LIB.</strong></span> <span class='ocrx_word' id='word_1_9' title='bbox 2171 348 2262 413; x_wconf 76' lang='lat' dir='ltr'><strong>lX,</strong></span> <span class='ocrx_word' id='word_1_10' title='bbox 2304 351 2455 406; x_wconf 71' lang='lat' dir='ltr'><strong>CAP.</strong></span> <span class='ocrx_word' id='word_1_11' title='bbox 2499 351 2640 406; x_wconf 76' lang='lat' dir='ltr'><strong>XIX.</strong></span> 
     </span>
    </p>
   </div>
   <div class='ocr_carea' id='block_1_3' title="bbox 3293 351 3394 406">
    <p class='ocr_par' dir='ltr' id='par_1_3' title="bbox 3293 351 3394 406">
     <span class='ocr_line' id='line_1_3' title="bbox 3293 351 3394 406; baseline 0 -1"><span class='ocrx_word' id='word_1_12' title='bbox 3293 351 3394 406; x_wconf 68' lang='grc' dir='ltr'><strong>6ἇῦ</strong></span> 
     </span>
    </p>
   </div>
   <div class='ocr_carea' id='block_1_4' title="bbox 145 457 3393 541">
    <p class='ocr_par' dir='ltr' id='par_1_4' title="bbox 145 457 3393 541">
     <span class='ocr_line' id='line_1_4' title="bbox 145 457 3393 541; baseline -0.002 -19"><span class='ocrx_word' id='word_1_13' title='bbox 145 483 274 541; x_wconf 55' lang='grc' dir='ltr'><strong>μιαν</strong></span> <span class='ocrx_word' id='word_1_14' title='bbox 302 461 560 519; x_wconf 79' lang='lat' dir='ltr'><strong>futilibus.</strong></span> <span class='ocrx_word' id='word_1_15' title='bbox 594 460 731 528; x_wconf 82' lang='lat' dir='ltr'><strong>Quia</strong></span> <span class='ocrx_word' id='word_1_16' title='bbox 763 474 902 515; x_wconf 89' lang='lat' dir='ltr'><strong>unus</strong></span> <span class='ocrx_word' id='word_1_17' title='bbox 937 462 992 515; x_wconf 88' lang='lat' dir='ltr'><strong>in</strong></span> <span class='ocrx_word' id='word_1_18' title='bbox 1023 469 1256 529; x_wconf 93' lang='lat' dir='ltr'><strong>quatuor</strong></span> <span class='ocrx_word' id='word_1_19' title='bbox 1297 475 1354 512; x_wconf 91' lang='lat' dir='ltr'><strong>se</strong></span> <span class='ocrx_word' id='word_1_20' title='bbox 1381 457 1574 512; x_wconf 90' lang='lat' dir='ltr'><strong>dividit</strong></span> <span class='ocrx_word' id='word_1_21' title='bbox 1599 474 1692 512; x_wconf 87' lang='lat' dir='ltr'><strong>ca-</strong></span> <span class='ocrx_word' id='word_1_22' title='bbox 1727 466 1770 524; x_wconf 80' lang='grc' dir='ltr'><strong>Α</strong></span> <span class='ocrx_word' id='word_1_23' title='bbox 1801 457 2091 526; x_wconf 86' lang='lat' dir='ltr'><strong>plectendi,</strong></span> <span class='ocrx_word' id='word_1_24' title='bbox 2129 474 2196 512; x_wconf 87' lang='lat' dir='ltr'><strong>ne</strong></span> <span class='ocrx_word' id='word_1_25' title='bbox 2229 459 2332 511; x_wconf 77' lang='lat' dir='ltr'><strong>ulla</strong></span> <span class='ocrx_word' id='word_1_26' title='bbox 2369 459 2708 527; x_wconf 77' lang='lat' dir='ltr'><strong>iurpcrl‘ectio</strong></span> <span class='ocrx_word' id='word_1_27' title='bbox 2755 460 2805 511; x_wconf 88' lang='lat' dir='ltr'><strong>in</strong></span> <span class='ocrx_word' id='word_1_28' title='bbox 2856 473 3084 528; x_wconf 88' lang='lat' dir='ltr'><strong>corpore</strong></span> <span class='ocrx_word' id='word_1_29' title='bbox 3117 460 3393 531; x_wconf 75' lang='lat' dir='ltr'><strong>Evangelii</strong></span> 
     </span>
    </p>
   </div>
   <div class='ocr_carea' id='block_1_5' title="bbox 144 551 1698 630">
    <p class='ocr_par' dir='ltr' id='par_1_5' title="bbox 144 551 1698 630">
     <span class='ocr_line' id='line_1_5' title="bbox 144 551 1698 630; baseline -0.007 -17"><span class='ocrx_word' id='word_1_30' title='bbox 144 569 251 630; x_wconf 72' lang='lat' dir='ltr'><strong>pata,</strong></span> <span class='ocrx_word' id='word_1_31' title='bbox 285 563 336 608; x_wconf 92' lang='lat' dir='ltr'><strong>et</strong></span> <span class='ocrx_word' id='word_1_32' title='bbox 373 553 547 606; x_wconf 83' lang='lat' dir='ltr'><strong>ﬂuunt</strong></span> <span class='ocrx_word' id='word_1_33' title='bbox 585 565 650 605; x_wconf 77' lang='lat' dir='ltr'><strong>ex</strong></span> <span class='ocrx_word' id='word_1_34' title='bbox 699 551 950 622; x_wconf 82' lang='lat' dir='ltr'><strong>paradiso</strong></span> <span class='ocrx_word' id='word_1_35' title='bbox 1010 551 1105 604; x_wconf 85' lang='lat' dir='ltr'><strong>Dei</strong></span> <span class='ocrx_word' id='word_1_36' title='bbox 1161 551 1414 612; x_wconf 75' lang='lat' dir='ltr'><strong>viventis,</strong></span> <span class='ocrx_word' id='word_1_37' title='bbox 1466 563 1698 617; x_wconf 87' lang='lat' dir='ltr'><strong>quorum</strong></span> 
     </span>
    </p>
   </div>
   <div class='ocr_carea' id='block_1_6' title="bbox 144 640 1700 714">
    <p class='ocr_par' dir='ltr' id='par_1_6' title="bbox 144 640 1700 714">
     <span class='ocr_line' id='line_1_6' title="bbox 144 640 1700 714; baseline -0.008 -10"><span class='ocrx_word' id='word_1_38' title='bbox 144 648 373 704; x_wconf 85' lang='lat' dir='ltr'><strong>imbribus</strong></span> <span class='ocrx_word' id='word_1_39' title='bbox 399 643 549 697; x_wconf 88' lang='lat' dir='ltr'><strong>verbi</strong></span> <span class='ocrx_word' id='word_1_40' title='bbox 580 642 781 698; x_wconf 80' lang='lat' dir='ltr'><strong>Christi</strong></span> <span class='ocrx_word' id='word_1_41' title='bbox 832 643 1091 714; x_wconf 82' lang='lat' dir='ltr'><strong>irrigatur</strong></span> <span class='ocrx_word' id='word_1_42' title='bbox 1123 640 1384 701; x_wconf 86' lang='lat' dir='ltr'><strong>Ecclesia,</strong></span> <span class='ocrx_word' id='word_1_43' title='bbox 1426 649 1485 693; x_wconf 89' lang='lat' dir='ltr'><strong>ut</strong></span> <span class='ocrx_word' id='word_1_44' title='bbox 1535 647 1700 710; x_wconf 81' lang='lat' dir='ltr'><strong>queat</strong></span> 
     </span>
    </p>
   </div>
   <div class='ocr_carea' id='block_1_7' title="bbox 144 731 1697 802">
    <p class='ocr_par' dir='ltr' id='par_1_7' title="bbox 144 731 1697 802">
     <span class='ocr_line' id='line_1_7' title="bbox 144 731 1697 802; baseline -0.005 -10"><span class='ocrx_word' id='word_1_45' title='bbox 144 733 491 792; x_wconf 79' lang='lat' dir='ltr'><strong>universaliter</strong></span> <span class='ocrx_word' id='word_1_46' title='bbox 520 731 737 786; x_wconf 79' lang='lat' dir='ltr'><strong>dilatari</strong></span> <span class='ocrx_word' id='word_1_47' title='bbox 784 731 886 787; x_wconf 89' lang='lat' dir='ltr'><strong>sub</strong></span> <span class='ocrx_word' id='word_1_48' title='bbox 925 732 1096 802; x_wconf 88' lang='lat' dir='ltr'><strong>ipsius</strong></span> <span class='ocrx_word' id='word_1_49' title='bbox 1142 731 1443 785; x_wconf 85' lang='lat' dir='ltr'><strong>materialis</strong></span> <span class='ocrx_word' id='word_1_50' title='bbox 1486 731 1697 785; x_wconf 86' lang='lat' dir='ltr'><strong>numeri</strong></span> 
     </span>
    </p>
   </div>
   <div class='ocr_carea' id='block_1_8' title="bbox 142 821 1692 894">
    <p class='ocr_par' dir='ltr' id='par_1_8' title="bbox 142 821 1692 894">
     <span class='ocr_line' id='line_1_8' title="bbox 142 821 1692 894; baseline -0.006 -10"><span class='ocrx_word' id='word_1_51' title='bbox 142 836 470 884; x_wconf 80' lang='lat' dir='ltr'><strong>sacramento.</strong></span> <span class='ocrx_word' id='word_1_52' title='bbox 533 826 600 880; x_wconf 81' lang='lat' dir='ltr'><strong>Et</strong></span> <span class='ocrx_word' id='word_1_53' title='bbox 654 825 776 879; x_wconf 85' lang='lat' dir='ltr'><strong>ideo</strong></span> <span class='ocrx_word' id='word_1_54' title='bbox 821 833 1058 894; x_wconf 76' lang='lat' dir='ltr'><strong>quatuor</strong></span> <span class='ocrx_word' id='word_1_55' title='bbox 1092 824 1370 891; x_wconf 79' lang='lat' dir='ltr'><strong>eliguntur</strong></span> <span class='ocrx_word' id='word_1_56' title='bbox 1412 821 1692 892; x_wconf 83' lang='lat' dir='ltr'><strong>discipuli;</strong></span> 
     </span>
    </p>
   </div>
   <div class='ocr_carea' id='block_1_9' title="bbox 143 913 1695 985">
    <p class='ocr_par' dir='ltr' id='par_1_9' title="bbox 143 913 1695 985">
     <span class='ocr_line' id='line_1_9' title="bbox 143 913 1695 985; baseline -0.005 -11"><span class='ocrx_word' id='word_1_57' title='bbox 143 924 226 974; x_wconf 86' lang='lat' dir='ltr'><strong>duo</strong></span> <span class='ocrx_word' id='word_1_58' title='bbox 245 919 487 973; x_wconf 89' lang='lat' dir='ltr'><strong>videlicet</strong></span> <span class='ocrx_word' id='word_1_59' title='bbox 515 917 606 985; x_wconf 87' lang='lat' dir='ltr'><strong>qui</strong></span> <span class='ocrx_word' id='word_1_60' title='bbox 658 917 946 971; x_wconf 90' lang='lat' dir='ltr'><strong>Dominum</strong></span> <span class='ocrx_word' id='word_1_61' title='bbox 993 925 1121 970; x_wconf 89' lang='lat' dir='ltr'><strong>sunt</strong></span> <span class='ocrx_word' id='word_1_62' title='bbox 1148 915 1342 976; x_wconf 88' lang='lat' dir='ltr'><strong>secuti,</strong></span> <span class='ocrx_word' id='word_1_63' title='bbox 1367 923 1420 968; x_wconf 84' lang='lat' dir='ltr'><strong>et</strong></span> <span class='ocrx_word' id='word_1_64' title='bbox 1470 915 1576 966; x_wconf 93' lang='lat' dir='ltr'><strong>duo</strong></span> <span class='ocrx_word' id='word_1_65' title='bbox 1605 913 1695 982; x_wconf 87' lang='lat' dir='ltr'><strong>qui</strong></span> 
     </span>
    </p>
   </div>
   <div class='ocr_carea' id='block_1_10' title="bbox 142 1003 1696 1083">
    <p class='ocr_par' dir='ltr' id='par_1_10' title="bbox 142 1003 1696 1083">
     <span class='ocr_line' id='line_1_10' title="bbox 142 1003 1696 1083; baseline -0.007 -17"><span class='ocrx_word' id='word_1_66' title='bbox 142 1011 361 1083; x_wconf 74' lang='lat' dir='ltr'><strong>apostolis</strong></span> <span class='ocrx_word' id='word_1_67' title='bbox 409 1008 833 1078; x_wconf 75' lang='lat' dir='ltr'><strong>przedicantibus</strong></span> <span class='ocrx_word' id='word_1_68' title='bbox 864 1006 1262 1070; x_wconf 80' lang='lat' dir='ltr'><strong>crediderunt;</strong></span> <span class='ocrx_word' id='word_1_69' title='bbox 1309 1014 1368 1057; x_wconf 93' lang='lat' dir='ltr'><strong>ut</strong></span> <span class='ocrx_word' id='word_1_70' title='bbox 1423 1003 1563 1057; x_wconf 90' lang='lat' dir='ltr'><strong>nulla</strong></span> <span class='ocrx_word' id='word_1_71' title='bbox 1625 1003 1696 1056; x_wconf 88' lang='lat' dir='ltr'><strong>sit</strong></span> 
     </span>
    </p>
   </div>
   <div class='ocr_carea' id='block_1_11' title="bbox 141 1095 1692 1168">
    <p class='ocr_par' dir='ltr' id='par_1_11' title="bbox 141 1095 1692 1168">
     <span class='ocr_line' id='line_1_11' title="bbox 141 1095 1692 1168; baseline -0.006 -12"><span class='ocrx_word' id='word_1_72' title='bbox 141 1101 407 1156; x_wconf 78' lang='lat' dir='ltr'><strong>dillereutia</strong></span> <span class='ocrx_word' id='word_1_73' title='bbox 431 1101 577 1153; x_wconf 88' lang='lat' dir='ltr'><strong>inter</strong></span> <span class='ocrx_word' id='word_1_74' title='bbox 607 1098 726 1153; x_wconf 92' lang='lat' dir='ltr'><strong>illos</strong></span> <span class='ocrx_word' id='word_1_75' title='bbox 756 1099 823 1153; x_wconf 90' lang='lat' dir='ltr'><strong>ad</strong></span> <span class='ocrx_word' id='word_1_76' title='bbox 854 1097 1257 1168; x_wconf 72' lang='lat' dir='ltr'><strong>przedicandum</strong></span> <span class='ocrx_word' id='word_1_77' title='bbox 1292 1095 1383 1164; x_wconf 88' lang='lat' dir='ltr'><strong>qui</strong></span> <span class='ocrx_word' id='word_1_78' title='bbox 1415 1095 1692 1157; x_wconf 89' lang='lat' dir='ltr'><strong>viderunt,</strong></span> 
     </span>
    </p>
   </div>
   <div class='ocr_carea' id='block_1_12' title="bbox 139 1185 1692 1262">
    <p class='ocr_par' dir='ltr' id='par_1_12' title="bbox 139 1185 1692 1262">
     <span class='ocr_line' id='line_1_12' title="bbox 139 1185 1692 1262; baseline -0.004 -19"><span class='ocrx_word' id='word_1_79' title='bbox 139 1203 178 1244; x_wconf 81' lang='lat' dir='ltr'><strong>rt</strong></span> <span class='ocrx_word' id='word_1_80' title='bbox 209 1192 288 1262; x_wconf 89' lang='lat' dir='ltr'><strong>qui</strong></span> <span class='ocrx_word' id='word_1_81' title='bbox 326 1208 432 1244; x_wconf 90' lang='lat' dir='ltr'><strong>non</strong></span> <span class='ocrx_word' id='word_1_82' title='bbox 471 1190 721 1242; x_wconf 86' lang='lat' dir='ltr'><strong>viderunt</strong></span> <span class='ocrx_word' id='word_1_83' title='bbox 775 1188 1084 1247; x_wconf 90' lang='lat' dir='ltr'><strong>Dominum,</strong></span> <span class='ocrx_word' id='word_1_84' title='bbox 1142 1186 1187 1240; x_wconf 89' lang='lat' dir='ltr'><strong>si</strong></span> <span class='ocrx_word' id='word_1_85' title='bbox 1254 1195 1400 1239; x_wconf 89' lang='lat' dir='ltr'><strong>recte</strong></span> <span class='ocrx_word' id='word_1_86' title='bbox 1446 1185 1692 1238; x_wconf 88' lang='lat' dir='ltr'><strong>credant.</strong></span> 
     </span>
    </p>
   </div>
   <div class='ocr_carea' id='block_1_13' title="bbox 141 1275 1697 1352">
    <p class='ocr_par' dir='ltr' id='par_1_13' title="bbox 141 1275 1697 1352">
     <span class='ocr_line' id='line_1_13' title="bbox 141 1275 1697 1352; baseline -0.003 -19"><span class='ocrx_word' id='word_1_87' title='bbox 141 1283 492 1352; x_wconf 73' lang='lat' dir='ltr'><strong>Verumtamen</strong></span> <span class='ocrx_word' id='word_1_88' title='bbox 521 1281 847 1350; x_wconf 65' lang='lat' dir='ltr'><strong>quaerendus</strong></span> <span class='ocrx_word' id='word_1_89' title='bbox 862 1288 945 1332; x_wconf 90' lang='lat' dir='ltr'><strong>est</strong></span> <span class='ocrx_word' id='word_1_90' title='bbox 973 1280 1107 1332; x_wconf 88' lang='lat' dir='ltr'><strong>ordo</strong></span> <span class='ocrx_word' id='word_1_91' title='bbox 1128 1292 1339 1340; x_wconf 88' lang='lat' dir='ltr'><strong>eorum,</strong></span> <span class='ocrx_word' id='word_1_92' title='bbox 1373 1292 1469 1330; x_wconf 88' lang='lat' dir='ltr'><strong>cur</strong></span> <span class='ocrx_word' id='word_1_93' title='bbox 1483 1275 1697 1330; x_wconf 82' lang='lat' dir='ltr'><strong>Marcus</strong></span> 
     </span>
    </p>
   </div>
   <div class='ocr_carea' id='block_1_14' title="bbox 137 1367 1697 1441">
    <p class='ocr_par' dir='ltr' id='par_1_14' title="bbox 137 1367 1697 1441">
     <span class='ocr_line' id='line_1_14' title="bbox 137 1367 1697 1441; baseline -0.004 -15"><span class='ocrx_word' id='word_1_94' title='bbox 137 1387 177 1426; x_wconf 87' lang='lat' dir='ltr'><strong>et</strong></span> <span class='ocrx_word' id='word_1_95' title='bbox 200 1374 378 1433; x_wconf 88' lang='lat' dir='ltr'><strong>Lucas,</strong></span> <span class='ocrx_word' id='word_1_96' title='bbox 409 1373 504 1441; x_wconf 91' lang='lat' dir='ltr'><strong>qui</strong></span> <span class='ocrx_word' id='word_1_97' title='bbox 535 1388 639 1424; x_wconf 90' lang='lat' dir='ltr'><strong>nou</strong></span> <span class='ocrx_word' id='word_1_98' title='bbox 671 1372 740 1424; x_wconf 76' lang='lat' dir='ltr'><strong>ali</strong></span> <span class='ocrx_word' id='word_1_99' title='bbox 770 1371 885 1440; x_wconf 93' lang='lat' dir='ltr'><strong>ipso</strong></span> <span class='ocrx_word' id='word_1_100' title='bbox 910 1369 1136 1424; x_wconf 87' lang='lat' dir='ltr'><strong>Domino</strong></span> <span class='ocrx_word' id='word_1_101' title='bbox 1164 1367 1489 1430; x_wconf 87' lang='lat' dir='ltr'><strong>didicerunt,</strong></span> <span class='ocrx_word' id='word_1_102' title='bbox 1518 1381 1697 1434; x_wconf 89' lang='lat' dir='ltr'><strong>neque</strong></span> 
     </span>
    </p>
   </div>
   <div class='ocr_carea' id='block_1_15' title="bbox 140 1457 1698 1529">
    <p class='ocr_par' dir='ltr' id='par_1_15' title="bbox 140 1457 1698 1529">
     <span class='ocr_line' id='line_1_15' title="bbox 140 1457 1698 1529; baseline -0.005 -11"><span class='ocrx_word' id='word_1_103' title='bbox 140 1468 180 1519; x_wconf 89' lang='lat' dir='ltr'><strong>in</strong></span> <span class='ocrx_word' id='word_1_104' title='bbox 214 1480 423 1518; x_wconf 84' lang='lat' dir='ltr'><strong>munero</strong></span> <span class='ocrx_word' id='word_1_105' title='bbox 473 1471 940 1516; x_wconf 88' lang='lat' dir='ltr'><strong>connumerantur</strong></span> <span class='ocrx_word' id='word_1_106' title='bbox 983 1458 1348 1529; x_wconf 86' lang='lat' dir='ltr'><strong>apostolorum</strong></span> <span class='ocrx_word' id='word_1_107' title='bbox 1407 1457 1566 1511; x_wconf 81' lang='lat' dir='ltr'><strong>medii</strong></span> <span class='ocrx_word' id='word_1_108' title='bbox 1601 1471 1698 1525; x_wconf 89' lang='lat' dir='ltr'><strong>po-</strong></span> 
     </span>
    </p>
   </div>
   <div class='ocr_carea' id='block_1_16' title="bbox 139 1549 1695 1625">
    <p class='ocr_par' dir='ltr' id='par_1_16' title="bbox 139 1549 1695 1625">
     <span class='ocr_line' id='line_1_16' title="bbox 139 1549 1695 1625; baseline -0.006 -14"><span class='ocrx_word' id='word_1_109' title='bbox 139 1571 333 1620; x_wconf 89' lang='lat' dir='ltr'><strong>nuntur,</strong></span> <span class='ocrx_word' id='word_1_110' title='bbox 361 1568 616 1625; x_wconf 84' lang='lat' dir='ltr'><strong>tanquam</strong></span> <span class='ocrx_word' id='word_1_111' title='bbox 645 1557 855 1609; x_wconf 89' lang='lat' dir='ltr'><strong>duobus</strong></span> <span class='ocrx_word' id='word_1_112' title='bbox 884 1554 1066 1606; x_wconf 89' lang='lat' dir='ltr'><strong>vallati</strong></span> <span class='ocrx_word' id='word_1_113' title='bbox 1093 1553 1340 1621; x_wconf 87' lang='lat' dir='ltr'><strong>postibus</strong></span> <span class='ocrx_word' id='word_1_114' title='bbox 1365 1569 1379 1616; x_wconf 91' lang='lat'><strong>;</strong></span> <span class='ocrx_word' id='word_1_115' title='bbox 1411 1549 1695 1603; x_wconf 70' lang='lat' dir='ltr'><strong>Matthzeus</strong></span> 
     </span>
    </p>
   </div>
   <div class='ocr_carea' id='block_1_17' title="bbox 138 1641 1695 1712">
    <p class='ocr_par' dir='ltr' id='par_1_17' title="bbox 138 1641 1695 1712">
     <span class='ocr_line' id='line_1_17' title="bbox 138 1641 1695 1712; baseline -0.004 -11"><span class='ocrx_word' id='word_1_116' title='bbox 138 1666 252 1702; x_wconf 84' lang='lat' dir='ltr'><strong>vero</strong></span> <span class='ocrx_word' id='word_1_117' title='bbox 291 1659 344 1702; x_wconf 85' lang='lat' dir='ltr'><strong>et</strong></span> <span class='ocrx_word' id='word_1_118' title='bbox 373 1645 625 1710; x_wconf 74' lang='lat' dir='ltr'><strong>Joannes,</strong></span> <span class='ocrx_word' id='word_1_119' title='bbox 671 1647 797 1700; x_wconf 89' lang='lat' dir='ltr'><strong>hinc</strong></span> <span class='ocrx_word' id='word_1_120' title='bbox 835 1645 959 1699; x_wconf 92' lang='lat' dir='ltr'><strong>inde</strong></span> <span class='ocrx_word' id='word_1_121' title='bbox 1000 1644 1254 1705; x_wconf 74' lang='lat' dir='ltr'><strong>extremi,</strong></span> <span class='ocrx_word' id='word_1_122' title='bbox 1287 1643 1377 1712; x_wconf 91' lang='lat' dir='ltr'><strong>qui</strong></span> <span class='ocrx_word' id='word_1_123' title='bbox 1409 1641 1695 1695; x_wconf 88' lang='lat' dir='ltr'><strong>Dominum</strong></span> 
     </span>
    </p>
   </div>
   <div class='ocr_carea' id='block_1_18' title="bbox 136 1731 1695 1806">
    <p class='ocr_par' dir='ltr' id='par_1_18' title="bbox 136 1731 1695 1806">
     <span class='ocr_line' id='line_1_18' title="bbox 136 1731 1695 1806; baseline -0.006 -14"><span class='ocrx_word' id='word_1_124' title='bbox 136 1749 246 1793; x_wconf 89' lang='lat' dir='ltr'><strong>sunt</strong></span> <span class='ocrx_word' id='word_1_125' title='bbox 271 1737 698 1806; x_wconf 84' lang='lat' dir='ltr'><strong>secuti,quiejus</strong></span> <span class='ocrx_word' id='word_1_126' title='bbox 731 1735 992 1790; x_wconf 86' lang='lat' dir='ltr'><strong>miracula</strong></span> <span class='ocrx_word' id='word_1_127' title='bbox 1017 1734 1286 1796; x_wconf 91' lang='lat' dir='ltr'><strong>viderunt,</strong></span> <span class='ocrx_word' id='word_1_128' title='bbox 1303 1747 1439 1802; x_wconf 87' lang='lat' dir='ltr'><strong>quos</strong></span> <span class='ocrx_word' id='word_1_129' title='bbox 1469 1731 1582 1801; x_wconf 89' lang='lat' dir='ltr'><strong>ipse</strong></span> <span class='ocrx_word' id='word_1_130' title='bbox 1596 1745 1695 1784; x_wconf 89' lang='lat' dir='ltr'><strong>suo</strong></span> 
     </span>
    </p>
   </div>
   <div class='ocr_carea' id='block_1_19' title="bbox 1803 549 3393 606">
    <p class='ocr_par' dir='ltr' id='par_1_19' title="bbox 1803 549 3393 606">
     <span class='ocr_line' id='line_1_19' title="bbox 1803 549 3393 606; baseline 0.004 -5"><span class='ocrx_word' id='word_1_131' title='bbox 1803 549 2067 602; x_wconf 88' lang='lat' dir='ltr'><strong>videatur.</strong></span> <span class='ocrx_word' id='word_1_132' title='bbox 2095 549 2200 602; x_wconf 83' lang='lat' dir='ltr'><strong>Sed</strong></span> <span class='ocrx_word' id='word_1_133' title='bbox 2235 552 2303 603; x_wconf 93' lang='lat' dir='ltr'><strong>sit</strong></span> <span class='ocrx_word' id='word_1_134' title='bbox 2335 551 2545 603; x_wconf 86' lang='lat' dir='ltr'><strong>initium</strong></span> <span class='ocrx_word' id='word_1_135' title='bbox 2576 551 2768 604; x_wconf 82' lang='lat' dir='ltr'><strong>salutis</strong></span> <span class='ocrx_word' id='word_1_136' title='bbox 2798 561 2995 604; x_wconf 73' lang='lat' dir='ltr'><strong>nostra:</strong></span> <span class='ocrx_word' id='word_1_137' title='bbox 3012 553 3261 606; x_wconf 76' lang='lat' dir='ltr'><strong>Christus</strong></span> <span class='ocrx_word' id='word_1_138' title='bbox 3302 555 3393 606; x_wconf 90' lang='lat' dir='ltr'><strong>ho-</strong></span> 
     </span>
    </p>
   </div>
   <div class='ocr_carea' id='block_1_20' title="bbox 1802 640 3387 713">
    <p class='ocr_par' dir='ltr' id='par_1_20' title="bbox 1802 640 3387 713">
     <span class='ocr_line' id='line_1_20' title="bbox 1802 640 3387 713; baseline 0.002 -19"><span class='ocrx_word' id='word_1_139' title='bbox 1802 656 1923 703; x_wconf 88' lang='lat' dir='ltr'><strong>tno;</strong></span> <span class='ocrx_word' id='word_1_140' title='bbox 1958 640 2081 693; x_wconf 85' lang='lat' dir='ltr'><strong>linis</strong></span> <span class='ocrx_word' id='word_1_141' title='bbox 2126 649 2308 693; x_wconf 84' lang='lat' dir='ltr'><strong>autem</strong></span> <span class='ocrx_word' id='word_1_142' title='bbox 2340 641 2454 710; x_wconf 65' lang='lat' dir='ltr'><strong>ip~e</strong></span> <span class='ocrx_word' id='word_1_143' title='bbox 2487 641 2628 694; x_wconf 79' lang='lat' dir='ltr'><strong>Deus</strong></span> <span class='ocrx_word' id='word_1_144' title='bbox 2661 652 2715 694; x_wconf 89' lang='lat' dir='ltr'><strong>et</strong></span> <span class='ocrx_word' id='word_1_145' title='bbox 2745 643 2925 694; x_wconf 87' lang='lat' dir='ltr'><strong>homo.</strong></span> <span class='ocrx_word' id='word_1_146' title='bbox 2957 641 3024 696; x_wconf 87' lang='lat' dir='ltr'><strong>Ut</strong></span> <span class='ocrx_word' id='word_1_147' title='bbox 3054 643 3103 696; x_wconf 90' lang='lat' dir='ltr'><strong>id</strong></span> <span class='ocrx_word' id='word_1_148' title='bbox 3136 644 3206 697; x_wconf 92' lang='lat' dir='ltr'><strong>sit</strong></span> <span class='ocrx_word' id='word_1_149' title='bbox 3235 643 3387 713; x_wconf 87' lang='lat' dir='ltr'><strong>priu-</strong></span> 
     </span>
    </p>
   </div>
   <div class='ocr_carea' id='block_1_21' title="bbox 1800 731 3394 801">
    <p class='ocr_par' dir='ltr' id='par_1_21' title="bbox 1800 731 3394 801">
     <span class='ocr_line' id='line_1_21' title="bbox 1800 731 3394 801; baseline 0.001 -17"><span class='ocrx_word' id='word_1_150' title='bbox 1800 731 2021 800; x_wconf 88' lang='lat' dir='ltr'><strong>cipium,</strong></span> <span class='ocrx_word' id='word_1_151' title='bbox 2056 734 2196 800; x_wconf 66' lang='lat' dir='ltr'><strong>quoi</strong></span> <span class='ocrx_word' id='word_1_152' title='bbox 2221 732 2364 794; x_wconf 87' lang='lat' dir='ltr'><strong>linis,</strong></span> <span class='ocrx_word' id='word_1_153' title='bbox 2391 741 2442 785; x_wconf 90' lang='lat' dir='ltr'><strong>et</strong></span> <span class='ocrx_word' id='word_1_154' title='bbox 2475 732 2597 784; x_wconf 87' lang='lat' dir='ltr'><strong>linis</strong></span> <span class='ocrx_word' id='word_1_155' title='bbox 2627 733 2769 801; x_wconf 86' lang='lat' dir='ltr'><strong>quod</strong></span> <span class='ocrx_word' id='word_1_156' title='bbox 2793 733 3144 800; x_wconf 88' lang='lat' dir='ltr'><strong>principium,</strong></span> <span class='ocrx_word' id='word_1_157' title='bbox 3176 734 3280 788; x_wconf 90' lang='lat' dir='ltr'><strong>hoc</strong></span> <span class='ocrx_word' id='word_1_158' title='bbox 3309 743 3394 788; x_wconf 89' lang='lat' dir='ltr'><strong>est</strong></span> 
     </span>
    </p>
   </div>
   <div class='ocr_carea' id='block_1_22' title="bbox 1798 821 3389 891">
    <p class='ocr_par' dir='ltr' id='par_1_22' title="bbox 1798 821 3389 891">
     <span class='ocr_line' id='line_1_22' title="bbox 1798 821 3389 891; baseline 0.002 -15"><span class='ocrx_word' id='word_1_159' title='bbox 1798 845 1832 877; x_wconf 86' lang='grc' dir='ltr'>α</span> <span class='ocrx_word' id='word_1_160' title='bbox 1856 832 1911 875; x_wconf 90' lang='lat' dir='ltr'><strong>et</strong></span> <span class='ocrx_word' id='word_1_161' title='bbox 1940 845 2001 875; x_wconf 88' lang='grc' dir='ltr'><strong>ω.</strong></span> <span class='ocrx_word' id='word_1_162' title='bbox 2035 821 2243 875; x_wconf 87' lang='lat' dir='ltr'><strong>Interea</strong></span> <span class='ocrx_word' id='word_1_163' title='bbox 2293 822 2418 882; x_wconf 85' lang='lat' dir='ltr'><strong>licet</strong></span> <span class='ocrx_word' id='word_1_164' title='bbox 2445 823 2665 891; x_wconf 86' lang='lat' dir='ltr'><strong>quidam</strong></span> <span class='ocrx_word' id='word_1_165' title='bbox 2696 822 2854 876; x_wconf 88' lang='lat' dir='ltr'><strong>aliter</strong></span> <span class='ocrx_word' id='word_1_166' title='bbox 2880 822 3113 877; x_wconf 88' lang='lat' dir='ltr'><strong>voluerit</strong></span> <span class='ocrx_word' id='word_1_167' title='bbox 3159 841 3253 879; x_wconf 90' lang='lat' dir='ltr'><strong>cos</strong></span> <span class='ocrx_word' id='word_1_168' title='bbox 3301 841 3389 879; x_wconf 88' lang='lat' dir='ltr'><strong>or-</strong></span> 
     </span>
    </p>
   </div>
   <div class='ocr_carea' id='block_1_23' title="bbox 1799 915 3386 983">
    <p class='ocr_par' dir='ltr' id='par_1_23' title="bbox 1799 915 3386 983">
     <span class='ocr_line' id='line_1_23' title="bbox 1799 915 3386 983; baseline 0.001 -16"><span class='ocrx_word' id='word_1_169' title='bbox 1799 915 2012 977; x_wconf 86' lang='lat' dir='ltr'><strong>dinare,</strong></span> <span class='ocrx_word' id='word_1_170' title='bbox 2046 915 2248 968; x_wconf 89' lang='lat' dir='ltr'><strong>rectius</strong></span> <span class='ocrx_word' id='word_1_171' title='bbox 2270 922 2450 967; x_wconf 89' lang='lat' dir='ltr'><strong>tamen</strong></span> <span class='ocrx_word' id='word_1_172' title='bbox 2483 915 2564 967; x_wconf 87' lang='lat' dir='ltr'><strong>sic</strong></span> <span class='ocrx_word' id='word_1_173' title='bbox 2589 915 2747 983; x_wconf 86' lang='lat' dir='ltr'><strong>positi</strong></span> <span class='ocrx_word' id='word_1_174' title='bbox 2770 924 2920 978; x_wconf 91' lang='lat' dir='ltr'><strong>sunt,</strong></span> <span class='ocrx_word' id='word_1_175' title='bbox 2951 925 3010 968; x_wconf 93' lang='lat' dir='ltr'><strong>ut</strong></span> <span class='ocrx_word' id='word_1_176' title='bbox 3040 916 3116 969; x_wconf 89' lang='lat' dir='ltr'><strong>illi</strong></span> <span class='ocrx_word' id='word_1_177' title='bbox 3150 916 3386 969; x_wconf 78' lang='lat' dir='ltr'><strong>extremi</strong></span> 
     </span>
    </p>
   </div>
   <div class='ocr_carea' id='block_1_24' title="bbox 1798 1004 3387 1073">
    <p class='ocr_par' dir='ltr' id='par_1_24' title="bbox 1798 1004 3387 1073">
     <span class='ocr_line' id='line_1_24' title="bbox 1798 1004 3387 1073; baseline 0.003 -19"><span class='ocrx_word' id='word_1_178' title='bbox 1798 1014 2089 1071; x_wconf 85' lang='lat' dir='ltr'><strong>ponantur,</strong></span> <span class='ocrx_word' id='word_1_179' title='bbox 2115 1018 2345 1072; x_wconf 88' lang='lat' dir='ltr'><strong>quormn</strong></span> <span class='ocrx_word' id='word_1_180' title='bbox 2371 1012 2452 1056; x_wconf 90' lang='lat' dir='ltr'><strong>cst</strong></span> <span class='ocrx_word' id='word_1_181' title='bbox 2482 1004 2817 1071; x_wconf 82' lang='lat' dir='ltr'><strong>apostolatus</strong></span> <span class='ocrx_word' id='word_1_182' title='bbox 2854 1006 3052 1073; x_wconf 82' lang='lat' dir='ltr'><strong>gratia,</strong></span> <span class='ocrx_word' id='word_1_183' title='bbox 3081 1017 3137 1061; x_wconf 85' lang='lat' dir='ltr'><strong>et</strong></span> <span class='ocrx_word' id='word_1_184' title='bbox 3167 1007 3242 1060; x_wconf 89' lang='lat' dir='ltr'><strong>illi</strong></span> <span class='ocrx_word' id='word_1_185' title='bbox 3278 1021 3387 1058; x_wconf 39' lang='lat' dir='ltr'><strong>mes</strong></span> 
     </span>
    </p>
   </div>
   <div class='ocr_carea' id='block_1_25' title="bbox 1797 1093 3387 1163">
    <p class='ocr_par' dir='ltr' id='par_1_25' title="bbox 1797 1093 3387 1163">
     <span class='ocr_line' id='line_1_25' title="bbox 1797 1093 3387 1163; baseline 0.008 -17"><span class='ocrx_word' id='word_1_186' title='bbox 1797 1094 1870 1146; x_wconf 91' lang='lat' dir='ltr'><strong>dii</strong></span> <span class='ocrx_word' id='word_1_187' title='bbox 1898 1093 1992 1163; x_wconf 88' lang='lat' dir='ltr'><strong>qui</strong></span> <span class='ocrx_word' id='word_1_188' title='bbox 2049 1094 2276 1147; x_wconf 87' lang='lat' dir='ltr'><strong>minoris</strong></span> <span class='ocrx_word' id='word_1_189' title='bbox 2312 1103 2440 1148; x_wconf 91' lang='lat' dir='ltr'><strong>sunt</strong></span> <span class='ocrx_word' id='word_1_190' title='bbox 2487 1096 2713 1160; x_wconf 90' lang='lat' dir='ltr'><strong>ordinis,</strong></span> <span class='ocrx_word' id='word_1_191' title='bbox 2748 1106 2802 1149; x_wconf 94' lang='lat' dir='ltr'><strong>et</strong></span> <span class='ocrx_word' id='word_1_192' title='bbox 2839 1097 2909 1150; x_wconf 87' lang='lat' dir='ltr'><strong>ab</strong></span> <span class='ocrx_word' id='word_1_193' title='bbox 2938 1098 3159 1154; x_wconf 81' lang='lat' dir='ltr'><strong>homine</strong></span> <span class='ocrx_word' id='word_1_194' title='bbox 3183 1102 3387 1157; x_wconf 89' lang='lat' dir='ltr'><strong>didice-</strong></span> 
     </span>
    </p>
   </div>
   <div class='ocr_carea' id='block_1_26' title="bbox 1798 1187 3391 1262">
    <p class='ocr_par' dir='ltr' id='par_1_26' title="bbox 1798 1187 3391 1262">
     <span class='ocr_line' id='line_1_26' title="bbox 1798 1187 3391 1262; baseline 0.005 -22"><span class='ocrx_word' id='word_1_195' title='bbox 1798 1196 1946 1250; x_wconf 79' lang='lat' dir='ltr'><strong>runt,</strong></span> <span class='ocrx_word' id='word_1_196' title='bbox 1975 1187 2116 1255; x_wconf 89' lang='lat' dir='ltr'><strong>quod</strong></span> <span class='ocrx_word' id='word_1_197' title='bbox 2140 1188 2426 1256; x_wconf 86' lang='lat' dir='ltr'><strong>probatum</strong></span> <span class='ocrx_word' id='word_1_198' title='bbox 2459 1196 2543 1241; x_wconf 92' lang='lat' dir='ltr'><strong>est</strong></span> <span class='ocrx_word' id='word_1_199' title='bbox 2580 1197 2636 1241; x_wconf 90' lang='lat' dir='ltr'><strong>et</strong></span> <span class='ocrx_word' id='word_1_200' title='bbox 2666 1191 3047 1242; x_wconf 89' lang='lat' dir='ltr'><strong>coulirmatum</strong></span> <span class='ocrx_word' id='word_1_201' title='bbox 3073 1192 3140 1244; x_wconf 89' lang='lat' dir='ltr'><strong>ab</strong></span> <span class='ocrx_word' id='word_1_202' title='bbox 3171 1203 3391 1262; x_wconf 81' lang='lat' dir='ltr'><strong>aposto-</strong></span> 
     </span>
    </p>
   </div>
   <div class='ocr_carea' id='block_1_27' title="bbox 1798 1277 3395 1351">
    <p class='ocr_par' dir='ltr' id='par_1_27' title="bbox 1798 1277 3395 1351">
     <span class='ocr_line' id='line_1_27' title="bbox 1798 1277 3395 1351; baseline 0.006 -22"><span class='ocrx_word' id='word_1_203' title='bbox 1798 1278 1882 1331; x_wconf 86' lang='lat' dir='ltr'><strong>lis.</strong></span> <span class='ocrx_word' id='word_1_204' title='bbox 1929 1277 2156 1338; x_wconf 86' lang='lat' dir='ltr'><strong>Idcirco,</strong></span> <span class='ocrx_word' id='word_1_205' title='bbox 2189 1288 2245 1331; x_wconf 91' lang='lat' dir='ltr'><strong>ut</strong></span> <span class='ocrx_word' id='word_1_206' title='bbox 2290 1293 2418 1332; x_wconf 80' lang='lat' dir='ltr'><strong>vere</strong></span> <span class='ocrx_word' id='word_1_207' title='bbox 2469 1277 2660 1342; x_wconf 84' lang='lat' dir='ltr'><strong>fatear,</strong></span> <span class='ocrx_word' id='word_1_208' title='bbox 2711 1279 2856 1347; x_wconf 88' lang='lat' dir='ltr'><strong>jure,</strong></span> <span class='ocrx_word' id='word_1_209' title='bbox 2909 1281 3069 1334; x_wconf 84' lang='lat' dir='ltr'><strong>medii</strong></span> <span class='ocrx_word' id='word_1_210' title='bbox 3114 1293 3395 1351; x_wconf 91' lang='lat' dir='ltr'><strong>ponuntur</strong></span> 
     </span>
    </p>
   </div>
   <div class='ocr_carea' id='block_1_28' title="bbox 1800 1370 3394 1442">
    <p class='ocr_par' dir='ltr' id='par_1_28' title="bbox 1800 1370 3394 1442">
     <span class='ocr_line' id='line_1_28' title="bbox 1800 1370 3394 1442; baseline 0.006 -18"><span class='ocrx_word' id='word_1_211' title='bbox 1800 1377 2055 1438; x_wconf 90' lang='lat' dir='ltr'><strong>tanquam</strong></span> <span class='ocrx_word' id='word_1_212' title='bbox 2086 1370 2201 1433; x_wconf 90' lang='lat' dir='ltr'><strong>lilii,</strong></span> <span class='ocrx_word' id='word_1_213' title='bbox 2233 1381 2290 1424; x_wconf 90' lang='lat' dir='ltr'><strong>ut</strong></span> <span class='ocrx_word' id='word_1_214' title='bbox 2324 1371 2432 1424; x_wconf 88' lang='lat' dir='ltr'><strong>sint</strong></span> <span class='ocrx_word' id='word_1_215' title='bbox 2478 1371 2759 1426; x_wconf 83' lang='lat' dir='ltr'><strong>hinc°inde</strong></span> <span class='ocrx_word' id='word_1_216' title='bbox 2781 1372 2982 1438; x_wconf 80' lang='lat' dir='ltr'><strong>vallati,</strong></span> <span class='ocrx_word' id='word_1_217' title='bbox 3027 1386 3232 1442; x_wconf 89' lang='lat' dir='ltr'><strong>quanto</strong></span> <span class='ocrx_word' id='word_1_218' title='bbox 3265 1387 3394 1432; x_wconf 89' lang='lat' dir='ltr'><strong>sunt</strong></span> 
     </span>
    </p>
   </div>
   <div class='ocr_carea' id='block_1_29' title="bbox 1798 1460 3392 1538">
    <p class='ocr_par' dir='ltr' id='par_1_29' title="bbox 1798 1460 3392 1538">
     <span class='ocr_line' id='line_1_29' title="bbox 1798 1460 3392 1538; baseline 0.006 -24"><span class='ocrx_word' id='word_1_219' title='bbox 1798 1460 2067 1514; x_wconf 82' lang='lat' dir='ltr'><strong>ﬁrmiores</strong></span> <span class='ocrx_word' id='word_1_220' title='bbox 2093 1461 2159 1530; x_wconf 87' lang='lat' dir='ltr'><strong>(si</strong></span> <span class='ocrx_word' id='word_1_221' title='bbox 2199 1461 2302 1515; x_wconf 91' lang='lat' dir='ltr'><strong>dici</strong></span> <span class='ocrx_word' id='word_1_222' title='bbox 2353 1461 2434 1514; x_wconf 80' lang='lat' dir='ltr'><strong>las</strong></span> <span class='ocrx_word' id='word_1_223' title='bbox 2481 1461 2588 1530; x_wconf 90' lang='lat' dir='ltr'><strong>est)</strong></span> <span class='ocrx_word' id='word_1_224' title='bbox 2634 1462 2742 1516; x_wconf 92' lang='lat' dir='ltr'><strong>duo</strong></span> <span class='ocrx_word' id='word_1_225' title='bbox 2788 1465 3041 1518; x_wconf 73' lang='lat' dir='ltr'><strong>extremi.</strong></span> <span class='ocrx_word' id='word_1_226' title='bbox 3075 1464 3212 1532; x_wconf 83' lang='lat' dir='ltr'><strong>Quia</strong></span> <span class='ocrx_word' id='word_1_227' title='bbox 3243 1471 3392 1538; x_wconf 89' lang='lat' dir='ltr'><strong>quod</strong></span> 
     </span>
    </p>
   </div>
   <div class='ocr_carea' id='block_1_30' title="bbox 1796 1551 3388 1616">
    <p class='ocr_par' dir='ltr' id='par_1_30' title="bbox 1796 1551 3388 1616">
     <span class='ocr_line' id='line_1_30' title="bbox 1796 1551 3388 1616; baseline 0.007 -12"><span class='ocrx_word' id='word_1_228' title='bbox 1796 1560 1923 1604; x_wconf 89' lang='lat' dir='ltr'><strong>sunt</strong></span> <span class='ocrx_word' id='word_1_229' title='bbox 1949 1552 2056 1604; x_wconf 90' lang='lat' dir='ltr'><strong>duo</strong></span> <span class='ocrx_word' id='word_1_230' title='bbox 2081 1554 2336 1614; x_wconf 71' lang='lat' dir='ltr'><strong>extremi,</strong></span> <span class='ocrx_word' id='word_1_231' title='bbox 2378 1553 2431 1606; x_wconf 90' lang='lat' dir='ltr'><strong>in</strong></span> <span class='ocrx_word' id='word_1_232' title='bbox 2463 1551 2662 1616; x_wconf 87' lang='lat' dir='ltr'><strong>ollicio,</strong></span> <span class='ocrx_word' id='word_1_233' title='bbox 2703 1554 2755 1607; x_wconf 90' lang='lat' dir='ltr'><strong>in</strong></span> <span class='ocrx_word' id='word_1_234' title='bbox 2791 1555 2997 1609; x_wconf 89' lang='lat' dir='ltr'><strong>unitate</strong></span> <span class='ocrx_word' id='word_1_235' title='bbox 3037 1558 3188 1612; x_wconf 82' lang='lat' dir='ltr'><strong>verbi</strong></span> <span class='ocrx_word' id='word_1_236' title='bbox 3234 1570 3291 1614; x_wconf 94' lang='lat' dir='ltr'><strong>et</strong></span> <span class='ocrx_word' id='word_1_237' title='bbox 3334 1560 3388 1614; x_wconf 88' lang='lat' dir='ltr'><strong>in</strong></span> 
     </span>
    </p>
   </div>
   <div class='ocr_carea' id='block_1_31' title="bbox 1793 1643 3393 1717">
    <p class='ocr_par' dir='ltr' id='par_1_31' title="bbox 1793 1643 3393 1717">
     <span class='ocr_line' id='line_1_31' title="bbox 1793 1643 3393 1717; baseline 0.006 -21"><span class='ocrx_word' id='word_1_238' title='bbox 1793 1643 1942 1696; x_wconf 88' lang='lat' dir='ltr'><strong>omni</strong></span> <span class='ocrx_word' id='word_1_239' title='bbox 1984 1643 2364 1710; x_wconf 72' lang='lat' dir='ltr'><strong>przedicatione</strong></span> <span class='ocrx_word' id='word_1_240' title='bbox 2403 1643 2578 1698; x_wconf 87' lang='lat' dir='ltr'><strong>sancti</strong></span> <span class='ocrx_word' id='word_1_241' title='bbox 2607 1645 2769 1715; x_wconf 74' lang='lat'><strong>782</strong></span> <span class='ocrx_word' id='word_1_242' title='bbox 2790 1646 3085 1717; x_wconf 84' lang='lat' dir='ltr'><strong>Evangelii,</strong></span> <span class='ocrx_word' id='word_1_243' title='bbox 3120 1649 3222 1705; x_wconf 88' lang='lat' dir='ltr'><strong>hoc</strong></span> <span class='ocrx_word' id='word_1_244' title='bbox 3266 1662 3393 1707; x_wconf 90' lang='lat' dir='ltr'><strong>sunt</strong></span> 
     </span>
    </p>
   </div>
   <div class='ocr_carea' id='block_1_32' title="bbox 1796 1737 3387 1807">
    <p class='ocr_par' dir='ltr' id='par_1_32' title="bbox 1796 1737 3387 1807">
     <span class='ocr_line' id='line_1_32' title="bbox 1796 1737 3387 1807; baseline 0.006 -18"><span class='ocrx_word' id='word_1_245' title='bbox 1796 1745 1853 1789; x_wconf 87' lang='lat' dir='ltr'><strong>et</strong></span> <span class='ocrx_word' id='word_1_246' title='bbox 1886 1737 1992 1790; x_wconf 91' lang='lat' dir='ltr'><strong>duo</strong></span> <span class='ocrx_word' id='word_1_247' title='bbox 2026 1737 2211 1800; x_wconf 87' lang='lat' dir='ltr'><strong>medii,</strong></span> <span class='ocrx_word' id='word_1_248' title='bbox 2251 1745 2311 1789; x_wconf 90' lang='lat' dir='ltr'><strong>ut</strong></span> <span class='ocrx_word' id='word_1_249' title='bbox 2358 1750 2458 1807; x_wconf 89' lang='lat' dir='ltr'><strong>per</strong></span> <span class='ocrx_word' id='word_1_250' title='bbox 2486 1745 2657 1791; x_wconf 91' lang='lat' dir='ltr'><strong>totum</strong></span> <span class='ocrx_word' id='word_1_251' title='bbox 2707 1741 3032 1807; x_wconf 87' lang='lat' dir='ltr'><strong>quadratum</strong></span> <span class='ocrx_word' id='word_1_252' title='bbox 3062 1744 3248 1798; x_wconf 89' lang='lat' dir='ltr'><strong>orbem</strong></span> <span class='ocrx_word' id='word_1_253' title='bbox 3282 1745 3387 1800; x_wconf 87' lang='lat' dir='ltr'><strong>ista</strong></span> 
     </span>
    </p>
   </div>
   <div class='ocr_carea' id='block_1_33' title="bbox 135 1819 3386 1903">
    <p class='ocr_par' dir='ltr' id='par_1_33' title="bbox 135 1819 3386 1903">
     <span class='ocr_line' id='line_1_33' title="bbox 135 1819 3386 1903; baseline 0.003 -21"><span class='ocrx_word' id='word_1_254' title='bbox 135 1830 339 1882; x_wconf 84' lang='lat' dir='ltr'><strong>erudivit</strong></span> <span class='ocrx_word' id='word_1_255' title='bbox 365 1827 702 1897; x_wconf 64' lang='lat' dir='ltr'><strong>magistr-rio,</strong></span> <span class='ocrx_word' id='word_1_256' title='bbox 733 1826 964 1879; x_wconf 68' lang='lat' dir='ltr'><strong>instituit</strong></span> <span class='ocrx_word' id='word_1_257' title='bbox 1011 1823 1333 1892; x_wconf 88' lang='lat' dir='ltr'><strong>disciplinis,</strong></span> <span class='ocrx_word' id='word_1_258' title='bbox 1365 1821 1688 1876; x_wconf 85' lang='lat' dir='ltr'><strong>monstravit</strong></span> <span class='ocrx_word' id='word_1_259' title='bbox 1719 1819 1768 1878; x_wconf 86' lang='grc' dir='ltr'><strong><em>Β</em></strong></span> <span class='ocrx_word' id='word_1_260' title='bbox 1797 1829 2066 1884; x_wconf 87' lang='lat' dir='ltr'><strong>discurrat</strong></span> <span class='ocrx_word' id='word_1_261' title='bbox 2095 1829 2394 1883; x_wconf 88' lang='lat' dir='ltr'><strong>durabilior</strong></span> <span class='ocrx_word' id='word_1_262' title='bbox 2422 1831 2585 1896; x_wconf 66' lang='lat' dir='ltr'><strong>caelo,</strong></span> <span class='ocrx_word' id='word_1_263' title='bbox 2610 1833 2868 1903; x_wconf 82' lang='lat' dir='ltr'><strong>quadriga</strong></span> <span class='ocrx_word' id='word_1_264' title='bbox 2904 1837 3079 1901; x_wconf 87' lang='lat' dir='ltr'><strong>verbi,</strong></span> <span class='ocrx_word' id='word_1_265' title='bbox 3124 1845 3179 1892; x_wconf 91' lang='lat' dir='ltr'><strong>et</strong></span> <span class='ocrx_word' id='word_1_266' title='bbox 3203 1839 3386 1893; x_wconf 89' lang='lat' dir='ltr'><strong>unitas</strong></span> 
     </span>
    </p>
   </div>
   <div class='ocr_carea' id='block_1_34' title="bbox 137 1909 1690 1986">
    <p class='ocr_par' dir='ltr' id='par_1_34' title="bbox 137 1909 1690 1986">
     <span class='ocr_line' id='line_1_34' title="bbox 137 1909 1690 1986; baseline -0.006 -15"><span class='ocrx_word' id='word_1_267' title='bbox 137 1918 385 1986; x_wconf 77' lang='lat' dir='ltr'><strong>exemplis,</strong></span> <span class='ocrx_word' id='word_1_268' title='bbox 424 1930 647 1985; x_wconf 65' lang='lat' dir='ltr'><strong>suaeque</strong></span> <span class='ocrx_word' id='word_1_269' title='bbox 672 1914 1014 1969; x_wconf 90' lang='lat' dir='ltr'><strong>coulirmavit</strong></span> <span class='ocrx_word' id='word_1_270' title='bbox 1053 1911 1468 1967; x_wconf 88' lang='lat' dir='ltr'><strong>resurrectionis</strong></span> <span class='ocrx_word' id='word_1_271' title='bbox 1499 1909 1690 1980; x_wconf 78' lang='lat' dir='ltr'><strong>gloria.</strong></span> 
     </span>
    </p>
   </div>
   <div class='ocr_carea' id='block_1_35' title="bbox 135 2001 1692 2076">
    <p class='ocr_par' dir='ltr' id='par_1_35' title="bbox 135 2001 1692 2076">
     <span class='ocr_line' id='line_1_35' title="bbox 135 2001 1692 2076; baseline -0.006 -14"><span class='ocrx_word' id='word_1_272' title='bbox 135 2009 314 2076; x_wconf 74' lang='lat' dir='ltr'><strong>lleliqui</strong></span> <span class='ocrx_word' id='word_1_273' title='bbox 339 2023 470 2062; x_wconf 84' lang='lat' dir='ltr'><strong>vero</strong></span> <span class='ocrx_word' id='word_1_274' title='bbox 501 2007 609 2060; x_wconf 90' lang='lat' dir='ltr'><strong>duo</strong></span> <span class='ocrx_word' id='word_1_275' title='bbox 633 2013 817 2074; x_wconf 86' lang='lat' dir='ltr'><strong>postea</strong></span> <span class='ocrx_word' id='word_1_276' title='bbox 846 2006 1170 2067; x_wconf 91' lang='lat' dir='ltr'><strong>didicerunt,</strong></span> <span class='ocrx_word' id='word_1_277' title='bbox 1191 2012 1246 2058; x_wconf 87' lang='lat' dir='ltr'><strong>et</strong></span> <span class='ocrx_word' id='word_1_278' title='bbox 1261 2001 1692 2072; x_wconf 85' lang='lat' dir='ltr'><strong>compleverunt,</strong></span> 
     </span>
    </p>
   </div>
   <div class='ocr_carea' id='block_1_36' title="bbox 136 2096 1691 2170">
    <p class='ocr_par' dir='ltr' id='par_1_36' title="bbox 136 2096 1691 2170">
     <span class='ocr_line' id='line_1_36' title="bbox 136 2096 1691 2170; baseline -0.005 -16"><span class='ocrx_word' id='word_1_279' title='bbox 136 2102 252 2170; x_wconf 88' lang='lat' dir='ltr'><strong>quod</strong></span> <span class='ocrx_word' id='word_1_280' title='bbox 282 2100 432 2153; x_wconf 90' lang='lat' dir='ltr'><strong>multi</strong></span> <span class='ocrx_word' id='word_1_281' title='bbox 462 2099 643 2152; x_wconf 84' lang='lat' dir='ltr'><strong>conati</strong></span> <span class='ocrx_word' id='word_1_282' title='bbox 691 2107 848 2162; x_wconf 86' lang='lat' dir='ltr'><strong>sunt;</strong></span> <span class='ocrx_word' id='word_1_283' title='bbox 876 2112 1014 2167; x_wconf 84' lang='lat' dir='ltr'><strong>quos</strong></span> <span class='ocrx_word' id='word_1_284' title='bbox 1062 2096 1296 2166; x_wconf 86' lang='lat' dir='ltr'><strong>Spiritus</strong></span> <span class='ocrx_word' id='word_1_285' title='bbox 1321 2103 1543 2149; x_wconf 84' lang='lat' dir='ltr'><strong>sanctus</strong></span> <span class='ocrx_word' id='word_1_286' title='bbox 1575 2108 1691 2147; x_wconf 83' lang='lat' dir='ltr'><strong>nte-</strong></span> 
     </span>
    </p>
   </div>
   <div class='ocr_carea' id='block_1_37' title="bbox 135 2187 1694 2265">
    <p class='ocr_par' dir='ltr' id='par_1_37' title="bbox 135 2187 1694 2265">
     <span class='ocr_line' id='line_1_37' title="bbox 135 2187 1694 2265; baseline -0.006 -17"><span class='ocrx_word' id='word_1_287' title='bbox 135 2197 228 2249; x_wconf 90' lang='lat' dir='ltr'><strong>dios</strong></span> <span class='ocrx_word' id='word_1_288' title='bbox 253 2195 429 2265; x_wconf 84' lang='lat' dir='ltr'><strong>posuit</strong></span> <span class='ocrx_word' id='word_1_289' title='bbox 469 2195 612 2247; x_wconf 87' lang='lat' dir='ltr'><strong>inter</strong></span> <span class='ocrx_word' id='word_1_290' title='bbox 641 2195 777 2246; x_wconf 90' lang='lat' dir='ltr'><strong>duos</strong></span> <span class='ocrx_word' id='word_1_291' title='bbox 823 2190 1074 2254; x_wconf 83' lang='lat' dir='ltr'><strong>eximios,</strong></span> <span class='ocrx_word' id='word_1_292' title='bbox 1125 2200 1378 2259; x_wconf 87' lang='lat' dir='ltr'><strong>tanquam</strong></span> <span class='ocrx_word' id='word_1_293' title='bbox 1406 2187 1546 2242; x_wconf 90' lang='lat' dir='ltr'><strong>lilios</strong></span> <span class='ocrx_word' id='word_1_294' title='bbox 1578 2201 1694 2239; x_wconf 89' lang='lat' dir='ltr'><strong>am-</strong></span> 
     </span>
    </p>
   </div>
   <div class='ocr_carea' id='block_1_38' title="bbox 1792 1921 3387 1996">
    <p class='ocr_par' dir='ltr' id='par_1_38' title="bbox 1792 1921 3387 1996">
     <span class='ocr_line' id='line_1_38' title="bbox 1792 1921 3387 1996; baseline 0.005 -20"><span class='ocrx_word' id='word_1_295' title='bbox 1792 1921 2206 1976; x_wconf 88' lang='lat' dir='ltr'><strong>commendetur</strong></span> <span class='ocrx_word' id='word_1_296' title='bbox 2231 1936 2418 1976; x_wconf 92' lang='lat' dir='ltr'><strong>eorum</strong></span> <span class='ocrx_word' id='word_1_297' title='bbox 2459 1922 2701 1977; x_wconf 90' lang='lat' dir='ltr'><strong>omnium</strong></span> <span class='ocrx_word' id='word_1_298' title='bbox 2743 1927 2834 1992; x_wconf 89' lang='lat' dir='ltr'><strong>qui</strong></span> <span class='ocrx_word' id='word_1_299' title='bbox 2880 1937 3007 1980; x_wconf 90' lang='lat' dir='ltr'><strong>ante</strong></span> <span class='ocrx_word' id='word_1_300' title='bbox 3056 1930 3387 1996; x_wconf 82' lang='lat' dir='ltr'><strong>passionem,</strong></span> 
     </span>
    </p>
   </div>
   <div class='ocr_carea' id='block_1_39' title="bbox 1795 2013 3389 2084">
    <p class='ocr_par' dir='ltr' id='par_1_39' title="bbox 1795 2013 3389 2084">
     <span class='ocr_line' id='line_1_39' title="bbox 1795 2013 3389 2084; baseline 0.005 -18"><span class='ocrx_word' id='word_1_301' title='bbox 1795 2022 1888 2067; x_wconf 89' lang='lat' dir='ltr'><strong>aut</strong></span> <span class='ocrx_word' id='word_1_302' title='bbox 1943 2022 2062 2080; x_wconf 87' lang='lat' dir='ltr'><strong>post</strong></span> <span class='ocrx_word' id='word_1_303' title='bbox 2118 2013 2452 2083; x_wconf 85' lang='lat' dir='ltr'><strong>passionem,</strong></span> <span class='ocrx_word' id='word_1_304' title='bbox 2504 2015 2557 2068; x_wconf 94' lang='lat' dir='ltr'><strong>in</strong></span> <span class='ocrx_word' id='word_1_305' title='bbox 2609 2015 2903 2084; x_wconf 81' lang='lat' dir='ltr'><strong>Evangelio</strong></span> <span class='ocrx_word' id='word_1_306' title='bbox 2932 2019 3298 2084; x_wconf 90' lang='lat' dir='ltr'><strong>crediderunt,</strong></span> <span class='ocrx_word' id='word_1_307' title='bbox 3335 2031 3389 2074; x_wconf 89' lang='lat' dir='ltr'><strong>et</strong></span> 
     </span>
    </p>
   </div>
   <div class='ocr_carea' id='block_1_40' title="bbox 1792 2103 3159 2173">
    <p class='ocr_par' dir='ltr' id='par_1_40' title="bbox 1792 2103 3159 2173">
     <span class='ocr_line' id='line_1_40' title="bbox 1792 2103 3159 2173; baseline 0.007 -17"><span class='ocrx_word' id='word_1_308' title='bbox 1792 2103 2080 2159; x_wconf 87' lang='lat' dir='ltr'><strong>Dominum</strong></span> <span class='ocrx_word' id='word_1_309' title='bbox 2103 2113 2227 2158; x_wconf 90' lang='lat' dir='ltr'><strong>sunt</strong></span> <span class='ocrx_word' id='word_1_310' title='bbox 2259 2105 2454 2169; x_wconf 90' lang='lat' dir='ltr'><strong>secuti,</strong></span> <span class='ocrx_word' id='word_1_311' title='bbox 2488 2105 2541 2158; x_wconf 94' lang='lat' dir='ltr'><strong>in</strong></span> <span class='ocrx_word' id='word_1_312' title='bbox 2579 2105 2961 2173; x_wconf 62' lang='lat' dir='ltr'><strong>praedicatione</strong></span> <span class='ocrx_word' id='word_1_313' title='bbox 2991 2109 3159 2166; x_wconf 88' lang='lat' dir='ltr'><strong>vcrbi.</strong></span> 
     </span>
    </p>
   </div>
   <div class='ocr_carea' id='block_1_41' title="bbox 161 2343 3360 2382">
    <p class='ocr_par' dir='ltr' id='par_1_41' title="bbox 161 2343 3360 2382">
     <span class='ocr_line' id='line_1_41' title="bbox 161 2343 3360 2382; baseline 0.001 -15"><span class='ocrx_word' id='word_1_314' title='bbox 161 2343 3360 2382; x_wconf 64' lang='lat' dir='ltr'><strong>F—.—————————-————-———-——-——-——————-—-——————-—-—————</strong></span> 
     </span>
    </p>
   </div>
   <div class='ocr_carea' id='block_1_42' title="bbox 1368 2477 2125 2565">
    <p class='ocr_par' dir='ltr' id='par_1_42' title="bbox 1368 2477 2125 2565">
     <span class='ocr_line' id='line_1_42' title="bbox 1368 2477 2125 2565; baseline -0.009 0"><span class='ocrx_word' id='word_1_315' title='bbox 1368 2487 1670 2565; x_wconf 81' lang='lat' dir='ltr'><strong>LIBER</strong></span> <span class='ocrx_word' id='word_1_316' title='bbox 1738 2477 2125 2564; x_wconf 83' lang='lat' dir='ltr'><strong>NONUS.</strong></span> 
     </span>
    </p>
   </div>
   <div class='ocr_carea' id='block_1_43' title="bbox 189 2730 1692 2809">
    <p class='ocr_par' dir='ltr' id='par_1_43' title="bbox 189 2730 1692 2809">
     <span class='ocr_line' id='line_1_43' title="bbox 189 2730 1692 2809; baseline -0.004 -16"><span class='ocrx_word' id='word_1_317' title='bbox 189 2737 326 2809; x_wconf 64' lang='grc' dir='ltr'><strong>(ειν.</strong></span> <span class='ocrx_word' id='word_1_318' title='bbox 355 2731 524 2806; x_wconf 79' lang='lat' dir='ltr'><strong>XIX.)</strong></span> <span class='ocrx_word' id='word_1_319' title='bbox 555 2733 686 2789; x_wconf 81' lang='lat' dir='ltr'><strong>Cum</strong></span> <span class='ocrx_word' id='word_1_320' title='bbox 711 2743 1122 2788; x_wconf 71' lang='lat' dir='ltr'><strong>consummasset</strong></span> <span class='ocrx_word' id='word_1_321' title='bbox 1165 2746 1288 2804; x_wconf 80' lang='lat' dir='ltr'><strong>ergo</strong></span> <span class='ocrx_word' id='word_1_322' title='bbox 1310 2730 1466 2788; x_wconf 73' lang='lat' dir='ltr'><strong>Iesus</strong></span> <span class='ocrx_word' id='word_1_323' title='bbox 1491 2749 1692 2788; x_wconf 86' lang='lat' dir='ltr'><strong>sermo-</strong></span> 
     </span>
    </p>
   </div>
   <div class='ocr_carea' id='block_1_44' title="bbox 130 2824 1691 2897">
    <p class='ocr_par' dir='ltr' id='par_1_44' title="bbox 130 2824 1691 2897">
     <span class='ocr_line' id='line_1_44' title="bbox 130 2824 1691 2897; baseline -0.003 -14"><span class='ocrx_word' id='word_1_324' title='bbox 130 2848 202 2884; x_wconf 70' lang='grc' dir='ltr'><strong>πει</strong></span> <span class='ocrx_word' id='word_1_325' title='bbox 228 2832 375 2893; x_wconf 84' lang='lat' dir='ltr'><strong>istos,</strong></span> <span class='ocrx_word' id='word_1_326' title='bbox 420 2827 661 2897; x_wconf 78' lang='lat' dir='ltr'><strong>migravit</strong></span> <span class='ocrx_word' id='word_1_327' title='bbox 688 2843 718 2878; x_wconf 89' lang='lat' dir='ltr'><strong>a</strong></span> <span class='ocrx_word' id='word_1_328' title='bbox 741 2825 988 2891; x_wconf 74' lang='lat' dir='ltr'><strong>Galila’a,</strong></span> <span class='ocrx_word' id='word_1_329' title='bbox 1021 2835 1067 2880; x_wconf 87' lang='lat' dir='ltr'><strong>et</strong></span> <span class='ocrx_word' id='word_1_330' title='bbox 1094 2827 1228 2879; x_wconf 73' lang='lat' dir='ltr'><strong>venit</strong></span> <span class='ocrx_word' id='word_1_331' title='bbox 1251 2829 1305 2877; x_wconf 86' lang='lat' dir='ltr'><strong>in</strong></span> <span class='ocrx_word' id='word_1_332' title='bbox 1331 2825 1463 2893; x_wconf 84' lang='lat' dir='ltr'><strong>ﬁnes</strong></span> <span class='ocrx_word' id='word_1_333' title='bbox 1483 2824 1691 2878; x_wconf 64' lang='lat' dir='ltr'><strong>ludicre</strong></span> 
     </span>
    </p>
   </div>
   <div class='ocr_carea' id='block_1_45' title="bbox 128 2913 1691 2980">
    <p class='ocr_par' dir='ltr' id='par_1_45' title="bbox 128 2913 1691 2980">
     <span class='ocr_line' id='line_1_45' title="bbox 128 2913 1691 2980; baseline -0.003 -9"><span class='ocrx_word' id='word_1_334' title='bbox 128 2931 250 2974; x_wconf 83' lang='lat' dir='ltr'><strong>trans</strong></span> <span class='ocrx_word' id='word_1_335' title='bbox 290 2918 606 2980; x_wconf 70' lang='lat' dir='ltr'><strong>Iordanem,</strong></span> <span class='ocrx_word' id='word_1_336' title='bbox 631 2926 677 2970; x_wconf 87' lang='lat' dir='ltr'><strong>et</strong></span> <span class='ocrx_word' id='word_1_337' title='bbox 711 2927 900 2970; x_wconf 74' lang='lat' dir='ltr'><strong>sectum</strong></span> <span class='ocrx_word' id='word_1_338' title='bbox 930 2925 1051 2969; x_wconf 86' lang='lat' dir='ltr'><strong>sunt</strong></span> <span class='ocrx_word' id='word_1_339' title='bbox 1079 2931 1196 2970; x_wconf 83' lang='lat' dir='ltr'><strong>eum</strong></span> <span class='ocrx_word' id='word_1_340' title='bbox 1223 2915 1390 2968; x_wconf 64' lang='lat' dir='ltr'><strong>turbae</strong></span> <span class='ocrx_word' id='word_1_341' title='bbox 1414 2913 1614 2979; x_wconf 70' lang='lat' dir='ltr'><strong>multm,</strong></span> <span class='ocrx_word' id='word_1_342' title='bbox 1640 2922 1691 2967; x_wconf 85' lang='lat' dir='ltr'><strong>et</strong></span> 
     </span>
    </p>
   </div>
   <div class='ocr_carea' id='block_1_46' title="bbox 129 3005 1693 3077">
    <p class='ocr_par' dir='ltr' id='par_1_46' title="bbox 129 3005 1693 3077">
     <span class='ocr_line' id='line_1_46' title="bbox 129 3005 1693 3077; baseline -0.003 -14"><span class='ocrx_word' id='word_1_343' title='bbox 129 3012 303 3063; x_wconf 73' lang='lat' dir='ltr'><strong>curarit</strong></span> <span class='ocrx_word' id='word_1_344' title='bbox 331 3025 442 3063; x_wconf 90' lang='lat' dir='ltr'><strong>eos.</strong></span> <span class='ocrx_word' id='word_1_345' title='bbox 500 3007 740 3076; x_wconf 75' lang='lat' dir='ltr'><strong>Reliquit</strong></span> <span class='ocrx_word' id='word_1_346' title='bbox 789 3005 1210 3077; x_wconf 80' lang='lat' dir='ltr'><strong>benignissimus</strong></span> <span class='ocrx_word' id='word_1_347' title='bbox 1249 3005 1510 3060; x_wconf 90' lang='lat' dir='ltr'><strong>Dominus</strong></span> <span class='ocrx_word' id='word_1_348' title='bbox 1545 3005 1693 3060; x_wconf 84' lang='lat' dir='ltr'><strong>Gali-</strong></span> 
     </span>
    </p>
   </div>
   <div class='ocr_carea' id='block_1_47' title="bbox 127 3095 1691 3166">
    <p class='ocr_par' dir='ltr' id='par_1_47' title="bbox 127 3095 1691 3166">
     <span class='ocr_line' id='line_1_47' title="bbox 127 3095 1691 3166; baseline -0.001 -14"><span class='ocrx_word' id='word_1_349' title='bbox 127 3098 279 3166; x_wconf 67' lang='lat' dir='ltr'><strong>lzeam,</strong></span> <span class='ocrx_word' id='word_1_350' title='bbox 324 3097 580 3153; x_wconf 85' lang='lat' dir='ltr'><strong>videlicet</strong></span> <span class='ocrx_word' id='word_1_351' title='bbox 636 3097 868 3166; x_wconf 87' lang='lat' dir='ltr'><strong>patriam</strong></span> <span class='ocrx_word' id='word_1_352' title='bbox 917 3113 1091 3160; x_wconf 90' lang='lat' dir='ltr'><strong>suam,</strong></span> <span class='ocrx_word' id='word_1_353' title='bbox 1141 3103 1196 3151; x_wconf 89' lang='lat' dir='ltr'><strong>et</strong></span> <span class='ocrx_word' id='word_1_354' title='bbox 1243 3096 1392 3150; x_wconf 89' lang='lat' dir='ltr'><strong>venit</strong></span> <span class='ocrx_word' id='word_1_355' title='bbox 1449 3096 1505 3150; x_wconf 89' lang='lat' dir='ltr'><strong>in</strong></span> <span class='ocrx_word' id='word_1_356' title='bbox 1555 3095 1691 3150; x_wconf 85' lang='lat' dir='ltr'><strong>lines</strong></span> 
     </span>
    </p>
   </div>
   <div class='ocr_carea' id='block_1_48' title="bbox 128 3185 1692 3260">
    <p class='ocr_par' dir='ltr' id='par_1_48' title="bbox 128 3185 1692 3260">
     <span class='ocr_line' id='line_1_48' title="bbox 128 3185 1692 3260; baseline -0.002 -18"><span class='ocrx_word' id='word_1_357' title='bbox 128 3188 320 3256; x_wconf 60' lang='grc' dir='ltr'><strong>Μάκερ,</strong></span> <span class='ocrx_word' id='word_1_358' title='bbox 353 3189 512 3260; x_wconf 89' lang='lat' dir='ltr'><strong>quasi</strong></span> <span class='ocrx_word' id='word_1_359' title='bbox 550 3188 732 3259; x_wconf 91' lang='lat' dir='ltr'><strong>justus</strong></span> <span class='ocrx_word' id='word_1_360' title='bbox 763 3188 1023 3242; x_wconf 88' lang='lat' dir='ltr'><strong>Dominus</strong></span> <span class='ocrx_word' id='word_1_361' title='bbox 1047 3189 1312 3250; x_wconf 90' lang='lat' dir='ltr'><strong>omnium,</strong></span> <span class='ocrx_word' id='word_1_362' title='bbox 1336 3187 1427 3256; x_wconf 93' lang='lat' dir='ltr'><strong>qui</strong></span> <span class='ocrx_word' id='word_1_363' title='bbox 1466 3186 1546 3242; x_wconf 89' lang='lat' dir='ltr'><strong>sic</strong></span> <span class='ocrx_word' id='word_1_364' title='bbox 1570 3185 1692 3239; x_wconf 91' lang='lat' dir='ltr'><strong>dili-</strong></span> 
     </span>
    </p>
   </div>
   <div class='ocr_carea' id='block_1_49' title="bbox 127 3277 1691 3347">
    <p class='ocr_par' dir='ltr' id='par_1_49' title="bbox 127 3277 1691 3347">
     <span class='ocr_line' id='line_1_49' title="bbox 127 3277 1691 3347; baseline 0 -15"><span class='ocrx_word' id='word_1_365' title='bbox 127 3280 192 3346; x_wconf 82' lang='lat' dir='ltr'><strong>git</strong></span> <span class='ocrx_word' id='word_1_366' title='bbox 235 3280 557 3335; x_wconf 88' lang='lat' dir='ltr'><strong>domesticos</strong></span> <span class='ocrx_word' id='word_1_367' title='bbox 599 3293 748 3343; x_wconf 87' lang='lat' dir='ltr'><strong>suos,</strong></span> <span class='ocrx_word' id='word_1_368' title='bbox 791 3286 850 3332; x_wconf 90' lang='lat' dir='ltr'><strong>ut</strong></span> <span class='ocrx_word' id='word_1_369' title='bbox 887 3278 1024 3332; x_wconf 90' lang='lat' dir='ltr'><strong>alios</strong></span> <span class='ocrx_word' id='word_1_370' title='bbox 1049 3293 1156 3332; x_wconf 90' lang='lat' dir='ltr'><strong>non</strong></span> <span class='ocrx_word' id='word_1_371' title='bbox 1207 3277 1520 3347; x_wconf 87' lang='lat' dir='ltr'><strong>relinquat;</strong></span> <span class='ocrx_word' id='word_1_372' title='bbox 1561 3277 1691 3347; x_wconf 87' lang='lat' dir='ltr'><strong>quia</strong></span> 
     </span>
    </p>
   </div>
   <div class='ocr_carea' id='block_1_50' title="bbox 127 3367 1690 3437">
    <p class='ocr_par' dir='ltr' id='par_1_50' title="bbox 127 3367 1690 3437">
     <span class='ocr_line' id='line_1_50' title="bbox 127 3367 1690 3437; baseline 0.001 -18"><span class='ocrx_word' id='word_1_373' title='bbox 127 3369 249 3422; x_wconf 89' lang='lat' dir='ltr'><strong>sicut</strong></span> <span class='ocrx_word' id='word_1_374' title='bbox 267 3384 455 3424; x_wconf 86' lang='lat' dir='ltr'><strong>omnes</strong></span> <span class='ocrx_word' id='word_1_375' title='bbox 487 3368 566 3422; x_wconf 87' lang='lat' dir='ltr'><strong>illi</strong></span> <span class='ocrx_word' id='word_1_376' title='bbox 593 3367 794 3423; x_wconf 88' lang='lat' dir='ltr'><strong>debent</strong></span> <span class='ocrx_word' id='word_1_377' title='bbox 826 3367 986 3422; x_wconf 81' lang='lat' dir='ltr'><strong>tidem</strong></span> <span class='ocrx_word' id='word_1_378' title='bbox 1018 3383 1256 3431; x_wconf 85' lang='lat' dir='ltr'><strong>servare,</strong></span> <span class='ocrx_word' id='word_1_379' title='bbox 1281 3376 1444 3436; x_wconf 87' lang='lat' dir='ltr'><strong>atque</strong></span> <span class='ocrx_word' id='word_1_380' title='bbox 1463 3367 1690 3437; x_wconf 80' lang='lat' dir='ltr'><strong>gloriam</strong></span> 
     </span>
    </p>
   </div>
   <div class='ocr_carea' id='block_1_51' title="bbox 124 3456 1694 3528">
    <p class='ocr_par' dir='ltr' id='par_1_51' title="bbox 124 3456 1694 3528">
     <span class='ocr_line' id='line_1_51' title="bbox 124 3456 1694 3528; baseline 0.002 -19"><span class='ocrx_word' id='word_1_381' title='bbox 124 3457 418 3527; x_wconf 85' lang='lat' dir='ltr'><strong>impendere</strong></span> <span class='ocrx_word' id='word_1_382' title='bbox 449 3458 604 3528; x_wconf 87' lang='lat' dir='ltr'><strong>quasi</strong></span> <span class='ocrx_word' id='word_1_383' title='bbox 658 3456 928 3512; x_wconf 87' lang='lat' dir='ltr'><strong>Domino:</strong></span> <span class='ocrx_word' id='word_1_384' title='bbox 987 3457 1068 3512; x_wconf 90' lang='lat' dir='ltr'><strong>sic</strong></span> <span class='ocrx_word' id='word_1_385' title='bbox 1100 3459 1191 3514; x_wconf 91' lang='lat' dir='ltr'><strong>ille</strong></span> <span class='ocrx_word' id='word_1_386' title='bbox 1242 3459 1494 3513; x_wconf 89' lang='lat' dir='ltr'><strong>omnibus</strong></span> <span class='ocrx_word' id='word_1_387' title='bbox 1533 3459 1694 3514; x_wconf 88' lang='lat' dir='ltr'><strong>debet</strong></span> 
     </span>
    </p>
   </div>
   <div class='ocr_carea' id='block_1_52' title="bbox 122 3549 1692 3620">
    <p class='ocr_par' dir='ltr' id='par_1_52' title="bbox 122 3549 1692 3620">
     <span class='ocr_line' id='line_1_52' title="bbox 122 3549 1692 3620; baseline 0.003 -20"><span class='ocrx_word' id='word_1_388' title='bbox 122 3549 423 3614; x_wconf 81' lang='lat' dir='ltr'><strong>subvenire,</strong></span> <span class='ocrx_word' id='word_1_389' title='bbox 450 3560 504 3605; x_wconf 86' lang='lat' dir='ltr'><strong>et</strong></span> <span class='ocrx_word' id='word_1_390' title='bbox 538 3549 964 3606; x_wconf 88' lang='lat' dir='ltr'><strong>misericordiam</strong></span> <span class='ocrx_word' id='word_1_391' title='bbox 1008 3561 1289 3620; x_wconf 64' lang='lat' dir='ltr'><strong>praestare,</strong></span> <span class='ocrx_word' id='word_1_392' title='bbox 1319 3551 1472 3620; x_wconf 85' lang='lat' dir='ltr'><strong>quasi</strong></span> <span class='ocrx_word' id='word_1_393' title='bbox 1494 3553 1692 3616; x_wconf 87' lang='lat' dir='ltr'><strong>servis,</strong></span> 
     </span>
    </p>
   </div>
   <div class='ocr_carea' id='block_1_53' title="bbox 121 3641 1690 3711">
    <p class='ocr_par' dir='ltr' id='par_1_53' title="bbox 121 3641 1690 3711">
     <span class='ocr_line' id='line_1_53' title="bbox 121 3641 1690 3711; baseline 0.003 -19"><span class='ocrx_word' id='word_1_394' title='bbox 121 3656 188 3694; x_wconf 87' lang='lat' dir='ltr'><strong>ne</strong></span> <span class='ocrx_word' id='word_1_395' title='bbox 206 3656 421 3711; x_wconf 87' lang='lat' dir='ltr'><strong>semper</strong></span> <span class='ocrx_word' id='word_1_396' title='bbox 441 3657 556 3697; x_wconf 88' lang='lat' dir='ltr'><strong>eum</strong></span> <span class='ocrx_word' id='word_1_397' title='bbox 587 3641 747 3710; x_wconf 80' lang='lat' dir='ltr'><strong>juxta</strong></span> <span class='ocrx_word' id='word_1_398' title='bbox 786 3643 1176 3697; x_wconf 87' lang='lat' dir='ltr'><strong>humanitatem</strong></span> <span class='ocrx_word' id='word_1_399' title='bbox 1205 3658 1344 3696; x_wconf 89' lang='lat' dir='ltr'><strong>unus</strong></span> <span class='ocrx_word' id='word_1_400' title='bbox 1385 3650 1565 3696; x_wconf 83' lang='lat' dir='ltr'><strong>teneat</strong></span> <span class='ocrx_word' id='word_1_401' title='bbox 1610 3642 1690 3696; x_wconf 85' lang='lat' dir='ltr'><strong>lo-</strong></span> 
     </span>
    </p>
   </div>
   <div class='ocr_carea' id='block_1_54' title="bbox 121 3732 1690 3802">
    <p class='ocr_par' dir='ltr' id='par_1_54' title="bbox 121 3732 1690 3802">
     <span class='ocr_line' id='line_1_54' title="bbox 121 3732 1690 3802; baseline 0.001 -18"><span class='ocrx_word' id='word_1_402' title='bbox 121 3747 226 3785; x_wconf 89' lang='lat' dir='ltr'><strong>cus.</strong></span> <span class='ocrx_word' id='word_1_403' title='bbox 255 3732 364 3787; x_wconf 86' lang='lat' dir='ltr'><strong>Sed</strong></span> <span class='ocrx_word' id='word_1_404' title='bbox 386 3747 492 3787; x_wconf 88' lang='lat' dir='ltr'><strong>non</strong></span> <span class='ocrx_word' id='word_1_405' title='bbox 521 3733 672 3802; x_wconf 93' lang='lat' dir='ltr'><strong>prius</strong></span> <span class='ocrx_word' id='word_1_406' title='bbox 698 3732 918 3802; x_wconf 88' lang='lat' dir='ltr'><strong>reliquit</strong></span> <span class='ocrx_word' id='word_1_407' title='bbox 939 3732 1211 3797; x_wconf 70' lang='lat' dir='ltr'><strong>Galilwos,</strong></span> <span class='ocrx_word' id='word_1_408' title='bbox 1237 3747 1401 3802; x_wconf 91' lang='lat' dir='ltr'><strong>quam</strong></span> <span class='ocrx_word' id='word_1_409' title='bbox 1432 3747 1690 3787; x_wconf 88' lang='lat' dir='ltr'><strong>consum-</strong></span> 
     </span>
    </p>
   </div>
   <div class='ocr_carea' id='block_1_55' title="bbox 123 3824 1694 3894">
    <p class='ocr_par' dir='ltr' id='par_1_55' title="bbox 123 3824 1694 3894">
     <span class='ocr_line' id='line_1_55' title="bbox 123 3824 1694 3894; baseline 0.003 -19"><span class='ocrx_word' id='word_1_410' title='bbox 123 3835 311 3879; x_wconf 82' lang='lat' dir='ltr'><strong>masset</strong></span> <span class='ocrx_word' id='word_1_411' title='bbox 359 3840 646 3880; x_wconf 88' lang='lat' dir='ltr'><strong>sermones</strong></span> <span class='ocrx_word' id='word_1_412' title='bbox 692 3825 857 3890; x_wconf 90' lang='lat' dir='ltr'><strong>istos;</strong></span> <span class='ocrx_word' id='word_1_413' title='bbox 891 3825 944 3879; x_wconf 91' lang='lat' dir='ltr'><strong>id</strong></span> <span class='ocrx_word' id='word_1_414' title='bbox 987 3834 1087 3886; x_wconf 86' lang='lat' dir='ltr'><strong>est,</strong></span> <span class='ocrx_word' id='word_1_415' title='bbox 1131 3824 1303 3878; x_wconf 91' lang='lat' dir='ltr'><strong>donec</strong></span> <span class='ocrx_word' id='word_1_416' title='bbox 1348 3824 1532 3878; x_wconf 89' lang='lat' dir='ltr'><strong>omnia</strong></span> <span class='ocrx_word' id='word_1_417' title='bbox 1573 3839 1694 3894; x_wconf 71' lang='lat' dir='ltr'><strong>quae</strong></span> 
     </span>
    </p>
   </div>
   <div class='ocr_carea' id='block_1_56' title="bbox 118 3914 1693 3986">
    <p class='ocr_par' dir='ltr' id='par_1_56' title="bbox 118 3914 1693 3986">
     <span class='ocr_line' id='line_1_56' title="bbox 118 3914 1693 3986; baseline 0.002 -20"><span class='ocrx_word' id='word_1_418' title='bbox 118 3928 459 3986; x_wconf 79' lang='lat' dir='ltr'><strong>proposuerat</strong></span> <span class='ocrx_word' id='word_1_419' title='bbox 483 3931 670 3969; x_wconf 83' lang='lat' dir='ltr'><strong>coram</strong></span> <span class='ocrx_word' id='word_1_420' title='bbox 699 3917 802 3981; x_wconf 88' lang='lat' dir='ltr'><strong>eis,</strong></span> <span class='ocrx_word' id='word_1_421' title='bbox 843 3917 911 3969; x_wconf 80' lang='lat' dir='ltr'><strong>ad</strong></span> <span class='ocrx_word' id='word_1_422' title='bbox 950 3914 1245 3986; x_wconf 76' lang='lat' dir='ltr'><strong>perfectam</strong></span> <span class='ocrx_word' id='word_1_423' title='bbox 1291 3915 1693 3970; x_wconf 85' lang='lat' dir='ltr'><strong>conclusionem</strong></span> 
     </span>
    </p>
   </div>
   <div class='ocr_carea' id='block_1_57' title="bbox 117 4007 1696 4078">
    <p class='ocr_par' dir='ltr' id='par_1_57' title="bbox 117 4007 1696 4078">
     <span class='ocr_line' id='line_1_57' title="bbox 117 4007 1696 4078; baseline 0.001 -18"><span class='ocrx_word' id='word_1_424' title='bbox 117 4010 251 4074; x_wconf 74' lang='lat' dir='ltr'><strong>pacis</strong></span> <span class='ocrx_word' id='word_1_425' title='bbox 276 4020 330 4064; x_wconf 88' lang='lat' dir='ltr'><strong>et</strong></span> <span class='ocrx_word' id='word_1_426' title='bbox 361 4009 673 4064; x_wconf 62' lang='lat' dir='ltr'><strong>concordiae</strong></span> <span class='ocrx_word' id='word_1_427' title='bbox 693 4011 1032 4078; x_wconf 88' lang='lat' dir='ltr'><strong>perduceret.</strong></span> <span class='ocrx_word' id='word_1_428' title='bbox 1065 4008 1264 4078; x_wconf 91' lang='lat' dir='ltr'><strong>Sicque</strong></span> <span class='ocrx_word' id='word_1_429' title='bbox 1294 4007 1443 4061; x_wconf 90' lang='lat' dir='ltr'><strong>venit</strong></span> <span class='ocrx_word' id='word_1_430' title='bbox 1474 4008 1528 4060; x_wconf 92' lang='lat' dir='ltr'><strong>in</strong></span> <span class='ocrx_word' id='word_1_431' title='bbox 1562 4009 1696 4061; x_wconf 86' lang='lat' dir='ltr'><strong>lines</strong></span> 
     </span>
    </p>
   </div>
   <div class='ocr_carea' id='block_1_58' title="bbox 115 4097 1692 4170">
    <p class='ocr_par' dir='ltr' id='par_1_58' title="bbox 115 4097 1692 4170">
     <span class='ocr_line' id='line_1_58' title="bbox 115 4097 1692 4170; baseline 0.003 -21"><span class='ocrx_word' id='word_1_432' title='bbox 115 4097 293 4155; x_wconf 63' lang='lat' dir='ltr'><strong>ludi-te</strong></span> <span class='ocrx_word' id='word_1_433' title='bbox 315 4112 474 4157; x_wconf 88' lang='lat' dir='ltr'><strong>trans</strong></span> <span class='ocrx_word' id='word_1_434' title='bbox 501 4099 816 4164; x_wconf 71' lang='lat' dir='ltr'><strong>Iordanem,</strong></span> <span class='ocrx_word' id='word_1_435' title='bbox 849 4101 940 4155; x_wconf 87' lang='lat' dir='ltr'><strong>ubi</strong></span> <span class='ocrx_word' id='word_1_436' title='bbox 981 4101 1308 4170; x_wconf 86' lang='lat' dir='ltr'><strong>baptismum</strong></span> <span class='ocrx_word' id='word_1_437' title='bbox 1336 4101 1566 4154; x_wconf 87' lang='lat' dir='ltr'><strong>dabatur</strong></span> <span class='ocrx_word' id='word_1_438' title='bbox 1591 4100 1692 4154; x_wconf 86' lang='lat' dir='ltr'><strong>ho-</strong></span> 
     </span>
    </p>
   </div>
   <div class='ocr_carea' id='block_1_59' title="bbox 117 4187 1691 4258">
    <p class='ocr_par' dir='ltr' id='par_1_59' title="bbox 117 4187 1691 4258">
     <span class='ocr_line' id='line_1_59' title="bbox 117 4187 1691 4258; baseline 0.003 -21"><span class='ocrx_word' id='word_1_439' title='bbox 117 4187 349 4244; x_wconf 88' lang='lat' dir='ltr'><strong>minibus.</strong></span> <span class='ocrx_word' id='word_1_440' title='bbox 381 4190 460 4244; x_wconf 84' lang='lat' dir='ltr'><strong>Et</strong></span> <span class='ocrx_word' id='word_1_441' title='bbox 490 4189 720 4242; x_wconf 84' lang='lat' dir='ltr'><strong>forsitan</strong></span> <span class='ocrx_word' id='word_1_442' title='bbox 763 4189 960 4242; x_wconf 90' lang='lat' dir='ltr'><strong>dicitur</strong></span> <span class='ocrx_word' id='word_1_443' title='bbox 1001 4189 1068 4243; x_wconf 89' lang='lat' dir='ltr'><strong>de</strong></span> <span class='ocrx_word' id='word_1_444' title='bbox 1121 4189 1293 4244; x_wconf 88' lang='lat' dir='ltr'><strong>turbis</strong></span> <span class='ocrx_word' id='word_1_445' title='bbox 1320 4187 1691 4258; x_wconf 87' lang='lat' dir='ltr'><strong>sequentibus,</strong></span> 
     </span>
    </p>
   </div>
   <div class='ocr_carea' id='block_1_60' title="bbox 115 4278 1696 4350">
    <p class='ocr_par' dir='ltr' id='par_1_60' title="bbox 115 4278 1696 4350">
     <span class='ocr_line' id='line_1_60' title="bbox 115 4278 1696 4350; baseline 0.003 -22"><span class='ocrx_word' id='word_1_446' title='bbox 115 4278 392 4334; x_wconf 70' lang='lat' dir='ltr'><strong>Etsanarit</strong></span> <span class='ocrx_word' id='word_1_447' title='bbox 442 4296 533 4333; x_wconf 85' lang='lat' dir='ltr'><strong>eos</strong></span> <span class='ocrx_word' id='word_1_448' title='bbox 575 4280 691 4344; x_wconf 82' lang='lat' dir='ltr'><strong>ibi;</strong></span> <span class='ocrx_word' id='word_1_449' title='bbox 735 4281 859 4348; x_wconf 89' lang='lat' dir='ltr'><strong>quia</strong></span> <span class='ocrx_word' id='word_1_450' title='bbox 891 4279 958 4333; x_wconf 90' lang='lat' dir='ltr'><strong>ad</strong></span> <span class='ocrx_word' id='word_1_451' title='bbox 1004 4278 1109 4334; x_wconf 87' lang='lat' dir='ltr'><strong>hoc</strong></span> <span class='ocrx_word' id='word_1_452' title='bbox 1137 4278 1468 4350; x_wconf 84' lang='lat' dir='ltr'><strong>provocabat</strong></span> <span class='ocrx_word' id='word_1_453' title='bbox 1514 4294 1609 4333; x_wconf 91' lang='lat' dir='ltr'><strong>eos</strong></span> <span class='ocrx_word' id='word_1_454' title='bbox 1637 4287 1696 4332; x_wconf 91' lang='lat' dir='ltr'><strong>ut</strong></span> 
     </span>
    </p>
   </div>
   <div class='ocr_carea' id='block_1_61' title="bbox 112 4367 1692 4439">
    <p class='ocr_par' dir='ltr' id='par_1_61' title="bbox 112 4367 1692 4439">
     <span class='ocr_line' id='line_1_61' title="bbox 112 4367 1692 4439; baseline 0.001 -19"><span class='ocrx_word' id='word_1_455' title='bbox 112 4381 451 4425; x_wconf 83' lang='lat' dir='ltr'><strong>sanarentur.</strong></span> <span class='ocrx_word' id='word_1_456' title='bbox 499 4369 770 4436; x_wconf 86' lang='lat' dir='ltr'><strong>Quoniam</strong></span> <span class='ocrx_word' id='word_1_457' title='bbox 805 4383 963 4423; x_wconf 90' lang='lat' dir='ltr'><strong>nemo</strong></span> <span class='ocrx_word' id='word_1_458' title='bbox 1006 4368 1245 4439; x_wconf 75' lang='lat' dir='ltr'><strong>perfecte</strong></span> <span class='ocrx_word' id='word_1_459' title='bbox 1293 4377 1536 4434; x_wconf 87' lang='lat' dir='ltr'><strong>sanatur,</strong></span> <span class='ocrx_word' id='word_1_460' title='bbox 1589 4367 1692 4422; x_wconf 92' lang='lat' dir='ltr'><strong>nisi</strong></span> 
     </span>
    </p>
   </div>
   <div class='ocr_carea' id='block_1_62' title="bbox 1797 2730 3391 2805">
    <p class='ocr_par' dir='ltr' id='par_1_62' title="bbox 1797 2730 3391 2805">
     <span class='ocr_line' id='line_1_62' title="bbox 1797 2730 3391 2805; baseline 0.002 -16"><span class='ocrx_word' id='word_1_461' title='bbox 1797 2750 2004 2805; x_wconf 78' lang='lat' dir='ltr'><strong>cunque</strong></span> <span class='ocrx_word' id='word_1_462' title='bbox 2046 2749 2112 2788; x_wconf 79' lang='lat' dir='ltr'><strong>ea:</strong></span> <span class='ocrx_word' id='word_1_463' title='bbox 2155 2747 2315 2788; x_wconf 82' lang='lat' dir='ltr'><strong>causa</strong></span> <span class='ocrx_word' id='word_1_464' title='bbox 2350 2733 2375 2786; x_wconf 81' lang='lat'><strong><em>?</em></strong></span> <span class='ocrx_word' id='word_1_465' title='bbox 2415 2730 2610 2789; x_wconf 81' lang='lat' dir='ltr'><strong>Misera</strong></span> <span class='ocrx_word' id='word_1_466' title='bbox 2653 2732 3054 2789; x_wconf 65' lang='lat' dir='ltr'><strong>Pharisaeorum</strong></span> <span class='ocrx_word' id='word_1_467' title='bbox 3091 2737 3308 2793; x_wconf 78' lang='lat' dir='ltr'><strong>caecitas</strong></span> <span class='ocrx_word' id='word_1_468' title='bbox 3334 2746 3391 2794; x_wconf 92' lang='lat' dir='ltr'><strong>et</strong></span> 
     </span>
    </p>
   </div>
   <div class='ocr_carea' id='block_1_63' title="bbox 1796 2825 3387 2898">
    <p class='ocr_par' dir='ltr' id='par_1_63' title="bbox 1796 2825 3387 2898">
     <span class='ocr_line' id='line_1_63' title="bbox 1796 2825 3387 2898; baseline 0.003 -20"><span class='ocrx_word' id='word_1_469' title='bbox 1796 2825 1962 2896; x_wconf 73' lang='lat'><strong>783</strong></span> <span class='ocrx_word' id='word_1_470' title='bbox 2013 2825 2210 2879; x_wconf 86' lang='lat' dir='ltr'><strong>duritia</strong></span> <span class='ocrx_word' id='word_1_471' title='bbox 2241 2825 2440 2880; x_wconf 88' lang='lat' dir='ltr'><strong>cordis.</strong></span> <span class='ocrx_word' id='word_1_472' title='bbox 2490 2825 2682 2879; x_wconf 65' lang='lat' dir='ltr'><strong>Turbae</strong></span> <span class='ocrx_word' id='word_1_473' title='bbox 2729 2836 3033 2894; x_wconf 85' lang='lat' dir='ltr'><strong>sequuntur</strong></span> <span class='ocrx_word' id='word_1_474' title='bbox 3067 2843 3188 2882; x_wconf 91' lang='lat' dir='ltr'><strong>eum</strong></span> <span class='ocrx_word' id='word_1_475' title='bbox 3233 2832 3387 2898; x_wconf 85' lang='lat' dir='ltr'><strong>quasi</strong></span> 
     </span>
    </p>
   </div>
   <div class='ocr_carea' id='block_1_64' title="bbox 1798 2915 3386 2989">
    <p class='ocr_par' dir='ltr' id='par_1_64' title="bbox 1798 2915 3386 2989">
     <span class='ocr_line' id='line_1_64' title="bbox 1798 2915 3386 2989; baseline 0.004 -20"><span class='ocrx_word' id='word_1_476' title='bbox 1798 2917 1868 2970; x_wconf 84' lang='lat' dir='ltr'><strong>ad</strong></span> <span class='ocrx_word' id='word_1_477' title='bbox 1915 2915 2284 2970; x_wconf 89' lang='lat' dir='ltr'><strong>testimonium</strong></span> <span class='ocrx_word' id='word_1_478' title='bbox 2335 2915 2588 2970; x_wconf 88' lang='lat' dir='ltr'><strong>salutaris</strong></span> <span class='ocrx_word' id='word_1_479' title='bbox 2633 2916 2894 2971; x_wconf 75' lang='lat' dir='ltr'><strong>doctrina:</strong></span> <span class='ocrx_word' id='word_1_480' title='bbox 2944 2918 3086 2988; x_wconf 87' lang='lat' dir='ltr'><strong>ejus,</strong></span> <span class='ocrx_word' id='word_1_481' title='bbox 3144 2927 3200 2974; x_wconf 89' lang='lat' dir='ltr'><strong>et</strong></span> <span class='ocrx_word' id='word_1_482' title='bbox 3232 2924 3386 2989; x_wconf 89' lang='lat' dir='ltr'><strong>quasi</strong></span> 
     </span>
    </p>
   </div>
   <div class='ocr_carea' id='block_1_65' title="bbox 1797 3007 3387 3081">
    <p class='ocr_par' dir='ltr' id='par_1_65' title="bbox 1797 3007 3387 3081">
     <span class='ocr_line' id='line_1_65' title="bbox 1797 3007 3387 3081; baseline 0.001 -17"><span class='ocrx_word' id='word_1_483' title='bbox 1797 3023 1930 3064; x_wconf 86' lang='lat' dir='ltr'><strong>oves</strong></span> <span class='ocrx_word' id='word_1_484' title='bbox 1965 3017 2239 3079; x_wconf 89' lang='lat' dir='ltr'><strong>pastorem</strong></span> <span class='ocrx_word' id='word_1_485' title='bbox 2271 3023 2431 3076; x_wconf 88' lang='lat' dir='ltr'><strong>quem</strong></span> <span class='ocrx_word' id='word_1_486' title='bbox 2471 3007 2830 3071; x_wconf 88' lang='lat' dir='ltr'><strong>deducebant,</strong></span> <span class='ocrx_word' id='word_1_487' title='bbox 2861 3011 3013 3080; x_wconf 84' lang='lat' dir='ltr'><strong>quasi</strong></span> <span class='ocrx_word' id='word_1_488' title='bbox 3043 3013 3252 3081; x_wconf 90' lang='lat' dir='ltr'><strong>parvuli</strong></span> <span class='ocrx_word' id='word_1_489' title='bbox 3289 3013 3387 3067; x_wconf 82' lang='lat' dir='ltr'><strong>ﬁlii</strong></span> 
     </span>
    </p>
   </div>
   <div class='ocr_carea' id='block_1_66' title="bbox 1801 3099 3385 3170">
    <p class='ocr_par' dir='ltr' id='par_1_66' title="bbox 1801 3099 3385 3170">
     <span class='ocr_line' id='line_1_66' title="bbox 1801 3099 3385 3170; baseline 0.003 -16"><span class='ocrx_word' id='word_1_490' title='bbox 1801 3100 1948 3170; x_wconf 88' lang='lat' dir='ltr'><strong>pium</strong></span> <span class='ocrx_word' id='word_1_491' title='bbox 1991 3107 2223 3170; x_wconf 88' lang='lat' dir='ltr'><strong>patrem,</strong></span> <span class='ocrx_word' id='word_1_492' title='bbox 2274 3114 2502 3169; x_wconf 78' lang='lat' dir='ltr'><strong>peregre</strong></span> <span class='ocrx_word' id='word_1_493' title='bbox 2560 3115 2654 3153; x_wconf 88' lang='lat' dir='ltr'><strong>seu</strong></span> <span class='ocrx_word' id='word_1_494' title='bbox 2706 3099 2861 3169; x_wconf 87' lang='lat' dir='ltr'><strong>longe</strong></span> <span class='ocrx_word' id='word_1_495' title='bbox 2905 3102 3385 3170; x_wconf 80' lang='lat' dir='ltr'><strong>proﬁciscentem:</strong></span> 
     </span>
    </p>
   </div>
   <div class='ocr_carea' id='block_1_67' title="bbox 1794 3191 3384 3256">
    <p class='ocr_par' dir='ltr' id='par_1_67' title="bbox 1794 3191 3384 3256">
     <span class='ocr_line' id='line_1_67' title="bbox 1794 3191 3384 3256; baseline 0.001 -10"><span class='ocrx_word' id='word_1_496' title='bbox 1794 3201 1851 3247; x_wconf 92' lang='lat' dir='ltr'><strong>et</strong></span> <span class='ocrx_word' id='word_1_497' title='bbox 1896 3193 2006 3255; x_wconf 88' lang='lat' dir='ltr'><strong>isti,</strong></span> <span class='ocrx_word' id='word_1_498' title='bbox 2055 3207 2180 3246; x_wconf 82' lang='lat' dir='ltr'><strong>mox</strong></span> <span class='ocrx_word' id='word_1_499' title='bbox 2225 3199 2285 3244; x_wconf 90' lang='lat' dir='ltr'><strong>ut</strong></span> <span class='ocrx_word' id='word_1_500' title='bbox 2318 3191 2383 3244; x_wconf 88' lang='lat' dir='ltr'><strong>ad</strong></span> <span class='ocrx_word' id='word_1_501' title='bbox 2425 3205 2519 3245; x_wconf 90' lang='lat' dir='ltr'><strong>eos</strong></span> <span class='ocrx_word' id='word_1_502' title='bbox 2563 3191 2813 3256; x_wconf 87' lang='lat' dir='ltr'><strong>accessit,</strong></span> <span class='ocrx_word' id='word_1_503' title='bbox 2851 3200 3060 3247; x_wconf 86' lang='lat' dir='ltr'><strong>tentant</strong></span> <span class='ocrx_word' id='word_1_504' title='bbox 3110 3209 3234 3248; x_wconf 90' lang='lat' dir='ltr'><strong>eum</strong></span> <span class='ocrx_word' id='word_1_505' title='bbox 3273 3193 3384 3249; x_wconf 85' lang='lat' dir='ltr'><strong>cal-</strong></span> 
     </span>
    </p>
   </div>
   <div class='ocr_carea' id='block_1_68' title="bbox 1793 3281 3384 3355">
    <p class='ocr_par' dir='ltr' id='par_1_68' title="bbox 1793 3281 3384 3355">
     <span class='ocr_line' id='line_1_68' title="bbox 1793 3281 3384 3355; baseline 0.003 -20"><span class='ocrx_word' id='word_1_506' title='bbox 1793 3281 1919 3346; x_wconf 91' lang='lat' dir='ltr'><strong>lide,</strong></span> <span class='ocrx_word' id='word_1_507' title='bbox 1951 3283 2176 3352; x_wconf 86' lang='lat' dir='ltr'><strong>etquasi</strong></span> <span class='ocrx_word' id='word_1_508' title='bbox 2201 3291 2432 3336; x_wconf 89' lang='lat' dir='ltr'><strong>cornuto</strong></span> <span class='ocrx_word' id='word_1_509' title='bbox 2461 3297 2585 3334; x_wconf 92' lang='lat' dir='ltr'><strong>eum</strong></span> <span class='ocrx_word' id='word_1_510' title='bbox 2613 3291 2875 3351; x_wconf 87' lang='lat' dir='ltr'><strong>appetunt</strong></span> <span class='ocrx_word' id='word_1_511' title='bbox 2905 3283 3031 3338; x_wconf 70' lang='lat' dir='ltr'><strong>hinc</strong></span> <span class='ocrx_word' id='word_1_512' title='bbox 3061 3283 3185 3337; x_wconf 88' lang='lat' dir='ltr'><strong>inde</strong></span> <span class='ocrx_word' id='word_1_513' title='bbox 3218 3284 3384 3355; x_wconf 85' lang='lat' dir='ltr'><strong>syllo-</strong></span> 
     </span>
    </p>
   </div>
   <div class='ocr_carea' id='block_1_69' title="bbox 1793 3374 3387 3444">
    <p class='ocr_par' dir='ltr' id='par_1_69' title="bbox 1793 3374 3387 3444">
     <span class='ocr_line' id='line_1_69' title="bbox 1793 3374 3387 3444; baseline 0.003 -16"><span class='ocrx_word' id='word_1_514' title='bbox 1793 3375 1988 3444; x_wconf 82' lang='lat' dir='ltr'><strong>gismo,</strong></span> <span class='ocrx_word' id='word_1_515' title='bbox 2034 3383 2091 3428; x_wconf 90' lang='lat' dir='ltr'><strong>ut</strong></span> <span class='ocrx_word' id='word_1_516' title='bbox 2119 3375 2478 3444; x_wconf 86' lang='lat' dir='ltr'><strong>quodcunque</strong></span> <span class='ocrx_word' id='word_1_517' title='bbox 2523 3374 2890 3442; x_wconf 84' lang='lat' dir='ltr'><strong>responderet,</strong></span> <span class='ocrx_word' id='word_1_518' title='bbox 2924 3377 3178 3444; x_wconf 87' lang='lat' dir='ltr'><strong>captione</strong></span> <span class='ocrx_word' id='word_1_519' title='bbox 3207 3386 3387 3432; x_wconf 83' lang='lat' dir='ltr'><strong>tenea-</strong></span> 
     </span>
    </p>
   </div>
   <div class='ocr_carea' id='block_1_70' title="bbox 1797 3463 3386 3536">
    <p class='ocr_par' dir='ltr' id='par_1_70' title="bbox 1797 3463 3386 3536">
     <span class='ocr_line' id='line_1_70' title="bbox 1797 3463 3386 3536; baseline 0 -16"><span class='ocrx_word' id='word_1_520' title='bbox 1797 3475 1904 3520; x_wconf 93' lang='lat' dir='ltr'><strong>tur.</strong></span> <span class='ocrx_word' id='word_1_521' title='bbox 1936 3465 2044 3519; x_wconf 89' lang='lat' dir='ltr'><strong>Sed</strong></span> <span class='ocrx_word' id='word_1_522' title='bbox 2082 3465 2332 3536; x_wconf 85' lang='lat' dir='ltr'><strong>egregius</strong></span> <span class='ocrx_word' id='word_1_523' title='bbox 2361 3463 2618 3533; x_wconf 76' lang='lat' dir='ltr'><strong>Magister</strong></span> <span class='ocrx_word' id='word_1_524' title='bbox 2649 3465 2728 3518; x_wconf 91' lang='lat' dir='ltr'><strong>sic</strong></span> <span class='ocrx_word' id='word_1_525' title='bbox 2767 3465 2949 3517; x_wconf 89' lang='lat' dir='ltr'><strong>omnia</strong></span> <span class='ocrx_word' id='word_1_526' title='bbox 2979 3465 3276 3534; x_wconf 88' lang='lat' dir='ltr'><strong>dispensat,</strong></span> <span class='ocrx_word' id='word_1_527' title='bbox 3326 3477 3386 3520; x_wconf 91' lang='lat' dir='ltr'><strong>ut</strong></span> 
     </span>
    </p>
   </div>
   <div class='ocr_carea' id='block_1_71' title="bbox 1796 3555 3378 3626">
    <p class='ocr_par' dir='ltr' id='par_1_71' title="bbox 1796 3555 3378 3626">
     <span class='ocr_line' id='line_1_71' title="bbox 1796 3555 3378 3626; baseline 0.001 -15"><span class='ocrx_word' id='word_1_528' title='bbox 1796 3557 1896 3626; x_wconf 90' lang='lat' dir='ltr'><strong>ipsi</strong></span> <span class='ocrx_word' id='word_1_529' title='bbox 1953 3555 2350 3610; x_wconf 79' lang='lat' dir='ltr'><strong>inexcusabiles</strong></span> <span class='ocrx_word' id='word_1_530' title='bbox 2404 3556 2531 3617; x_wconf 82' lang='lat' dir='ltr'><strong>sint,</strong></span> <span class='ocrx_word' id='word_1_531' title='bbox 2562 3565 2618 3610; x_wconf 91' lang='lat' dir='ltr'><strong>et</strong></span> <span class='ocrx_word' id='word_1_532' title='bbox 2664 3557 2777 3624; x_wconf 86' lang='lat' dir='ltr'><strong>ipse</strong></span> <span class='ocrx_word' id='word_1_533' title='bbox 2807 3556 2860 3608; x_wconf 93' lang='lat' dir='ltr'><strong>in</strong></span> <span class='ocrx_word' id='word_1_534' title='bbox 2908 3556 3056 3610; x_wconf 90' lang='lat' dir='ltr'><strong>nullo</strong></span> <span class='ocrx_word' id='word_1_535' title='bbox 3107 3565 3378 3612; x_wconf 85' lang='lat' dir='ltr'><strong>teneatur.</strong></span> 
     </span>
    </p>
   </div>
   <div class='ocr_carea' id='block_1_72' title="bbox 1798 3647 3379 3718">
    <p class='ocr_par' dir='ltr' id='par_1_72' title="bbox 1798 3647 3379 3718">
     <span class='ocr_line' id='line_1_72' title="bbox 1798 3647 3379 3718; baseline 0.003 -17"><span class='ocrx_word' id='word_1_536' title='bbox 1798 3647 1952 3702; x_wconf 84' lang='lat' dir='ltr'><strong>Unde</strong></span> <span class='ocrx_word' id='word_1_537' title='bbox 1979 3647 2213 3718; x_wconf 87' lang='lat' dir='ltr'><strong>primmn</strong></span> <span class='ocrx_word' id='word_1_538' title='bbox 2257 3647 2464 3701; x_wconf 87' lang='lat' dir='ltr'><strong>sanatis</strong></span> <span class='ocrx_word' id='word_1_539' title='bbox 2499 3649 2695 3712; x_wconf 90' lang='lat' dir='ltr'><strong>turbis,</strong></span> <span class='ocrx_word' id='word_1_540' title='bbox 2727 3649 2985 3702; x_wconf 88' lang='lat' dir='ltr'><strong>continuo</strong></span> <span class='ocrx_word' id='word_1_541' title='bbox 3013 3649 3219 3704; x_wconf 91' lang='lat' dir='ltr'><strong>dimisit</strong></span> <span class='ocrx_word' id='word_1_542' title='bbox 3262 3667 3379 3715; x_wconf 80' lang='lat' dir='ltr'><strong>cos,</strong></span> 
     </span>
    </p>
   </div>
   <div class='ocr_carea' id='block_1_73' title="bbox 1796 3738 3387 3810">
    <p class='ocr_par' dir='ltr' id='par_1_73' title="bbox 1796 3738 3387 3810">
     <span class='ocr_line' id='line_1_73' title="bbox 1796 3738 3387 3810; baseline 0.003 -20"><span class='ocrx_word' id='word_1_543' title='bbox 1796 3740 1921 3810; x_wconf 88' lang='lat' dir='ltr'><strong>quia</strong></span> <span class='ocrx_word' id='word_1_544' title='bbox 1975 3738 2148 3808; x_wconf 88' lang='lat' dir='ltr'><strong>parati</strong></span> <span class='ocrx_word' id='word_1_545' title='bbox 2193 3749 2351 3791; x_wconf 87' lang='lat' dir='ltr'><strong>erant</strong></span> <span class='ocrx_word' id='word_1_546' title='bbox 2410 3739 2561 3807; x_wconf 89' lang='lat' dir='ltr'><strong>sequi</strong></span> <span class='ocrx_word' id='word_1_547' title='bbox 2593 3756 2716 3792; x_wconf 90' lang='lat' dir='ltr'><strong>eum</strong></span> <span class='ocrx_word' id='word_1_548' title='bbox 2773 3739 2823 3792; x_wconf 92' lang='lat' dir='ltr'><strong>in</strong></span> <span class='ocrx_word' id='word_1_549' title='bbox 2869 3740 3002 3794; x_wconf 82' lang='lat' dir='ltr'><strong>lines</strong></span> <span class='ocrx_word' id='word_1_550' title='bbox 3053 3740 3283 3808; x_wconf 67' lang='lat' dir='ltr'><strong>Judazze;</strong></span> <span class='ocrx_word' id='word_1_551' title='bbox 3320 3759 3387 3796; x_wconf 87' lang='lat' dir='ltr'><strong>ne</strong></span> 
     </span>
    </p>
   </div>
   <div class='ocr_carea' id='block_1_74' title="bbox 1795 3828 3386 3900">
    <p class='ocr_par' dir='ltr' id='par_1_74' title="bbox 1795 3828 3386 3900">
     <span class='ocr_line' id='line_1_74' title="bbox 1795 3828 3386 3900; baseline 0.002 -18"><span class='ocrx_word' id='word_1_552' title='bbox 1795 3830 1936 3884; x_wconf 80' lang='lat' dir='ltr'><strong>forte</strong></span> <span class='ocrx_word' id='word_1_553' title='bbox 1971 3829 2306 3882; x_wconf 89' lang='lat' dir='ltr'><strong>detractores</strong></span> <span class='ocrx_word' id='word_1_554' title='bbox 2343 3829 2472 3883; x_wconf 65' lang='lat' dir='ltr'><strong>caeci</strong></span> <span class='ocrx_word' id='word_1_555' title='bbox 2515 3828 2772 3883; x_wconf 73' lang='lat' dir='ltr'><strong>Pharismi</strong></span> <span class='ocrx_word' id='word_1_556' title='bbox 2819 3829 3066 3884; x_wconf 91' lang='lat' dir='ltr'><strong>dicerent</strong></span> <span class='ocrx_word' id='word_1_557' title='bbox 3118 3831 3261 3900; x_wconf 90' lang='lat' dir='ltr'><strong>quod</strong></span> <span class='ocrx_word' id='word_1_558' title='bbox 3317 3838 3386 3886; x_wconf 92' lang='lat' dir='ltr'><strong>ad</strong></span> 
     </span>
    </p>
   </div>
   <div class='ocr_carea' id='block_1_75' title="bbox 1796 3903 3380 3989">
    <p class='ocr_par' dir='ltr' id='par_1_75' title="bbox 1796 3903 3380 3989">
     <span class='ocr_line' id='line_1_75' title="bbox 1796 3903 3380 3989; baseline 0.003 -17"><span class='ocrx_word' id='word_1_559' title='bbox 1796 3903 2179 3989; x_wconf 81' lang='lat' dir='ltr'><strong>divulgandam</strong></span> <span class='ocrx_word' id='word_1_560' title='bbox 2224 3919 2497 3989; x_wconf 92' lang='lat' dir='ltr'><strong>opinionis</strong></span> <span class='ocrx_word' id='word_1_561' title='bbox 2532 3935 2642 3974; x_wconf 68' lang='lat' dir='ltr'><strong>sua:</strong></span> <span class='ocrx_word' id='word_1_562' title='bbox 2669 3919 2894 3984; x_wconf 81' lang='lat' dir='ltr'><strong>famam,</strong></span> <span class='ocrx_word' id='word_1_563' title='bbox 2926 3929 2983 3974; x_wconf 87' lang='lat' dir='ltr'><strong>et</strong></span> <span class='ocrx_word' id='word_1_564' title='bbox 3025 3921 3091 3975; x_wconf 89' lang='lat' dir='ltr'><strong>ad</strong></span> <span class='ocrx_word' id='word_1_565' title='bbox 3132 3922 3380 3976; x_wconf 88' lang='lat' dir='ltr'><strong>testimo-</strong></span> 
     </span>
    </p>
   </div>
   <div class='ocr_carea' id='block_1_76' title="bbox 1801 4012 3388 4082">
    <p class='ocr_par' dir='ltr' id='par_1_76' title="bbox 1801 4012 3388 4082">
     <span class='ocr_line' id='line_1_76' title="bbox 1801 4012 3388 4082; baseline 0.001 -17"><span class='ocrx_word' id='word_1_566' title='bbox 1801 4012 1952 4065; x_wconf 91' lang='lat' dir='ltr'><strong>nium</strong></span> <span class='ocrx_word' id='word_1_567' title='bbox 2001 4012 2264 4065; x_wconf 89' lang='lat' dir='ltr'><strong>virtutum</strong></span> <span class='ocrx_word' id='word_1_568' title='bbox 2338 4026 2578 4075; x_wconf 89' lang='lat' dir='ltr'><strong>suarum,</strong></span> <span class='ocrx_word' id='word_1_569' title='bbox 2636 4027 2800 4066; x_wconf 88' lang='lat' dir='ltr'><strong>causa</strong></span> <span class='ocrx_word' id='word_1_570' title='bbox 2853 4012 3150 4082; x_wconf 72' lang='lat' dir='ltr'><strong>jactantize,</strong></span> <span class='ocrx_word' id='word_1_571' title='bbox 3204 4029 3388 4067; x_wconf 88' lang='lat' dir='ltr'><strong>secum</strong></span> 
     </span>
    </p>
   </div>
   <div class='ocr_carea' id='block_1_77' title="bbox 1799 4101 3388 4172">
    <p class='ocr_par' dir='ltr' id='par_1_77' title="bbox 1799 4101 3388 4172">
     <span class='ocr_line' id='line_1_77' title="bbox 1799 4101 3388 4172; baseline 0 -16"><span class='ocrx_word' id='word_1_572' title='bbox 1799 4103 1938 4156; x_wconf 87' lang='lat' dir='ltr'><strong>hanc</strong></span> <span class='ocrx_word' id='word_1_573' title='bbox 1999 4102 2165 4155; x_wconf 85' lang='lat' dir='ltr'><strong>trahit</strong></span> <span class='ocrx_word' id='word_1_574' title='bbox 2219 4101 2639 4163; x_wconf 84' lang='lat' dir='ltr'><strong>niultitudinem,</strong></span> <span class='ocrx_word' id='word_1_575' title='bbox 2688 4117 2823 4172; x_wconf 89' lang='lat' dir='ltr'><strong>quos</strong></span> <span class='ocrx_word' id='word_1_576' title='bbox 2879 4103 3106 4158; x_wconf 89' lang='lat' dir='ltr'><strong>curavit.</strong></span> <span class='ocrx_word' id='word_1_577' title='bbox 3157 4103 3224 4157; x_wconf 86' lang='lat' dir='ltr'><strong>Et</strong></span> <span class='ocrx_word' id='word_1_578' title='bbox 3267 4102 3388 4157; x_wconf 81' lang='lat' dir='ltr'><strong>idco</strong></span> 
     </span>
    </p>
   </div>
   <div class='ocr_carea' id='block_1_78' title="bbox 1797 4191 3385 4262">
    <p class='ocr_par' dir='ltr' id='par_1_78' title="bbox 1797 4191 3385 4262">
     <span class='ocr_line' id='line_1_78' title="bbox 1797 4191 3385 4262; baseline 0.001 -17"><span class='ocrx_word' id='word_1_579' title='bbox 1797 4206 1921 4245; x_wconf 75' lang='lat' dir='ltr'><strong>mox</strong></span> <span class='ocrx_word' id='word_1_580' title='bbox 1962 4200 2182 4246; x_wconf 85' lang='lat' dir='ltr'><strong>sanatos</strong></span> <span class='ocrx_word' id='word_1_581' title='bbox 2216 4191 2423 4245; x_wconf 90' lang='lat' dir='ltr'><strong>dimisit</strong></span> <span class='ocrx_word' id='word_1_582' title='bbox 2460 4206 2574 4245; x_wconf 90' lang='lat' dir='ltr'><strong>eos.</strong></span> <span class='ocrx_word' id='word_1_583' title='bbox 2613 4191 2814 4245; x_wconf 88' lang='lat' dir='ltr'><strong>Deinde</strong></span> <span class='ocrx_word' id='word_1_584' title='bbox 2846 4191 2926 4246; x_wconf 92' lang='lat' dir='ltr'><strong>sic</strong></span> <span class='ocrx_word' id='word_1_585' title='bbox 2981 4200 3251 4262; x_wconf 88' lang='lat' dir='ltr'><strong>temperat</strong></span> <span class='ocrx_word' id='word_1_586' title='bbox 3299 4210 3385 4247; x_wconf 87' lang='lat' dir='ltr'><strong>rc-</strong></span> 
     </span>
    </p>
   </div>
   <div class='ocr_carea' id='block_1_79' title="bbox 1796 4280 3383 4353">
    <p class='ocr_par' dir='ltr' id='par_1_79' title="bbox 1796 4280 3383 4353">
     <span class='ocr_line' id='line_1_79' title="bbox 1796 4280 3383 4353; baseline 0.001 -17"><span class='ocrx_word' id='word_1_587' title='bbox 1796 4281 2141 4351; x_wconf 90' lang='lat' dir='ltr'><strong>sponsionem</strong></span> <span class='ocrx_word' id='word_1_588' title='bbox 2172 4289 2230 4334; x_wconf 93' lang='lat' dir='ltr'><strong>ut</strong></span> <span class='ocrx_word' id='word_1_589' title='bbox 2249 4288 2305 4335; x_wconf 92' lang='lat' dir='ltr'><strong>et</strong></span> <span class='ocrx_word' id='word_1_590' title='bbox 2325 4280 2401 4334; x_wconf 92' lang='lat' dir='ltr'><strong>illi</strong></span> <span class='ocrx_word' id='word_1_591' title='bbox 2423 4297 2622 4350; x_wconf 85' lang='lat' dir='ltr'><strong>negare</strong></span> <span class='ocrx_word' id='word_1_592' title='bbox 2651 4297 2758 4335; x_wconf 91' lang='lat' dir='ltr'><strong>non</strong></span> <span class='ocrx_word' id='word_1_593' title='bbox 2782 4282 2989 4351; x_wconf 84' lang='lat' dir='ltr'><strong>possint</strong></span> <span class='ocrx_word' id='word_1_594' title='bbox 3011 4298 3132 4351; x_wconf 75' lang='lat' dir='ltr'><strong>qua:</strong></span> <span class='ocrx_word' id='word_1_595' title='bbox 3159 4299 3383 4353; x_wconf 82' lang='lat' dir='ltr'><strong>respon-</strong></span> 
     </span>
    </p>
   </div>
   <div class='ocr_carea' id='block_1_80' title="bbox 1796 4373 3381 4445">
    <p class='ocr_par' dir='ltr' id='par_1_80' title="bbox 1796 4373 3381 4445">
     <span class='ocr_line' id='line_1_80' title="bbox 1796 4373 3381 4445; baseline -0.001 -14"><span class='ocrx_word' id='word_1_596' title='bbox 1796 4377 1896 4440; x_wconf 89' lang='lat' dir='ltr'><strong>dit,</strong></span> <span class='ocrx_word' id='word_1_597' title='bbox 1921 4384 1977 4430; x_wconf 90' lang='lat' dir='ltr'><strong>et</strong></span> <span class='ocrx_word' id='word_1_598' title='bbox 1998 4375 2052 4428; x_wconf 93' lang='lat' dir='ltr'><strong>in</strong></span> <span class='ocrx_word' id='word_1_599' title='bbox 2083 4373 2227 4428; x_wconf 90' lang='lat' dir='ltr'><strong>nullo</strong></span> <span class='ocrx_word' id='word_1_600' title='bbox 2240 4390 2363 4430; x_wconf 89' lang='lat' dir='ltr'><strong>eum</strong></span> <span class='ocrx_word' id='word_1_601' title='bbox 2384 4384 2570 4430; x_wconf 90' lang='lat' dir='ltr'><strong>tenere</strong></span> <span class='ocrx_word' id='word_1_602' title='bbox 2593 4384 2647 4429; x_wconf 91' lang='lat' dir='ltr'><strong>et</strong></span> <span class='ocrx_word' id='word_1_603' title='bbox 2674 4375 2948 4429; x_wconf 90' lang='lat' dir='ltr'><strong>involvere</strong></span> <span class='ocrx_word' id='word_1_604' title='bbox 2971 4374 3188 4444; x_wconf 88' lang='lat' dir='ltr'><strong>laqueo,</strong></span> <span class='ocrx_word' id='word_1_605' title='bbox 3219 4391 3381 4445; x_wconf 89' lang='lat' dir='ltr'><strong>quem</strong></span> 
     </span>
    </p>
   </div>
   <div class='ocr_carea' id='block_1_81' title="bbox 109 4456 3387 4558">
    <p class='ocr_par' dir='ltr' id='par_1_81' title="bbox 109 4456 3387 4558">
     <span class='ocr_line' id='line_1_81' title="bbox 109 4456 3387 4558; baseline -0.001 -36"><span class='ocrx_word' id='word_1_606' title='bbox 109 4472 310 4516; x_wconf 67' lang='lat' dir='ltr'><strong>renatus</strong></span> <span class='ocrx_word' id='word_1_607' title='bbox 361 4461 544 4516; x_wconf 65' lang='lat' dir='ltr'><strong>fuerit</strong></span> <span class='ocrx_word' id='word_1_608' title='bbox 582 4460 853 4530; x_wconf 71' lang='lat' dir='ltr'><strong>baplismo</strong></span> <span class='ocrx_word' id='word_1_609' title='bbox 890 4459 1115 4524; x_wconf 58' lang='lat' dir='ltr'><strong>Christi,</strong></span> <span class='ocrx_word' id='word_1_610' title='bbox 1164 4459 1308 4528; x_wconf 74' lang='lat' dir='ltr'><strong>QUOd</strong></span> <span class='ocrx_word' id='word_1_611' title='bbox 1355 4458 1409 4512; x_wconf 74' lang='lat' dir='ltr'><strong>in</strong></span> <span class='ocrx_word' id='word_1_612' title='bbox 1458 4456 1692 4512; x_wconf 67' lang='grc' dir='ltr'><strong>«Ιοτάθηθ</strong></span> <span class='ocrx_word' id='word_1_613' title='bbox 1721 4499 1772 4558; x_wconf 79' lang='lat' dir='ltr'><strong>D</strong></span> <span class='ocrx_word' id='word_1_614' title='bbox 1797 4472 2078 4536; x_wconf 75' lang='lat' dir='ltr'><strong>par-arant.</strong></span> <span class='ocrx_word' id='word_1_615' title='bbox 2115 4463 2250 4530; x_wconf 87' lang='lat' dir='ltr'><strong>Quia</strong></span> <span class='ocrx_word' id='word_1_616' title='bbox 2280 4465 2324 4519; x_wconf 90' lang='lat' dir='ltr'><strong>si</strong></span> <span class='ocrx_word' id='word_1_617' title='bbox 2357 4463 2584 4519; x_wconf 87' lang='lat' dir='ltr'><strong>dixisset</strong></span> <span class='ocrx_word' id='word_1_618' title='bbox 2607 4463 2750 4534; x_wconf 89' lang='lat' dir='ltr'><strong>quod</strong></span> <span class='ocrx_word' id='word_1_619' title='bbox 2783 4463 2969 4519; x_wconf 90' lang='lat' dir='ltr'><strong>liceret</strong></span> <span class='ocrx_word' id='word_1_620' title='bbox 2992 4481 3217 4520; x_wconf 80' lang='lat' dir='ltr'><strong>uxorem</strong></span> <span class='ocrx_word' id='word_1_621' title='bbox 3248 4483 3387 4536; x_wconf 86' lang='lat' dir='ltr'><strong>qua-</strong></span> 
     </span>
    </p>
   </div>
   <div class='ocr_carea' id='block_1_82' title="bbox 109 4549 1694 4625">
    <p class='ocr_par' dir='ltr' id='par_1_82' title="bbox 109 4549 1694 4625">
     <span class='ocr_line' id='line_1_82' title="bbox 109 4549 1694 4625; baseline -0.001 -21"><span class='ocrx_word' id='word_1_622' title='bbox 109 4556 520 4625; x_wconf 67' lang='lat' dir='ltr'><strong>prcliguratur;</strong></span> <span class='ocrx_word' id='word_1_623' title='bbox 580 4553 672 4622; x_wconf 88' lang='lat' dir='ltr'><strong>qui</strong></span> <span class='ocrx_word' id='word_1_624' title='bbox 713 4559 796 4606; x_wconf 91' lang='lat' dir='ltr'><strong>est</strong></span> <span class='ocrx_word' id='word_1_625' title='bbox 832 4567 900 4606; x_wconf 87' lang='lat' dir='ltr'><strong>ex</strong></span> <span class='ocrx_word' id='word_1_626' title='bbox 937 4551 1146 4606; x_wconf 88' lang='lat' dir='ltr'><strong>duobus</strong></span> <span class='ocrx_word' id='word_1_627' title='bbox 1185 4549 1448 4614; x_wconf 80' lang='lat' dir='ltr'><strong>fontibus,</strong></span> <span class='ocrx_word' id='word_1_628' title='bbox 1498 4564 1694 4604; x_wconf 89' lang='lat' dir='ltr'><strong>secun-</strong></span> 
     </span>
    </p>
   </div>
   <div class='ocr_carea' id='block_1_83' title="bbox 107 4641 1692 4717">
    <p class='ocr_par' dir='ltr' id='par_1_83' title="bbox 107 4641 1692 4717">
     <span class='ocr_line' id='line_1_83' title="bbox 107 4641 1692 4717; baseline -0.003 -21"><span class='ocrx_word' id='word_1_629' title='bbox 107 4645 213 4696; x_wconf 88' lang='lat' dir='ltr'><strong>dum</strong></span> <span class='ocrx_word' id='word_1_630' title='bbox 263 4645 603 4717; x_wconf 79' lang='lat' dir='ltr'><strong>mysterium</strong></span> <span class='ocrx_word' id='word_1_631' title='bbox 661 4642 862 4698; x_wconf 88' lang='lat' dir='ltr'><strong>Christi</strong></span> <span class='ocrx_word' id='word_1_632' title='bbox 935 4641 1182 4697; x_wconf 89' lang='lat' dir='ltr'><strong>conditus</strong></span> <span class='ocrx_word' id='word_1_633' title='bbox 1235 4650 1296 4694; x_wconf 91' lang='lat' dir='ltr'><strong>ut</strong></span> <span class='ocrx_word' id='word_1_634' title='bbox 1357 4641 1692 4695; x_wconf 91' lang='lat' dir='ltr'><strong>demonstret</strong></span> 
     </span>
    </p>
   </div>
   <div class='ocr_carea' id='block_1_84' title="bbox 106 4731 1692 4790">
    <p class='ocr_par' dir='ltr' id='par_1_84' title="bbox 106 4731 1692 4790">
     <span class='ocr_line' id='line_1_84' title="bbox 106 4731 1692 4790; baseline 0.001 -7"><span class='ocrx_word' id='word_1_635' title='bbox 106 4735 334 4788; x_wconf 78' lang='lat' dir='ltr'><strong>eumdem</strong></span> <span class='ocrx_word' id='word_1_636' title='bbox 379 4734 678 4790; x_wconf 84' lang='lat' dir='ltr'><strong>Christum</strong></span> <span class='ocrx_word' id='word_1_637' title='bbox 729 4732 1016 4788; x_wconf 89' lang='lat' dir='ltr'><strong>Dominum</strong></span> <span class='ocrx_word' id='word_1_638' title='bbox 1078 4739 1324 4786; x_wconf 91' lang='lat' dir='ltr'><strong>nostrum</strong></span> <span class='ocrx_word' id='word_1_639' title='bbox 1367 4747 1433 4785; x_wconf 80' lang='lat' dir='ltr'><strong>ex</strong></span> <span class='ocrx_word' id='word_1_640' title='bbox 1481 4731 1692 4785; x_wconf 83' lang='lat' dir='ltr'><strong>duabus</strong></span> 
     </span>
    </p>
   </div>
   <div class='ocr_carea' id='block_1_85' title="bbox 103 4821 1688 4894">
    <p class='ocr_par' dir='ltr' id='par_1_85' title="bbox 103 4821 1688 4894">
     <span class='ocr_line' id='line_1_85' title="bbox 103 4821 1688 4894; baseline 0 -19"><span class='ocrx_word' id='word_1_641' title='bbox 103 4828 435 4888; x_wconf 65' lang='lat' dir='ltr'><strong>antistantiis,</strong></span> <span class='ocrx_word' id='word_1_642' title='bbox 501 4825 662 4894; x_wconf 88' lang='lat' dir='ltr'><strong>quasi</strong></span> <span class='ocrx_word' id='word_1_643' title='bbox 709 4839 778 4879; x_wconf 77' lang='lat' dir='ltr'><strong>ex</strong></span> <span class='ocrx_word' id='word_1_644' title='bbox 819 4823 1029 4879; x_wconf 88' lang='lat' dir='ltr'><strong>duobus</strong></span> <span class='ocrx_word' id='word_1_645' title='bbox 1068 4823 1305 4878; x_wconf 81' lang='lat' dir='ltr'><strong>fontibus</strong></span> <span class='ocrx_word' id='word_1_646' title='bbox 1356 4821 1688 4893; x_wconf 88' lang='lat' dir='ltr'><strong>c0pulatum,</strong></span> 
     </span>
    </p>
   </div>
   <div class='ocr_carea' id='block_1_86' title="bbox 101 4912 1689 4985">
    <p class='ocr_par' dir='ltr' id='par_1_86' title="bbox 101 4912 1689 4985">
     <span class='ocr_line' id='line_1_86' title="bbox 101 4912 1689 4985; baseline 0.002 -21"><span class='ocrx_word' id='word_1_647' title='bbox 101 4912 398 4973; x_wconf 79' lang='lat' dir='ltr'><strong>Divinitatis</strong></span> <span class='ocrx_word' id='word_1_648' title='bbox 431 4917 674 4981; x_wconf 88' lang='lat' dir='ltr'><strong>scilicet,</strong></span> <span class='ocrx_word' id='word_1_649' title='bbox 703 4925 869 4985; x_wconf 87' lang='lat' dir='ltr'><strong>atque</strong></span> <span class='ocrx_word' id='word_1_650' title='bbox 917 4915 1292 4970; x_wconf 87' lang='lat' dir='ltr'><strong>humanitatis.</strong></span> <span class='ocrx_word' id='word_1_651' title='bbox 1329 4913 1528 4982; x_wconf 89' lang='lat' dir='ltr'><strong>Sicque</strong></span> <span class='ocrx_word' id='word_1_652' title='bbox 1551 4929 1689 4967; x_wconf 87' lang='lat' dir='ltr'><strong>unus</strong></span> 
     </span>
    </p>
   </div>
   <div class='ocr_carea' id='block_1_87' title="bbox 100 5005 1694 5076">
    <p class='ocr_par' dir='ltr' id='par_1_87' title="bbox 100 5005 1694 5076">
     <span class='ocr_line' id='line_1_87' title="bbox 100 5005 1694 5076; baseline 0.002 -21"><span class='ocrx_word' id='word_1_653' title='bbox 100 5005 254 5064; x_wconf 77' lang='lat' dir='ltr'><strong>factus</strong></span> <span class='ocrx_word' id='word_1_654' title='bbox 285 5023 379 5065; x_wconf 86' lang='lat' dir='ltr'><strong>est</strong></span> <span class='ocrx_word' id='word_1_655' title='bbox 405 5008 699 5073; x_wconf 88' lang='lat' dir='ltr'><strong>Christus,</strong></span> <span class='ocrx_word' id='word_1_656' title='bbox 731 5022 893 5076; x_wconf 92' lang='lat' dir='ltr'><strong>quem</strong></span> <span class='ocrx_word' id='word_1_657' title='bbox 916 5014 1116 5061; x_wconf 69' lang='lat' dir='ltr'><strong>secuta:</strong></span> <span class='ocrx_word' id='word_1_658' title='bbox 1145 5015 1273 5061; x_wconf 90' lang='lat' dir='ltr'><strong>sunt</strong></span> <span class='ocrx_word' id='word_1_659' title='bbox 1301 5005 1494 5070; x_wconf 78' lang='lat' dir='ltr'><strong>turbae,</strong></span> <span class='ocrx_word' id='word_1_660' title='bbox 1527 5014 1582 5059; x_wconf 90' lang='lat' dir='ltr'><strong>et</strong></span> <span class='ocrx_word' id='word_1_661' title='bbox 1607 5020 1694 5058; x_wconf 75' lang='lat' dir='ltr'><strong>sa-</strong></span> 
     </span>
    </p>
   </div>
   <div class='ocr_carea' id='block_1_88' title="bbox 100 5095 1692 5164">
    <p class='ocr_par' dir='ltr' id='par_1_88' title="bbox 100 5095 1692 5164">
     <span class='ocr_line' id='line_1_88' title="bbox 100 5095 1692 5164; baseline 0.003 -20"><span class='ocrx_word' id='word_1_662' title='bbox 100 5099 228 5149; x_wconf 81' lang='lat' dir='ltr'><strong>navit</strong></span> <span class='ocrx_word' id='word_1_663' title='bbox 249 5115 350 5153; x_wconf 89' lang='lat' dir='ltr'><strong>eos</strong></span> <span class='ocrx_word' id='word_1_664' title='bbox 377 5111 612 5153; x_wconf 85' lang='lat' dir='ltr'><strong>omnes.</strong></span> <span class='ocrx_word' id='word_1_665' title='bbox 639 5096 744 5152; x_wconf 87' lang='lat' dir='ltr'><strong>Sed</strong></span> <span class='ocrx_word' id='word_1_666' title='bbox 758 5096 916 5150; x_wconf 89' lang='lat' dir='ltr'><strong>aliter</strong></span> <span class='ocrx_word' id='word_1_667' title='bbox 943 5096 1113 5151; x_wconf 89' lang='lat' dir='ltr'><strong>secuti</strong></span> <span class='ocrx_word' id='word_1_668' title='bbox 1139 5104 1265 5150; x_wconf 89' lang='lat' dir='ltr'><strong>sunt</strong></span> <span class='ocrx_word' id='word_1_669' title='bbox 1285 5111 1410 5150; x_wconf 90' lang='lat' dir='ltr'><strong>eum</strong></span> <span class='ocrx_word' id='word_1_670' title='bbox 1427 5095 1692 5164; x_wconf 87' lang='lat' dir='ltr'><strong>Apostoli,</strong></span> 
     </span>
    </p>
   </div>
   <div class='ocr_carea' id='block_1_89' title="bbox 97 5185 1694 5253">
    <p class='ocr_par' dir='ltr' id='par_1_89' title="bbox 97 5185 1694 5253">
     <span class='ocr_line' id='line_1_89' title="bbox 97 5185 1694 5253; baseline 0.001 -19"><span class='ocrx_word' id='word_1_671' title='bbox 97 5185 236 5240; x_wconf 80' lang='lat' dir='ltr'><strong>aliter</strong></span> <span class='ocrx_word' id='word_1_672' title='bbox 264 5190 477 5243; x_wconf 70' lang='lat' dir='ltr'><strong>turlraa.</strong></span> <span class='ocrx_word' id='word_1_673' title='bbox 538 5185 631 5240; x_wconf 86' lang='lat' dir='ltr'><strong>Sic</strong></span> <span class='ocrx_word' id='word_1_674' title='bbox 663 5196 718 5240; x_wconf 92' lang='lat' dir='ltr'><strong>et</strong></span> <span class='ocrx_word' id='word_1_675' title='bbox 746 5186 928 5243; x_wconf 90' lang='lat' dir='ltr'><strong>hodie.</strong></span> <span class='ocrx_word' id='word_1_676' title='bbox 988 5186 1146 5240; x_wconf 89' lang='lat' dir='ltr'><strong>aliter</strong></span> <span class='ocrx_word' id='word_1_677' title='bbox 1196 5194 1496 5253; x_wconf 88' lang='lat' dir='ltr'><strong>sequuntur</strong></span> <span class='ocrx_word' id='word_1_678' title='bbox 1545 5198 1694 5248; x_wconf 90' lang='lat' dir='ltr'><strong>eum,</strong></span> 
     </span>
    </p>
   </div>
   <div class='ocr_carea' id='block_1_90' title="bbox 97 5279 1695 5350">
    <p class='ocr_par' dir='ltr' id='par_1_90' title="bbox 97 5279 1695 5350">
     <span class='ocr_line' id='line_1_90' title="bbox 97 5279 1695 5350; baseline 0.001 -20"><span class='ocrx_word' id='word_1_679' title='bbox 97 5279 172 5342; x_wconf 84' lang='lat' dir='ltr'><strong>qui</strong></span> <span class='ocrx_word' id='word_1_680' title='bbox 209 5293 442 5350; x_wconf 84' lang='lat' dir='ltr'><strong>propter</strong></span> <span class='ocrx_word' id='word_1_681' title='bbox 494 5295 624 5334; x_wconf 87' lang='lat' dir='ltr'><strong>eum</strong></span> <span class='ocrx_word' id='word_1_682' title='bbox 681 5281 856 5350; x_wconf 89' lang='lat' dir='ltr'><strong>ipsum</strong></span> <span class='ocrx_word' id='word_1_683' title='bbox 888 5288 946 5333; x_wconf 91' lang='lat' dir='ltr'><strong>et</strong></span> <span class='ocrx_word' id='word_1_684' title='bbox 973 5288 1196 5349; x_wconf 87' lang='lat' dir='ltr'><strong>propter</strong></span> <span class='ocrx_word' id='word_1_685' title='bbox 1223 5279 1389 5332; x_wconf 86' lang='lat' dir='ltr'><strong>vitam</strong></span> <span class='ocrx_word' id='word_1_686' title='bbox 1437 5287 1695 5332; x_wconf 71' lang='lat' dir='ltr'><strong>teternam</strong></span> 
     </span>
    </p>
   </div>
   <div class='ocr_carea' id='block_1_91' title="bbox 96 5369 1695 5442">
    <p class='ocr_par' dir='ltr' id='par_1_91' title="bbox 96 5369 1695 5442">
     <span class='ocr_line' id='line_1_91' title="bbox 96 5369 1695 5442; baseline 0.002 -21"><span class='ocrx_word' id='word_1_687' title='bbox 96 5382 411 5439; x_wconf 86' lang='lat' dir='ltr'><strong>sequuntur,</strong></span> <span class='ocrx_word' id='word_1_688' title='bbox 479 5372 646 5426; x_wconf 84' lang='lat' dir='ltr'><strong>aliter</strong></span> <span class='ocrx_word' id='word_1_689' title='bbox 695 5373 786 5441; x_wconf 88' lang='lat' dir='ltr'><strong>qui</strong></span> <span class='ocrx_word' id='word_1_690' title='bbox 835 5379 1079 5442; x_wconf 85' lang='lat' dir='ltr'><strong>propter&#39;</strong></span> <span class='ocrx_word' id='word_1_691' title='bbox 1109 5371 1251 5426; x_wconf 89' lang='lat' dir='ltr'><strong>aliud</strong></span> <span class='ocrx_word' id='word_1_692' title='bbox 1297 5369 1530 5441; x_wconf 87' lang='lat' dir='ltr'><strong>aliquid,</strong></span> <span class='ocrx_word' id='word_1_693' title='bbox 1571 5384 1695 5424; x_wconf 86' lang='lat' dir='ltr'><strong>eum</strong></span> 
     </span>
    </p>
   </div>
   <div class='ocr_carea' id='block_1_92' title="bbox 96 5462 1697 5534">
    <p class='ocr_par' dir='ltr' id='par_1_92' title="bbox 96 5462 1697 5534">
     <span class='ocr_line' id='line_1_92' title="bbox 96 5462 1697 5534; baseline 0.004 -22"><span class='ocrx_word' id='word_1_694' title='bbox 96 5475 394 5531; x_wconf 81' lang='lat' dir='ltr'><strong>sequuntur</strong></span> <span class='ocrx_word' id='word_1_695' title='bbox 422 5465 502 5518; x_wconf 89' lang='lat' dir='ltr'><strong>ad</strong></span> <span class='ocrx_word' id='word_1_696' title='bbox 550 5473 786 5534; x_wconf 89' lang='lat' dir='ltr'><strong>tempus,</strong></span> <span class='ocrx_word' id='word_1_697' title='bbox 814 5466 976 5519; x_wconf 86' lang='lat' dir='ltr'><strong>etiam</strong></span> <span class='ocrx_word' id='word_1_698' title='bbox 1029 5479 1201 5533; x_wconf 87' lang='lat' dir='ltr'><strong>usque</strong></span> <span class='ocrx_word' id='word_1_699' title='bbox 1231 5462 1299 5517; x_wconf 90' lang='lat' dir='ltr'><strong>ad</strong></span> <span class='ocrx_word' id='word_1_700' title='bbox 1339 5463 1474 5518; x_wconf 84' lang='lat' dir='ltr'><strong>lines</strong></span> <span class='ocrx_word' id='word_1_701' title='bbox 1500 5462 1697 5518; x_wconf 72' lang='lat' dir='ltr'><strong>Judzea:</strong></span> 
     </span>
    </p>
   </div>
   <div class='ocr_carea' id='block_1_93' title="bbox 98 5555 1695 5625">
    <p class='ocr_par' dir='ltr' id='par_1_93' title="bbox 98 5555 1695 5625">
     <span class='ocr_line' id='line_1_93' title="bbox 98 5555 1695 5625; baseline 0.003 -18"><span class='ocrx_word' id='word_1_702' title='bbox 98 5561 232 5612; x_wconf 89' lang='lat' dir='ltr'><strong>lrans</strong></span> <span class='ocrx_word' id='word_1_703' title='bbox 260 5558 579 5614; x_wconf 68' lang='lat' dir='ltr'><strong>Iordanem</strong></span> <span class='ocrx_word' id='word_1_704' title='bbox 625 5565 683 5610; x_wconf 92' lang='lat' dir='ltr'><strong>ut</strong></span> <span class='ocrx_word' id='word_1_705' title='bbox 719 5565 1075 5610; x_wconf 88' lang='lat' dir='ltr'><strong>renascantur</strong></span> <span class='ocrx_word' id='word_1_706' title='bbox 1126 5555 1274 5610; x_wconf 81' lang='lat' dir='ltr'><strong>fonte</strong></span> <span class='ocrx_word' id='word_1_707' title='bbox 1333 5556 1695 5625; x_wconf 86' lang='lat' dir='ltr'><strong>baptismatis.</strong></span> 
     </span>
    </p>
   </div>
   <div class='ocr_carea' id='block_1_94' title="bbox 101 5639 1696 5714">
    <p class='ocr_par' dir='ltr' id='par_1_94' title="bbox 101 5639 1696 5714">
     <span class='ocr_line' id='line_1_94' title="bbox 101 5639 1696 5714; baseline 0.001 -13"><span class='ocrx_word' id='word_1_708' title='bbox 101 5639 155 5693; x_wconf 62' lang='lat' dir='ltr'><strong>Et</strong></span> <span class='ocrx_word' id='word_1_709' title='bbox 185 5656 546 5702; x_wconf 78' lang='lat' dir='ltr'><strong>accesserunt</strong></span> <span class='ocrx_word' id='word_1_710' title='bbox 575 5646 645 5700; x_wconf 85' lang='lat' dir='ltr'><strong>ad</strong></span> <span class='ocrx_word' id='word_1_711' title='bbox 692 5661 809 5700; x_wconf 84' lang='lat' dir='ltr'><strong>eum</strong></span> <span class='ocrx_word' id='word_1_712' title='bbox 857 5645 1120 5700; x_wconf 56' lang='lat' dir='ltr'><strong>Pharium</strong></span> <span class='ocrx_word' id='word_1_713' title='bbox 1154 5655 1410 5700; x_wconf 77' lang='lat' dir='ltr'><strong>tentantes</strong></span> <span class='ocrx_word' id='word_1_714' title='bbox 1463 5664 1615 5714; x_wconf 83' lang='lat' dir='ltr'><strong>eum,</strong></span> <span class='ocrx_word' id='word_1_715' title='bbox 1648 5659 1696 5703; x_wconf 88' lang='lat' dir='ltr'><strong>et</strong></span> 
     </span>
    </p>
   </div>
   <div class='ocr_carea' id='block_1_95' title="bbox 97 5733 1698 5812">
    <p class='ocr_par' dir='ltr' id='par_1_95' title="bbox 97 5733 1698 5812">
     <span class='ocr_line' id='line_1_95' title="bbox 97 5733 1698 5812; baseline 0.007 -27"><span class='ocrx_word' id='word_1_716' title='bbox 97 5733 336 5806; x_wconf 78' lang='lat' dir='ltr'><strong>dicentes,</strong></span> <span class='ocrx_word' id='word_1_717' title='bbox 365 5739 415 5794; x_wconf 85' lang='lat' dir='ltr'><strong>si</strong></span> <span class='ocrx_word' id='word_1_718' title='bbox 452 5738 581 5792; x_wconf 75' lang='lat' dir='ltr'><strong>licet</strong></span> <span class='ocrx_word' id='word_1_719' title='bbox 608 5737 807 5791; x_wconf 80' lang='lat' dir='ltr'><strong>homini</strong></span> <span class='ocrx_word' id='word_1_720' title='bbox 852 5736 1114 5792; x_wconf 86' lang='lat' dir='ltr'><strong>dimittere</strong></span> <span class='ocrx_word' id='word_1_721' title='bbox 1150 5753 1366 5792; x_wconf 71' lang='lat' dir='ltr'><strong>uxorem</strong></span> <span class='ocrx_word' id='word_1_722' title='bbox 1393 5756 1544 5794; x_wconf 74' lang='lat' dir='ltr'><strong>sitam</strong></span> <span class='ocrx_word' id='word_1_723' title='bbox 1567 5758 1698 5812; x_wconf 83' lang='lat' dir='ltr'><strong>quo-</strong></span> 
     </span>
    </p>
   </div>
   <div class='ocr_carea' id='block_1_96' title="bbox 1803 4554 3390 4624">
    <p class='ocr_par' dir='ltr' id='par_1_96' title="bbox 1803 4554 3390 4624">
     <span class='ocr_line' id='line_1_96' title="bbox 1803 4554 3390 4624; baseline -0.001 -12"><span class='ocrx_word' id='word_1_724' title='bbox 1803 4557 1936 4612; x_wconf 88' lang='lat' dir='ltr'><strong>libet</strong></span> <span class='ocrx_word' id='word_1_725' title='bbox 1965 4573 2032 4612; x_wconf 84' lang='lat' dir='ltr'><strong>ex</strong></span> <span class='ocrx_word' id='word_1_726' title='bbox 2081 4571 2244 4610; x_wconf 90' lang='lat' dir='ltr'><strong>causa</strong></span> <span class='ocrx_word' id='word_1_727' title='bbox 2283 4555 2575 4619; x_wconf 89' lang='lat' dir='ltr'><strong>dimittere,</strong></span> <span class='ocrx_word' id='word_1_728' title='bbox 2603 4554 2874 4624; x_wconf 74' lang='lat' dir='ltr'><strong>pudicitite</strong></span> <span class='ocrx_word' id='word_1_729' title='bbox 2919 4555 3242 4624; x_wconf 69' lang='lat' dir='ltr'><strong>prtedieator</strong></span> <span class='ocrx_word' id='word_1_730' title='bbox 3287 4557 3390 4618; x_wconf 88' lang='lat' dir='ltr'><strong>Do-</strong></span> 
     </span>
    </p>
   </div>
   <div class='ocr_carea' id='block_1_97' title="bbox 1797 4644 3387 4702">
    <p class='ocr_par' dir='ltr' id='par_1_97' title="bbox 1797 4644 3387 4702">
     <span class='ocr_line' id='line_1_97' title="bbox 1797 4644 3387 4702; baseline -0.001 0"><span class='ocrx_word' id='word_1_731' title='bbox 1797 4648 1984 4702; x_wconf 60' lang='lat' dir='ltr'><strong>‘minus</strong></span> <span class='ocrx_word' id='word_1_732' title='bbox 2011 4646 2286 4701; x_wconf 84' lang='lat' dir='ltr'><strong>videretur</strong></span> <span class='ocrx_word' id='word_1_733' title='bbox 2333 4645 2436 4699; x_wconf 91' lang='lat' dir='ltr'><strong>sibi</strong></span> <span class='ocrx_word' id='word_1_734' title='bbox 2495 4644 2690 4699; x_wconf 88' lang='lat' dir='ltr'><strong>docere</strong></span> <span class='ocrx_word' id='word_1_735' title='bbox 2719 4645 3016 4700; x_wconf 90' lang='lat' dir='ltr'><strong>contraria.</strong></span> <span class='ocrx_word' id='word_1_736' title='bbox 3061 4645 3157 4700; x_wconf 91' lang='lat' dir='ltr'><strong>Sin</strong></span> <span class='ocrx_word' id='word_1_737' title='bbox 3208 4659 3387 4702; x_wconf 86' lang='lat' dir='ltr'><strong>autem</strong></span> 
     </span>
    </p>
   </div>
   <div class='ocr_carea' id='block_1_98' title="bbox 1802 4737 3385 4809">
    <p class='ocr_par' dir='ltr' id='par_1_98' title="bbox 1802 4737 3385 4809">
     <span class='ocr_line' id='line_1_98' title="bbox 1802 4737 3385 4809; baseline 0 -15"><span class='ocrx_word' id='word_1_738' title='bbox 1802 4738 2192 4809; x_wconf 89' lang='lat' dir='ltr'><strong>respondisset,</strong></span> <span class='ocrx_word' id='word_1_739' title='bbox 2217 4754 2322 4791; x_wconf 93' lang='lat' dir='ltr'><strong>non</strong></span> <span class='ocrx_word' id='word_1_740' title='bbox 2355 4737 2502 4790; x_wconf 90' lang='lat' dir='ltr'><strong>omni</strong></span> <span class='ocrx_word' id='word_1_741' title='bbox 2529 4753 2595 4791; x_wconf 81' lang='lat' dir='ltr'><strong>ex</strong></span> <span class='ocrx_word' id='word_1_742' title='bbox 2619 4752 2783 4791; x_wconf 88' lang='lat' dir='ltr'><strong>causa</strong></span> <span class='ocrx_word' id='word_1_743' title='bbox 2815 4753 2934 4792; x_wconf 90' lang='lat' dir='ltr'><strong>eam</strong></span> <span class='ocrx_word' id='word_1_744' title='bbox 2976 4738 3176 4793; x_wconf 90' lang='lat' dir='ltr'><strong>debere</strong></span> <span class='ocrx_word' id='word_1_745' title='bbox 3200 4740 3385 4794; x_wconf 91' lang='lat' dir='ltr'><strong>dimit-</strong></span> 
     </span>
    </p>
   </div>
   <div class='ocr_carea' id='block_1_99' title="bbox 1803 4829 3388 4899">
    <p class='ocr_par' dir='ltr' id='par_1_99' title="bbox 1803 4829 3388 4899">
     <span class='ocr_line' id='line_1_99' title="bbox 1803 4829 3388 4899; baseline 0 -14"><span class='ocrx_word' id='word_1_746' title='bbox 1803 4831 1863 4896; x_wconf 91' lang='lat' dir='ltr'><strong>ti,</strong></span> <span class='ocrx_word' id='word_1_747' title='bbox 1891 4829 2042 4899; x_wconf 91' lang='lat' dir='ltr'><strong>quasi</strong></span> <span class='ocrx_word' id='word_1_748' title='bbox 2072 4829 2341 4898; x_wconf 81' lang='lat' dir='ltr'><strong>sacrilegii</strong></span> <span class='ocrx_word' id='word_1_749' title='bbox 2372 4844 2497 4883; x_wconf 88' lang='lat' dir='ltr'><strong>reus</strong></span> <span class='ocrx_word' id='word_1_750' title='bbox 2534 4837 2828 4895; x_wconf 87' lang='lat' dir='ltr'><strong>teneretur,</strong></span> <span class='ocrx_word' id='word_1_751' title='bbox 2858 4844 2924 4884; x_wconf 92' lang='lat' dir='ltr'><strong>eo</strong></span> <span class='ocrx_word' id='word_1_752' title='bbox 2953 4830 3094 4899; x_wconf 91' lang='lat' dir='ltr'><strong>quod</strong></span> <span class='ocrx_word' id='word_1_753' title='bbox 3125 4830 3388 4885; x_wconf 88' lang='lat' dir='ltr'><strong>adversus</strong></span> 
     </span>
    </p>
   </div>
   <div class='ocr_carea' id='block_1_100' title="bbox 1802 4916 3389 4991">
    <p class='ocr_par' dir='ltr' id='par_1_100' title="bbox 1802 4916 3389 4991">
     <span class='ocr_line' id='line_1_100' title="bbox 1802 4916 3389 4991; baseline 0.001 -17"><span class='ocrx_word' id='word_1_754' title='bbox 1802 4920 2019 4991; x_wconf 83' lang='lat' dir='ltr'><strong>Moysen</strong></span> <span class='ocrx_word' id='word_1_755' title='bbox 2068 4919 2311 4984; x_wconf 89' lang='lat' dir='ltr'><strong>diceret;</strong></span> <span class='ocrx_word' id='word_1_756' title='bbox 2365 4935 2430 4973; x_wconf 87' lang='lat' dir='ltr'><strong>ac</strong></span> <span class='ocrx_word' id='word_1_757' title='bbox 2471 4916 2687 4988; x_wconf 84' lang='lat' dir='ltr'><strong>Moysen</strong></span> <span class='ocrx_word' id='word_1_758' title='bbox 2734 4927 2920 4974; x_wconf 90' lang='lat' dir='ltr'><strong>contra</strong></span> <span class='ocrx_word' id='word_1_759' title='bbox 2972 4918 3138 4972; x_wconf 89' lang='lat' dir='ltr'><strong>Deum</strong></span> <span class='ocrx_word' id='word_1_760' title='bbox 3185 4920 3389 4976; x_wconf 81' lang='lat' dir='ltr'><strong>dixisse</strong></span> 
     </span>
    </p>
   </div>
   <div class='ocr_carea' id='block_1_101' title="bbox 1797 5007 3385 5080">
    <p class='ocr_par' dir='ltr' id='par_1_101' title="bbox 1797 5007 3385 5080">
     <span class='ocr_line' id='line_1_101' title="bbox 1797 5007 3385 5080; baseline -0.002 -16"><span class='ocrx_word' id='word_1_761' title='bbox 1797 5009 1936 5065; x_wconf 83' lang='lat' dir='ltr'><strong>forte</strong></span> <span class='ocrx_word' id='word_1_762' title='bbox 1963 5009 2407 5063; x_wconf 87' lang='lat' dir='ltr'><strong>cahnnniaretur.</strong></span> <span class='ocrx_word' id='word_1_763' title='bbox 2437 5007 2622 5078; x_wconf 88' lang='lat' dir='ltr'><strong>Neque</strong></span> <span class='ocrx_word' id='word_1_764' title='bbox 2643 5010 2786 5063; x_wconf 91' lang='lat' dir='ltr'><strong>enim</strong></span> <span class='ocrx_word' id='word_1_765' title='bbox 2825 5011 3031 5079; x_wconf 89' lang='lat' dir='ltr'><strong>seipsos</strong></span> <span class='ocrx_word' id='word_1_766' title='bbox 3063 5009 3385 5080; x_wconf 88' lang='lat' dir='ltr'><strong>respiciunt,</strong></span> 
     </span>
    </p>
   </div>
   <div class='ocr_carea' id='block_1_102' title="bbox 1798 5099 3382 5171">
    <p class='ocr_par' dir='ltr' id='par_1_102' title="bbox 1798 5099 3382 5171">
     <span class='ocr_line' id='line_1_102' title="bbox 1798 5099 3382 5171; baseline 0.002 -19"><span class='ocrx_word' id='word_1_767' title='bbox 1798 5117 1958 5171; x_wconf 87' lang='lat' dir='ltr'><strong>quam</strong></span> <span class='ocrx_word' id='word_1_768' title='bbox 1985 5101 2331 5170; x_wconf 86' lang='lat' dir='ltr'><strong>impudenter</strong></span> <span class='ocrx_word' id='word_1_769' title='bbox 2361 5099 2698 5170; x_wconf 81' lang='lat' dir='ltr'><strong>interrogent</strong></span> <span class='ocrx_word' id='word_1_770' title='bbox 2725 5116 2847 5154; x_wconf 82' lang='lat' dir='ltr'><strong>omn</strong></span> <span class='ocrx_word' id='word_1_771' title='bbox 2880 5099 3080 5154; x_wconf 88' lang='lat' dir='ltr'><strong>nullam</strong></span> <span class='ocrx_word' id='word_1_772' title='bbox 3101 5100 3382 5169; x_wconf 82' lang='lat' dir='ltr'><strong>assignant</strong></span> 
     </span>
    </p>
   </div>
   <div class='ocr_carea' id='block_1_103' title="bbox 1798 5181 3387 5262">
    <p class='ocr_par' dir='ltr' id='par_1_103' title="bbox 1798 5181 3387 5262">
     <span class='ocr_line' id='line_1_103' title="bbox 1798 5181 3387 5262; baseline -0.001 -13"><span class='ocrx_word' id='word_1_773' title='bbox 1798 5211 2038 5257; x_wconf 87' lang='lat' dir='ltr'><strong>causam,</strong></span> <span class='ocrx_word' id='word_1_774' title='bbox 2071 5210 2135 5246; x_wconf 91' lang='lat' dir='ltr'><strong>ne</strong></span> <span class='ocrx_word' id='word_1_775' title='bbox 2165 5193 2372 5262; x_wconf 88' lang='lat' dir='ltr'><strong>seipsos</strong></span> <span class='ocrx_word' id='word_1_776' title='bbox 2400 5192 2542 5247; x_wconf 75' lang='lat' dir='ltr'><strong>infra</strong></span> <span class='ocrx_word' id='word_1_777' title='bbox 2583 5181 2862 5262; x_wconf 78' lang='lat' dir='ltr'><strong>angustias</strong></span> <span class='ocrx_word' id='word_1_778' title='bbox 2889 5203 3160 5248; x_wconf 89' lang='lat' dir='ltr'><strong>certarum</strong></span> <span class='ocrx_word' id='word_1_779' title='bbox 3190 5209 3387 5247; x_wconf 89' lang='lat' dir='ltr'><strong>causa-</strong></span> 
     </span>
    </p>
   </div>
   <div class='ocr_carea' id='block_1_104' title="bbox 1798 5283 3386 5352">
    <p class='ocr_par' dir='ltr' id='par_1_104' title="bbox 1798 5283 3386 5352">
     <span class='ocr_line' id='line_1_104' title="bbox 1798 5283 3386 5352; baseline -0.001 -11"><span class='ocrx_word' id='word_1_780' title='bbox 1798 5287 1919 5341; x_wconf 67' lang='lat' dir='ltr'><strong>‘rum</strong></span> <span class='ocrx_word' id='word_1_781' title='bbox 1974 5285 2431 5352; x_wconf 83' lang='lat' dir='ltr'><strong>constringerent,</strong></span> <span class='ocrx_word' id='word_1_782' title='bbox 2481 5285 2574 5340; x_wconf 86' lang='lat' dir='ltr'><strong>sed</strong></span> <span class='ocrx_word' id='word_1_783' title='bbox 2611 5285 2764 5339; x_wconf 86' lang='lat' dir='ltr'><strong>aiunt</strong></span> <span class='ocrx_word' id='word_1_784' title='bbox 2808 5301 2874 5338; x_wconf 83' lang='lat' dir='ltr'><strong>ea:</strong></span> <span class='ocrx_word' id='word_1_785' title='bbox 2901 5283 3140 5338; x_wconf 85' lang='lat' dir='ltr'><strong>omnibus</strong></span> <span class='ocrx_word' id='word_1_786' title='bbox 3189 5285 3386 5347; x_wconf 83' lang='lat' dir='ltr'><strong>causis,</strong></span> 
     </span>
    </p>
   </div>
   <div class='ocr_carea' id='block_1_105' title="bbox 1801 5373 3390 5444">
    <p class='ocr_par' dir='ltr' id='par_1_105' title="bbox 1801 5373 3390 5444">
     <span class='ocr_line' id='line_1_105' title="bbox 1801 5373 3390 5444; baseline -0.002 -13"><span class='ocrx_word' id='word_1_787' title='bbox 1801 5377 1847 5431; x_wconf 86' lang='lat' dir='ltr'><strong>si</strong></span> <span class='ocrx_word' id='word_1_788' title='bbox 1876 5391 1943 5431; x_wconf 82' lang='lat' dir='ltr'><strong>ex</strong></span> <span class='ocrx_word' id='word_1_789' title='bbox 1973 5391 2077 5430; x_wconf 89' lang='lat' dir='ltr'><strong>una</strong></span> <span class='ocrx_word' id='word_1_790' title='bbox 2104 5375 2347 5444; x_wconf 87' lang='lat' dir='ltr'><strong>qualibet</strong></span> <span class='ocrx_word' id='word_1_791' title='bbox 2379 5390 2591 5440; x_wconf 90' lang='lat' dir='ltr'><strong>earum,</strong></span> <span class='ocrx_word' id='word_1_792' title='bbox 2628 5375 2754 5443; x_wconf 88' lang='lat' dir='ltr'><strong>quia</strong></span> <span class='ocrx_word' id='word_1_793' title='bbox 2791 5374 3010 5429; x_wconf 89' lang='lat' dir='ltr'><strong>modum</strong></span> <span class='ocrx_word' id='word_1_794' title='bbox 3049 5374 3228 5428; x_wconf 87' lang='lat' dir='ltr'><strong>nescit</strong></span> <span class='ocrx_word' id='word_1_795' title='bbox 3267 5373 3390 5428; x_wconf 89' lang='lat' dir='ltr'><strong>libi-</strong></span> 
     </span>
    </p>
   </div>
   <div class='ocr_carea' id='block_1_106' title="bbox 1799 5467 3388 5537">
    <p class='ocr_par' dir='ltr' id='par_1_106' title="bbox 1799 5467 3388 5537">
     <span class='ocr_line' id='line_1_106' title="bbox 1799 5467 3388 5537; baseline -0.001 -13"><span class='ocrx_word' id='word_1_796' title='bbox 1799 5469 1888 5533; x_wconf 86' lang='lat' dir='ltr'><strong>do,</strong></span> <span class='ocrx_word' id='word_1_797' title='bbox 1919 5467 2238 5522; x_wconf 87' lang='lat' dir='ltr'><strong>dimittenda</strong></span> <span class='ocrx_word' id='word_1_798' title='bbox 2279 5467 2354 5522; x_wconf 88' lang='lat' dir='ltr'><strong>sit</strong></span> <span class='ocrx_word' id='word_1_799' title='bbox 2394 5467 2578 5522; x_wconf 78' lang='lat' dir='ltr'><strong>uxor?</strong></span> <span class='ocrx_word' id='word_1_800' title='bbox 2619 5480 2826 5535; x_wconf 87' lang='lat' dir='ltr'><strong>suaque</strong></span> <span class='ocrx_word' id='word_1_801' title='bbox 2870 5467 3295 5537; x_wconf 85' lang='lat' dir='ltr'><strong>interrogatione</strong></span> <span class='ocrx_word' id='word_1_802' title='bbox 3323 5481 3388 5523; x_wconf 83' lang='lat' dir='ltr'><strong>se</strong></span> 
     </span>
    </p>
   </div>
   <div class='ocr_carea' id='block_1_107' title="bbox 1799 5557 3388 5631">
    <p class='ocr_par' dir='ltr' id='par_1_107' title="bbox 1799 5557 3388 5631">
     <span class='ocr_line' id='line_1_107' title="bbox 1799 5557 3388 5631; baseline 0.001 -17"><span class='ocrx_word' id='word_1_803' title='bbox 1799 5560 2034 5631; x_wconf 87' lang='lat' dir='ltr'><strong>primum</strong></span> <span class='ocrx_word' id='word_1_804' title='bbox 2066 5559 2260 5628; x_wconf 82' lang='lat' dir='ltr'><strong>ligant,</strong></span> <span class='ocrx_word' id='word_1_805' title='bbox 2314 5566 2371 5613; x_wconf 91' lang='lat' dir='ltr'><strong>et</strong></span> <span class='ocrx_word' id='word_1_806' title='bbox 2413 5557 2686 5613; x_wconf 89' lang='lat' dir='ltr'><strong>adulteros</strong></span> <span class='ocrx_word' id='word_1_807' title='bbox 2732 5573 2791 5612; x_wconf 88' lang='lat' dir='ltr'><strong>se</strong></span> <span class='ocrx_word' id='word_1_808' title='bbox 2845 5557 3197 5613; x_wconf 86' lang='lat' dir='ltr'><strong>convincunt.</strong></span> <span class='ocrx_word' id='word_1_809' title='bbox 3249 5557 3388 5627; x_wconf 84' lang='lat' dir='ltr'><strong>Quia</strong></span> 
     </span>
    </p>
   </div>
   <div class='ocr_carea' id='block_1_108' title="bbox 1801 5648 3384 5720">
    <p class='ocr_par' dir='ltr' id='par_1_108' title="bbox 1801 5648 3384 5720">
     <span class='ocr_line' id='line_1_108' title="bbox 1801 5648 3384 5720; baseline 0.001 -16"><span class='ocrx_word' id='word_1_810' title='bbox 1801 5652 1891 5705; x_wconf 85' lang='lat' dir='ltr'><strong>ubi</strong></span> <span class='ocrx_word' id='word_1_811' title='bbox 1919 5649 2004 5704; x_wconf 78' lang='lat' dir='ltr'><strong>lex</strong></span> <span class='ocrx_word' id='word_1_812' title='bbox 2032 5651 2098 5706; x_wconf 91' lang='lat' dir='ltr'><strong>de</strong></span> <span class='ocrx_word' id='word_1_813' title='bbox 2131 5651 2386 5706; x_wconf 87' lang='lat' dir='ltr'><strong>solvendo</strong></span> <span class='ocrx_word' id='word_1_814' title='bbox 2415 5648 2759 5704; x_wconf 87' lang='lat' dir='ltr'><strong>matrimonio</strong></span> <span class='ocrx_word' id='word_1_815' title='bbox 2791 5650 3107 5719; x_wconf 89' lang='lat' dir='ltr'><strong>requiritur,</strong></span> <span class='ocrx_word' id='word_1_816' title='bbox 3148 5649 3264 5720; x_wconf 89' lang='lat' dir='ltr'><strong>jam</strong></span> <span class='ocrx_word' id='word_1_817' title='bbox 3315 5666 3384 5706; x_wconf 82' lang='lat' dir='ltr'><strong>ex</strong></span> 
     </span>
    </p>
   </div>
   <div class='ocr_carea' id='block_1_109' title="bbox 1801 5742 3390 5814">
    <p class='ocr_par' dir='ltr' id='par_1_109' title="bbox 1801 5742 3390 5814">
     <span class='ocr_line' id='line_1_109' title="bbox 1801 5742 3390 5814; baseline 0.001 -16"><span class='ocrx_word' id='word_1_818' title='bbox 1801 5744 1926 5798; x_wconf 63' lang='lat' dir='ltr'><strong>odio</strong></span> <span class='ocrx_word' id='word_1_819' title='bbox 1972 5744 2172 5814; x_wconf 89' lang='lat' dir='ltr'><strong>prioris</strong></span> <span class='ocrx_word' id='word_1_820' title='bbox 2206 5743 2494 5798; x_wconf 83' lang='lat' dir='ltr'><strong>divortium</strong></span> <span class='ocrx_word' id='word_1_821' title='bbox 2530 5742 2746 5811; x_wconf 68' lang='lat' dir='ltr'><strong>quarrit,</strong></span> <span class='ocrx_word' id='word_1_822' title='bbox 2800 5752 2854 5798; x_wconf 91' lang='lat' dir='ltr'><strong>et</strong></span> <span class='ocrx_word' id='word_1_823' title='bbox 2899 5742 3068 5799; x_wconf 76' lang='lat' dir='ltr'><strong>libido</strong></span> <span class='ocrx_word' id='word_1_824' title='bbox 3112 5745 3390 5814; x_wconf 84' lang='lat' dir='ltr'><strong>sequentis</strong></span> 
     </span>
    </p>
   </div>
  </div>
