4008 6354
684 327 788 382 6H

2644 221 2689 238 ια’

1468 326 1527 381 S.
1568 325 1924 383 PASCHASII
1964 324 2313 380 BADBERTI
2349 324 2644 381 ABDATIS
2682 326 3135 383 CURBI'JENSIS
3644 389 3649 393 .
3749 348 3833 407 διδ

681 439 1003 497 adulterium
1060 437 1222 507 parit.
1277 434 1425 491 Unde
1472 438 1574 502 vir,
1629 447 1722 491 aut
1760 453 1916 500 uxor,
1956 438 2083 492 dum
2128 435 2253 491 talia
2283 441 2331 497 Α
2359 433 2584 497 dixeris,
2610 435 2736 503 quia
2771 443 2861 488 tua
2886 445 2992 499 est,
3018 436 3139 491 vide
3166 452 3237 493 ne
3262 439 3622 509 mentiaris;eo
3647 455 3760 518 quod
3780 473 3829 513 ει

685 531 995 594 meditatur,
1024 540 1079 584 et
1112 529 1306 597 quaerit
1338 544 1658 598 quacunque
1686 545 1753 584 ex
1780 543 1943 584 causa
1986 528 2255 583 resolvere

683 622 826 690 quod
856 621 999 676 Deus
1040 618 1342 688 conjunxit,
1386 620 1429 673 si
1467 620 1550 672 vir
1594 618 1775 681 fuerit,
1808 618 2041 672 lascivus
2071 626 2173 679 est,
2200 626 2255 670 et

685 714 895 770 adulter
915 712 1021 778 iam
1056 712 1108 765 in
1144 712 1324 765 corde.
1373 712 1429 765 Si
1472 727 1601 765 vero
1628 711 1840 773 mulier,
1864 708 2121 764 meretrix
2154 708 2258 762 uti-

686 821 790 871 que
814 804 1212 872 comprobatur.
1235 801 1301 854 Et
1322 802 1441 854 ideo
1465 817 1624 869 quam
1648 802 1784 859 bene
1807 801 2062 856 Dominus
2074 798 2258 868 Scripn

688 907 860 947 turam
885 907 1099 948 sacram
1127 891 1344 945 adducit
1383 891 1435 944 in
1471 891 1859 953 testimonium,
1883 901 1940 945 et
1966 905 2071 944 non
2093 889 2254 943 aliam

686 998 846 1051 quam
872 982 989 1052 ipse
1033 981 1245 1052 Moyses
1279 982 1699 1050 conscripserat,
1733 992 1792 1035 ut
1834 981 2132 1051 decipulum
2159 995 2256 1035 eo-

685 1087 807 1126 rum
830 1072 1027 1127 illresns
1054 1079 1314 1134 transeat,
1349 1079 1402 1124 et
1428 1072 1645 1127 eosdem
1663 1072 1779 1125 suis
1805 1070 1991 1142 alliget
2017 1070 2256 1134 funibus,

686 1161 1042 1215 etconvincat
1069 1161 1137 1211 ab
1167 1159 1321 1212 initio
1357 1174 1461 1213 non
1502 1157 1796 1232 sicfuisse,
1826 1158 2153 1213 auctoritate
2177 1158 2260 1212 di-

687 1252 832 1304 vina.
866 1247 988 1302 Non
1017 1248 1233 1317 legistis,
1267 1249 1458 1317 inqurt,
1515 1248 1649 1317 quia,
1681 1248 1770 1317 qui
1802 1247 1922 1315 fecit
1970 1248 2035 1300 ab
2084 1247 2256 1312 initio,

688 1339 978 1393 masculum
1006 1347 1055 1391 et
1080 1337 1327 1405 feminam
1355 1339 1473 1405 fecit
1501 1355 1589 1391 eos
1613 1339 1637 1390 .’
1664 1348 1711 1391 et
1735 1338 1887 1402 dixit,
1914 1336 2136 1406 Propter
2162 1337 2259 1390 hoc

689 1428 910 1481 dimittet
951 1428 1106 1479 homo
1135 1436 1335 1494 putrem
1366 1438 1411 1479 et
1443 1437 1679 1490 matrem,
1703 1436 1749 1479 et
1777 1425 2060 1479 adhterebit
2106 1426 2259 1478 uxori

686 1535 822 1583 sum,
850 1528 896 1571 et
921 1528 1069 1571 erunt
1091 1518 1197 1570 duo
1223 1518 1275 1570 in
1296 1534 1452 1570 curue
1481 1534 1605 1570 una.
1630 1519 1783 1585 Quod
1816 1533 1948 1572 sane
1967 1516 2258 1586 capitulum

688 1612 847 1665 aliter
874 1610 926 1663 in
948 1608 1143 1663 Genesi
1176 1608 1436 1673 habetur;
1474 1609 1597 1677 quia
1641 1609 1768 1674 illic,
1810 1607 1975 1679 784
2010 1608 2055 1662 si
2081 1607 2261 1662 verbis

688 1703 839 1766 Δότε,
868 1717 956 1756 res
984 1701 1160 1755 omnis
1182 1700 1443 1772 refertur;
1475 1702 1560 1756 hic
1580 1710 1761 1754 autem
1786 1698 2262 1755 Dominusindicat

2358 539 2464 579 uno
2492 523 2654 594 785
2681 524 2879 589 Adam,
2908 540 3017 579 non
3045 525 3150 581 nisi
3188 541 3289 581 una
3314 538 3508 600 sumpta
3533 543 3625 600 est,
3648 544 3832 599 ιιιιιιιίυ,

2358 614 2601 683 conjugis
2627 616 2902 669 consortio
2932 624 3259 670 necteretur.
3313 617 3435 685 Quae
3482 622 3701 679 nimirum
3734 644 3832 685 ou...

2352 704 2561 775 junctio
2586 746 2600 769 ,
2643 707 2767 775 quia
2799 707 3058 761 naturalis
3085 708 3173 761 lex
3195 718 3304 774 est,
3330 711 3542 779 primam
3570 714 3647 770 Dei
3669 727 3834 775 seinten-

2359 795 2488 849 tinm
2516 795 2794 864 approbat.
2830 795 3093 851 Secundae
3118 809 3251 852 vero
3276 799 3483 868 nuptiae,
3497 816 3591 857 non
3618 804 3675 858 ob
3692 809 3836 861 volun-

2359 894 2527 941 tatem
2563 887 2688 952 Dei,
2733 890 2826 943 sed
2856 889 3149 944 secundum
3186 892 3506 959 peccantium
3538 898 3835 953 necessitatem

2358 993 2631 1034 concessae
2659 988 2803 1033 sunt.
2834 980 2901 1033 Et
2929 981 3051 1035 ideo
3073 982 3307 1035 ostendit
3332 981 3573 1038 Dominus
3596 986 3668 1041 his
3690 989 3836 1050 verbis.

2358 1068 2502 1137 quod
2546 1070 2780 1124 secunda
2828 1068 3076 1140 coniugia
3121 1071 3332 1124 vitanda
3361 1081 3515 1136 sunt,
3561 1090 3665 1129 cum
3702 1076 3764 1131 ait
3791 1079 3838 1131 de

2357 1159 2537 1214 libello
2564 1161 2799 1229 repudii,
2857 1160 2998 1225 Quia
3025 1161 3090 1214 ab
3118 1162 3268 1215 initio
3314 1179 3413 1216 non
3439 1164 3532 1232 fuit
3550 1165 3634 1218 sic.
3659 1164 3745 1219 Sed
3773 1170 3839 1235 qui

2358 1246 2488 1304 fecit
2505 1249 2573 1304 ab
2595 1249 2767 1311 initio,
2783 1250 3078 1305 masculum
3101 1259 3157 1303 et
3177 1250 3424 1305 feminam
3447 1252 3579 1306 fecit.
3603 1252 3838 1321 Propterea,

2360 1338 2562 1409 inquit,
2603 1339 2855 1409 relinquet
2881 1338 3034 1393 homo
3060 1350 3261 1408 patrem
3280 1350 3326 1393 et
3350 1349 3552 1393 matrem
3569 1378 3584 1404 ,
3604 1350 3644 1392 et
3667 1342 3842 1394 adnare-

2361 1429 2429 1482 bit
2450 1427 2605 1481 umori
2625 1444 2760 1492 stur,
2779 1437 2829 1482 et
2853 1438 3006 1481 erant
3034 1429 3139 1481 duo
3161 1430 3214 1481 in
3232 1444 3386 1483 carne
3408 1444 3530 1481 una.
3559 1427 3646 1483 Ubi
3669 1443 3764 1482 cum
3782 1430 3841 1484 dis

2360 1516 2455 1580 cit,
2482 1526 2691 1585 propter
2712 1516 2830 1581 hoc,
2860 1531 3079 1571 causam
3114 1516 3365 1584 exprimit
3386 1525 3593 1584 propter
3617 1515 3843 1584 quid.Quia

2359 1618 2429 1659 ex
2467 1606 2583 1658 viro
2607 1611 2691 1659 est
2718 1619 2878 1669 uxor,
2913 1615 2969 1659 ct
3007 1605 3133 1673 quia
3176 1620 3242 1658 ex
3273 1621 3374 1658 una
3413 1619 3565 1659 carne
3588 1614 3696 1659 sunt
3714 1608 3840 1660 ambo.

2360 1699 2513 1754 Licet
2541 1699 2663 1760 boc,
2687 1696 2843 1765 juxta
2868 1697 3206 1766 Apostolum,
3232 1712 3477 1767 magnum
3504 1697 3570 1752 sit
3604 1712 3842 1752 sacramen-

691 1796 758 1850 ab
785 1810 850 1849 eo
899 1795 990 1867 qui
1031 1795 1303 1848 hominem
1338 1793 1602 1863 figurauit,
1631 1802 1689 1846 et
1735 1793 2012 1846 mulierem
2048 1789 2175 1845 fecit
2195 1791 2261 1844 de
2292 1802 2336 1861 Β
2364 1799 2475 1844 tum
2500 1790 2552 1843 in
2582 1787 2797 1843 Christo
2827 1799 2881 1843 et
2913 1789 2965 1841 in
2999 1788 3238 1845 Ecclesia
3263 1826 3279 1851 ,
3308 1797 3481 1842 tamen
3511 1788 3759 1842 secundum
3781 1802 3845 1840 na-

692 1892 843 1938 costa
877 1883 998 1948 viri,
1029 1884 1209 1937 omnia
1238 1883 1377 1937 dicta
1437 1884 1550 1935 haec
1589 1897 1727 1937 esse.
1770 1881 1922 1937 Unde
1970 1882 2264 1936 admonere

692 1974 874 2030 curavi
908 1974 1196 2042 legentem,
1229 1981 1288 2026 ut
1331 1974 1446 2040 ipse
1473 1988 1532 2026 se
1571 1974 1640 2026 de
1679 1974 1779 2026 hac
1807 1970 2102 2039 qumstione
2130 1985 2261 2024 eon-

694 2065 839 2118 sulat
866 2077 917 2117 et
957 2073 1164 2133 quaerat
1184 2063 1471 2133 diligenter
1498 2063 1803 2132 ubicunque
1835 2063 1940 2117 tale
1984 2062 2183 2132 aliquid
2209 2063 2262 2117 in

696 2153 993 2222 Seripturis
1041 2153 1311 2206 invenitur
1348 2153 1566 2206 divinis.
1594 2152 1698 2206 Nos
1729 2163 1904 2206 tamen
1950 2153 2015 2206 de
2054 2153 2154 2206 hac
2183 2168 2261 2216 re,

693 2242 953 2314 quidquid
986 2244 1157 2297 Adam
1183 2244 1443 2312 probatur
1471 2245 1691 2306 dixisse,
1731 2244 1782 2296 in
1814 2244 2095 2313 prophetia
2139 2258 2265 2298 vere

692 2333 896 2390 dictum
923 2334 1238 2403 accipimus.
1267 2333 1334 2388 Et
1354 2335 1473 2387 ideo
1501 2348 1596 2404 per
1620 2349 1742 2388 eum
1771 2333 2029 2403 quidquid
2062 2333 2263 2387 dictum

691 2435 791 2485 est.
834 2425 1138 2488 Dominum,
1184 2425 1276 2494 qui
1313 2426 1377 2478 de
1399 2425 1516 2494 ejus
1543 2425 1708 2489 latere
1752 2439 1971 2478 uxorem
1991 2423 2264 2488 formavit,
2304 2474 2311 2475 ,

692 2516 893 2571 dixisse
924 2515 1142 2569 minime
1170 2515 1499 2571 dubitamus.
1536 2515 1670 2582 Quia
1711 2516 1824 2585 ipse
1859 2515 2141 2570 aedificavit
2168 2530 2264 2589 co-

691 2616 855 2671 stam,
885 2621 1044 2675 qnam
1091 2606 1284 2660 tulerat
1308 2608 1373 2661 de
1399 2607 1592 2671 Adam,
1642 2608 1695 2661 in
1741 2606 2020 2661 mulierem
2055 2606 2262 2675 ipsius;

690 2708 746 2751 et
788 2706 1189 2752 sacramentum
1230 2699 1464 2753 futurum
1496 2708 1617 2753 erat
1641 2697 1733 2766 qui
1781 2706 1908 2752 tunc
1958 2711 2053 2765 per
2091 2697 2264 2750 Adam

693 2789 747 2840 in
774 2788 1029 2857 mysterio
1062 2787 1400 2855 loquebatur.
1433 2787 1582 2854 Quod
1596 2802 1926 2857 cognoscens
1954 2786 2263 2856 Apostolus,

696 2877 1114 2941 Snrramcntum,
1149 2879 1339 2946 inquit,
1366 2880 1463 2931 hoc
1501 2895 1749 2948 magnum
1789 2888 1861 2933 est
1902 2880 1956 2931 in
1983 2877 2191 2931 Christo
2217 2887 2264 2930 et

694 2969 751 3019 in
798 2966 1030 3020 Ecclesia
1075 2967 1290 3037 (Epltes.
1325 2984 1376 3032 v,
1406 2969 1532 3036 32);
1562 2970 1691 3038 quia
1721 2969 1834 3037 ipse
1861 2977 1944 3022 est
1967 2979 2127 3038 caput
2151 2984 2267 3023 cor.-

694 3056 867 3124 poris,
896 3064 949 3108 et
971 3056 1150 3109 omnis
1179 3056 1419 3111 Ecclesia
1460 3072 1657 3125 corpus
1686 3067 1742 3112 et
1775 3058 2017 3112 membra
2047 3058 2259 3128 capitis,

2367 1891 2541 1939 turam
2570 1882 2749 1936 carnis
2780 1883 2851 1934 ita
2889 1892 3003 1945 est,
3036 1893 3092 1934 ut
3118 1882 3323 1936 creatio
3344 1880 3511 1936 docet.
3540 1879 3599 1934 Et
3623 1881 3663 1936 si
3696 1879 3766 1934 alii
3785 1895 3846 1932 re

2365 1970 2466 2025 liut
2489 1971 2669 2026 dicere
2686 2012 2701 2035 ,
2729 1973 2870 2040 quod
2894 1972 3063 2040 major
3090 1950 3309 2025 dilectio
3344 1970 3496 2025 debet
3520 1984 3627 2025 esse
3648 1970 3761 2024 inter
3774 1967 3848 2021 [ηε

2366 2071 2477 2116 tres
2523 2071 2576 2117 et
2621 2078 2858 2125 sorores,
2906 2063 3030 2130 quia
3087 2062 3250 2116 iidem
3282 2077 3350 2116 ex
3397 2060 3586 2116 eisdem
3615 2058 3847 2128 parentibus

2363 2164 2596 2219 exeunt,
2630 2169 2773 2207 nunc
2810 2163 2989 2207 autem
3022 2153 3410 2222 interpretatur
3430 2151 3535 2221 jam
3560 2166 3619 2205 ex
3649 2148 3846 2208 diversis.

2365 2255 2420 2298 et
2447 2261 2550 2299 non
2576 2246 2717 2299 sicut
2746 2260 2813 2299 ex
2843 2245 2935 2298 illo
2962 2261 3068 2298 uno
3096 2245 3272 2299 Adam
3300 2244 3419 2297 fuit.
3454 2229 3547 2299 Ubi
3570 2238 3849 2311 rogo,lectort

2365 2334 2675 2406 diligentius
2718 2335 2987 2405 paulisper
3027 2334 3279 2388 intendas
3307 2374 3322 2396 ,
3360 2332 3484 2403 quia
3534 2341 3585 2385 et
3629 2328 3849 2384 secundum

2366 2429 2506 2483 lmnc
2537 2427 2780 2496 Copulam
2824 2424 3054 2493 coniugii
3099 2439 3354 2493 Inagnum
3381 2432 3462 2477 est
3489 2421 3636 2476 nimis
3652 2416 3850 2472 vinculum

2369 2519 2672 2588 imptiarutn
2702 2557 2715 2580 ,
2767 2526 2825 2570 ct
2874 2515 3091 2587 pietatis
3141 2516 3195 2568 in
3247 2514 3461 2569 Christo
3515 2515 3850 2565 sacramentum.

2365 2612 2500 2678 Quia
2552 2612 2658 2664 etsi
2703 2610 2890 2663 dicunt
2931 2608 2997 2662 de
3031 2606 3299 2661 fratribus
3346 2619 3516 2669 nunc,
3543 2600 3668 2672 quod
3698 2614 3752 2653 ex
3780 2610 3851 2649 una

2367 2712 2657 2758 nascantur
2685 2717 2848 2755 carne
2870 2700 2981 2770 jam
3008 2698 3171 2763 facta,
3194 2709 3376 2753 tamen
3407 2697 3515 2767 ipsa
3541 2694 3696 2747 unitas
3718 2688 3853 2743 fortior

2365 2805 2449 2848 est
2478 2792 2805 2862 apprincipio
2828 2788 2970 2844 facta
3006 2806 3111 2844 una
3137 2829 3150 2851 ,
3210 2804 3335 2859 qua:
3367 2795 3557 2843 manet.
3582 2784 3697 2851 Quia
3719 2778 3854 2835 fortior

2366 2885 2633 2940 credenda
2658 2893 2743 2938 est
2772 2883 2865 2936 Dei
2895 2881 3212 2937 constitutio
3237 2883 3309 2936 ab
3336 2882 3487 2934 initio
3509 2892 3654 2949 quam
3674 2875 3855 2937 deinceps

2367 2977 2537 3030 virtus
2561 2976 2807 3029 humana:
2836 2984 3060 3028 uatum.
3089 2972 3211 3027 Non
3241 2972 3386 3027 enim
3428 2976 3669 3040 pmcepu
3688 2964 3762 3019 Dei
3786 2974 3853 3014 na-

2368 3075 2503 3120 turae
2526 3064 2766 3132 subjecta
2795 3071 2941 3126 sunt,
2990 3064 3083 3119 sed
3102 3072 3302 3118 natura
3322 3060 3595 3132 praeceptis
3611 3057 3691 3112 Dei
3710 3054 3855 3108 obtem-

693 3163 761 3197 ac
786 3160 885 3213 per
937 3146 1041 3219 hoc
1065 3145 1195 3200 facti
1220 3155 1341 3200 sunt
1367 3147 1539 3202 duoin
1568 3162 1731 3202 carne
1751 3162 1878 3201 una.
1902 3147 2262 3217 Quapropter,
2292 3143 2337 3205 C
2371 3164 2520 3225 νει-ει
2548 3169 2767 3210 necesse
2792 3163 2893 3208 est.
2919 3153 2987 3208 Et
3020 3154 3142 3210 ideo
3169 3153 3228 3207 in
3257 3151 3482 3223 singulis
3509 3150 3578 3204 ita
3597 3152 3671 3201 est
3691 3143 3796 3198 sicut
3819 3144 3853 3189 θ’

693 3247 754 3289 ut
780 3235 917 3299 dixi,
960 3236 1706 3306 perpendatdiligentissimus
1748 3237 1918 3292 lector
1943 3237 2050 3289 vim
2076 3237 2268 3291 verbo-

697 3341 839 3388 rum,
869 3334 923 3380 et
942 3326 1138 3394 quibus
1170 3326 1428 3381 Dominus
1459 3326 1813 3395 responderit,
1841 3335 1896 3381 et
1928 3326 2123 3394 quibus
2151 3326 2265 3380 dis-

691 3413 858 3483 cipuli
893 3413 972 3468 usi
1020 3413 1130 3466 sint
1151 3414 1350 3468 verbis.
1387 3413 1704 3469 Consideret
1730 3416 1894 3468 etiam
1938 3414 2088 3469 Pauli
2137 3432 2267 3484 apo-

693 3507 818 3563 Stoli
852 3507 916 3559 de
957 3506 1059 3559 hac
1093 3521 1154 3560 re
1181 3504 1455 3571 affectum,
1481 3507 1562 3561 vel
1606 3506 1840 3571 silentis,
1878 3507 1963 3561 vel
1995 3507 2265 3561 interdum

690 3594 796 3648 sub
836 3593 955 3647 aliis
1000 3593 1138 3648 locis
1190 3596 1511 3658 tractantis;
1544 3596 1811 3664 quomodo
1857 3594 1950 3648 Dei
1994 3596 2265 3649 occultum

690 3684 964 3753 expendat
998 3684 1437 3761 sacramentum?
1464 3684 1743 3750 Quomodo
1771 3684 2020 3740 Christus
2050 3685 2266 3739 Patrem

694 3772 949 3842 reliquit,
1015 3774 1232 3841 quando
1285 3772 1631 3842 semetipsum
1688 3772 1990 3826 exinanivit
2034 3772 2266 3827 formam

692 3864 837 3916 servi
861 3861 1152 3931 accipiens,
1177 3877 1241 3917 ac
1270 3872 1496 3916 matrem
1535 3861 1872 3932 Synagogam
1900 3862 2180 3927 videlicet,
2213 3871 2269 3916 et

694 3954 921 4009 adluesit
969 3954 1125 4031 uxori
1172 3967 1306 4014 suae,
1352 3951 1402 4005 id
1430 3963 1513 4005 est
1544 3952 1819 4015 Ecclesiae,
1847 3968 1966 4021 qua:
1996 3954 2061 4006 de
2095 3952 2265 4005 latere

691 4044 892 4097 Christi
910 4039 1143 4096 formata
1183 4052 1287 4105 est,
1318 4052 1371 4095 et
1392 4042 1688 4096 aedificatur
1720 4042 1959 4111 quotidie
1990 4043 2042 4096 in
2086 4042 2268 4096 mulie-

694 4152 828 4199 rem,
861 4135 1000 4189 sicut
1022 4143 1073 4188 et
1104 4136 1624 4204 propagaturomnis
1658 4138 1793 4188 ordo
1823 4136 2156 4189 nascentium
2199 4136 2267 4190 dc

693 4240 861 4279 uxore
908 4234 963 4279 et
1000 4224 1138 4279 viro.
1171 4225 1353 4294 Itaque
1381 4224 1495 4292 jam
1547 4240 1652 4278 non
1695 4234 1820 4278 sunt
1860 4225 1985 4288 duo,
2037 4225 2129 4278 sed
2161 4242 2265 4280 una

690 4332 838 4367 raro.
863 4313 1014 4380 Quod
1039 4330 1170 4384 ergo
1199 4315 1340 4369 Deus
1366 4315 1664 4385 conjunxit,
1704 4315 1864 4368 homo
1891 4331 1996 4368 non
2028 4326 2261 4384 separet.

693 4407 830 4460 Ecce
856 4405 1273 4476 benignissimus
1312 4403 1469 4460 Jcsus
1504 4404 1892 4459 conscientiam
1923 4406 1988 4458 ad
2022 4406 2265 4459 testimo-

693 4503 837 4555 nium
860 4510 1120 4571 provocat
1148 4500 1343 4555 divina:
1386 4500 1746 4564 auctoritatis,
1776 4508 1835 4553 ut
1860 4499 2146 4555 convincat
2168 4515 2262 4554 eos
2292 4485 2340 4543 Ι)

691 4590 782 4660 qui
807 4604 913 4646 non
942 4589 1063 4645 ideo
1093 4591 1428 4660 interrogant
1448 4599 1507 4644 ut
1527 4590 1759 4655 discant,
1781 4598 1909 4643 etse
1930 4590 2262 4654 contineant,

687 4681 785 4737 sed
811 4690 870 4736 ut
894 4670 1286 4737 calumnientur
1325 4696 1471 4746 eum,
1505 4691 1561 4737 et
1611 4680 1990 4736 excusabiliter
2042 4681 2264 4745 faciant,

688 4774 833 4842 quod
896 4774 1333 4829 inexcusabiliter
1381 4773 1692 4843 peccabant.
1753 4773 2050 4827 Masculum
2109 4783 2156 4826 et
2198 4774 2270 4841 {e-

690 4867 927 4933 miuam,
997 4868 1214 4938 inquit,
1276 4884 1384 4923 non
1443 4868 1738 4922 masculum
1799 4878 1855 4923 et
1906 4869 2105 4922 multas
2193 4869 2269 4923 fe—

691 4958 887 5024 minas,
953 4970 1013 5013 ut
1061 4959 1154 5013 uni
1202 4958 1362 5014 liceat
1410 4959 1607 5014 multas
1652 4974 1849 5015 uxores
1894 4960 2108 5014 dueere.
2160 4959 2263 5013 Νε-

681 5065 794 5119 que
847 5049 1114 5105 masculos
1158 5060 1215 5104 et
1260 5049 1540 5115 feminam,
1594 5060 1657 5104 ut
1704 5051 1794 5104 uni
1841 5050 2054 5103 lemime
2104 5049 2262 5103 liceat

689 5150 887 5205 multos
917 5152 1062 5206 viros
1079 5150 1346 5221 accipere.
1376 5150 1492 5205 Non
1516 5152 1657 5206 enim
1679 5152 1812 5206 duas
1833 5130 2055 5205 veltrcs
2082 5160 2262 5206 costas

689 5249 783 5294 aut
809 5255 877 5295 eo
900 5241 1131 5313 amplius
1158 5242 1278 5296 tulit
1307 5242 1567 5298 Dominus
1594 5243 1659 5297 de
1680 5242 1848 5296 latere
1870 5241 1992 5296 viri.
2025 5242 2092 5296 Et
2139 5242 2261 5296 ideo

690 5333 1024 5388 revocandus
1062 5342 1148 5390 est
1202 5334 1417 5389 animus
1446 5336 1511 5388 ad
1541 5334 1951 5396 continentiam,
1990 5341 2048 5387 ut
2083 5335 2261 5402 possis

685 5421 869 5478 dicere
894 5424 1049 5478 uxori
1082 5435 1205 5488 true,
1232 5424 1373 5495 quod
1403 5425 1575 5479 Adam
1617 5424 1817 5479 dixisse
1846 5423 2092 5493 legimus,
2122 5422 2259 5488 Hoc,

687 5511 885 5581 inquit,
899 5529 957 5567 os
970 5530 1035 5567 ea:
1049 5513 1250 5568 ossibus
1270 5515 1419 5578 meis,
1433 5523 1479 5567 et
1495 5529 1619 5567 caro
1633 5513 1697 5566 de
1709 5527 1867 5566 carne
1884 5528 1999 5565 mea
2016 5509 2165 5583 (Gen;
2196 5528 2257 5578 tt,

687 5600 802 5669 33).
815 5603 1065 5673 Alioquin
1079 5606 1178 5658 etsi
1192 5616 1341 5660 costa
1356 5614 1438 5660 est
1452 5603 1538 5659 illa
1562 5603 1755 5658 nmlier
1768 5616 1928 5671 quam
1944 5601 2083 5656 ultra
2098 5617 2256 5655 unam

688 5700 925 5763 duxeris,
955 5706 1021 5759 de
1051 5704 1204 5771 cuius
1230 5708 1295 5761 sit
1325 5715 1498 5769 costa,
1541 5715 1627 5758 tua
1654 5714 1831 5759 tamen
1858 5712 2089 5760 nonest.
2125 5702 2188 5756 Et
2215 5704 2259 5757 si

2370 3252 2423 3306 in
2453 3250 2659 3313 tribus;
2691 3249 2783 3319 qui
2828 3249 2955 3304 licet
2977 3263 3045 3304 ex
3074 3262 3181 3303 uno
3213 3254 3512 3302 nascuntur
3546 3237 3776 3309 coniugio,
3800 3239 3855 3284 ta-

2368 3358 2491 3397 men
2512 3342 2767 3421 deinceps
2786 3349 2839 3394 et
2867 3340 2967 3411 ipsi
2995 3339 3243 3394 diversas
3264 3338 3381 3393 vias
3404 3344 3602 3406 petunt.
3620 3323 3857 3421 Coniugiutn

2366 3450 2498 3490 vero
2538 3418 2753 3502 semper
2778 3433 2845 3487 ad
2874 3432 3201 3501 principium
3252 3430 3431 3496 redit,
3473 3436 3533 3483 ut
3576 3425 3672 3478 sint
3707 3418 3788 3473 duo
3821 3418 3858 3464 in

2366 3541 2532 3581 carm
2554 3541 2678 3579 una.
2705 3525 2804 3590 Qui
2829 3523 3074 3593 quamvis
3094 3537 3164 3577 ex
3187 3522 3409 3577 diverso
3432 3521 3715 3573 nascantur,
3733 3514 3856 3559 tamen

2367 3632 2433 3672 ⁸⁸
2463 3624 2732 3687 Ρτωεθυιο
2758 3614 2852 3669 Dei
2872 3654 2886 3678 ,
2919 3624 2978 3669 ut
3004 3612 3438 3682 multiplieeutur
3458 3650 3472 3674 ,
3505 3607 3617 3663 ideo
3643 3601 3860 3688 nascuntur

2367 3715 2427 3762 ιιι
2457 3681 2511 3761 ίιι
2539 3681 2704 3761 υηιινηι
2730 3705 3073 3759 conveniant.
3107 3681 3347 3757 Attende
3363 3741 3379 3766 ,
3420 3710 3599 3769 (ιυῖἓδο
3616 3734 3630 3758 ν
3655 3681 3859 3778 ιθεθωῇἥξ

2368 3800 2550 3854 vinam
2578 3796 2905 3867 exquisitam
2934 3794 3232 3849 secundum
3278 3806 3472 3849 omnes
3508 3786 3767 3842 voluntates
3780 3772 3859 3870 Del:

2366 3891 2586 3947 Fratres
2611 3889 2859 3963 quamvis
2889 3888 2998 3942 sint
3041 3902 3106 3941 ex
3136 3901 3267 3951 uno,
3290 3895 3350 3941 et
3389 3895 3615 3943 sorores,
3641 3875 3709 3963 sic
3743 3872 3860 3963 creat!

2365 3991 2492 4037 sunt
2511 3998 2543 4036 a
2572 3952 2862 4042 natura,ut
2889 3992 2993 4032 non
3028 3974 3365 4031 conveniant
3393 3975 3446 4027 in
3476 3982 3651 4026 unmn.
3670 3952 3861 4017 Masculus

2366 4083 2548 4128 autem
2578 4080 2633 4126 et
2682 4069 2881 4125 femina
2903 4068 3156 4139 quamvis
3183 4082 3297 4121 non
3330 4067 3444 4120 sint
3463 4078 3528 4118 ex
3566 4071 3664 4114 uno
3684 4094 3698 4118 ,
3739 4057 3860 4102 tame“

2367 4166 2441 4220 ita
2471 4164 2638 4219 creati
2669 4171 2796 4217 sunt
2822 4170 2885 4215 ut
2905 4160 3129 4213 redeant
3148 4159 3218 4212 ad
3250 4155 3595 4228 principium,
3621 4145 3699 4216 qui
3717 4144 3867 4237 suntet

2366 4272 2505 4320 uno,
2535 4254 2661 4324 quia
2692 4254 2758 4306 ad
2785 4253 2885 4306 hoc
2926 4251 3091 4305 creati
3120 4259 3250 4303 sunt
3291 4258 3352 4301 ut
3382 4248 3494 4301 sint
3536 4253 3702 4295 lllllllll.
3725 4231 3868 4325 Idcirco

2364 4347 2544 4401 omnis
2600 4352 2830 4405 natura.
2875 4356 2978 4396 non
3033 4350 3143 4394 tam
3183 4340 3429 4408 seipsam
3456 4373 3473 4401 ,
3525 4343 3672 4404 quam
3709 4320 3868 4412 ordita-

2366 4441 2571 4494 tionem
2621 4435 2713 4491 Dei
2762 4433 3026 4502 sequitur.
3076 4430 3141 4485 Et
3179 4431 3313 4499 quia
3372 4428 3489 4481 haec
3538 4416 3707 4489 copula
3739 4417 3872 4502 εοιξιυ·

2364 4529 2457 4598 gii,
2483 4526 2729 4597 quamvis
2765 4496 2936 4594 gratia
2966 4521 3062 4577 Dei
3091 4496 3348 4585 sit,vcum
3384 4516 3614 4586 legitime
3648 4496 3871 4598 securi-(luti:

2364 4620 2533 4674 Deum
2574 4600 2919 4685 coniungitur
2952 4622 3008 4668 et
3028 4620 3318 4673 servatur;
3350 4618 3534 4663 tamen
3578 4601 3655 4655 vir
3689 4602 3736 4685 et
3757 4581 3874 4685 786

2364 4725 2535 4773 uxor,
2565 4682 2689 4776 quia
2718 4682 3009 4763 carnaliter
3029 4700 3305 4757 interdum
3340 4713 3402 4753 se
3423 4695 3672 4763 diligunt,
3695 4682 3748 4776 Et
3767 4682 3873 4731 em"

2364 4802 2470 4855 duo
2491 4802 2544 4853 in
2574 4775 2730 4853 carne
2769 4812 2874 4851 una
2896 4834 2912 4861 ,
2944 4803 3092 4851 recte
3116 4791 3340 4847 dicitur.
3370 4788 3480 4843 Sed
3506 4775 3758 4839 Pharismi.
3782 4778 3875 4861 9""

2358 4880 2555 4945 sanam
2586 4889 2886 4944 doctrinam
2917 4900 3023 4939 non
3066 4882 3361 4951 recipiunt,
3391 4887 3448 4933 et
3480 4877 3615 4930 hanc
3649 4859 3875 4951 repth?

2367 4980 2498 5034 dere
2536 4994 2640 5032 non
2671 4978 2927 5046 possunt.
2972 4972 3198 5027 redeunt
3233 4970 3307 5024 ad
3337 4967 3595 5023 duritiam
3632 4952 3782 5046 cordis
3798 4959 3886 5046 ⁸³ξῇ

2367 5080 2424 5124 ει
2453 5029 2817 5135 interrogant,
2849 5063 2990 5128 Quid
3020 5077 3142 5131 ergo
3186 5059 3404 5129 Moyses
3447 5049 3678 5125 pnccepit
3706 5044 3807 5094 tlart
3843 5029 3886 5079 ιε’

2369 5158 2557 5212 bellum
2604 5134 2845 5225 repudii?
2897 5153 3033 5207 Ecce
3058 5158 3349 5221 quantum
3407 5144 3648 5214 displicet
3687 5134 3878 5225 νθςωιίξς

2368 5247 2520 5302 ribus
2548 5254 2605 5300 et
2642 5215 2858 5299 lascivis
2892 5215 3137 5297 doctrina
3183 5238 3442 5307 justitiae,
3470 5231 3593 5304 quia
3639 5221 3792 5298 gravis
3822 5215 3881 5264 est

2362 5333 2671 5391 fornicariis
2717 5332 3030 5403 praedicatio
3074 5328 3368 5385 castitatis.
3440 5322 3548 5379 Sed
3589 5318 3703 5399 quia
3741 5310 3881 5362 contra

2366 5429 2629 5483 rationem
2667 5422 2992 5495 respondere
3045 5437 3150 5475 non
3200 5427 3468 5489 possunt,
3508 5405 3710 5495 veritati
3749 5403 3880 5498 tam

2365 5520 2589 5576 credere
2640 5534 2746 5572 non
2795 5516 3165 5584 acquiescuut.
3218 5511 3545 5579 Propottttttt
3592 5495 3880 5574 patrocinium

2367 5611 2595 5682 Moysis,
2622 5607 2775 5674 cujus
2808 5621 3033 5676 persona
3079 5621 3142 5659 ac
3170 5604 3212 5657 si
3271 5603 3367 5654 Dei
3430 5601 3499 5653 ab
3525 5593 3753 5651 omnibus
3776 5588 3882 5677 rete-

2369 5703 2606 5767 rebatur,
2631 5708 2686 5753 et
2710 5698 2968 5752 timebant
3008 5712 3194 5749 tnunes
3232 5695 3281 5745 ei
3337 5694 3389 5745 in
3434 5690 3610 5747 aliquo
3652 5682 3879 5735 contraire-
