4008 6354
618 338 717 403 651

1424 340 1481 396 S.
1520 340 1875 397 PASCHASII
1911 338 2283 396 RADBERTII
2315 337 2609 395 ABBATIS
2645 336 3095 397 GOBBEIENSIS
3711 346 3793 404 65%

610 452 894 531 Dominus,
924 453 1064 514 sicut
1092 451 1301 523 Moyses
1333 456 1386 508 in
1415 454 1528 526 lege
1553 456 1725 526 jubet.
1762 470 1863 511 nec
1894 464 2099 510 tenere.
2122 453 2189 510 Et
2215 455 2263 515 Α
2294 468 2399 505 rem
2424 468 2599 519 suam,
2633 462 2683 506 et
2710 451 2930 513 alterum
2976 451 3205 515 duxerit,
3241 450 3530 505 adulterium
3571 459 3791 517 committit

610 541 906 601 notandum
942 541 1069 612 quia
1093 542 1189 606 ait,
1229 542 1369 612 quod
1397 542 1537 603 Deus
1577 545 1865 614 conjunxit,
1898 545 2051 605 homo
2084 562 2187 600 non

608 644 831 713 separet.
885 632 1003 703 Non
1042 634 1187 690 enim
1245 635 1523 701 interdixit
1580 637 1818 709 separari
1875 638 1964 693 ubi
2027 651 2195 695 causa,

608 737 798 801 contra
830 727 1001 797 Deum
1029 737 1133 794 est,
1158 738 1215 789 et
1259 728 1353 785 Dei
1391 729 1702 800 conjunctio
1733 745 1841 785 non
1874 738 1981 795 est,
2016 744 2192 805 neque

608 827 671 891 ut
692 834 794 905 pro
820 819 914 875 Dei
941 834 1128 887 causa,
1164 834 1267 873 non
1301 828 1621 889 separentur
1647 834 1712 875 ex
1753 835 2040 884 consensu,
2064 819 2192 889 quia

610 916 824 985 tempus
873 909 1037 975 breve
1092 918 1195 977 est,
1252 917 1311 962 ut
1340 908 1593 980 deinceps
1645 910 1819 974 liberi,
1870 918 2060 971 vacent
2091 909 2193 963 Do-

609 1000 761 1065 mino
805 1001 906 1069 sub
970 1009 1159 1055 sancto
1210 1000 1486 1070 proposito
1531 1000 1893 1053 continentes.
1936 997 2070 1063 Quia
2102 995 2190 1051 ubi

612 1090 761 1147 Deus
815 1100 901 1146 est
956 1091 1010 1145 in
1060 1105 1244 1155 causa,
1274 1090 1344 1144 ibi
1392 1098 1447 1145 et
1506 1089 1741 1160 legitima
1797 1088 2038 1143 libertas.
2090 1087 2194 1141 Ve-

611 1193 958 1251 rumtamen,
1016 1184 1140 1254 quia
1188 1186 1300 1251 jam
1360 1182 1557 1247 aliam,
1617 1182 1828 1235 vivente
1888 1179 2016 1245 illa,
2074 1193 2193 1248 qua:

608 1274 855 1337 adultera
925 1283 1008 1331 est
1047 1274 1067 1340 ,'
1137 1289 1263 1330 non.
1309 1273 1437 1328 licet
1493 1273 1741 1342 accipere
1786 1312 1799 1337 ,
1873 1271 2013 1328 sicut
2089 1285 2193 1325 nec

607 1363 775 1439 789
800 1380 1020 1421 uxorem
1052 1365 1169 1419 viro
1211 1363 1299 1418 alii
1331 1364 1556 1428 nubere,
1588 1362 1632 1417 si
1666 1361 1829 1423 fuerit
1860 1362 2011 1435 prior
2036 1359 2191 1415 adul-

598 1466 686 1509 ter
720 1463 775 1510 et
804 1455 1116 1526 repudiatus
1140 1455 1207 1509 ab
1236 1469 1321 1509 ea.
1358 1454 1457 1511 Ubi
1491 1454 1635 1509 nulla
1667 1453 1769 1508 alia
1796 1453 1883 1508 via
1908 1460 2078 1508 restat
2113 1452 2194 1507 eis

604 1545 795 1601 salutis
818 1587 833 1611 ,
869 1557 1169 1616 quamaut
1212 1552 1337 1614 post
1376 1545 1588 1614 dignam
1621 1542 2045 1599 satisfactionem
2082 1541 2193 1599 Deo

603 1637 686 1692 vel
717 1637 969 1694 Ecclesiae
990 1680 1004 1703 ,
1054 1638 1106 1692 in
1135 1638 1366 1692 invicem
1397 1652 1453 1691 se
1482 1637 1582 1691 sibi
1615 1635 2054 1698 reconcilientur,
2100 1641 2194 1690 aut

602 1727 703 1782 sub
724 1727 840 1800 jugi
866 1726 1201 1782 continentia
1223 1726 1385 1780 ambo
1411 1741 1469 1780 se
1492 1725 1757 1797 redigant,
1792 1740 1860 1779 ne
1882 1722 2023 1779 forte
2049 1722 2194 1795 quod

2296 558 2452 611 super
2472 558 2622 607 eam;
2649 552 2696 596 et
2726 542 2771 597 si
2806 558 2939 607 uxor
2977 540 3231 595 dimiserit
3276 542 3428 599 virum
3469 559 3625 610 suum,
3660 556 3698 599 et
3722 549 3793 603 aiii

2296 633 2549 702 nupserit,
2575 632 2863 705 moliatur
2909 631 3099 703 (Marc.
3136 647 3192 697 ι,
3232 632 3335 704 il).
3365 632 3494 697 Ecce
3518 634 3576 689 de
3614 645 3797 707 utroque

2297 741 2403 781 una
2429 725 2694 781 sententia
2722 734 2824 781 est.
2875 722 2980 779 Sed
3016 733 3071 783 et
3098 722 3272 793 Lucas
3300 724 3370 796 ait
3396 742 3409 777 :
3437 722 3600 797 omnis
3633 728 3707 801 qui
3734 730 3796 791 di-

2297 820 2455 873 mittit
2487 834 2724 883 uxorem,
2749 828 2798 872 et
2826 818 3034 875 duxerit
3080 816 3319 881 alterum,
3348 818 3636 881 minitatur,
3660 828 3702 873 et
3735 821 3803 890 qui

2296 912 2569 975 dimissam
2593 929 2625 965 a
2649 913 2757 969 viro
2786 911 2949 976 ducit,
2979 911 3266 967 moliatur
3282 908 3430 980 (Luc.
3451 925 3556 974 xvi,
3579 911 3672 980 l8).
3692 911 3804 991 Ergo

2299 1003 2423 1071 quia
2451 1003 2533 1058 vir
2559 1000 2675 1070 ejus
2702 1000 2851 1067 vivit,
2878 1000 3236 1069 adulteretur,
3264 999 3501 1071 quamvis
3527 999 3716 1067 dimissa
3738 1000 3805 1065 sit,

2298 1091 2425 1160 quia
2452 1091 2569 1161 ejus
2599 1106 2734 1147 uxor
2760 1098 2844 1145 est
2884 1088 3125 1161 quandiu
3154 1089 3284 1145 vivit
3306 1089 3385 1142 vir
3410 1088 3534 1160 ejus,
3564 1096 3615 1143 et
3632 1089 3734 1143 ideo
3755 1089 3811 1143 le-

2296 1188 2481 1257 gitime
2504 1202 2610 1247 non
2634 1194 2815 1256 petest
2843 1200 2964 1241 esse
2996 1199 3118 1240 cum
3162 1183 3266 1238 alio
3291 1182 3428 1249 viro,
3454 1197 3515 1245 eo
3550 1181 3677 1251 quod
3709 1197 3813 1237 uxor

2297 1277 2469 1331 aliena
2492 1284 2593 1332 est.
2625 1276 2696 1330 At
2726 1290 2855 1331 vero
2883 1274 2972 1331 ille
2992 1275 3148 1346 cujus
3169 1281 3253 1330 est
3277 1288 3381 1331 non
3405 1273 3586 1333 alienae
3610 1272 3814 1327 miscetur

2298 1370 2474 1436 uxori,
2503 1370 2601 1426 sed
2624 1385 2756 1437 suae,
2786 1377 3072 1440 propterea
3114 1382 3221 1433 non
3274 1365 3584 1425 mtechatur.
3619 1362 3741 1421 Reus
3758 1374 3820 1423 ta-

2298 1477 2420 1517 men
2442 1469 2526 1518 est
2549 1461 2597 1517 si
2623 1476 2743 1516 eam
2768 1461 3135 1523 mcecbantem
3162 1457 3450 1527 consentit,
3478 1464 3530 1525 et
3556 1455 3819 1511 adulterium

2298 1566 2409 1607 suae
2437 1551 2577 1607 celat
2609 1551 2817 1615 uxoris,
2850 1549 2990 1617 Hinc
3016 1549 3325 1623 couimuuis
3366 1563 3549 1604 eorum
3589 1544 3822 1616 querenda

2298 1650 2383 1699 est
2403 1641 2667 1697 medicina
2692 1640 2901 1699 salutis.
2928 1640 3062 1707 Nam
3084 1640 3133 1697 si
3157 1648 3382 1710 propter
3406 1652 3617 1695 causam
3637 1635 3822 1693 fornica-

2301 1732 2461 1788 tionis
2487 1746 2604 1786 eam
2651 1732 2948 1797 dimiserit,
2997 1731 3229 1788 necdum
3284 1738 3463 1791 tamen
3492 1744 3604 1798 qua:
3641 1728 3824 1782 demissa

604 1838 741 1876 unus
773 1836 962 1876 eorum
994 1820 1243 1890 deliquit,
1284 1818 1507 1875 alterius
1549 1816 1705 1886 culpa
1748 1817 1798 1871 id
1828 1815 2193 1883 contraxerit;
2227 1816 2275 1881 Β
2303 1831 2405 1889 ρει,
2434 1839 2570 1885 uxor
2595 1822 2929 1887 demutamus
2957 1837 3078 1879 esse
3103 1821 3372 1885 cessavit;
3399 1827 3455 1874 et
3476 1818 3598 1889 quia
3626 1832 3716 1872 non
3738 1830 3825 1871 esse

604 1916 744 1971 sicut
774 1915 829 1969 in
862 1913 1047 1971 multis
1073 1928 1236 1983 quam
1277 1927 1420 1981 smpe
1454 1911 1741 1981 contingit,
1788 1910 1878 1964 ubi
1932 1925 2036 1965 non
2075 1910 2201 1979 jura

605 2014 897 2075 servantur
921 2006 1057 2061 casti
1088 2004 1325 2070 amoris,
1350 2017 1453 2071 nec
1486 2002 1733 2058 custodia
1762 2000 2091 2071 impenditur
2116 2000 2202 2056 vel

604 2099 887 2173 disciplina
915 2097 1170 2169 legitima:
1198 2096 1616 2151 observationis.
1654 2094 1723 2148 At
1758 2092 2006 2162 discipuli
2038 2090 2196 2146 Chri-

604 2189 672 2245 sti
716 2190 831 2245 baec
878 2189 1060 2257 omnia
1103 2188 1512 2243 considerantes
1555 2184 1874 2240 discrimina
1906 2199 2025 2254 qua:
2069 2199 2197 2238 con—

606 2282 813 2352 tingere
838 2288 1099 2350 possunt,
1128 2288 1185 2333 et
1220 2278 1396 2345 solent
1429 2276 1646 2332 evenire
1674 2275 1758 2330 bis
1788 2276 1877 2345 qui
1908 2282 2199 2330 versantur

603 2372 656 2427 in
685 2371 880 2431 smculo
910 2386 1031 2426 cum
1076 2370 1362 2439 uxoribus,
1396 2384 1462 2424 ac
1492 2369 1537 2423 si
1585 2368 1893 2438 stupefacti,
1922 2383 2021 2438 pro
2045 2366 2198 2422 novi-

603 2473 711 2519 tate
742 2464 1009 2519 dictornm
1058 2474 1114 2516 et
1143 2470 1335 2517 eventu
1368 2476 1574 2524 rerum,
1603 2460 1786 2521 dicunt
1813 2473 1826 2511 :
1856 2456 2009 2523 Quod
2032 2458 2077 2511 si
2120 2457 2195 2510 ita

601 2567 674 2612 est
727 2573 889 2610 causa
918 2556 1145 2623 hominis
1190 2570 1305 2621 cum
1360 2568 1543 2623 uxore,
1574 2568 1679 2606 non
1726 2550 1927 2621 expedit
1982 2549 2189 2603 nubere.

604 2647 717 2702 Non
769 2649 913 2703 enim
946 2662 1010 2711 ex
1062 2645 1335 2701 dubietate
1382 2644 1641 2705 doctrinae
1688 2641 1928 2711 Magistri
1980 2640 2083 2695 ista
2116 2639 2195 2693 di-

603 2749 750 2806 cunt,
785 2737 939 2806 Quod
980 2740 1026 2793 si
1054 2739 1129 2791 ita
1166 2748 1262 2805 est,
1304 2738 1398 2792 sed
1429 2752 1498 2795 ex
1527 2734 1890 2806 periculorum
1919 2732 2192 2804 magnitu-

602 2830 748 2894 dine,
779 2844 899 2899 qua:
922 2828 1255 2884 nubentibus
1290 2827 1606 2901 contingere
1632 2824 1827 2881 solent.
1860 2822 1995 2897 Quia
2029 2837 2194 2895 grave

602 2921 813 2993 pondus
836 2936 974 2976 uxor
997 2928 1102 2987 est,
1135 2919 1261 2974 dum
1286 2934 1395 2989 non
1433 2917 1561 2971 licet
1587 2932 1681 2971 eas
1725 2914 1999 2970 dimittere
2027 2912 2189 2977 viris;

604 3028 777 3083 neque
826 3012 1143 3068 mulieribus
1168 3011 1317 3065 viros
1360 3024 1515 3081 suos,
1548 3006 1953 3078 qualescunque
1995 3003 2195 3058 fuerint

603 3109 657 3163 in
684 3106 936 3175 invicem,
968 3103 1207 3177 qualibet
1232 3118 1297 3156 ex
1341 3115 1505 3171 causa
1534 3100 1639 3154 nisi
1677 3114 1839 3155 causa
1877 3097 2193 3153 fornicatio-

2306 1913 2539 1969 cessavit
2565 1914 2706 1983 quod
2748 1913 2872 1978 fuit,
2901 1913 3043 1968 illius
3083 1921 3166 1973 est
3208 1910 3366 1981 cujus
3406 1910 3526 1976 fuit,
3554 1919 3607 1965 et
3633 1924 3722 1967 nou
3746 1907 3833 1977 ejus

2304 2020 2465 2075 quem
2497 2005 2678 2071 duxit;
2708 2005 2834 2075 quia
2860 2020 2971 2069 non
2996 2020 3119 2067 eam
3164 2003 3430 2059 maritum
3453 2001 3585 2061 dicit
3609 2000 3831 2070 Scriptura

2304 2096 2506 2162 divina,
2535 2095 2630 2151 sed
2677 2096 2970 2163 moechum,
3001 2096 3213 2163 Idcirco
3238 2111 3351 2153 non
3383 2095 3489 2152 erit
3532 2094 3688 2163 turpis
3715 2101 3838 2159 atque

2303 2187 2554 2253 difﬁcilis,
2604 2188 2766 2244 etiam
2814 2196 2937 2258 post
2978 2196 3359 2258 perpetratum
3399 2186 3469 2240 ab
3503 2185 3671 2254 aliquo
3691 2197 3836 2239 eorum

2301 2289 2464 2350 atque
2496 2287 2783 2351 purgatum
2814 2279 3160 2347 adulterium,
3214 2278 3591 2347 reconciliatio
3634 2275 3839 2345 coniugii,

2301 2369 2392 2427 ubi
2420 2385 2520 2440 per
2540 2369 2719 2425 claves
2748 2370 2897 2441 regni
2924 2368 3213 2436 caelorum,
3242 2386 3355 2431 non
3382 2370 3652 2437 dubitatur
3670 2367 3766 2423 ﬁeri
3783 2380 3842 2419 re-

2300 2462 2489 2519 missio
2510 2468 2879 2532 peccator‘um.
2907 2461 3027 2520 Non
3050 2472 3110 2518 ut
3136 2472 3270 2534 post
3299 2464 3406 2523 viri
3434 2462 3708 2527 divortium
3728 2456 3841 2514 adul-

2301 2566 2414 2615 tera
2440 2566 2744 2624 revocetur,
2775 2558 2870 2615 sed
2892 2567 2952 2613 ut
2970 2566 3096 2630 post
3117 2558 3336 2623 Christi
3360 2558 3703 2624 consortium,
3718 2563 3767 2617 et
3784 2565 3843 2606 re-

2300 2648 2733 2705 conciliationem
2760 2649 3006 2706 adultera
3036 2650 3152 2729 ipsa
3180 2668 3297 2715 non
3330 2660 3574 2719 vocetur.
3597 2647 3699 2703 Nec
3722 2646 3847 2724 igitur

2298 2739 2498 2797 mirum
2529 2740 2575 2797 si
2602 2738 2912 2810 Apostolus,
2956 2750 3051 2809 aut
3080 2742 3439 2807 reconciliari
3468 2758 3563 2802 eos
3578 2741 3641 2795 ad
3664 2736 3845 2803 invicem

2297 2840 2503 2898 monet,
2527 2841 2620 2888 aut
2635 2833 3021 2890 continentiam
3043 2835 3259 2904 pariter
3286 2850 3535 2892 servare.
3551 2833 3676 2901 Quia
3694 2836 3850 2901 quanto

2297 2932 2539 2993 tempore
2564 2924 2649 2987 vir
2671 2923 2787 2994 ejus
2828 2926 3001 2994 vivit,
3049 2926 3279 2998 alligata
3313 2937 3404 2995 est
3444 2942 3579 2983 uxor
3619 2925 3725 2997 lege
3756 2919 3850 2981 viri.

2298 3030 2364 3083 ne
2398 3015 2562 3077 liceat
2589 3031 2714 3071 cum
2752 3016 2863 3072 ullo
2902 3017 3012 3087 alio
3052 3019 3451 3086 commisceri;
3480 3017 3618 3075 sicut
3644 3012 3854 3075 necvi“),

2298 3104 2460 3163 aliam
2484 3105 2592 3162 sibi
2623 3108 2841 3175 sociari,
2864 3110 2993 3179 quia
3022 3120 3262 3181 uterque
3292 3127 3490 3177 eorum
3533 3110 3729 3175 vivente
3759 3104 3851 3165 alio,

606 3202 708 3267 nis,
748 3210 804 3269 et
830 3202 933 3256 hoc
961 3200 1135 3270 ipsum
1165 3213 1288 3265 cum
1317 3196 1487 3251 multo
1510 3194 1825 3251 discrimine
1876 3190 2088 3261 judicii,
2129 3204 2196 3245 ne
2223 3184 2270 3247 C
2301 3199 2517 3257 vinctus
2543 3199 2657 3270 lege
2703 3199 2936 3272 conjugii
2966 3200 3093 3258 dum
3135 3205 3361 3273 pariter
3406 3203 3467 3265 in
3514 3214 3727 3272 corpore
3762 3202 3858 3253 sunt

605 3293 767 3360 forte,
820 3302 879 3347 ut
923 3291 1059 3357 dixi,
1109 3289 1248 3359 quod
1280 3287 1417 3357 alter
1457 3300 1645 3341 eorum
1673 3283 1938 3355 peccavit,
1971 3280 2193 3336 alterius

604 3386 774 3458 culpae
803 3383 986 3453 fuerit.
1020 3380 1173 3438 Unde
1204 3393 1424 3435 necesse
1451 3385 1535 3431 est
1563 3417 1577 3442 ,
1624 3375 1839 3445 utrique
1867 3380 2198 3446 cognoscant

602 3475 902 3548 periculum
934 3489 1111 3530 suum.
1146 3470 1213 3526 Et
1241 3472 1380 3526 sicut
1416 3468 1667 3541 egregius
1711 3467 1901 3525 doctor
1943 3463 2196 3536 Augusti-

606 3585 707 3624 nus
732 3568 787 3623 in
826 3567 965 3637 libro
999 3565 1066 3621 de
1096 3562 1416 3619 adulterinis
1457 3559 1733 3630 Coujugiis
1781 3556 1989 3623 definit,
2012 3553 2195 3615 nullus

604 3677 791 3717 eorum
822 3659 1114 3714 exhorreat
1140 3655 1291 3710 alteri
1320 3665 1444 3725 post
1477 3652 1850 3724 paenitentiam
1883 3650 2192 3720 ignoscere;

604 3755 749 3824 quod
790 3751 1040 3807 Christus
1085 3748 1341 3803 adultera:
1383 3745 1583 3817 ignovit
1611 3741 1821 3797 mulieri
1851 3740 1950 3794 sibi
1976 3726 2192 3800 oblatae,

608 3847 660 3901 in
690 3842 957 3898 adulterio
985 3841 1335 3913 deprehensa:
1354 3880 1367 3904 ,
1395 3838 1469 3892 ita
1502 3848 1561 3891 ut
1603 3836 1765 3890 ambo
1787 3834 2023 3904 cogitent
2051 3828 2197 3900 peri-

608 3936 790 3992 culum
821 3949 999 4000 suum,
1049 3932 1187 3987 forte
1234 3930 1396 3986 simili
1428 3931 1616 3984 morbo
1663 3928 1992 3989 laborantes,
2044 3930 2099 3977 et
2127 3919 2194 3975 ad

607 4026 847 4096 ejusdem
904 4022 1200 4077 Salvatoris
1242 4018 1556 4090 confugiant
1614 4017 1894 4088 pietatem,
1946 4024 2003 4068 ut
2047 4013 2198 4069 dein-

610 4133 737 4188 ceps
761 4125 990 4185 uterque
1036 4129 1223 4168 eorum
1264 4112 1615 4175 continenter
1662 4109 1825 4163 vivat.
1855 4107 1961 4161 Aut
2004 4107 2047 4162 si
2070 4115 2196 4177 post

611 4206 984 4281 paenitentiam
1016 4213 1072 4259 et
1115 4201 1533 4271 satisfactionem
1580 4200 1797 4271 dignam
1835 4198 1966 4265 Deo,
2015 4198 2193 4269 elege-

615 4301 723 4356 rint
748 4299 851 4354 sibi
893 4297 959 4351 ad
992 4296 1224 4352 invicem
1274 4292 1644 4355 reconciliari;
1681 4291 1899 4347 laudent
1929 4292 1980 4345 in
2012 4307 2068 4345 se
2102 4290 2192 4345 Dei

612 4391 952 4462 patientiam,
977 4396 1033 4442 et
1061 4394 1220 4456 agant
1247 4384 1404 4440 simul
1426 4383 1614 4438 diebus
1644 4383 1769 4437 vita:
1797 4398 1906 4437 suae
1932 4381 2195 4452 paeniten-

616 4484 841 4550 tiam,ut
863 4479 1156 4553 perfectam
1182 4479 1237 4533 in
1259 4476 1438 4532 futuro
1461 4475 1761 4547 percipiant
1786 4474 2191 4545 indulgentiam.

2302 3287 2598 3359 constituti.
2624 3288 2777 3354 Quod
2814 3289 2860 3345 si
2886 3289 3083 3360 aliquis
3125 3305 3329 3349 eorum
3372 3290 3684 3363 discesserit
3706 3303 3732 3341 ι
3767 3299 3858 3339 cor-

2298 3394 2450 3450 pore,
2478 3379 2688 3439 solutus
2714 3380 2853 3437 alter
2900 3391 2984 3436 est
3025 3397 3057 3436 a
3102 3381 3233 3454 iege
3285 3383 3557 3457 conjiigii,
3602 3382 3673 3439 ita
3710 3390 3758 3432 ιιι
3797 3371 3858 3428 cui

2297 3470 2412 3525 vult
2440 3471 2643 3526 nubere
2671 3472 2857 3540 possit,
2889 3480 3098 3529 tantum
3130 3472 3186 3529 in
3216 3473 3499 3547 Domino,
3547 3482 3602 3529 et
3641 3484 3747 3527 esse
3769 3477 3857 3520 cum

2298 3558 2404 3615 alio
2428 3558 2565 3614 viro.
2597 3557 2852 3631 Magnum
2876 3561 3041 3633 igitur
3065 3563 3453 3634 praesignatur
3495 3568 3860 3620 sacramentum.

2297 3649 2442 3718 quod
2482 3647 2680 3704 nullius
2703 3649 2803 3703 viri
2845 3650 3168 3721 posterioris
3199 3654 3413 3723 mulier
3443 3670 3566 3728 esse
3591 3668 3715 3707 uxor
3728 3652 3864 3719 potest

2296 3741 2536 3812 quolibet
2559 3750 2738 3812 pacto,
2770 3742 2875 3796 nisi
2900 3743 3047 3813 prior
3083 3754 3351 3807 mortuus
3380 3746 3571 3812 fuerit,
3608 3754 3662 3801 et
3682 3758 3761 3815 per
3789 3741 3864 3797 hoc

2296 3831 2411 3902 ejus
2431 3847 2553 3888 esse
2575 3832 2815 3887 desierit.
2840 3831 2975 3887 Nam
2998 3835 3043 3907 si
3063 3834 3414 3907 fornicetur,
3441 3856 3552 3911 non
3581 3838 3693 3892 ideo
3713 3828 3866 3890 ύεδὺιίι

2296 3934 2416 3975 esse
2468 3920 2668 3989 prioris
2729 3922 2832 3977 viri
2888 3939 3058 3991 uxor,
3108 3926 3227 3981 nisi
3280 3929 3447 4003 prius
3495 3928 3588 3984 ille
3635 3923 3863 3981 moriatur.

2296 4013 2553 4081 Quamvis
2578 4014 2722 4067 enim
2742 4014 2888 4070 licite
2917 4016 3236 4091 dimittatur
3260 4038 3436 4088 uxor,
3470 4023 3543 4081 ob
3566 4032 3767 4097 causam
3788 4014 3867 4068 for-

2298 4102 2605 4167 nicationis,
2654 4119 2744 4159 seu
2776 4121 2806 4159 a
2851 4107 2966 4163 viro
3008 4108 3347 4183 discedente
3386 4128 3586 4187 rigore,
3636 4112 3871 4179 macelli"

2297 4208 2419 4287 men
2448 4192 2720 4264 vinculum
2746 4196 2946 4267 prioris
2962 4197 3232 4274 conjugii.
3271 4201 3524 4275 Propter
3540 4203 3685 4287 quod
3708 4200 3759 4269 ﬁ}
3781 4207 3874 4261 reus

2298 4275 2567 4351 adulterii,
2613 4288 2705 4357 qui
2740 4288 3018 4347 dimissam
3070 4291 3331 4365 duxerit,
3380 4274 3565 4369 etiam
3602 4274 3673 4365 ob
3699 4300 3874 4363 causam

2299 4379 2698 4447 fornicationis;
2747 4391 2841 4438 aut
2878 4383 2961 4437 vir
3003 4384 3276 4457 dimissus
3330 4390 3387 4451 si
3444 4391 3610 4465 aliam
3658 4379 3879 4453 accepeﬁi

2302 4469 2484 4539 791.
2517 4468 2667 4524 Sicut
2693 4472 2837 4529 enim
2870 4456 3122 4530 manente
3153 4476 3212 4539 in
3248 4456 3625 4555 sagi-amento
3645 4482 3880 4555 περίιθι-ιο

617 4573 734 4631 Non
763 4583 825 4630 ut
866 4574 1003 4629 alter
1045 4588 1233 4629 eorum
1285 4569 1437 4625 alteri
1484 4568 1732 4623 lascivire
1785 4566 2106 4631 consentiat,
2137 4573 2196 4618 ut
2222 4549 2273 4608 D
2301 4562 2482 4627 tionis,
2504 4565 3004 4629 excommunicatus
3044 4549 3345 4639 cujusque.
3370 4549 3632 4631 criminis
3650 4549 3779 4628 reus,
3808 4574 3883 4615 nec

616 4682 759 4722 nunc
791 4664 1045 4735 temporis
1069 4704 1082 4729 ,
1110 4662 1330 4733 quidam
1375 4659 1513 4715 male
1540 4670 1595 4715 et
1647 4660 1701 4713 in
1752 4668 1939 4730 aperto
1968 4656 2192 4727 faciunt.

617 4760 722 4816 Sed
768 4759 1004 4833 cogitent
1041 4770 1381 4814 communem
1428 4754 1786 4809 conditionem
1819 4761 1867 4807 el
1911 4764 2196 4808 commune

616 4850 933 4922 periculum,
965 4848 1175 4904 etiamsi
1207 4862 1313 4901 non
1343 4853 1426 4900 est
1468 4859 1753 4900 commune
1786 4842 1980 4897 vulnus
2006 4883 2021 4906 ,
2048 4848 2107 4894 ut
2127 4840 2199 4894 sit

616 4944 695 4999 eis
720 4930 1022 4998 communis
1064 4938 1208 4994 salus
1254 4936 1484 4992 fideliter
1509 4944 1669 5002 atque
1712 4928 2198 5000 humiliterimplo-

617 5043 755 5089 rata.
809 5030 943 5087 Nam
992 5029 1320 5101 evangelista
1374 5026 1690 5088 Mattliaeus,
1745 5022 1869 5091 quia
1931 5019 2198 5089 expressit

619 5139 781 5179 unam
811 5123 1045 5193 speciem
1073 5162 1087 5187 ,
1138 5128 1192 5175 et
1219 5118 1441 5172 alteram
1489 5112 1856 5186 praetermisit,
1890 5110 2027 5165 forte
2070 5108 2201 5164 facit

620 5221 684 5273 ad
714 5215 1118 5287 intelligendum
1148 5215 1251 5267 hoc
1282 5207 1512 5265 difﬁcile.
1551 5206 1616 5260 Et
1652 5204 1866 5259 videtur
1912 5202 2041 5257 viris
2069 5202 2200 5256 dare

621 5311 797 5367 locum
823 5306 1051 5377 eligendi
1079 5302 1222 5359 aliud
1249 5316 1408 5371 quam
1433 5313 1642 5362 verum,
1684 5294 1808 5367 quia
1852 5292 2035 5351 volunt
2060 5289 2198 5346 male

620 5412 947 5470 praesumere
992 5398 1133 5466 quod
1158 5394 1375 5450 feminis
1400 5405 1505 5446 non
1539 5389 1663 5443 licet
1690 5386 1789 5442 sibi
1820 5386 2014 5451 licere;
2045 5385 2197 5467 quasi

619 5508 745 5562 quia
792 5490 961 5545 tacuit
1009 5485 1281 5542 licentiam
1330 5484 1410 5538 eis
1462 5479 1674 5535 dedisse
1721 5477 1984 5531 videatur.
2039 5474 2202 5557 79o

625 5582 778 5638 Unde
821 5580 912 5635 alii
941 5578 1279 5650 evangelistae
1320 5576 1424 5629 hoc
1465 5570 1787 5643 generaliter
1816 5568 1889 5620 ita
1935 5567 2197 5636 complexi

622 5677 787 5735 sunt,
820 5679 877 5723 ut
920 5670 986 5723 de
1035 5677 1264 5736 utroque
1312 5677 1439 5720 vere
1490 5663 1688 5717 dictum
1740 5659 1962 5731 intelligi
2008 5658 2195 5728 possit.

624 5759 761 5814 Hinc
789 5774 1002 5829 quoque
1032 5757 1241 5813 larens
1270 5757 1343 5808 ait
1378 5774 1388 5806 :
1424 5749 1729 5821 Quicunque
1770 5750 2023 5803 dimiseril
2066 5768 2195 5805 uxo-

2302 4651 2393 4707 illo
2423 4662 2763 4710 sacramento
2805 4665 2958 4711 caret
2995 4656 3206 4739 divino,
3237 4661 3481 4735 etiamsi
3524 4672 3782 4733 nunquam
3818 4666 3883 4705 τεο

2303 4746 2822 4804 conciliaretuer
2868 4767 2880 4803 :
2927 4750 2999 4804 ita
3052 4765 3334 4815 manente
3386 4755 3613 4817 ﬁndere
3642 4744 3888 4818 coniugali.

2304 4841 2518 4909 quando
2546 4856 2685 4896 uxor
2712 4841 2999 4896 dimittitur
3025 4843 3097 4899 ob
3123 4858 3370 4911 causan.)
3406 4842 3795 4911 fornicationis,
3819 4841 3891 4901 aut

2304 4930 2387 4984 vir
2414 4930 2647 4997 laxatur,
2691 4946 2963 5002 nunquam
2991 4934 3058 4987 ab
3087 4932 3345 5009 invicem
3396 4939 3672 5015 ραι-φαμι
3696 4933 3778 4989 illo
3800 4927 3893 4981 viu-

2305 5024 2448 5093 culo,
2485 5024 2693 5078 etiamsi
2742 5040 3013 5094 nunquam
3052 5028 3520 5101 reconcilientur
3565 5028 3669 5097 sibi
3697 5024 3759 5099 ad
3787 5014 3890 5076 iuvi-

2302 5133 2450 5184 cem;
2482 5117 2689 5173 carebit
2714 5124 2914 5183 autem,
2946 5118 2991 5172 si
3035 5126 3303 5185 mortuus
3335 5121 3517 5177 fuerit
3546 5122 3687 5183 alter
3724 5125 3894 5172 eorum-

2302 5208 2373 5262 At
2398 5223 2522 5263 vero
2566 5222 2692 5262 reus
2741 5209 3260 5266 excommunicatus
3312 5214 3582 5285 qualibet
3633 5228 3701 5270 ex
3745 5215 3899 5271 causa:

2303 5300 2423 5356 ideo
2458 5314 2732 5369 nunquam
2778 5298 2983 5353 carebit
3032 5306 3515 5373 regenerationis
3576 5304 3902 5361 sacramento,

2307 5389 2467 5443 etiam
2500 5404 2603 5442 non
2628 5387 3026 5457 reconciliatus,
3055 5391 3338 5459 quoniam
3390 5409 3684 5467 nunquam
3715 5386 3903 5444 moritur

2309 5482 2470 5545 Deus,
2497 5481 2581 5533 cui
2610 5478 2785 5535 fuerat
2810 5479 2989 5553 anima
3023 5479 3325 5551 virginalis
3362 5488 3615 5550 sociata,
3642 5486 3762 5541 dote
3778 5489 3907 5553 ερρυ-

2307 5569 2556 5641 salitatis,
2582 5577 2637 5623 et
2658 5568 2780 5636 jure
2823 5566 3079 5639 spiritalis
3113 5569 3406 5642 conjugii,
3458 5576 3613 5645 quod
3638 5578 3907 5628 sacramen-

2309 5673 2417 5718 tum
2456 5678 2708 5740 magnum
2734 5662 2956 5719 evidens
2981 5670 3063 5717 est
3092 5660 3143 5714 in
3178 5658 3438 5733 Christo
3486 5681 3548 5725 et
3589 5670 3645 5724 in
3683 5658 3908 5723 Ecclesia.

2306 5755 2508 5808 Idcirco
2561 5764 2738 5809 monet
2789 5753 3116 5825 Apostolus:
3173 5749 3330 5821 Viri,
3389 5760 3612 5831 diligite
3645 5771 3819 5812 uxores
3852 5763 3913 5801 rc-
