4008 6354
242 403 334 460 653
1003 399 1364 459 exrosmo
1397 400 1462 458 IN
1500 378 1932 456 MATTHAEUIL
1969 429 2035 438 -
2074 397 2196 453 ue.
2237 399 2325 460 Ix,
2367 398 2516 452 CAP.
2557 395 2697 451 χιχ.

3371 398 3474 455 654

239 531 382 580 stras,
422 513 558 567 sicut
590 512 828 567 Christus
866 511 1048 568 dilexit
1098 513 1406 568 Ecclesium.
1459 512 1596 582 Ergo
1640 511 1686 565 si
1730 509 1796 563 ad
1826 512 1872 572 Α
1901 510 2262 564 necessarium
2293 509 2513 573 malum,
2547 509 2803 563 naturalis
2833 519 3076 574 tentatto,
3105 513 3478 571 desnderabilis

237 607 364 678 quod
390 605 635 682 Christus
659 605 828 676 diligit
870 603 1186 668 Ecclesiam,
1227 616 1279 661 et
1305 606 1572 676 quomodo
1599 604 1795 674 diligit,

237 697 486 769 diligenda
513 706 596 752 est
623 714 776 762 uxor,
822 700 1007 769 utique
1057 699 1256 754 foedera
1302 687 1524 770 legitimi
1564 695 1795 766 conjugii

234 789 479 844 servanda
526 799 674 853 sunt,
716 799 878 860 atque
922 791 1175 860 pudicitia
1223 791 1508 845 castitatis.
1559 787 1710 856 Quod
1751 787 1794 842 si

231 882 506 952 contigerit
551 881 726 950 aliqua
765 894 830 935 ex
857 890 1010 952 parte
1052 884 1327 953 corruptio
1371 880 1620 945 divortii,
1653 892 1798 949 quai-

232 974 380 1028 renda
406 985 498 1038 est
523 973 667 1027 salus
695 973 916 1028 alterius
959 975 1138 1046 potius
1173 991 1334 1046 quam
1361 990 1505 1029 mors
1545 992 1556 1026 :
1587 974 1682 1038 ita,
1708 981 1799 1025 aut

229 1072 281 1116 ut
314 1073 463 1116 caste
511 1078 569 1117 se
596 1047 900 1129 custodiant
929 1065 1136 1134 pariter
1165 1064 1514 1128 abstinendo;
1548 1071 1640 1116 aut
1678 1069 1800 1132 post

231 1151 429 1221 dignam
465 1151 576 1205 Deo
628 1151 1075 1218 satisfactionem,
1128 1154 1544 1226 reconcilientur
1599 1145 1701 1206 sibi
1745 1151 1797 1204 in

230 1253 344 1309 pace
375 1279 388 1303 ,
437 1240 586 1294 sicut
629 1238 876 1293 Christus
927 1240 1308 1295 reconciliatur
1356 1241 1637 1296 animabus
1681 1247 1801 1308 post

230 1330 418 1400 lapsum
473 1331 719 1386 criminis
766 1332 922 1403 digne
949 1347 1007 1387 se
1036 1332 1407 1404 diligentibus;
1442 1333 1512 1386 ita
1541 1341 1600 1386 ut
1627 1331 1799 1401 magis

230 1436 279 1474 se
311 1421 548 1490 gaudere
574 1421 717 1475 dicat
747 1421 809 1475 de
837 1422 1114 1476 conversis
1142 1437 1205 1476 ac
1229 1423 1388 1496 digne
1411 1421 1800 1492 paenitentibus

230 1523 370 1577 quam
397 1509 471 1562 de
498 1509 763 1563 stantibus
799 1509 959 1578 justis
980 1550 994 1575 ,
1032 1511 1122 1580 qui
1150 1509 1286 1566 forte
1332 1505 1528 1564 nullius
1558 1510 1800 1564 criminis

230 1608 376 1668 egent
406 1601 750 1670 paenitentia.
780 1597 904 1655 Haec
938 1599 1140 1656 idcirco
1188 1601 1398 1672 longius
1425 1600 1493 1655 ab
1521 1600 1795 1669 exposito-

233 1691 302 1744 ris
338 1689 508 1747 ollicio
556 1692 828 1762 digressus
867 1707 1010 1755 sum,
1053 1707 1154 1747 nec
1207 1703 1387 1749 tamen
1432 1693 1590 1746 latius
1638 1706 1797 1762 quam

228 1783 473 1851 oportuit,
510 1782 633 1852 quia
669 1783 734 1838 de
764 1783 850 1837 his
890 1782 1074 1837 multa;
1114 1792 1406 1838 occurrunt
1449 1783 1794 1852 quaestiones,

1899 597 2196 663 calamitas,
2222 600 2571 653 domesticum
2604 598 2928 670 periculum,
2973 601 3285 658 delectabile
3321 605 3480 661 detri-

1898 698 2168 755 mentum;
2220 690 2389 744 virtus
2438 689 2561 742 mali
2591 730 2605 753 ,
2656 689 2836 745 colore
2884 690 3009 745 boni
3058 693 3307 761 depicta,
3349 697 3474 752 dum

1899 779 2167 834 dimittere
2187 779 2333 834 illam
2358 790 2634 849 peccatum
2657 789 2760 845 est,
2787 789 2971 834 tenere
2987 791 3474 852 verotormentum,

1899 867 1972 923 ita
2003 876 2062 921 ut
2107 868 2438 924 dimittentes
2484 883 2626 934 eam,
2677 868 2997 947 adulterium
3045 869 3339 939 faciamus;
3387 885 3479 929 aut

1901 968 2167 1026 tenentes,
2196 961 2538 1030 quotidianas
2575 977 2780 1031 pugnas
2809 971 2862 1017 et
2887 961 3065 1040 jurgia
3102 966 3479 1023 amaritudinis

1899 1049 2211 1104 habeamus.
2243 1050 2374 1117 Quae
2399 1051 2577 1106 omnia
2598 1091 2613 1115 ,
2644 1067 2763 1121 qute
2791 1051 2916 1114 dici,
2951 1068 3070 1120 qua:
3091 1055 3334 1124 cogitari,
3359 1071 3479 1125 qua:

1899 1141 2114 1194 evenire
2153 1150 2394 1210 possunt,
2428 1141 2652 1220 apostoli
2676 1125 3431 1212 perhorrescemes'dixerunt
3463 1164 3474 1198 :

1902 1230 2054 1296 Quod
2077 1233 2123 1288 si
2165 1235 2238 1287 ita
2269 1246 2365 1300 est,
2396 1252 2496 1288 non
2519 1235 2722 1305 expedit
2753 1234 2959 1289 nubere.
2984 1235 3191 1303 Quibus
3221 1236 3480 1292 Dominus

1901 1335 2007 1376 non
2059 1323 2332 1393 respondit
2376 1324 2501 1396 quia
2551 1325 2810 1393 expedit,
2851 1325 2944 1379 sed
2992 1326 3163 1393 magis
3207 1325 3350 1379 aliud
3398 1325 3479 1381 di-

1899 1413 2089 1477 cendo,
2144 1415 2416 1469 consensit
2467 1415 2590 1484 quia
2649 1431 2753 1488 non
2804 1415 3037 1494 expedit.
3079 1410 3476 1472 "Verumtamen

1900 1503 2270 1560 inﬁmitatem
2325 1507 2504 1561 carnis
2551 1508 2816 1578 aspiciens
2847 1505 2884 1574 ,’
2915 1507 3050 1562 dixit
3086 1526 3098 1562 :
3139 1507 3260 1582 Non
3303 1525 3479 1564 omnes

1901 1596 2112 1664 capiunt
2146 1596 2357 1651 verbum
2403 1599 2545 1652 istud
2572 1641 2586 1666 ,
2629 1600 2719 1654 sed
2765 1597 2950 1674 quibus
2999 1601 3179 1654 datum
3229 1611 3322 1655 est.
3376 1600 3478 1656 Ne-

1900 1701 2005 1754 que
2049 1685 2185 1764 dixit
2231 1703 2338 1743 non
2385 1700 2644 1772 possunt,
2703 1691 2796 1746 sed
2841 1706 2948 1746 non
3006 1707 3197 1772 omnes
3238 1693 3475 1763 capiunt.

1903 1776 1981 1832 Ac
2011 1778 2056 1833 si
2087 1778 2292 1836 diceret
2336 1765 2581 1858 :Dmnes
2627 1796 2820 1852 capere
2854 1765 3099 1854 possunt,
3158 1799 3264 1839 non
3299 1792 3479 1839 tamen

225 1887 346 1941 quas
372 1871 820 1927 alﬁuentissimus
844 1873 1120 1929 cxsolutor
1139 1874 1404 1938 omnium,
1428 1882 1486 1927 ut
1502 1874 1574 1927 ita
1598 1874 1794 1938 dicam,

1900 1884 2090 1924 omnes
2124 1869 2330 1925 volunt.
2385 1856 2520 1938 Quia
2551 1871 2651 1926 etsi
2699 1875 2975 1944 proposita
3016 1882 3099 1929 est
3142 1873 3342 1945 palma,
3368 1889 3478 1930 non

222 1961 549 2033 Augustinus
579 1963 631 2016 in
669 1961 889 2032 praefato
919 1963 1078 2027 libro,
1108 1978 1267 2032 quem
1291 1979 1357 2018 ex
1390 1964 1493 2018 hoc
1515 1978 1677 2034 opere
1715 1962 1796 2017 la-

224 2051 317 2106 tius
349 2051 671 2121 disputavit,
724 2061 1044 2122 prosecutus
1069 2062 1173 2108 est.
1217 2051 1402 2120 Quem'
1433 2055 1524 2124 qui
1569 2053 1800 2108 voluerit

221 2141 405 2213 legere,
441 2144 686 2199 inveniet
714 2160 904 2215 pauca,
937 2154 992 2201 et
1020 2146 1106 2200 vis
1139 2146 1446 2202 necessaria
1469 2187 1483 2210 ,
1515 2164 1598 2202 me
1624 2147 1689 2201 de
1713 2147 1798 2202 his

219 2233 426 2289 dixisse.
461 2233 732 2288 Ceterum
756 2250 964 2299 eorum,
1015 2237 1080 2291 de
1107 2237 1191 2290 bis
1217 2237 1394 2301 vitiis,
1434 2235 1649 2306 aliquis,
1677 2253 1798 2307 quae

217 2326 443 2380 humana
478 2328 534 2381 in
563 2342 622 2381 se
640 2327 878 2390 admittit
902 2337 1112 2390 natura,
1142 2328 1448 2397 quicunque
1470 2326 1630 2382 fuerit
1653 2328 1798 2390 intus

217 2418 402 2474 forisve
464 2419 874 2475 contaminatus
927 2419 1010 2474 vel
1076 2421 1420 2489 deturpatus;
1469 2429 1527 2474 ut
1576 2428 1702 2490 puta
1743 2421 1794 2492 si

214 2511 324 2579 quis
349 2511 527 2566 fuerit
552 2511 900 2577 temulentus,
924 2521 1017 2565 aut
1043 2512 1355 2576 iracundus,
1375 2512 1458 2566 vel
1487 2512 1648 2566 ambo
1676 2527 1798 2581 pes—

215 2601 352 2656 simis
398 2603 654 2658 moribus
693 2603 948 2668 enutriti;
980 2604 1024 2657 si
1057 2602 1221 2659 fuerit
1244 2604 1331 2658 illa
1360 2605 1652 2670 luxuriosa,
1682 2606 1796 2660 sive

214 2694 471 2759 veneﬁca,
500 2694 549 2749 si
580 2693 915 2750 interfectrix
962 2694 1216 2759 ﬁliorum,
1268 2695 1312 2749 si
1348 2711 1505 2766 vaga,
1547 2696 1591 2749 si
1624 2695 1796 2765 quali-

213 2799 410 2853 cunque
441 2785 784 2855 turpitudine
817 2784 1062 2856 corporis
1091 2784 1314 2851 fmdata,
1350 2785 1432 2840 vel
1481 2786 1796 2841 infirmitate

214 2874 484 2944 depressa,
510 2876 625 2929 sive
651 2876 864 2931 caeteris
892 2876 1073 2941 malis,
1096 2892 1215 2946 quas
1233 2876 1447 2947 longum
1469 2886 1552 2932 est
1573 2893 1792 2932 enume-

212 2982 340 3032 rare,
364 2983 520 3022 unus
540 2982 731 3022 eorum
759 2968 1048 3031 autambo,
1080 2969 1317 3038 perplexi
1351 2969 1430 3024 vel
1475 2970 1671 3033 vitiati,
1713 2979 1793 3026 ta-

209 3074 320 3114 men
348 3058 593 3114 tenenda
618 3074 802 3114 eorum
842 3068 896 3116 et
932 3061 1195 3124 servanda
1241 3058 1572 3128 conjunctio,
1603 3061 1789 3126 velint,

209 3151 371 3208 nolint
393 3194 408 3216 ,
461 3159 530 3209 et
563 3152 877 3208 sustinenda
906 3163 992 3208 est
1038 3153 1158 3208 talis
1203 3162 1456 3224 tantaque
1492 3155 1790 3209 necessitu-

210 3242 288 3300 do.
313 3215 452 3310 Quia
506 3257 631 3298 cum
683 3242 846 3313 793
891 3259 1132 3313 essemus
1155 3244 1332 3310 liberi,
1359 3215 1664 3300 voluntarie
1690 3261 1790 3300 nos
1819 3215 1862 3275 Ο

208 3333 538 3399 subiecimus
573 3333 857 3398 servituti;
890 3334 993 3390 nisi
1046 3333 1184 3398 forte
1229 3336 1422 3406 aliquis
1479 3347 1665 3392 mntra
1698 3337 1790 3391 Dei

208 3424 536 3496 sententiam
589 3424 774 3480 venire
805 3423 1050 3487 voluerit,
1083 3434 1178 3481 aut
1225 3425 1383 3481 aliter
1423 3427 1566 3483 hunc
1615 3426 1790 3482 locum

210 3513 576 3583 interpretari,
629 3516 774 3585 quod
813 3517 1030 3586 quidam
1077 3518 1256 3574 conati
1311 3527 1451 3575 sunt.
1502 3518 1556 3574 Si
1611 3519 1792 3589 pejora

216 3601 350 3660 forte
393 3606 594 3675 aliqua,
643 3621 852 3673 eorum,
890 3608 1222 3665 commiserit
1245 3610 1494 3674 crimina,
1520 3626 1682 3680 quam
1723 3611 1795 3665 sit

209 3693 496 3757 ηωςοιιεή,
530 3710 633 3754 non
677 3695 754 3752 sit
797 3712 933 3751 uxor
963 3699 1212 3762 tenenda,
1261 3714 1326 3755 eo
1375 3700 1516 3767 quod
1547 3699 1793 3754 videatur

203 3798 321 3842 esse
369 3786 769 3858 irrationabile.
815 3787 921 3844 Sed
971 3789 1196 3845 delinire
1251 3800 1438 3846 contra
1492 3792 1693 3859 Deum,
1741 3804 1795 3848 et

200 3886 385 3933 contra
439 3878 754 3938 doctrinam
795 3877 910 3947 ejus
936 3895 1096 3950 agere
1115 3921 1128 3944 ,
1163 3881 1383 3951 impium
1413 3898 1532 3936 esse
1559 3883 1788 3939 videtur.

201 3964 460 4031 Quamvis
499 3969 686 4024 dicant
730 3969 857 4040 quia
910 3985 1014 4026 non
1046 3973 1320 4042 praecepit,
1368 3972 1452 4028 vel
1498 3973 1787 4034 mandavit,

196 4069 248 4112 ut
275 4061 534 4118 dimittat
561 4061 754 4130 aliquis
780 4078 1002 4118 uxorem
1027 4078 1092 4118 ex
1119 4073 1402 4133 praecepto,
1434 4081 1596 4135 causa
1625 4065 1794 4126 (orni-.-

194 4151 447 4217 cationis,
472 4152 578 4208 sed
601 4153 756 4222 quasi
781 4168 1058 4223 exponens
1079 4170 1214 4219 rem,
1237 4156 1432 4224 dixerit
1457 4158 1549 4226 qui
1571 4157 1794 4213 dimittit

190 4258 306 4300 eam
335 4253 587 4312 excepta
609 4257 771 4300 causa
798 4243 1191 4310 fornicationis,
1209 4245 1337 4300 facit
1360 4263 1479 4302 eam
1506 4249 1791 4314 mmebari,

191 4336 481 4393 dimittens
536 4351 654 4392 eam
695 4352 802 4394 non
854 4338 1238 4394 mwchantem.
1293 4338 1445 4405 Quod
1495 4339 1540 4406 si
1581 4339 1792 4395 vivente

183 4429 296 4485 viro
328 4429 492 4486 facta
537 4436 620 4484 est
672 4427 939 4494 adultera,
969 4429 1014 4484 si
1041 4429 1202 4484 fuerit
1226 4444 1346 4484 cum
1377 4429 1482 4488 alio
1508 4431 1642 4493 viro,
1671 4431 1791 4486 sine

186 4520 348 4577 dubio
391 4521 497 4590 qui
545 4518 770 4576 dimittit
820 4520 912 4574 dat
930 4521 1390 4624 neloccasionem
1431 4521 1788 4591 secundarum
1815 4560 1868 4624 Β

181 4613 540 4684 nuptiarum,
570 4619 625 4680 et
667 4610 738 4669 ob
784 4610 888 4665 hoc
927 4609 1057 4666 facit
1090 4626 1208 4666 eam
1236 4612 1517 4668 mtechari.
1561 4612 1714 4678 Quod
1743 4614 1786 4672 si

176 4701 284 4771 jam
334 4705 632 4760 mmchata
676 4712 760 4760 est
797 4712 852 4758 et
891 4703 1176 4771 dimiserit,
1217 4721 1324 4762 non
1350 4705 1474 4764 facit
1506 4724 1624 4764 eam
1648 4727 1784 4768 min-

177 4798 355 4863 chari,
395 4799 541 4868 quia
571 4797 788 4864 estjam
816 4797 1057 4854 adultera
1099 4808 1151 4854 et
1195 4815 1224 4854 a
1261 4815 1492 4870 corpore
1521 4803 1787 4860 castitatis

177 4887 380 4946 aliena.
418 4889 498 4944 Et
525 4887 644 4960 ideo
665 4887 788 4956 jure
815 4889 1038 4948 maritus
1073 4889 1186 4958 jam
1222 4907 1364 4948 nunc
1406 4909 1532 4961 reus
1573 4895 1787 4951 videtur

173 4980 217 5034 si
248 4980 582 5043 adulterata
607 4979 890 5046 dimiserit,
937 4982 1077 5063 sicut
1119 4992 1203 5040 est
1238 4983 1477 5053 qualibet
1503 5001 1569 5042 ex
1599 5002 1784 5053 causa,

174 5079 390 5132 castam
471 5085 704 5141 corpore
761 5070 1038 5132 dimittens
1090 5073 1347 5135 musrhari
1401 5089 1517 5130 eam
1576 5077 1784 5134 fecerit.

171 5164 331 5232 Quod
363 5165 795 5226 considerantes
823 5164 1064 5236 Aposmli
1100 5165 1424 5238 diligentiori
1454 5170 1647 5224 intuitu
1679 5179 1786 5226 tam

173 5274 346 5327 grave
368 5258 580 5328 jugum
611 5256 890 5327 proferunt
919 5268 1120 5313 motum
1146 5259 1312 5316 animi
1334 5261 1415 5314 sui
1437 5276 1503 5314 ex
1527 5263 1789 5331 gravitate

169 5348 490 5416 ponderis.
524 5362 586 5407 ac
633 5347 836 5410 dicunt,
893 5346 951 5403 Si
997 5349 1071 5402 ita
1108 5357 1182 5402 est
1214 5365 1373 5404 causa
1407 5351 1631 5405 hominis
1669 5369 1785 5406 cum

171 5453 370 5502 uxore,
402 5453 526 5490 non
565 5436 768 5504 expedit
806 5436 1013 5498 nubere.
1058 5435 1192 5502 Quia
1228 5437 1271 5494 si
1306 5437 1498 5494 mulier
1535 5455 1640 5496 non
1687 5457 1786 5495 nu-

155 5529 353 5598 .pserit
383 5526 564 5584 ambo
591 5537 751 5584 erunt
777 5529 950 5589 liberi.
997 5529 1079 5584 vir
1107 5538 1155 5584 et
1191 5545 1343 5585 uxor.
1378 5528 1434 5585 Si
1466 5539 1642 5586 autem
1695 5549 1785 5586 nu-

169 5623 374 5690 pserit,
409 5629 479 5677 et
516 5621 569 5682 in
599 5621 763 5680 Deum
793 5638 931 5679 unus
961 5638 1147 5678 eorum
1175 5625 1417 5694 peccavit
1442 5641 1504 5679 ac
1533 5641 1785 5695 corrupe-

170 5715 246 5769 rit
275 5724 482 5781 tontm
515 5729 690 5780 suum,
718 5717 878 5774 ambo
902 5719 970 5771 ab
1022 5717 1251 5773 invicem
1297 5717 1573 5771 interitum
1619 5719 1783 5773 susti-

170 5805 420 5880 nebunt.
497 5803 752 5869 Quoniam
809 5815 890 5867 est
941 5820 1126 5862 eorum
1197 5803 1540 5876 inel‘fugibilis
1581 5821 1740 5878 penna
1766 5848 1780 5875 ,
1823 5853 1827 5858 .

1900 1974 2087 2016 omnes
2143 1971 2355 2017 certant
2413 1963 2480 2017 de
2530 1963 2801 2029 victoria;
2865 1968 2988 2035 quia
3052 1963 3160 2020 etsi
3218 1969 3475 2037 concupi-

1900 2060 2056 2106 scunt
2116 2052 2386 2122 gloriam,
2450 2069 2559 2109 non
2621 2071 2810 2111 omnes
2875 2058 3267 2112 desudant-ad
3327 2059 3478 2113 labo-

1900 2157 2037 2207 rem,
2071 2142 2232 2214 793
2267 2145 2360 2200 sed
2387 2146 2586 2215 quibus
2616 2146 2800 2201 datum
2831 2156 2935 2214 est,
2965 2157 3023 2203 ut
3043 2149 3210 2203 velint
3237 2159 3293 2205 et
3316 2149 3478 2206 intel-

1899 2233 2084 2304 ligant,
2112 2250 2176 2289 ac
2215 2219 2492 2291 decertent
2519 2246 2574 2312 et
2601 2237 2869 2293 laborent.
2917 2236 3020 2295 [ibi
3054 2239 3350 2313 notandum
3396 2250 3480 2297 est

1899 2326 2042 2394 quod
2089 2342 2363 2396 nunquam
2409 2327 2512 2382 nisi
2542 2341 2609 2382 ex
2639 2328 2811 2398 gratia
2841 2329 2957 2395 Dei,
2983 2312 3097 2386 haec
3141 2312 3312 2387 virtus
3341 2348 3480 2388 verte

1897 2415 2161 2470 castitatis
2208 2417 2288 2470 vel
2331 2427 2602 2488 perpetua:
2631 2419 2958 2497 virginitatis
3000 2421 3244 2478 habetur.
3292 2422 3480 2495 Neque

1898 2505 2101 2561 hedera
2129 2509 2437 2578 nuptiarum
2462 2511 2696 2580 legitime
2737 2513 2788 2566 in
2833 2511 3070 2579 Christo,
3098 2515 3200 2572 nisi
3230 2530 3297 2571 ex
3339 2520 3480 2574 dono

1898 2605 2215 2663 servantur;
2249 2597 2337 2654 ubi
2367 2616 2473 2655 non
2497 2601 2865 2670 apprehendat
2894 2619 2992 2676 nos
3012 2605 3173 2658 stulta
3197 2606 3474 2675 cogitatio,

1897 2688 2048 2756 quasi
2075 2703 2141 2742 ex
2173 2689 2274 2743 hoc
2304 2705 2401 2746 nos
2424 2705 2684 2745 excusare
2709 2692 3011 2762 possimus;
3040 2695 3164 2764 quia
3186 2711 3294 2752 non
3322 2711 3478 2752 acce-

1895 2778 2089 2848 pimus,
2139 2780 2260 2836 ideo
2305 2781 2600 2851 praevalere
2641 2797 2747 2837 non
2780 2783 3100 2860 possumus,
3133 2768 3226 2841 Sed
3271 2786 3474 2842 solum—

1897 2877 2057 2930 modo
2084 2873 2156 2927 illi
2189 2873 2383 2943 quibus
2415 2874 2596 2927 datum
2629 2883 2732 2929 est.
2762 2874 2898 2942 Quia
2927 2877 3027 2930 etsi
3061 2878 3176 2933 haec
3205 2879 3378 2950 gratia
3405 2895 3476 2935 ex

1896 2965 2036 3020 dono
2065 2972 2170 3029 est,
2202 2973 2380 3018 tamen
2411 2973 2469 3017 ut
2503 2965 2886 3034 percipiamus,
2919 2983 3042 3022 cum
3076 2967 3180 3022 fide
3201 2979 3253 3023 et
3289 2951 3470 3025 chari-

1897 3064 2007 3109 tate
2036 3053 2190 3110 labor
2232 3054 2621 3124 impendendus
2651 3065 2754 3111 est.
2789 3057 2999 3112 Dictum
3032 3066 3118 3114 est
3151 3061 3294 3114 enim
3327 3079 3340 3115 :
3376 3061 3476 3115 Pe-

1895 3132 1984 3200 tite
2005 3156 2051 3200 et
2076 3147 2285 3202 dabitur
2299 3145 2438 3200 vobis
2457 3163 2475 3208 ;
2492 3156 2547 3201 et
2571 3164 2585 3200 :
2613 3146 2796 3202 Omnis
2822 3150 2911 3219 qui
2932 3151 3055 3220 petit
3090 3153 3298 3218 accipit,
3317 3163 3366 3208 et
3384 3155 3476 3226 qui

1891 3235 2078 3305 quierit
2108 3236 2323 3300 invenit,
2346 3245 2395 3290 et
2422 3235 2656 3306 pulsanti
2683 3241 2948 3308 aperietur
2971 3241 3185 3309 (Matth.
3211 3259 3306 3310 vn,
3337 3245 3470 3318 7,8).

1894 3327 1995 3383 Ubi
2018 3327 2255 3382 declarat
2280 3329 2419 3399 quod
2469 3330 2708 3399 perfecte
2732 3334 3041 3401 petentibus
3071 3350 3136 3390 ac
3167 3337 3472 3394 volentibus

1893 3420 2068 3490 gratia
2097 3435 2203 3474 non
2228 3421 2540 3491 denegatur.
2574 3421 2640 3480 Et
2670 3431 2729 3476 ut
2757 3424 3068 3480 ostenderet
3105 3428 3327 3483 castitas
3352 3443 3472 3498 qua:

1893 3524 1958 3562 ex
1989 3509 2099 3563 Deo
2127 3517 2230 3574 est,
2260 3509 2436 3578 qualis
2462 3524 2580 3564 esse
2607 3511 2821 3576 debeat,
2853 3513 2928 3566 ait
2956 3530 2969 3566 :

1964 3597 2099 3654 Sunt
2128 3599 2264 3653 enim
2286 3599 2510 3652 eunuchi
2527 3601 2616 3663 qui
2632 3600 2696 3653 de
2718 3603 2903 3655 matris
2924 3612 3070 3655 utero
3097 3604 3174 3657 sic
3196 3607 3306 3659 nati
3326 3618 3468 3672 sunt,

1893 3697 1938 3740 et
1964 3697 2081 3742 sunt
2104 3688 2328 3742 eunuchi
2347 3690 2436 3758 qui
2459 3689 2717 3756 factisunt
2741 3691 2806 3743 ab
2831 3692 3144 3757 hominibus,
3169 3705 3219 3748 et
3243 3707 3366 3751 sunt
3385 3715 3472 3752 eu-

1895 3779 2049 3832 nuchi
2059 3779 2148 3847 qui
2177 3779 2370 3848 seipsos
2398 3789 2760 3840 castraverunt
2786 3792 2998 3851 praptsr
3017 3798 3175 3854 regna
3195 3786 3462 3842 calorum.

1895 3871 1998 3934 Qui
2028 3880 2191 3940 potest
2217 3887 2397 3941 capere
2437 3873 2629 3942 capiat.
2676 3872 2817 3945 Ergo
2836 3875 3064 3944 apostoli
3107 3877 3353 3934 videntes
3389 3881 3471 3941 di-

1894 3962 2148 4017 scrimina
2178 3963 2610 4033 conjugatorum,
2647 3965 2900 4020 dixerunt
2931 3969 3074 4036 quod
3104 3985 3208 4024 non
3251 3972 3466 4047 expedit

1894 4053 2115 4117 nubere,
2145 4054 2193 4110 si
2225 4053 2345 4109 talis
2391 4063 2475 4108 est
2510 4071 2671 4110 causa
2701 4058 2978 4112 connubii.
3028 4060 3292 4122 Dominus
3343 4085 3470 4124 vero

1893 4157 2016 4198 mox
2046 4143 2286 4199 insinuat
2313 4145 2455 4214 quod
2502 4160 2609 4200 non
2637 4163 2828 4202 omnes
2883 4149 3118 4211 habeant
3161 4161 3465 4216 mercedem

1893 4235 2238 4309 continentiae
2269 4253 2282 4288 :
2314 4236 2442 4305 quia
2490 4237 2727 4306 perlecta
2758 4240 2932 4300 virtus
2969 4249 3318 4306 continentia;
3339 4261 3465 4309 tunc

1892 4333 1994 4390 est,
2026 4325 2071 4384 si
2098 4334 2224 4382 voto
2249 4334 2305 4382 et
2329 4326 2607 4387 voluntate
2639 4350 2737 4405 pro
2763 4352 2949 4391 amore
2968 4343 3186 4394 aeterna
3229 4341 3352 4396 vita
3379 4343 3466 4396 in-

1893 4425 2040 4485 tegre
2068 4427 2338 4488 servatur,
2365 4425 2534 4495 magis
2571 4441 2734 4494 quam
2777 4442 2845 4482 ex
2871 4431 3208 4486 necessitate.
3265 4433 3471 4490 Idcirco

1895 4507 2154 4572 Dominus
2197 4517 2299 4571 tria
2347 4519 2716 4574 eunuchorum
2754 4535 2949 4591 genera
2996 4525 3266 4593 proponit,
3299 4534 3358 4579 ut
3391 4527 3470 4581 di-

1893 4607 2132 4675 stinguat
2158 4607 2302 4663 inter
2323 4623 2418 4663 eos
2444 4609 2535 4677 qui
2579 4625 2637 4664 se
2667 4611 2836 4681 magis
2863 4627 2930 4666 es
2975 4614 3297 4669 necessitate
3335 4631 3466 4670 con-

1892 4696 2085 4762 tinent,
2116 4711 2278 4766 quam
2303 4713 2370 4754 ex
2393 4697 2665 4754 voluntate
2689 4709 2744 4754 et
2787 4702 3059 4758 desiderio
3085 4705 3381 4771 castitatis;
3413 4718 3471 4762 et

1894 4786 2036 4843 inter
2077 4802 2172 4846 eos
2197 4789 2289 4858 qui
2326 4789 2532 4858 seipsos
2568 4806 2662 4846 sua
2693 4803 2886 4860 sponte
2913 4804 3290 4856 castraverunt
3333 4810 3465 4865 pro-

1889 4890 2009 4950 pter
2035 4896 2198 4952 regna
2221 4881 2504 4948 caelorum,
2535 4882 2622 4937 ubi
2649 4885 2740 4953 qui
2761 4895 2908 4950 sunt,
2932 4902 3038 4941 non
3061 4888 3269 4942 nubunt
3293 4903 3469 4958 neque

1891 4974 2182 5039 nubentur,
2216 4975 2309 5029 sed
2337 4984 2462 5029 sunt
2484 4976 2620 5030 sicut
2651 4977 2830 5048 angeli
2854 4978 2969 5043 Dei,
2999 4988 3380 5049 permanentes
3409 4979 3463 5034 in

1891 5067 2162 5123 castitate.
2207 5067 2289 5122 Ad
2338 5084 2567 5138 quorum
2633 5071 2938 5140 exemplum
2983 5072 3462 5140 imprasentiarum

1890 5165 2122 5223 eunuchi
2150 5179 2286 5234 quos
2305 5163 2469 5219 Isaias
2494 5165 2772 5232 describit,
2791 5168 2996 5236 seipsos
3026 5166 3252 5221 Domino
3275 5182 3462 5222 conse-

1890 5268 2180 5312 craverunt
2224 5266 2279 5312 et
2321 5267 2717 5313 castraverunt.
2770 5258 2884 5313 Non
2936 5259 3099 5324 ferro,
3138 5269 3196 5313 ut
3244 5259 3461 5327 quidam

1891 5347 2031 5400 male
2061 5347 2237 5412 tradit,
2265 5348 2359 5402 sed
2390 5349 2593 5413 verbo;
2633 5348 2722 5403 illo
2767 5349 2951 5417 utique
2981 5351 3166 5413 verbo,
3195 5348 3336 5417 quod
3381 5356 3464 5404 est

1882 5435 2034 5506 juxta
2086 5436 2305 5492 Paulum
2369 5438 2711 5507 apostolum,
2763 5439 2984 5493 verbum
3025 5439 3118 5494 Dei
3179 5439 3356 5504 vivum
3408 5445 3464 5492 et

1886 5528 2091 5592 efficax,
2139 5530 2522 5599 penetrabilius
2563 5529 2707 5586 omni
2758 5528 2933 5600 gladio
2975 5531 3059 5585 bis
3108 5540 3289 5593 acuto,
3338 5543 3461 5597 per-

1890 5624 2100 5693 tingens
2127 5637 2295 5692 usque
2323 5624 2390 5677 ad
2425 5622 2744 5676 divisionem
2779 5625 2974 5678 animae
3000 5633 3055 5678 et
3077 5625 3318 5695 spiritus,
3346 5638 3462 5677 om-

1888 5717 1974 5770 nia
2003 5716 2230 5770 interius
2255 5714 2575 5778 emundans,
2609 5714 2874 5770 discretor
2901 5733 3115 5786 quoque
3139 5731 3459 5786 compagutn

1887 5815 1942 5864 et
1963 5807 2318 5863 medullarum
2341 5805 2591 5862 universa
2611 5806 2940 5862 castificans.
2976 5809 3240 5874 Quomam
3269 5819 3458 5875 magna
