4008 6354
532 327 636 382 655

1329 321 1388 377 S.
1429 317 1786 376 PASCHASII
1825 316 2173 372 BADBERTI
2207 317 2499 375 ABBATIS
2538 313 2985 374 CORBEIENSIS

3650 316 3735 371 656

535 456 623 496 res
657 449 742 493 est
789 449 1012 508 propter
1058 450 1283 506 regnum
1314 434 1573 488 caelorum
1621 431 1893 488 hominem
1924 448 1981 488 sc
2022 446 2111 486 ca-
2139 434 2193 495 Α
2219 431 2476 486 Dominus
2504 428 2769 486 eunuchis
2799 426 2930 483 suis.
2962 422 3039 479 Ne
3065 422 3209 478 dicat
3233 421 3421 493 auquis
3453 437 3640 489 eorum,
3665 442 3734 482 sc-

535 544 736 597 strare,
772 531 854 586 sic
897 529 1057 584 debet
1085 527 1203 582 ﬁeri
1227 541 1412 582 amore
1457 524 1678 590 Christi,
1707 532 1768 579 ut
1795 523 1939 578 nulla
1967 523 2020 577 in
2050 538 2114 577 eo

535 624 782 682 veneries
825 630 1061 679 mentem
1108 627 1204 674 aut
1240 633 1436 688 corpus
1477 617 1702 683 inﬁciat,
1727 627 1783 672 et
1822 631 1928 672 non
1977 617 2116 670 sicut

536 719 707 790 spado
740 717 833 772 ille
871 729 979 786 quo
1021 713 1238 775 dicitur,
1276 711 1402 781 quia
1444 710 1804 781 complectens
1848 709 2115 780 virginem
2157 728 2159 730 ·

540 809 816 880 suspirat;
849 806 946 862 sed
977 813 1124 863 totus
1157 804 1332 875 gladio
1363 802 1597 872 Spiritus
1622 802 1794 858 sancti
1836 801 2115 871 prtecisus,
2141 867 2153 883 ο

541 905 687 974 quod
715 911 798 959 est
823 901 1050 957 verbum
1078 898 1174 954 Dei
1211 913 1226 951 :
1259 893 1424 968 794
1450 903 1614 964 atque
1639 891 1995 948 circumcisus
2039 891 2120 944 in-

537 1004 626 1050 tus
652 992 872 1058 forisve,
903 1006 972 1046 ne
999 988 1107 1045 ulla
1127 988 1182 1042 in
1216 1001 1282 1042 eo
1311 984 1533 1056 prurigo
1555 980 2118 1050 concupiscentiarum
2151 1045 2154 1048 ἢ

537 1082 848 1154 praevaleat.
888 1079 1002 1136 lmo
1043 1077 1158 1135 sola
1195 1075 1440 1140 castitas,
1472 1072 1558 1128 vel
1603 1070 1862 1142 pudicitia
1908 1079 2114 1140 regnet.

544 1174 700 1244 Quod
728 1174 954 1230 verbum
983 1169 1230 1242 profecto
1256 1183 1363 1238 quo
1407 1165 1496 1222 isti
1543 1163 1624 1220 sic
1649 1170 1976 1225 castrantur,
2011 1175 2120 1216 non

543 1279 736 1322 omnes
754 1261 997 1334 capiunt,
1017 1258 1145 1330 quia
1168 1271 1269 1313 nec
1289 1263 1617 1328 petunt,nec
1643 1258 1911 1322 quaerunt,
1938 1264 2037 1303 nec
2064 1254 2124 1300 ut

543 1353 838 1424 accipiant,
873 1350 1015 1406 sicut
1035 1353 1250 1419 oportet
1294 1343 1538 1415 pulsant;
1569 1341 1664 1398 sed
1701 1341 1895 1410 quibus
1937 1338 2122 1392 datum

537 1452 640 1508 est,
658 1443 784 1514 quia
798 1456 956 1497 nemo
977 1446 1224 1496 nostrum
1238 1436 1402 1492 habet
1421 1435 1563 1505 quod
1574 1449 1683 1489 non
1701 1431 1988 1502 acceperit.
2015 1430 2126 1484 Cae-

543 1547 721 1592 terum
741 1533 946 1604 reliqua
969 1532 1076 1588 duo
1097 1529 1465 1587 cunuchorum
1487 1539 1704 1598 genera,
1719 1524 1844 1593 quia
1867 1530 1927 1577 ut
1949 1521 2027 1576 sic
2041 1535 2128 1575 na-

541 1636 765 1684 scuntur
784 1642 854 1682 ex
883 1633 1039 1680 utero
1067 1622 1276 1687 matris,
1305 1629 1366 1676 ut
1391 1619 1528 1675 nihil
1555 1618 1786 1689 possint,
1818 1623 1915 1670 aut
1940 1623 2127 1684 postea

542 1721 711 1786 ferro,
743 1734 838 1775 seu
865 1717 971 1773 alio
999 1716 1179 1787 aliquo
1206 1715 1368 1770 modo
1406 1711 1641 1768 eunuchi
1665 1710 1820 1774 ﬁant,
1853 1708 1988 1763 tales
2019 1721 2126 1762 non

2219 521 2451 576 cundum
2479 519 2693 584 Isaiam,
2713 517 2825 588 Ego
2848 532 2965 570 sum
2981 514 3178 585 lignum
3193 513 3395 567 aridum
3413 512 3538 584 (Isa.
3562 517 3734 586 131,3);

2219 612 2343 681 quia
2375 611 2420 666 si
2448 609 2806 666 custodierint
2849 605 3103 662 mandata
3133 619 3271 669 mea,
3297 611 3353 660 et
3387 603 3622 675 elegerint
3645 622 3743 676 quae

2218 703 2382 768 volui,
2406 702 2547 758 dabo
2565 702 2646 756 eis
2676 701 2732 756 in
2757 699 2917 754 domo
2941 712 3082 762 mea,
3106 703 3162 751 et
3192 697 3244 751 in
3267 695 3430 751 muris
3455 696 3579 750 meis
3603 697 3746 752 locum

2221 795 2453 852 electum
2484 805 2541 850 et
2570 794 2908 850 nominatum
2951 790 3233 846 meliorem
3263 805 3294 844 a
3332 789 3454 845 filiis
3481 799 3531 845 et
3553 789 3748 846 ﬁliabus.

2219 884 2430 942 Auditis
2456 886 2622 957 igitur
2647 883 2908 955 praemiis,
2937 881 3198 937 Dominus
3233 889 3405 935 tamen
3432 880 3505 935 sic
3525 888 3752 950 temperat

2224 977 2545 1033 sententiam
2567 991 2745 1041 suam,
2766 985 2826 1029 ut
2853 974 3054 1029 nemini
3087 973 3337 1043 laqueum
3376 971 3536 1026 ruinae
3561 971 3748 1042 injiciat.

2223 1069 2313 1124 Ait
2351 1070 2494 1124 enim
2526 1091 2540 1124 :
2575 1068 2679 1135 Qui
2703 1077 2868 1139 potest
2907 1083 3090 1136 capere
3124 1066 3330 1136 capiat;
3359 1079 3475 1134 qua:
3515 1079 3608 1121 vox
3646 1065 3779 1120 hor-'

2228 1161 2393 1215 tantis
2441 1168 2526 1214 est
2575 1158 2691 1214 Dei.
2743 1157 2824 1214 Ac
2869 1157 2915 1212 si
2963 1157 3172 1212 diceret
3214 1155 3566 1211 :Consideret
3611 1165 3755 1210 autem

2228 1251 2596 1321 unusquisque
2641 1250 2788 1306 vires
2835 1263 2962 1304 suas
2991 1258 3046 1302 et
3091 1246 3322 1319 gratiam
3355 1261 3508 1316 quam
3540 1247 3755 1317 percepit,

2228 1350 2480 1398 utrumne
2493 1341 2668 1412 possit
2687 1338 2970 1411 virginalia
2989 1336 3213 1408 implere
3234 1345 3526 1407 praecepta;
3545 1335 3757 1405 quoniam

2231 1434 2424 1489 melius
2463 1441 2546 1488 est
2570 1447 2666 1504 per
2713 1431 2874 1502 plana
2907 1430 3005 1493 ire,
3039 1443 3202 1498 quam
3232 1427 3302 1482 ad
3331 1426 3515 1482 altiora
3541 1440 3759 1480 conscen-

2231 1526 2358 1582 dere
2381 1522 2524 1580 unde
2568 1522 2787 1595 gravius
2829 1528 2970 1575 ruat.
3023 1517 3179 1574 Unde
3209 1531 3360 1573 more
3388 1517 3526 1586 regis
3552 1531 3662 1571 suos
3686 1530 3757 1570 ex-

2232 1620 2458 1675 hortans
2485 1617 2686 1673 milites
2711 1616 2787 1670 ait
2814 1633 2827 1669 :
2860 1613 2965 1680 Qui
2986 1622 3152 1683 potest
3183 1627 3366 1682 capere
3395 1610 3590 1680 capiat;
3612 1609 3658 1663 id
3681 1617 3762 1669 est,

2231 1711 2326 1782 qui
2371 1717 2548 1780 potest
2593 1721 2832 1780 pugnare
2873 1712 3115 1776 pugnet,
3146 1711 3203 1759 et
3248 1700 3612 1772 eongrediatur
3661 1713 3756 1754 cum

544 1811 641 1867 Dei
655 1810 896 1867 eunuchi
925 1817 1070 1865 sunt.
1095 1806 1301 1876 Quibus
1322 1804 1562 1875 loquitur
1586 1803 1700 1874 ipse
1713 1817 1810 1872 per
1834 1816 1893 1856 se
1918 1801 1972 1854 in
1989 1799 2126 1855 Isaia
2156 1819 2204 1879 Β
2233 1803 2408 1867 hoste,
2437 1809 2498 1856 ut
2526 1808 2744 1870 superet
2770 1814 2835 1853 ac
2863 1797 3184 1866 triumphet.

542 1905 844 1974 propheta;
881 1917 1115 1974 quorum
1161 1915 1269 1956 non
1317 1906 1402 1954 est
1449 1897 1675 1969 praecisa
1724 1895 2000 1958 voluntas,
2033 1892 2129 1948 sed

543 1995 842 2051 necessitas
885 1993 1136 2063 imposita
1172 2007 1188 2057 ;
1238 2004 1468 2060 quorum
1523 1987 1753 2043 necdum
1799 1983 2135 2041 conscientia

544 2083 887 2146 circumcisa,
912 2095 1014 2137 nec
1052 2080 1302 2136 voluntas
1343 2093 1482 2134 nova
1528 2075 1820 2134 secundum
1867 2074 2131 2144 Spiritum

546 2186 797 2232 sanctum
818 2181 1124 2246 procreata,
1140 2172 1238 2228 sed
1263 2180 1392 2227 sunt
1410 2179 1505 2226 aut
1515 2169 1720 2226 deliciae
1740 2177 2132 2234 matronarum,

543 2275 639 2324 aut
677 2265 904 2336 alicujus
931 2266 1011 2322 rei
1049 2279 1212 2321 causa
1251 2263 1456 2334 plastes
1496 2260 1852 2326 eﬂ'eminatae;
1905 2275 2134 2330 quorum

544 2358 671 2429 quia
697 2357 778 2412 eis
806 2355 948 2427 apud
973 2355 1143 2410 Deum
1183 2352 1330 2408 nulla
1357 2360 1484 2408 sunt
1509 2359 1635 2406 vota
1665 2350 1952 2412 castitatis,
1988 2349 2134 2403 nulla

543 2457 600 2506 et
624 2462 833 2504 merces
855 2448 1118 2503 debetur:
1147 2445 1274 2516 quia
1300 2458 1408 2499 non
1433 2451 1658 2514 propter
1682 2457 1850 2514 regna
1874 2441 2136 2497 caelorum

546 2547 676 2595 sunt
723 2537 965 2594 castrati.
1025 2535 1416 2592 Verumtamen
1476 2549 1584 2589 non
1652 2533 1786 2589 adeo
1843 2531 2136 2588 immiseri-

546 2631 769 2686 cordem
819 2630 993 2684 Deum
1024 2627 1278 2692 dicimus,
1306 2635 1366 2680 ut
1392 2624 1528 2681 tales
1559 2639 1666 2680 non
1711 2629 2021 2680 remuneret
2047 2623 2140 2692 qui

551 2733 648 2779 aut
691 2724 772 2778 sic
823 2723 937 2778 nati
983 2732 1146 2788 sunt,
1182 2728 1277 2776 aut
1318 2728 1508 2791 postea
1556 2717 1684 2775 facti
1731 2727 1856 2774 sunt
1903 2694 2144 2789 quolibet

555 2816 746 2892 modo;
770 2815 816 2872 si
840 2815 1026 2870 datum
1056 2814 1136 2870 eis
1173 2811 1338 2868 fuerit
1360 2820 1422 2866 ut
1451 2812 1687 2867 habeant
1707 2811 1820 2882 jam
1849 2825 1916 2866 ex
1937 2818 2062 2866 voto
2086 2818 2141 2865 et

553 2908 848 2973 desiderio,
896 2907 1041 2978 quod
1088 2905 1241 2979 prius
1290 2905 1564 2960 habebant
1603 2918 1671 2959 ex
1701 2903 2050 2969 necessitate,
2082 2911 2143 2956 ut

551 3011 736 3059 mente
758 3011 813 3058 et
847 3017 1078 3073 corpore
1106 3001 1246 3058 casti
1285 3011 1677 3072 permaneant;
1709 3003 1835 3072 quia
1868 3002 2001 3057 tales
2038 3003 2142 3058 etsi

556 3111 784 3165 corpore
820 3096 1000 3152 minus
1023 3103 1272 3166 possunt,
1314 3105 1498 3151 mente
1539 3104 1720 3151 tamen
1757 3111 1973 3167 semper
2019 3112 2141 3152 cor-

554 3186 730 3257 rumpi
775 3197 1022 3256 possunt.
1055 3185 1125 3241 Et
1171 3186 1292 3242 ideo
1329 3186 1578 3256 quamvis
1606 3186 1862 3242 leviorem
1902 3204 2138 3259 pugnam
2167 3173 2214 3238 C

551 3279 790 3334 habeant
832 3286 1023 3350 contra
1065 3278 1538 3348 concupiscentias
1567 3279 1772 3345 carnis,
1814 3293 1921 3334 non
1953 3289 2138 3336 tamen

553 3385 743 3427 omnes
772 3369 1088 3427 affectiones
1128 3370 1297 3426 animi
1328 3369 1534 3440 absque
1563 3371 1865 3426 certamine
1893 3371 2138 3427 vincunt.

552 3460 622 3516 Et
644 3462 827 3517 omnia
848 3462 928 3517 eis
951 3477 1071 3532 quae
1097 3462 1446 3534 contigerint,
1465 3461 1708 3531 qualibet
1731 3477 1798 3518 ex
1824 3478 1989 3518 causa
2015 3479 2142 3520 con-

551 3560 774 3608 vertunt
795 3553 852 3609 in
873 3562 1080 3620 votum,
1097 3562 1154 3608 et
1173 3553 1378 3626 gratias
1403 3553 1514 3610 Deo
1534 3553 1744 3610 referre
1764 3570 1872 3611 non
1899 3563 2141 3620 cessant,

553 3645 648 3715 qui
691 3645 838 3702 dedit
878 3645 958 3702 eis
1001 3653 1063 3701 ut
1095 3653 1353 3716 caperent
1376 3645 1478 3701 etsi
1522 3645 1676 3701 inviti
1705 3647 1937 3718 gratiam
1977 3647 2144 3702 casti-

554 3736 705 3794 tatis.
738 3737 925 3809 Neque
967 3738 1134 3810 igitur
1158 3737 1414 3794 audiendi
1441 3747 1566 3793 sunt
1605 3739 1698 3810 qui
1724 3739 1949 3794 tradunt
1977 3739 2144 3795 etiam

553 3827 662 3886 hoc
695 3829 913 3885 tertium
945 3843 1120 3898 genus
1161 3827 1582 3894 eunuchizandi,
1614 3829 1759 3899 quod
1789 3829 2145 3885 fortissimum

554 3929 612 3976 et
667 3920 1072 3976 sanctissimum
1123 3927 1226 3986 est,
1288 3920 1436 3974 ferro
1486 3917 1571 3974 vel
1597 3926 1715 3973 arte
1742 3919 1984 3988 qualibet
2030 3918 2146 3972 ﬁeri

555 4013 797 4079 debere;
873 4019 934 4066 ut
1007 4009 1241 4082 palmam
1312 4011 1552 4066 victoriae
1577 4051 1590 4076 ,
1667 4025 1774 4066 non
1821 4009 2150 4066 decertando

560 4105 732 4162 multo
785 4103 1003 4170 sudore,
1054 4103 1151 4159 sed
1194 4118 1302 4158 uno
1354 4117 1636 4168 mucrone,
1697 4102 1843 4171 quod
1887 4101 2005 4157 ﬁeri
2041 4115 2148 4157 non

557 4205 771 4270 potest,
843 4211 1033 4253 omnes
1119 4195 1588 4265 concupiscentias
1644 4195 1869 4257 carnis,
1926 4203 1985 4250 ut
2047 4195 2150 4265 ipsi

561 4296 1011 4360 argumentantur
1075 4287 1144 4343 ad
1219 4286 1456 4342 litteram
1483 4327 1499 4352 ,
1575 4287 1946 4356 praecidendas
2033 4302 2152 4343 esse

561 4381 879 4447 credamus,
932 4389 994 4436 ut
1051 4379 1399 4450 quamplures
1460 4379 1690 4447 fecisse,
1745 4381 1910 4436 etiam
1965 4397 2151 4438 mona-

565 4473 820 4536 chorum,
863 4473 1247 4542 comperimus.
1287 4470 1424 4539 Quia
1467 4471 1570 4527 etsi
1603 4472 1655 4526 in
1697 4472 1862 4528 semel
1902 4472 2150 4529 voluntas

2315 1905 2462 1960 Tunc
2488 1903 2650 1959 oblati
2671 1912 2792 1958 sunt
2812 1903 2859 1957 ei
2878 1900 3107 1972 parvuli,
3126 1910 3182 1953 ut
3203 1915 3389 1953 manus
3408 1899 3479 1954 eis
3507 1897 3762 1968 imponeret,

2237 2006 2286 2050 et
2331 2005 2503 2050 oraret
2536 2012 2552 2060 ;
2582 1993 2826 2062 discipuli
2855 2001 3028 2046 autem
3050 1989 3387 2060 increpabant
3411 2005 3511 2043 eos.
3545 1987 3676 2041 Tunc
3695 1986 3767 2056 igi-

2245 2097 2352 2154 tur,
2384 2087 2437 2142 id
2465 2096 2554 2142 est
2597 2085 2812 2156 quando
2839 2084 2906 2138 de
2934 2082 3184 2138 castitate
3210 2080 3440 2137 faciebat
3479 2093 3759 2138 sermonem,

2239 2191 2295 2237 et
2335 2182 2523 2238 beatos
2555 2196 2678 2235 esse
2706 2178 2922 2234 dicebat
2944 2176 3224 2253 eunuchos
3250 2175 3340 2246 qui
3368 2190 3424 2230 se
3453 2176 3769 2228 castraverant

2240 2281 2460 2344 propter
2504 2285 2668 2342 regna
2715 2269 2997 2325 ctelorum.
3047 2267 3204 2322 Tunc
3237 2265 3495 2336 siquidem
3538 2263 3768 2319 audientes

2240 2365 2479 2434 quidam,
2503 2362 2817 2418 obtulerunt
2835 2361 2889 2416 ei
2915 2358 3152 2416 infantes
3174 2373 3239 2414 ac
3261 2373 3473 2429 pueros,
3492 2356 3670 2410 virtute
3688 2369 3767 2422 qua

2240 2456 2636 2528 praedicabatur
2685 2453 3092 2510 mundissimos.
3143 2451 3310 2507 Forte
3357 2451 3603 2520 putabant
3658 2443 3769 2516 quod

2242 2550 2502 2606 Dominus
2565 2562 2797 2620 corpore
2842 2554 3053 2602 tantum
3109 2543 3342 2598 mundos
3396 2541 3656 2604 laudaret;
3696 2552 3770 2592 ne-

2242 2643 2476 2700 scientes
2502 2641 2628 2712 quia
2675 2656 2782 2696 non
2815 2638 2938 2694 illos
2976 2636 3311 2693 beatificavit
3349 2635 3625 2695 eunuchos,
3661 2644 3768 2700 quos

2244 2732 2483 2788 infantiae
2505 2732 2803 2804 necessitas
2831 2728 2961 2784 facit
2995 2742 3118 2783 esse
3148 2735 3350 2796 castos,
3379 2725 3469 2781 sed
3493 2738 3614 2795 quos
3636 2719 3770 2776 conti-

2244 2827 2440 2883 nentia:
2480 2827 2674 2882 virtus.
2717 2823 3033 2880 Praesertim
3060 2835 3189 2876 cum
3221 2835 3328 2875 non
3358 2819 3452 2884 ait,
3483 2817 3681 2873 istorum
3705 2819 3767 2866 est

2247 2933 2473 2989 regnum
2522 2917 2784 2974 calorum
2813 2957 2828 2981 ,
2861 2913 2953 2970 sed
3007 2912 3234 2978 talium;
3283 2918 3342 2966 ut
3381 2907 3664 2965 ostenderet
3689 2917 3769 2956 non

2245 3026 2339 3066 eos
2365 3009 2662 3066 secundum
2681 3016 2898 3065 aetatem
2927 3021 3180 3078 regnare,
3205 3005 3302 3061 sed
3334 3001 3606 3060 secundum
3628 3010 3770 3053 mores

2245 3103 2497 3174 perfectae
2557 3101 2857 3172 disciplina:
2880 3142 2895 3167 ,
2942 3109 2998 3155 et
3051 3099 3350 3156 secundum
3396 3094 3610 3151 similem
3651 3091 3770 3146 inno-

2248 3197 2484 3253 centiam
2513 3209 2580 3252 ac
2628 3193 3065 3265 simplicitatem;
3107 3191 3307 3261 quibus
3347 3202 3507 3260 regna
3557 3183 3768 3240 caelorum

2249 3287 2576 3359 repromittit
2599 3327 2615 3352 ,
2651 3301 2758 3342 non
2804 3292 3026 3356 propter
3078 3281 3374 3352 pueritiam
3427 3275 3666 3348 corporis,
3703 3270 3772 3326 sed

2245 3387 2466 3451 propter
2492 3379 2787 3449 puritatem
2812 3376 3013 3432 cordis.
3042 3374 3310 3451 Apos‘tolo
3347 3385 3551 3444 quoque
3579 3364 3717 3439 796
3733 3361 3774 3418 in

2245 3473 2436 3528 eadem
2475 3470 2743 3526 sententia
2777 3475 3126 3539 congruente,
3171 3463 3422 3529 Fratres,
3455 3459 3630 3530 inquit,
3657 3453 3775 3510 nolite

2247 3563 2395 3634 pueri
2423 3563 2538 3632 ﬁeri
2575 3561 2833 3626 sensibus,
2862 3560 2953 3615 sed
2982 3557 3189 3613 malitia
3227 3555 3430 3629 parvuli
3466 3561 3628 3616 estote,
3659 3560 3776 3602 sensu

2248 3664 2424 3708 autem
2461 3653 2676 3724 perfecti
2700 3651 2752 3723 (Ι
2773 3649 2894 3706 Cor.
2929 3665 3038 3713 xw,
3067 3647 3182 3712 20).
3217 3647 3348 3715 Qua:
3374 3645 3614 3721 nimirum
3648 3639 3775 3709 ﬁgura

2248 3760 2439 3815 magna
2475 3742 2752 3814 praecessit
2780 3742 2831 3795 in
2859 3739 3042 3812 pueris
3063 3756 3076 3792 :
3100 3753 3294 3794 eorum
3323 3724 3521 3793 scilicet
3541 3738 3773 3804 puerorum

2249 3836 2343 3906 qui
2387 3833 2628 3905 quotidie
2661 3816 3100 3888 oti‘erunturDeo
3130 3829 3199 3883 ab
3245 3825 3500 3898 angelicis
3528 3816 3772 3906 spiritibus,

2251 3904 2334 3982 vel
2382 3904 2412 3981 a
2462 3924 2730 3981 ministris
2775 3923 2979 3979 altaris.
3011 3922 3089 3977 De
3126 3921 3328 3992 quibus
3377 3904 3776 3973 SalvatorzEcce

2251 4035 2367 4090 ego,
2404 4017 2601 4088 inquit,
2630 4027 2678 4071 et
2718 4016 2866 4086 pueri
2907 4015 3032 4080 mei,
3058 4030 3186 4084 quos
3235 4011 3376 4067 dedit
3411 4008 3535 4064 mihi
3576 3999 3777 4058 Dominus

2253 4108 2439 4180 (Hebr.
2495 4123 2554 4175 ιι,
2589 4106 2700 4180 15).
2728 4106 2876 4181 Quos
2919 4119 3049 4175 sane
3092 4118 3299 4174 pueros
3328 4102 3441 4173 ipse
3479 4095 3620 4169 quasi
3651 4091 3776 4181 depo-

2251 4177 2417 4256 situm
2457 4177 2696 4268 suscepit
2722 4211 2753 4252 a
2783 4179 2895 4251 Deo
2931 4195 3114 4260 Patre,
3142 4203 3204 4248 ut
3232 4193 3404 4250 salvet
3432 4205 3540 4246 eos.
3571 4182 3663 4240 Sed
3686 4177 3779 4248 quia

2251 4305 2394 4347 unus
2419 4279 2872 4362 evangelistarum
2895 4285 3139 4356 parvulos
3160 4285 3324 4351 dixit,
3351 4293 3405 4341 et
3423 4282 3555 4338 alter
3572 4276 3776 4347 infantes;

2257 4383 2449 4438 tertius
2480 4395 2634 4445 vero,
2663 4380 2816 4434 sinite
2853 4393 3043 4448 pueros
3071 4377 3248 4432 venire
3277 4375 3347 4430 ad
3375 4390 3472 4440 me,
3500 4386 3600 4428 non
3621 4366 3780 4431 :Ibs‘l“e

2256 4474 2461 4544 aliquo
2501 4471 2741 4527 scientia:
2791 4477 3134 4525 sacramento
3180 4468 3454 4523 variatum
3513 4474 3620 4517 esse
3663 4459 3777 4544 pulti-

563 4565 706 4620 bona
754 4564 876 4631 fuit,
926 4573 988 4619 ut
1038 4579 1098 4622 se
1128 4537 1393 4620 castraret
1419 4565 1490 4620 ob
1529 4573 1788 4620 aeternam
1817 4565 2002 4630 vitam,
2039 4581 2147 4620 non
2176 4537 2231 4598 D
2258 4537 2525 4634 Quoniam
2557 4564 2726 4620 multa
2769 4562 3074 4619 differentia
3124 4571 3210 4618 est
3253 4563 3308 4618 in
3351 4561 3435 4616 his
3483 4555 3568 4628 qui
3594 4542 3783 4622 quotidie

567 4659 867 4714 secundum
896 4658 1178 4714 scientiam
1206 4656 1308 4712 fuit
1346 4665 1408 4712 ut
1433 4672 1660 4729 agonem
1688 4657 2010 4714 Christianae
2057 4673 2145 4712 re-

560 4748 780 4822 ligionis
819 4759 1225 4821 corrumperet,
1264 4759 1319 4806 et
1369 4751 1618 4822 deinceps
1658 4751 1772 4821 ipse
1819 4751 2148 4806 inolliciosus

563 4848 622 4895 et
641 4839 790 4896 iners
806 4838 1032 4909 jaceret.
1066 4841 1187 4896 Ideo
1209 4841 1416 4895 Auctor
1439 4840 1630 4896 salutis
1662 4851 1860 4897 nostrae
1893 4851 2004 4898 tres
2031 4841 2150 4911 qui-

573 4930 697 4984 dem
734 4930 1042 5001 proposuit;
1076 4946 1242 4985 unum
1275 4931 1366 5000 qui
1395 4930 1692 4986 secundum
1717 4946 1961 4998 carnem,
1994 4931 2148 5001 quasi

566 5029 784 5087 natura,
820 5023 896 5078 ita
923 5022 1196 5087 nascitur;
1231 5021 1392 5092 795
1426 5023 1654 5077 alterum
1699 5025 1791 5094 qui
1840 5023 1980 5079 facta
2011 5039 2148 5092 qua-

561 5109 694 5167 libet
735 5114 1080 5179 necessitate,
1113 5129 1178 5168 ac
1199 5113 1246 5168 si
1273 5113 1340 5167 ad
1382 5115 1598 5169 oculum
1634 5115 1999 5182 castificatur;
2039 5124 2148 5170 ter-

565 5203 698 5259 tium
731 5220 862 5262 vero
886 5207 980 5276 qui
1023 5213 1149 5262 voto
1177 5212 1232 5260 et
1259 5204 1533 5261 voluntate
1553 5222 1652 5277 pro
1674 5209 1785 5262 Deo
1816 5215 1999 5262 castus
2039 5205 2151 5261 etii-

561 5301 724 5356 citur.
768 5299 836 5354 Et
875 5308 961 5355 est
1003 5299 1057 5353 in
1099 5312 1209 5352 uno
1245 5311 1432 5353 eorum
1466 5307 1659 5353 natura
1695 5298 1902 5364 vitiata,
1937 5298 2028 5367 qui
2073 5298 2147 5352 ita

563 5390 806 5445 nascitur
839 5407 852 5443 :
883 5391 937 5445 in
983 5390 1154 5447 altero
1201 5406 1330 5447 vero
1369 5392 1669 5447 necessitas
1697 5390 1860 5455 facta,
1891 5407 1990 5461 pro
2044 5405 2150 5462 qua

561 5490 868 5537 truncatur.
905 5483 1074 5539 Porro
1122 5485 1176 5538 in
1208 5485 1372 5540 tertio
1405 5499 1530 5554 spes
1559 5483 1712 5552 regni
1762 5483 2002 5539 emlestis
2047 5482 2153 5538 fide

564 5573 743 5643 genita
767 5569 1104 5645 propagatur
1134 5575 1187 5629 in
1216 5576 1502 5640 charitate,
1535 5591 1641 5646 qua
1668 5575 1870 5632 multos
1890 5590 2152 5646 generare

564 5655 706 5716 tﬂios
736 5665 906 5732 magis
932 5681 1096 5734 quam
1135 5679 1298 5722 carne
1341 5665 1602 5721 creditur.
1634 5664 1731 5722 Cui
1779 5665 1984 5721 similes
2012 5664 2151 5721 eﬂici

567 5769 690 5820 nos,
717 5754 762 5810 si
795 5764 972 5812 tamen
1005 5774 1313 5829 possumus,
1348 5761 1658 5828 admonuit;
1703 5762 1827 5832 quia
1859 5763 1977 5817 lucc
2021 5761 2154 5818 dicit

2258 4657 2577 4725 offeruntur,
2609 4672 2841 4727 quorum
2885 4656 2976 4712 isti
3005 4653 3242 4712 formam
3283 4659 3486 4710 tenent.
3530 4646 3652 4702 Sunt
3671 4634 3782 4693 enim

2260 4749 2436 4820 pueri,
2451 4757 2576 4805 sunt
2597 4748 2829 4818 parvuli,
2862 4756 2987 4804 sunt
3011 4756 3064 4804 et
3090 4748 3382 4813 lactantes,
3402 4757 3533 4815 quos
3551 4733 3782 4794 inferiores

2261 4842 2558 4899 infantibus
2581 4842 2837 4912 parvulos
2861 4857 2981 4897 esse
3025 4841 3273 4896 dicimus.
3305 4839 3452 4906 Quos
3492 4831 3607 4904 quia
3628 4831 3783 4917 Pueri”:

2261 4934 2364 4990 sibi
2391 4932 2546 4991 datos
2571 4910 2692 4991 esse
2721 4935 2871 5000 dicit,
2904 4949 2971 4989 ex
2993 4948 3090 4990 ore
3117 4942 3468 5001 utrorumque
3493 4919 3685 4998 υθνίῖθίι
3704 4910 3780 5012 sibi

2260 5027 2504 5094 laudem;
2537 5037 2596 5082 ut
2642 5035 3028 5099 cognoscentes
3073 5025 3338 5083 beneficia
3381 5023 3494 5094 ejus
3533 5017 3584 5073 in
3619 5016 3782 5099 νυεηετ

2260 5121 2503 5175 dicamus
2536 5139 2548 5172 :
2581 5119 2665 5173 Ex
2706 5096 2793 5174 ore
2819 5119 3103 5189 infantium
3149 5127 3198 5173 et
3234 5115 3539 5171 laetantium
3572 5096 3782 5177 perﬁdi“

2259 5210 2467 5265 laudem
2510 5210 2681 5280 (Psnl.
2731 5226 2848 5275 vm,
2881 5209 3059 5282 3),,ut
3088 5209 3233 5264 nulla
3284 5217 3416 5262 aetas
3468 5195 3727 5282 excipialut‘
3759 5195 3782 5234 ³

2261 5299 2496 5357 Christo.
2520 5277 2633 5356 Sed
2669 5316 2866 5356 novum
2912 5277 3127 5356 videtur
3169 5297 3460 5368 discipulos
3498 5277 3782 5363 prohibuissl3

2262 5391 2516 5455 infantes,
2546 5406 2612 5445 ne
2639 5392 2704 5447 ad
2731 5390 3004 5446 Christum
3031 5391 3386 5452 accederent;
3422 5383 3501 5438 vel
3525 5375 3782 5442 inerepas!e

2258 5481 2348 5550 qui
2380 5481 2766 5547 offerebantur,
2789 5490 2847 5536 ut
2869 5481 2949 5536 eis
2976 5496 3193 5536 manum
3225 5481 3541 5550 imponeret,
3565 5475 3614 5524 et
3637 5458 3781 5518 θηται

2257 5587 2355 5642 pro
2386 5574 2483 5628 eis.
2534 5571 2650 5628 Non
2697 5583 2828 5644 puto
2866 5571 3021 5641 juxta
3058 5573 3313 5638 litteram,
3347 5568 3470 5640 quia
3503 5555 3780 5644 nollentells

2260 5665 2558 5721 Salvatoris
2585 5682 2747 5721 manu
2794 5667 2960 5737 tangi,
2990 5664 3076 5721 vel
3101 5681 3234 5721 voce
3271 5656 3541 5721 benedici;
3570 5645 3653 5711 sed
3681 5647 3777 5708 qu"

2258 5759 2487 5818 necdum
2530 5761 2792 5821 habentes
2830 5760 3199 5829 plenissimam
3229 5758 3385 5815 ﬁdem
3425 5750 3504 5807 vel
3529 5737 3778 5805 intem!”
