4012 6362
259 425 361 482 657

1035 415 1396 476 exposmo
1432 417 1498 473 IN
1537 381 1969 475 misrrumum.
2010 445 2080 458 -
2112 415 2238 473 us.
2279 418 2374 484 ιχ,
2410 418 2560 474 CAP.
2603 419 2744 474 XIX.

3423 424 3526 482 658

259 536 392 590 tiam
440 534 508 589 de
554 532 790 598 Christo,
816 530 1078 601 putabant
1121 546 1278 596 eum,
1323 531 1380 585 in
1427 529 1834 586 similitudinem
1860 534 1912 595 Α
1936 531 2080 586 niam
2112 545 2218 586 non
2248 523 2436 588 eorum
2464 531 2596 588 dicit
2629 547 2750 589 esse
2794 535 2886 604 qui
2935 545 3061 590 sunt
3090 537 3210 591 sine
3245 551 3410 594 sensu
3437 555 3526 594 re-

257 634 582 684 caeterorum
609 623 910 687 hominum,
936 619 1280 678 oh‘erentium
1305 621 1716 692 importunitate
1741 621 1842 676 las-

258 719 392 776 sari.
456 715 568 772 Nec
593 715 758 786 igitur
803 713 938 770 satis
987 713 1440 780 reminiscuntur,
1486 713 1628 782 quod
1680 711 1842 783 paulo

257 821 391 868 ante
453 807 871 879 benignissimus
935 805 1185 862 Salvator
1236 806 1512 877 accipiens
1554 807 1840 877 parvulum

260 904 454 962 statuit
481 917 606 958 eum
640 901 697 956 in
738 899 914 955 medio
959 913 1165 964 eorum,
1195 913 1261 954 ac
1305 899 1443 954 dixit
1471 897 1618 955 :Nisi
1667 898 1843 955 effecti

259 993 480 1050 fueritis
501 993 641 1047 sicut
663 989 918 1061 parvulus
943 989 1068 1056 iste,
1096 1003 1205 1044 non
1233 988 1508 1045 intrabitis
1530 989 1586 1044 in
1613 1003 1843 1061 regnum

259 1087 558 1151 caelorum;
588 1093 645 1140 et
667 1097 798 1140 ecce
822 1082 1006 1139 statim
1028 1081 1410 1138 obliviscentes
1435 1081 1660 1151 puerilis
1691 1082 1847 1137 inno-

259 1177 457 1236 ccutiat
483 1175 742 1232 vetabant
768 1187 966 1244 pueros
993 1173 1064 1228 ad
1089 1170 1387 1238 Christum,
1418 1171 1573 1242 quasi
1600 1171 1848 1242 indignos

257 1271 550 1336 accedere,
576 1267 661 1323 vel
706 1265 866 1338 quasi
909 1265 1282 1334 importunos,
1308 1263 1378 1318 ad
1418 1278 1648 1333 quorum
1693 1263 1848 1318 inno-

259 1365 499 1422 centiam
529 1361 632 1432 ipsi
652 1359 868 1415 fuerant
893 1357 1194 1428 provocati,
1227 1363 1288 1412 ut
1325 1345 1624 1411 imitatores
1661 1369 1848 1410 eorum

262 1455 478 1510 tierent.
529 1451 644 1507 Nec
687 1448 974 1505 attendunt
1010 1447 1170 1503 ﬁdem
1214 1461 1404 1503 eorum
1448 1446 1543 1516 qui
1587 1460 1680 1501 eos
1718 1442 1848 1501 olfe-

241 1537 462 1604 ‘rebant
494 1554 556 1601 ut
578 1551 823 1614 tangeret
847 1556 962 1609 eos,
983 1541 1136 1611 quasi
1157 1538 1273 1610 jam
1298 1552 1366 1595 ex
1387 1539 1843 1610 praecedentibus.

268 1640 522 1694 virtutem
563 1636 680 1708 ejus
725 1633 973 1706 experti;
1022 1631 1279 1702 quoniam
1308 1644 1405 1702 per
1451 1629 1850 1701 impositionem

269 1742 528 1785 manuum
573 1733 630 1780 et
655 1739 753 1796 per
792 1723 1116 1788 orationem,
1150 1736 1258 1776 non
1303 1722 1462 1776 modo
1507 1719 1730 1785 Christi,
1757 1732 1851 1774 ve-

266 1837 392 1876 rum
435 1820 601 1876 etiam
644 1825 700 1873 et
745 1815 1119 1872 ministrorum
1165 1812 1304 1882 ejus,
1333 1811 1669 1883 repelluntur
1710 1827 1850 1882 prae-

1943 636 2106 692 gnum
2135 621 2426 688 calorum,
2455 623 2547 678 sed
2575 623 2763 677 talium
2805 625 2897 694 qui
2940 641 3039 696 per
3084 627 3445 684 humilitatem
3469 639 3526 686 et

1941 729 2125 769 veram
2155 714 2517 770 innocentiam
2539 715 2668 771 facti
2689 715 2855 787 798
2873 725 3000 772 sunt
3022 717 3164 773 sicut
3184 720 3374 789 pueri,
3398 735 3524 776 cum

1943 809 2052 864 sint
2084 823 2245 864 sensu
2275 799 2501 879 perfecti
2527 817 2583 864 et
2610 809 2904 865 intellectu.
2933 808 3106 877 Quem
3136 798 3526 869 sane'sensum

1945 899 2182 970 apertius
2237 899 2580 956 commendat
2647 899 2822 957 Lucas
2883 901 3246 974 evangelista,
3306 903 3527 970 dicens,

1885 1067 1890 1072 ι
1944 993 2114 1048 Amen
2151 991 2274 1048 dico
2297 993 2484 1059 vobis,
2510 993 2604 1064 qui
2632 1009 2740 1049 non
2767 994 3037 1064 receperit
3069 1009 3294 1065 regnum
3325 994 3421 1051 Dei
3453 996 3529 1051 si-

1947 1095 2040 1142 cut
2061 1098 2215 1156 puer,
2243 1099 2353 1140 non
2381 1084 2606 1140 intrabit
2633 1084 2688 1139 in
2711 1084 2865 1142 illud.
2889 1083 3154 1153 Quoniam
3175 1086 3529 1158 perfectiores

1948 1186 2076 1232 sunt
2099 1177 2204 1233 etsi
2232 1178 2384 1247 pueri
2433 1177 2703 1241 dicantur,
2743 1177 2836 1246 qui
2885 1179 3254 1250 regnumDei
3301 1195 3407 1236 non
3455 1181 3528 1234 ita

1949 1269 2218 1340 recipiunt
2242 1276 2302 1324 ut
2326 1277 2559 1340 oportet.
2588 1269 2658 1324 Et
2685 1287 2799 1324 ecce
2829 1262 2964 1325 unus
2997 1270 3246 1326 accedens
3278 1271 3412 1326 dixit
3437 1273 3484 1327 ei
3511 1286 3531 1324 :

1952 1359 2207 1444 Magister
2251 1359 2409 1426 bone,
2457 1361 2596 1432 quod
2638 1361 2758 1415 boni
2786 1361 2982 1431 faciam
3019 1370 3078 1415 ut
3114 1361 3335 1416 habeam
3374 1363 3533 1417 vitam

1952 1452 2240 1504 wternam?
2269 1447 2424 1520 Saepe
2449 1451 2698 1521 superius
2740 1451 2851 1506 dixi
2877 1461 2934 1507 et
2959 1453 3201 1508 dicturus
3242 1468 3394 1519 sum,
3425 1451 3535 1507 fra-

1951 1549 2065 1595 tres
2081 1580 2094 1604 ,
2127 1540 2272 1610 quod
2293 1556 2483 1597 omnes
2503 1541 2916 1614 Evangeliorum
2942 1543 3224 1598 sententiae
3243 1543 3535 1614 omniaque

1952 1640 2101 1705 gesta
2148 1633 2305 1703 plena
2345 1643 2469 1688 sunt
2512 1635 2898 1699 sacramentis;
2953 1635 3027 1690 ita
3074 1643 3134 1690 ut
3183 1651 3304 1707 quae
3353 1635 3534 1691 futura

1953 1732 2110 1791 sunt,
2157 1725 2224 1780 de
2269 1723 2356 1779 his
2397 1740 2517 1795 quae
2555 1725 3038 1794 impraesentiarum
3067 1735 3360 1797 geruntur,
3391 1741 3532 1796 prte-

1955 1823 2342 1871 monstrentur.
2377 1814 2471 1872 Sic
2497 1817 2697 1887 quippe
2721 1815 2971 1872 Christus
3010 1817 3330 1887 plerumque
3359 1816 3532 1883 solet,

263 1913 429 1984 stigia
471 1909 904 1968 adversariorum
933 1949 948 1974 ,
975 1916 1031 1964 et
1064 1913 1353 1977 praestatur
1391 1905 1566 1976 gratia
1610 1903 1850 1960 sanctill-
1879 1898 1928 1959 B
1955 1909 2168 1979 quando
2194 1909 2262 1965 de
2285 1911 2546 1981 mysterio
2580 1908 2808 1979 alicujus
2855 1909 2935 1965 rei
2977 1909 3255 1966 locuturus
3297 1919 3422 1966 ante
3452 1910 3537 1965 in-

263 2002 519 2059 cationis.
550 2001 705 2069 Quod
732 1999 779 2056 si
807 1997 1035 2070 apostoli
1060 1995 1174 2066 jam
1198 2011 1268 2052 ex
1291 1987 1402 2052 ﬁde
1434 1995 1726 2051 credebant
1755 2008 1848 2051 eos

265 2095 434 2169 797
467 2107 587 2151 esse
608 2090 1054 2156 sanctiﬁcandos,
1082 2097 1140 2144 et
1157 2088 1214 2144 in
1249 2088 1331 2144 eis
1355 2101 1477 2144 esse
1506 2085 1740 2142 formam
1766 2086 1852 2140 fu-

241 2195 553 2252 turorum,
581 2182 913 2255 evangelista
940 2180 1192 2237 effectum
1226 2178 1511 2251 praesentis
1547 2179 1660 2244 rei,
1701 2177 1850 2233 futu-

265 2290 568 2348 rorumque
593 2277 673 2332 sic
704 2282 1002 2345 temperat,
1043 2281 1105 2328 ut
1143 2272 1410 2328 rationem
1435 2271 1718 2340 utriusque
1739 2271 1850 2336 rei,

249 2369 506 2428 .mediam
534 2376 591 2424 et
618 2380 914 2438 congruam
940 2364 1181 2436 aperiat;
1215 2372 1276 2419 ut
1297 2367 1483 2434 per‘ea
1504 2377 1624 2432 quae
1651 2361 1850 2418 elﬁcie-

263 2461 470 2516 bantur
522 2457 577 2512 in
620 2457 836 2528 pueris,
883 2455 1167 2526 prophetia
1214 2453 1382 2508 futuri
1431 2461 1848 2508 monstraretur.

263 2549 410 2605 Nam
458 2548 691 2605 infantes
740 2562 866 2603 vere
911 2547 1076 2603 oblati
1107 2555 1261 2612 sunt,
1318 2558 1554 2614 vereque
1604 2535 1850 2610 inhibiti,

263 2645 400 2714 quia
445 2643 676 2698 formam
705 2639 1049 2712 praetendunt
1075 2639 1348 2710 gentium,
1383 2637 1578 2709 quibus
1629 2652 1730 2708 per
1770 2647 1851 2692 ta-

265 2742 424 2790 ctum
474 2732 600 2790 ﬁdei
650 2741 706 2789 et
755 2731 998 2788 auditum
1035 2731 1182 2787 salus
1220 2731 1530 2802 parabatur.
1557 2730 1662 2786 Sed
1703 2744 1853 2785 more

265 2827 424 2884 Jonas
460 2827 740 2898 propheta:
764 2825 1016 2897 discipuli
1042 2841 1137 2881 eos
1159 2825 1409 2881 inhibent
1430 2825 1710 2890 accedere,
1730 2839 1853 2894 pro-

264 2929 396 2992 pter
425 2917 677 2976 aﬂectum
709 2918 792 2974 sui
837 2918 1096 2990 generis:
1129 2917 1256 2988 quia
1303 2917 1537 2987 primum
1582 2915 1854 2972 Israelitas

266 3011 564 3070 salvandos
607 3027 728 3068 esse
758 3013 1074 3068 decernunt.
1120 3009 1374 3081 Alioquin
1409 3009 1734 3079 prohibendi
1760 3024 1854 3064 vo-

267 3106 487 3170 luntas,
522 3118 592 3158 ne
635 3103 704 3159 ad
741 3103 1016 3158 Christum
1044 3101 1291 3156 venirent
1331 3100 1513 3172 pueri,
1543 3096 1850 3155 liberalitati

268 3195 585 3269 apostolicae
627 3211 736 3252 non
780 3194 1155 3252 conveniebat.
1195 3193 1303 3250 Sed
1332 3194 1388 3248 in
1433 3193 1664 3264 typicam
1715 3207 1849 3249 con-

266 3266 693 3343 summationem
747 3283 1206 3356 prohibendorum
1251 3282 1540 3339 infantium
1587 3283 1853 3354 surrepsit
1878 3266 1925 3331 C

269 3378 594 3442 instinctus,
627 3391 725 3448 pro
745 3391 854 3446 quo
873 3374 1134 3431 Dominus
1159 3375 1238 3430 ait
1263 3389 1372 3430 non
1393 3383 1648 3445 oportere
1670 3375 1853 3446 prohi-

269 3470 392 3526 beri
411 3511 426 3537 ,
458 3469 587 3540 quia
606 3467 796 3524 talium
815 3475 899 3524 est
925 3481 1151 3538 regnum
1178 3466 1461 3524 caelorum.
1493 3467 1686 3523 Munus
1707 3467 1852 3524 enim

274 3573 333 3620 et
361 3563 562 3619 donum
592 3561 825 3632 Spiritus
869 3561 1044 3618 sancti
1084 3575 1184 3632 per
1228 3560 1631 3632 impositionem
1662 3574 1854 3616 manus

263 3665 332 3711 et
357 3670 456 3726 per
491 3654 795 3711 orationem
813 3694 829 3720 ,
888 3660 1135 3709 cessante
1163 3651 1299 3724 legis
1343 3665 1542 3721 opere,
1576 3658 1696 3706 erat
1722 3664 1854 3721 gen-

273 3747 423 3802 tibus
471 3743 830 3817 largiendum.
887 3740 1226 3813 Quapropter
1283 3749 1340 3796 et
1399 3753 1499 3795 nos
1561 3739 1696 3795 tales
1740 3736 1856 3795 eni-

273 3839 520 3904 ciamur,
583 3844 645 3892 ut
697 3836 859 3892 etiam
879 3833 1131 3905 ,parvuli
1198 3847 1360 3890 sensu
1426 3831 1702 3888 salventur
1763 3845 1860 3902 per

279 3943 416 3993 nos;
469 3942 576 3983 non
629 3927 804 3983 solum
854 3939 964 3981 non
1006 3924 1390 3996 prohibeamus
1431 3937 1633 3994 pueros
1673 3922 1862 3978 venire

283 4019 356 4074 ad
397 4017 694 4085 Christum,
753 4017 850 4072 sed
903 4015 1068 4072 etiam
1129 4015 1230 4085 ipsi
1283 4029 1407 4070 cum
1451 4012 1634 4085 pueris
1683 4010 1862 4067 eﬂ'ecti

276 4112 440 4183 quasi
463 4112 644 4182 pueri,
672 4110 728 4166 in
755 4109 1058 4166 humilitate
1085 4107 1416 4165 voluntatem
1442 4106 1656 4164 Domini
1684 4105 1860 4161 adim-

274 4205 544 4276 pleamus.
577 4203 717 4271 Quia
763 4200 898 4257 tales
922 4198 1100 4256 eﬂ'ecti
1137 4207 1263 4256 sunt
1312 4197 1540 4269 apostoli
1561 4237 1576 4262 ,
1613 4195 1863 4252 hortante

275 4306 335 4352 et
393 4296 623 4351 docente
671 4291 898 4349 Domino
924 4335 939 4358 ,
994 4290 1316 4346 utilitatibus
1377 4304 1672 4360 puerorum
1727 4302 1860 4344 con-

277 4387 525 4444 sulentes
558 4383 687 4440 facti
732 4391 858 4439 sunt
889 4383 1092 4439 eisdem
1145 4382 1329 4453 pueris
1376 4382 1531 4452 quasi
1576 4380 1763 4450 pueri,
1804 4387 1864 4434 ut

277 4491 484 4550 pueros
527 4474 889 4530 lucrarentur.
943 4473 1010 4527 Et
1053 4471 1349 4527 notandum
1400 4472 1527 4540 quia
1579 4467 1862 4524 Matthasus

280 4583 412 4624 cum
461 4567 531 4622 ob
555 4565 689 4622 duas
716 4578 912 4620 causas
937 4562 1152 4618 oblatos
1175 4561 1322 4617 dicat
1361 4559 1580 4617 eosdem
1624 4560 1859 4630 pueros,

282 4675 393 4716 non
423 4657 494 4713 ad
521 4657 738 4713 easdem
785 4655 917 4711 duas
965 4653 1148 4709 intulit
1199 4653 1252 4707 in
1293 4651 1458 4706 finem
1483 4665 1604 4721 quae
1626 4664 1866 4720 sequun-

282 4761 399 4806 tur.
427 4749 500 4804 Et
549 4765 669 4804 cum
704 4749 1032 4820 imposuisset
1066 4747 1170 4812 eis,
1211 4743 1419 4815 inquit,
1466 4759 1689 4808 manus,
1737 4740 1864 4795 abiit

281 4844 443 4910 inde;
489 4851 544 4898 et
585 4836 692 4898 non
733 4841 937 4897 addidit
975 4840 1120 4912 quod
1161 4847 1390 4894 orasset.
1431 4837 1654 4894 Poterat
1718 4835 1865 4890 enim

283 4936 372 4993 sic
397 4934 578 4991 dicere
595 4974 610 5000 ,
647 4941 703 4990 et
721 4933 1002 5003 imponens
1026 4946 1220 4986 manus
1242 4938 1298 4984 et
1319 4939 1482 4985 orans
1501 4969 1515 4995 ,
1549 4928 1682 4983 abiit
1710 4927 1862 4991 inde;

283 5025 386 5081 ubi
435 5023 575 5080 forte
630 5023 848 5095 aliquod
884 5023 1016 5079 latet
1062 5029 1500 5086 sacramentum,
1547 5021 1700 5090 quasi
1749 5019 1867 5074 istis

285 5119 398 5176 hoc
446 5125 657 5172 tantum
701 5114 1007 5183 sulﬁceret,
1038 5115 1166 5186 quia
1216 5113 1474 5184 imposuit
1511 5113 1592 5168 eis
1644 5127 1864 5174 manus;

285 5208 592 5279 majoribus
612 5217 792 5264 autem
813 5216 1064 5264 servatur
1087 5206 1263 5262 oratio
1284 5205 1507 5271 Christi,
1531 5206 1624 5275 qui
1645 5211 1874 5274 possunt

285 5311 490 5368 capere
522 5311 630 5352 non
651 5296 821 5354 solum
848 5297 1244 5367 impositionem
1275 5311 1534 5350 manuum
1562 5294 1678 5364 ejus
1706 5309 1871 5365 super

287 5405 375 5454 se,
399 5403 589 5444 verum
612 5387 780 5443 etiam
799 5388 1100 5444 orationem
1123 5387 1240 5458 ejus
1261 5387 1330 5440 ad
1353 5385 1594 5452 Patrem,
1617 5399 1721 5455 qua
1753 5399 1873 5439 ora-

286 5482 370 5536 vit
392 5494 492 5551 pro
513 5488 590 5535 se.
617 5478 788 5536 Porro
808 5489 870 5535 ut
891 5480 1034 5546 dixi,
1059 5478 1358 5534 minoribus
1381 5477 1562 5548 pueris
1592 5475 1729 5532 forte
1754 5476 1869 5532 suf-

290 5577 410 5632 ficit
435 5575 707 5645 impositio
725 5589 1006 5641 manuum,
1028 5575 1224 5644 quibus
1245 5588 1339 5629 eos
1361 5583 1580 5644 tangere
1603 5573 1870 5644 dignatur,

289 5670 485 5725 dicens
537 5666 679 5737 quod
722 5666 910 5722 talium
965 5667 1037 5722 sit
1073 5681 1296 5738 regnum
1346 5665 1627 5720 ctelorum.
1664 5661 1723 5718 In
1767 5675 1874 5733 quo

288 5762 572 5824 hortatur,
617 5766 676 5812 ut
720 5773 880 5816 nemo
907 5759 979 5815 sit
1006 5768 1114 5813 tam
1147 5758 1363 5828 sapiens
1391 5757 1446 5812 in
1475 5755 1718 5812 Ecclesia
1741 5755 1871 5822 Dei,

293 5851 397 5924 qui
423 5850 645 5924 gloriari
671 5853 862 5908 debeat
892 5852 1151 5909 adversus
1185 5851 1438 5922 parvulos
1477 5849 1695 5905 Christi.
1733 5847 1850 5916 Quo

1935 2001 2193 2056 'troducit
2217 1999 2578 2071 corporaliter
2603 2001 2844 2070 aliquam
2872 2001 3174 2067 actionem,
3201 2000 3287 2056 vel
3315 2009 3536 2056 senten-

1953 2090 2084 2145 tiam
2105 2132 2120 2156 ,
2159 2090 2394 2161 idipsum
2423 2089 2821 2161 significantem
2843 2131 2859 2157 ,
2887 2090 3032 2162 quod
3055 2099 3149 2145 aut
3168 2089 3430 2161 praeteriti
3450 2097 3536 2146 est

1952 2181 2134 2253 operis
2165 2191 2260 2236 aut
2305 2181 2506 2247 futuri;
2549 2190 2608 2236 ut
2644 2197 2712 2238 ex
2760 2198 2824 2239 eo
2871 2183 3215 2239 occasionem
3255 2184 3535 2240 inveniens

1954 2258 2292 2344 corporalem
2324 2275 2694 2331 narrationem
2737 2277 3016 2346 mysterii,
3045 2291 3206 2346 quam
3254 2277 3534 2349 proposuit

1952 2373 2299 2436 exsequatur;
2343 2373 2402 2418 ut
2441 2375 2572 2436 puta
2615 2365 2680 2420 de
2708 2367 3096 2437 compescenda
3136 2366 3531 2422 Pharisaeorum

1951 2458 2212 2529 jactantia
2240 2459 2382 2528 apud
2403 2457 2608 2513 Lucam
2643 2473 2764 2512 cum
2799 2459 3078 2514 locuturus
3105 2457 3328 2522 fuisset,
3361 2457 3532 2513 intro-

1956 2549 2108 2604 duxit
2131 2549 2369 2618 primum
2401 2549 2757 2620 bydropicum
2802 2557 2857 2603 et
2897 2549 3136 2614 sanavit,
3181 2557 3447 2619 quatenus
3475 2548 3531 2604 in

1955 2639 2221 2710 corporali
2253 2648 2464 2695 tumore
2508 2639 2819 2711 hydropicae
2868 2639 3198 2696 inﬁrmitatis
3227 2640 3530 2697 Pharisaeo—

1955 2747 2076 2786 rum
2099 2731 2363 2802 jactantia
2405 2733 2837 2804 perpingeretur,
2862 2743 2918 2789 et
2943 2733 3149 2790 inﬂatio
3178 2753 3191 2788 :
3225 2735 3304 2790 sic
3328 2743 3382 2790 et
3409 2735 3528 2800 hic,

1955 2823 2098 2878 sicut
2125 2831 2182 2879 et
2203 2823 2258 2878 in
2282 2839 2442 2895 quam
2459 2825 2708 2895 plurimis
2724 2825 2887 2890 locis,
2915 2827 3058 2882 hunc
3084 2828 3379 2884 introducit
3401 2830 3529 2884 ado-

1954 2903 2246 2970 lescentem
2267 2954 2282 2981 ,
2303 2931 2424 2987 cum
2449 2914 2516 2970 de
2540 2915 2846 2986 repulsione
2864 2915 3172 2974 Judteorum
3192 2928 3246 2974 et
3268 2919 3532 2974 electione

1956 3005 2230 3076 gentium,
2283 3007 2601 3077 mysterium
2649 3021 2919 3077 exponere
2947 3008 3238 3072 voluisset.
3289 3011 3430 3080 quod
3477 3020 3534 3067 et

1961 3104 2109 3152 retro
2131 3093 2246 3164 jam
2283 3099 2820 3168 praemonstravimus
2847 3100 2904 3155 in
2933 3101 3187 3172 parvulis.
3217 3101 3370 3158 Unde
3393 3110 3448 3158 et
3475 3105 3528 3158 in

1963 3188 2069 3243 line
2094 3186 2253 3256 hujus
2293 3187 2396 3244 loci
2417 3231 2432 3254 ,
2464 3205 2584 3244 cum
2617 3191 2684 3244 ad
2712 3190 2933 3246 Petrum
2976 3207 3278 3248 sermonem
3319 3194 3533 3250 conclu-

1955 3281 2149 3347 sisset,
2175 3282 2282 3336 ait:
2311 3279 2470 3337 Multi
2495 3292 2650 3336 erunt
2684 3283 2950 3338 novissimi
2965 3285 3122 3355 primi
3140 3325 3155 3350 ,
3188 3294 3236 3338 et
3262 3286 3416 3355 primi
3439 3303 3533 3341 no-

1955 3376 2170 3430 vissimi.
2193 3376 2273 3430 Ac
2295 3375 2486 3430 deinde
2513 3390 2581 3430 ex
2607 3376 2711 3431 hoc
2737 3385 2903 3431 totam
2934 3376 3079 3432 illam
3121 3392 3242 3448 quae
3284 3379 3528 3448 sequitur

1955 3467 2271 3538 parabolam
2317 3467 2612 3537 componit.
2658 3466 2997 3538 Quapropter
3043 3477 3097 3523 et
3155 3469 3246 3523 hic
3291 3469 3527 3539 primum

1957 3560 2208 3630 proponit
2227 3559 2373 3614 hunc
2397 3559 2794 3614 adolescentem
2819 3558 3040 3615 divitem
3057 3601 3072 3626 ,
3099 3575 3164 3615 ac
3191 3559 3362 3616 levem
3385 3602 3399 3627 ,
3420 3561 3533 3632 glo-

1960 3653 2188 3708 riantem
2209 3693 2226 3719 ,
2258 3659 2316 3708 et
2363 3651 2594 3722 amplius
2639 3659 2908 3707 amantem
2941 3652 3084 3708 bona
3119 3667 3214 3708 sua
3260 3653 3534 3719 carnalia,

1960 3757 2121 3814 quam
2158 3741 2399 3798 coelestia
2425 3741 2626 3798 Christi
2657 3743 2956 3813 promissa,
2985 3753 3047 3798 ut
3083 3744 3138 3798 in
3173 3758 3404 3814 persona
3436 3745 3536 3799 hu—

1955 3832 2046 3903 jus
2071 3833 2430 3890 adolescentis
2457 3840 2568 3888 tota
2594 3832 2803 3890 Judaici
2830 3833 3012 3906 populi
3051 3833 3225 3890 forma
3261 3835 3534 3906 exprimac

1964 3933 2054 3980 tur
2075 3934 2131 3981 et
2156 3925 2339 3996 passio
2357 3965 2372 3991 ,
2401 3934 2623 3996 propter
2649 3940 2812 3996 quam
2839 3923 3058 3980 Christo
3093 3925 3316 3982 credere
3345 3926 3536 3982 nolue~

1964 4026 2126 4084 runt,
2172 4017 2226 4072 id
2269 4026 2354 4072 est
2403 4025 2624 4089 propter
2672 4017 2774 4073 sibi
2818 4016 3118 4088 placentia,
3175 4025 3396 4088 propter
3451 4017 3538 4086 ja-

1965 4108 2222 4164 ctantiam
2244 4149 2260 4175 ,
2291 4117 2512 4180 propter
2541 4117 2777 4180 quaestus
2811 4122 2946 4178 quos
2973 4108 3260 4180 capiebant
3301 4123 3369 4164 ex
3399 4108 3535 4178 lege.

1963 4198 2256 4270 Propterea
2311 4213 2644 4268 quaecunque
2697 4198 2951 4254 dicuntur
3011 4200 3077 4254 de
3138 4199 3542 4255 adolescentulo

1967 4290 2089 4357 illo,
2123 4291 2202 4347 sic
2237 4299 2364 4346 sunt
2392 4289 2736 4361 accipienda,
2769 4290 2926 4360 quasi
2966 4289 3036 4346 de
3078 4290 3274 4360 populo
3317 4288 3542 4345 Iudaico

1966 4383 2131 4438 dicta.
2163 4381 2420 4437 Judaicus
2464 4395 2594 4452 ergo
2643 4379 2873 4451 populus
2907 4389 3026 4436 erat
3071 4380 3385 4436 adolescens
3438 4394 3542 4434 non

1965 4481 2156 4542 aetate,
2193 4475 2288 4530 sed
2329 4473 2588 4528 levitate:
2623 4472 2865 4528 moribus
2897 4472 3252 4537 immaturus,
3295 4471 3391 4526 sed
3437 4485 3542 4525 non

1969 4567 2146 4623 annis.
2177 4565 2284 4622 Sed
2305 4575 2361 4622 et
2387 4566 2568 4621 omnia
2595 4565 2832 4621 carnalia
2859 4565 2990 4621 vitia
3017 4580 3111 4622 seu
3134 4565 3393 4638 juvenilia
3421 4580 3544 4635 ges-

1971 4660 2070 4725 sit,
2100 4657 2168 4712 de
2191 4657 2388 4728 quibus
2417 4655 2582 4728 799
2605 4655 2736 4710 dicit
2760 4656 3080 4728 Apostolus:
3113 4655 3379 4711 Juvenilia
3407 4655 3548 4708 desi-

1973 4749 2119 4804 deria
2145 4749 2266 4818 fuge
2291 4746 2379 4816 (ΙΙ
2411 4746 2546 4801 Tim.
2594 4763 2668 4814 tt,
2712 4747 2838 4820 22).
2869 4747 3325 4820 Superhissimum
3367 4755 3550 4800 autem

1969 4837 2206 4907 juvenile
2234 4837 2424 4891 vitium
2451 4846 2537 4893 est
2561 4837 2812 4909 gloriatio
2837 4853 2974 4894 vana
2992 4880 3009 4907 ,
3037 4853 3142 4910 qua
3168 4838 3291 4909 plus
3315 4835 3430 4891 vult
3471 4835 3550 4889 vi-

1974 4929 2089 4984 deri
2114 4944 2276 4998 quam
2305 4944 2458 4996 esse,
2492 4930 2905 5002 sicutpopulum
2929 4931 3238 4988 Iudaeorum
3269 4929 3440 4984 fuisse
3461 4942 3553 4984 co-

1974 5019 2301 5091 gnoscimus.
2341 5020 2418 5076 De
2454 5021 2651 5091 quibus
2678 5022 2938 5078 Dominus
2970 5041 2984 5078 :
3031 5021 3224 5076 Omnia
3259 5034 3414 5091 opera
3452 5035 3552 5073 sua

1972 5113 2171 5183 faciunt
2189 5153 2203 5177 ,
2230 5123 2286 5166 ut
2309 5113 2586 5169 videantur
2603 5115 2669 5170 ab
2690 5115 2986 5170 hominibus
3002 5156 3017 5181 ,
3041 5123 3090 5169 et
3109 5114 3334 5185 diligunt
3353 5111 3550 5184 primas

1973 5206 2248 5260 cathedras
2270 5207 2326 5260 in
2344 5209 2621 5278 synagogis
2638 5248 2654 5274 ,
2677 5217 2780 5264 etc.
2810 5206 3024 5280 (Matth.
3049 5221 3166 5272 nt,
3190 5205 3306 5277 25.)
3326 5203 3554 5274 Propter

1975 5297 2116 5366 quod
2144 5296 2270 5352 ﬂcui
2297 5307 2702 5372 comparantur,
2736 5299 3000 5354 habentes
3029 5297 3155 5353 folia
3187 5297 3306 5352 sine
3347 5294 3548 5351 fructu.

1975 5387 2042 5442 Et
2072 5388 2194 5444 vide
2225 5390 2278 5444 in
2308 5392 2531 5447 exordio
2570 5390 2894 5446 narrationis
2925 5391 3093 5460 ipsius
3121 5389 3304 5461 populi
3347 5403 3548 5443 mores.

1978 5477 2119 5533 Dicit
2158 5479 2302 5534 enim
2334 5499 2345 5534 :
2391 5480 2644 5552 Magister
2681 5480 2838 5543 bone,
2871 5480 2998 5550 quid
3040 5481 3158 5535 boni
3187 5469 3414 5553 faciam,
3443 5494 3545 5548 quo

1974 5571 2131 5624 vitam
2175 5581 2423 5626 (eternam
2470 5572 2804 5641 possideam?
2829 5571 2967 5640 Quia
3004 5587 3220 5644 semper
3254 5570 3551 5642 gloriantes

1976 5660 2030 5715 in
2057 5660 2174 5731 lege
2195 5702 2211 5728 ,
2237 5670 2292 5716 et
2311 5677 2409 5733 per
2435 5663 2930 5733 praevaricationem
2960 5664 3093 5735 legis
3112 5706 3128 5730 ,
3172 5662 3342 5718 Deum
3371 5660 3546 5717 exho~

1974 5761 2258 5807 norarunt.
2291 5753 2478 5808 Adhuc
2501 5754 2784 5811 considera
2811 5757 2937 5828 quia
2982 5756 3114 5812 nihil
3140 5757 3205 5812 de
3233 5753 3539 5826 cognitione

1977 5845 2071 5903 Dei
2103 5845 2426 5919 interrogat;
2457 5846 2586 5905 nihil
2615 5847 2681 5904 de
2707 5847 2838 5917 fide;
2869 5850 3001 5908 nihil
3026 5857 3086 5908 ut
3111 5848 3280 5905 Deum
3305 5858 3434 5902 vere
3456 5857 3551 5900 (ιο-
