4008 6354
440 386 443 390 ’
481 403 583 459 659

1259 403 1317 458 S.
1358 401 1709 459 PASCHASII
1748 402 2095 459 BADBERTI
2128 402 2416 458 ABBATIS
2454 398 2901 461 CORBEIENSIS

3619 406 3726 466 σοι)

479 531 738 605 gnoscere
768 517 966 588 possit,
1000 517 1095 572 sed
1120 517 1255 582 hoc,
1285 516 1553 588 quomodo
1580 532 1648 571 ex
1678 516 1937 575 faciendae
1968 518 2046 573 le-
2075 523 2123 579 Α
2150 532 2280 572 sona
2324 531 2448 572 cum
2474 514 2587 573 Deo
2616 517 2810 605 Verbo.
2840 518 2907 573 Et
2932 533 3040 605 non
3067 520 3296 577 attendit
3322 520 3465 593 quod
3502 518 3728 579 Verbu'nt

473 609 555 681 gis
579 609 831 680 operibus
870 609 1034 662 vitam
1082 617 1341 663 aeternam
1367 608 1656 679 possideat.
1687 608 1822 675 Quia
1872 609 2047 665 omnis

473 716 598 772 spes
658 702 845 755 salutis
902 698 1042 770 apud
1098 694 1311 754 Iudaeos
1373 697 1427 753 in
1480 699 1732 769 operibus
1789 706 1936 762 erat,
1993 709 2049 755 et

474 808 578 848 non
628 792 679 845 in
731 790 854 847 ﬁde.
906 789 1043 859 Quia
1081 780 1247 847 Israel
1285 792 1543 847 sectando
1582 792 1717 863 legis
1751 792 2047 863 justitiam,

475 882 527 937 in
575 881 745 953 legem
784 874 1005 950 justitiaé
1045 896 1150 937 non
1181 883 1457 952 pervenit,
1504 884 1629 954 quia
1670 900 1777 940 non
1814 900 1881 939 ex
1910 885 2046 950 ﬁde,

474 972 569 1028 sed
616 988 683 1027 ex
730 973 1004 1044 operibus.
1061 973 1130 1026 At
1181 972 1432 1029 Christus
1487 974 1940 1045 interrogantibus
1989 977 2052 1031 il-

472 1063 544 1119 lis
570 1063 735 1119 alibi:
770 1063 910 1131 Quid
948 1054 1199 1133 faciemus
1226 1076 1282 1120 ut
1314 1083 1583 1137 operemur
1622 1084 1751 1137 opus
1786 1068 1926 1124 Dei?
1962 1055 2085 1126 re?

474 1154 738 1228 spondit:
785 1155 901 1211 Hoc
943 1166 1014 1241 est
1075 1174 1201 1228 opus
1258 1156 1383 1223 Dei,
1439 1167 1494 1212 ut
1543 1160 1769 1214 credatis
1824 1163 1879 1215 in
1933 1179 2051 1216 eum

479 1264 630 1320 quem
658 1247 748 1304 ille
774 1249 912 1303 misit
944 1242 1125 1319 (Juun.
1160 1265 1210 1304 vi
1230 1290 1245 1314 ,
1270 1249 1383 1315 29).
1425 1250 1503 1305 illi
1531 1260 1714 1306 autem
1738 1267 1874 1322 opus
1896 1253 2050 1323 agni-

480 1339 646 1397 tionis
675 1328 770 1397 Dei
802 1341 1134 1413 negligentes
1159 1356 1372 1413 semper
1397 1342 1450 1398 in
1477 1344 1730 1413 operibus
1750 1344 2053 1415 gloriaban-

480 1434 599 1496 tur;
635 1416 777 1485 etde
804 1430 1059 1503 operibus
1092 1430 1256 1503 legis,
1282 1432 1435 1500 quasi
1465 1446 1533 1487 ex
1560 1415 1915 1503 praerogativa
1955 1449 2051 1502 pa-

482 1524 622 1575 trum
642 1562 656 1589 ,
683 1500 955 1592 justitiam
983 1514 1077 1577 Dei
1103 1500 1518 1593 applaudebant.
1549 1500 1618 1577 Et
1651 1500 1935 1593 propterea
1957 1500 2052 1578 Dei

483 1612 815 1682 agnitionem
844 1614 1230 1689 perdiderunt,
1255 1625 1310 1669 et
1336 1630 1499 1685 opera
1520 1614 1746 1683 iustitiae
1780 1631 2055 1686 nunquam

483 1702 877 1775 impleverunt:
904 1705 1029 1775 quia
1075 1705 1249 1761 virtus
1294 1704 1552 1761 faciendae
1585 1704 1809 1775 justitiae
1852 1707 2057 1776 agnitio
2092 1732 2097 1738 -

480 1804 581 1850 est.
612 1790 710 1851 Cui
739 1797 870 1863 dicit
893 1794 1049 1851 Jesus
1092 1815 1103 1850 :
1150 1795 1288 1875 Quid
1320 1813 1401 1851 me
1438 1796 1570 1851 dicis
1617 1796 1847 1850 bonum?
1887 1796 2056 1852 Nemo

2149 623 2273 663 caro
2302 609 2499 679 factum
2520 617 2595 663 est
2626 604 2809 680 (lauit;
2837 624 2890 677 ι,
2922 596 3031 682 η).
3058 606 3223 678 Qdasi
3258 608 3363 667 non
3405 608 3475 669 sit
3503 606 3729 669 n'aiiird-

2149 698 2294 764 liter,
2340 699 2505 755 etiam
2568 701 2743 756 bonus
2787 700 2948 756 homo
2990 701 3256 758 Christus.
3289 698 3454 771 Quasi
3514 705 3585 759 de
3654 699 3731 760 vi—

2153 796 2283 850 tiata
2312 797 2545 852 hominis
2593 800 2820 862 natura,
2850 797 3014 853 homo
3056 808 3216 854 natus
3248 800 3326 855 sit
3369 794 3515 871 ipse,
3567 790 3625 857 et
3662 800 3734 858 de

2152 892 2329 941 massa
2360 886 2697 955 perditionis.
2745 886 2861 941 Non
2887 886 3196 943 considerat
3239 887 3423 953 miser,
3461 886 3609 958 quod
3632 888 3734 944 ni-

2152 985 2350 1034 tescat
2372 978 2437 1032 de
2471 984 2659 1033 sancta
2688 978 2940 1050 Virgine,
2971 980 3026 1035 et
3055 992 3121 1034 ex
3153 976 3358 1050 Spiritu
3389 978 3583 1038 sancto
3606 976 3737 1052 pro.

2153 1078 2400 1133 creatus,
2436 1070 2582 1125 nulla
2630 1076 2811 1126 tamen
2837 1084 2904 1127 ex
2951 1072 3385 1142 concupiscentia
3430 1074 3646 1137 carnis;
3680 1070 3737 1131 et

2154 1161 2275 1217 ideo
2314 1158 2479 1217 etiam
2513 1160 2807 1219 sectintium
2837 1170 3055 1219 carnem
3100 1150 3247 1236 quod
3270 1156 3435 1220 iidiitti
3456 1158 3570 1232 est,
3609 1161 3739 1223 νεὼ

2153 1251 2513 1307 essentiaiiter
2559 1259 2644 1307 est
2684 1254 2877 1309 bands.
2929 1252 3221 1323 Propterea
3264 1256 3372 1310 non
3404 1250 3575 1321 diiii,
3608 1256 3739 1326 quia

2153 1356 2263 1397 non
2292 1354 2411 1397 sum
2456 1350 2554 1414 ego
2599 1344 2805 1410 bonus,
2850 1345 3003 1414 (iussi
3043 1343 3281 1411 diceret;
3330 1346 3525 1402 falsum
3568 1344 3736 1416 e'ssei;

2156 1431 2289 1497 sed,
2345 1446 2505 1487 nemo
2570 1432 2743 1488 bonus
2799 1434 2903 1490 nisi
2963 1436 3109 1491 solus
3170 1434 3343 1504 Dciis;
3404 1436 3591 1494 voleiis
3643 1452 3741 1506 se,

2156 1521 2301 1591 quod
2323 1536 2455 1577 vere
2481 1531 2635 1587 erat,
2664 1523 2942 1579 insinuare
2980 1526 3166 1581 Deum.
3197 1525 3335 1594 Quia
3376 1528 3433 1583 in
3484 1526 3741 1596 Christo,

2156 1626 2225 1667 ex
2281 1624 2391 1682 quo
2447 1613 2502 1666 in
2569 1621 2727 1668 utere
2786 1614 3019 1685 Virginis
3074 1628 3368 1688 conceptus
3425 1615 3542 1683 est;
3605 1618 3746 1675 nihil

2159 1701 2307 1756 aliud
2351 1717 2513 1772 quam
2553 1701 2697 1759 Deus
2743 1703 2877 1771 fuit;
2924 1706 3053 1775 quia
3091 1707 3229 1763 Deus
3272 1710 3328 1762 et
3368 1705 3564 1774 homd;
3602 1706 3749 1764 sient

2161 1805 2300 1845 unus
2326 1790 2595 1857 Christus,
2638 1793 2717 1847 ita
2742 1804 2957 1849 etunns
3001 1796 3142 1851 Deus
3184 1797 3317 1862 iuit,
3351 1806 3600 1867 unuSqne
3633 1802 3749 1853 ine-

481 1880 643 1939 bonus
682 1885 783 1939 nisi
807 1902 943 1941 unus
975 1885 1130 1940 Deus.
1171 1886 1373 1955 Arguta
1410 1885 1730 1956 responsio:
1772 1900 1878 1941 non
1914 1886 2060 1956 quod

2172 1882 2341 1938 diator
2364 1881 2459 1937 Dei
2486 1891 2542 1937 et
2566 1883 2881 1949 hominum,
2920 1890 2975 1940 et
3018 1887 3141 1941 ideo
3180 1888 3235 1941 in
3276 1894 3510 1958 utraque
3547 1894 3748 1943 natura

483 1992 588 2031 non
638 1986 781 2032 esset
829 1976 1000 2031 bonus
1044 1978 1188 2046 ipse,
1242 1972 1365 2031 cum
1413 1986 1555 2032 esset
1610 1970 1778 2031 Filius
1830 1976 1957 2042 Dei,
2008 1987 2064 2037 et

484 2065 599 2135 ipse
636 2064 798 2121 Deus.
853 2052 961 2121 Sed
996 2067 1069 2119 ita
1119 2064 1334 2121 Judaeos
1381 2076 1598 2121 revocat
1642 2081 1740 2136 per
1782 2066 1974 2133 istum,
2004 2075 2064 2121 ut

485 2142 888 2231 intelliganiiet
943 2156 1115 2226 ipsum
1167 2156 1369 2221 Deum,
1425 2172 1549 2213 cum
1601 2158 1674 2214 sit
1721 2159 1835 2230 ipse
1885 2158 2060 2225 Deus,

485 2226 611 2302 lioiii
656 2224 747 2302 Dei
793 2224 994 2312 Filius,
1036 2258 1089 2302 et
1131 2249 1263 2304 nihil
1309 2250 1450 2304 aliud
1483 2265 1645 2323 quam
1686 2224 1859 2307 bonus
1898 2253 2058 2309 Deus.

486 2330 621 2405 Quia
667 2334 843 2395 bdnus
891 2340 1031 2396 Deus
1069 2340 1247 2406 Pater,
1292 2341 1465 2398 bonus
1492 2342 1633 2398 Deus
1662 2342 1862 2409 Filius,
1893 2346 2065 2401 bonus

488 2428 630 2486 Deus
671 2440 721 2486 et
782 2428 1015 2502 Spiritus
1071 2442 1311 2488 sanctus.
1367 2432 1434 2487 Et
1486 2450 1592 2490 non
1646 2442 1758 2490 tres
1805 2434 1911 2501 dii,
1970 2435 2064 2490 sed

485 2539 624 2577 unus
663 2520 837 2578 bonus
888 2523 1047 2579 Deus.
1102 2520 1178 2578 Ac
1224 2540 1322 2595 per
1367 2524 1470 2580 hoc
1531 2540 1640 2580 non
1682 2504 1852 2589 dixit,
1906 2540 2066 2580 nemo

486 2611 659 2667 bonus
711 2611 812 2667 nisi
861 2612 1007 2667 solus
1034 2606 1214 2677 Pater,
1254 2615 1345 2670 sed
1401 2629 1559 2670 nemo
1594 2614 1799 2681 bonus,
1841 2614 1942 2670 nisi
1974 2629 2063 2668 so-

486 2704 570 2760 lus
619 2704 789 2770 Deus;
841 2722 908 2761 eo
933 2707 1075 2775 quod
1101 2707 1218 2762 ista:
1249 2717 1361 2762 tres
1396 2721 1643 2778 persona:
1673 2721 1781 2761 non
1808 2714 1937 2761 sunt
1961 2707 2064 2761 nisi

489 2810 627 2849 unus
676 2794 836 2850 Deus.
891 2794 1273 2850 Verumtamen
1322 2790 1579 2852 Judaicus
1640 2796 1868 2868 populus
1908 2797 2066 2851 unius

493 2882 586 2937 Dei
613 2880 816 2939 habens
836 2878 1230 2956 cognitionem,
1260 2900 1359 2941 nec
1385 2885 1579 2941 Filium
1611 2868 1740 2952 Dei,
1772 2901 1870 2942 nec
1899 2888 2065 2943 Deum

492 2976 693 3030 trinum
741 2977 791 3030 in
826 2974 1070 3046 personis
1092 3018 1105 3044 ,
1147 2994 1383 3048 unquam
1422 2978 1723 3051 intelligere
1745 2980 1929 3034 voluit.
1958 2979 2069 3035 Hac

495 3067 705 3121 ratione
734 3056 982 3123 Christus
1014 3067 1226 3123 laudem
1255 3054 1358 3122 sibi
1388 3068 1624 3123 oblatam
1652 3069 1719 3123 ab
1745 3083 1809 3124 eo
1847 3067 2066 3138 repulit,

492 3162 619 3232 quia
665 3178 772 3217 non
817 3158 970 3232 quasi
1020 3160 1186 3218 Deum
1231 3163 1430 3239 bonum
1478 3171 1765 3219 veneratus
1810 3172 1928 3229 est,
1975 3165 2069 3219 sed

2162 1973 2323 2045 θοι
2361 1982 2503 2029 totus
2528 1974 2720 2038 bonus,
2743 1975 2868 2044 quia
2898 1972 3044 2030 totus
3069 1978 3212 2032 Dens
3237 1976 3357 2031 fuit:
3383 1975 3525 2032 Ecce
3545 1974 3753 2034 iraith

2166 2064 2218 2119 in
2250 2066 2364 2135 ipsa
2402 2066 2700 2133 eademque
2727 2066 3015 2131 sententia,
3058 2066 3124 2122 de
3172 2068 3279 2138 qua
3314 2068 3554 2123 uiuenti
3586 2064 3749 2124 etiam

2164 2157 2402 2227 gaudent
2437 2164 2493 2211 et
2530 2164 2799 2211 conantur
2827 2160 3073 2214 astruere
3101 2160 3447 2229 pravitatem,
3473 2154 3754 2230 quomodo

2167 2256 2602 2317 prosternuntur.
2625 2248 2757 2303 Tam
2770 2248 3037 2306 Photinus
3052 2260 3215 2321 quam
3236 2252 3289 2306 et
3303 2252 3515 2318 Atrius;
3533 2253 3752 2308 necnon

2166 2347 2219 2396 et
2263 2338 2479 2409 reliqui,
2506 2340 2597 2409 qui
2645 2339 2922 2396 Christum
2973 2341 3308 2398 solummodo
3337 2344 3613 2398 hominem
3663 2343 3750 2400 di-

2166 2440 2318 2494 cunt,-
2344 2440 2438 2486 ant
2478 2432 2786 2501 adoptivum
2826 2434 2920 2487 Dei
2944 2430 3161 2488 Filium.
3193 2433 3309 2489 Nan
3350 2436 3495 2490 enim
3546 2435 3604 2489 in
3649 2435 3755 2492 hae

2169 2521 2435 2576 sententia
2458 2536 2519 2576 se
2544 2520 2793 2577 Christus
2816 2524 3031 2593 negavit
3059 2525 3277 2588 bonum,
3310 2539 3433 2580 cum
3458 2520 3555 2589 ait,
3588 2526 3754 2581 nemo

2165 2611 2340 2666 bonus
2378 2612 2479 2666 nisi
2524 2611 2670 2667 solus
2719 2612 2881 2677 Deus,
2927 2613 3019 2667 sed
3067 2627 3127 2668 se
3166 2623 3290 2669 cum
3327 2613 3509 2680 Patre;
3542 2622 3599 2669 et
3623 2618 3752 2669 ruta

2171 2700 2374 2771 Spiritu
2397 2709 2604 2767 sancto,
2630 2700 2777 2756 salva
2812 2703 3138 2773 proprietate
3167 2704 3332 2759 trium
3359 2698 3748 2773 persdnarnm,

2168 2790 2406 2844 ostendit
2450 2805 2614 2844 unum
2658 2790 2826 2846 Deum
2867 2792 3149 2862 ipsumque
3190 2793 3242 2847 in
3274 2792 3541 2848 Trinitate
3572 2786 3758 2863 perie-

2172 2889 2317 2936 ctum
2344 2889 2397 2935 et
2426 2880 2647 2936 bonum.
2689 2881 2757 2936 Et
2798 2882 3049 2940 ideonon
3089 2885 3244 2951 dixit,
3292 2885 3418 2955 quis
3468 2886 3577 2939 ndn
3630 2892 3756 2940 sum

2171 2987 2269 3042 ego
2299 2972 2503 3038 bonus;
2543 2986 2716 3042 neque
2742 2972 2880 3027 dixit
2904 2973 3050 3030 soius
3073 2974 3234 3030 Pater
3270 2984 3357 3029 est
3383 2975 3576 3036 boans,-
3608 2975 3760 3045 quod

2173 3061 2457 3116 relativum
2483 3070 2565 3118 est
2595 3077 2813 3129 nomen,
2837 3064 2932 3120 sed
2959 3065 3053 3130 ait,
3085 3072 3243 3120 nemo
3276 3065 3450 3120 bonus
3472 3066 3578 3120 nisi
3605 3065 3761 3121 solus

2175 3145 2335 3210 Deus.
2392 3154 2526 3221 Quia
2571 3154 2756 3221 Pater,
2798 3165 2856 3211 et
2898 3155 3087 3222 Filius,
3128 3167 3183 3212 et
3224 3155 3465 3227 Spiritus
3504 3166 3759 3224 sanctus,

493 3253 646 3325 quasi
671 3242 941 3310 hominem
960 3297 973 3319 ,
998 3257 1199 3331 bonum
1221 3269 1344 3312 eum
1365 3255 1595 3311 dicebat.
1624 3254 1776 3310 Unde
1804 3265 2066 3327 quantum
2095 3254 2140 3317 Β
2174 3261 2314 3331 unus
2340 3255 2424 3301 εει
2453 3246 2612 3302 θθυθο
2639 3246 2787 3302 Alias
2816 3255 2995 3301 θυῑθιη
3034 3248 3102 3304 δε
3132 3249 3311 3319 ⁸⁸⁵1³³0
3339 3249 3417 3303 ³η
3446 3267 3462 3303 ³
3497 3247 3617 3319 39"
3638 3262 3760 3303 ³³³⁸⁸

496 3345 563 3401 ad
597 3344 813 3401 Iudaeos
847 3340 1081 3431 spectat,
1115 3348 1205 3431 qui
1226 3363 1404 3431 unum
1435 3349 1602 3404 Deum
1633 3348 1752 3402 C(Bli
1782 3348 1949 3420 βω
1982 3363 2071 3404 co-

495 3434 709 3503 lebant,
743 3446 799 3494 et
827 3426 1117 3521 Chris’ium'
1138 3426 1229 3495 Dei
1261 3426 1455 3521 Filium
1488 3454 1594 3495 non
1634 3440 2068 3510 cognoscebant,

496 3547 654 3587 nemo
678 3544 793 3586 erat
814 3520 988 3587 bonus
1017 3508 1119 3586 nisi
1144 3548 1280 3588 unus
1298 3510 1465 3615 JDeus.
1494 3532 1650 3602 Apud
1681 3532 1867 3605 ﬁdeles
1892 3543 2070 3588 autem

496 3621 635 3676 sicut
665 3637 804 3677 unus
827 3620 969 3678 Deus
997 3616 1158 3677 Pater
1186 3630 1269 3677 est
1294 3622 1467 3677 bonus
1485 3663 1501 3687 ,
1544 3622 1623 3677 sic
1670 3631 1725 3677 et
1754 3616 2074 3694 Unigenitus

498 3711 639 3767 Dens
668 3711 839 3766 bonus
859 3753 873 3777 ,
918 3712 1079 3782 atque
1130 3696 1367 3781 Spiritus
1393 3719 1616 3766 sanctus
1644 3726 1781 3765 unus
1808 3712 1951 3767 Dens
1981 3713 2075 3767 ho-

498 3818 627 3867 nus;
660 3808 767 3858 non
805 3811 916 3857 tres
946 3801 1209 3872 siquidem
1242 3800 1365 3855 boni
1390 3843 1403 3866 ,
1434 3801 1528 3856 sed
1549 3817 1685 3855 unus
1711 3799 1853 3856 Deus
1880 3802 2070 3865 bonus,

496 3896 717 3946 sanctus
755 3899 808 3946 et
855 3889 1067 3959 justus,
1096 3892 1150 3945 ei
1176 3886 1357 3945 omnia
1390 3884 1476 3944 illa
1504 3906 1622 3961 quae
1651 3892 1715 3946 de
1752 3891 1865 3948 Deo
1892 3907 2075 3947 essen»

498 3981 699 4036 tialiter
748 3981 1017 4036 dicuntur.
1068 3974 1277 4037 idcirco
1309 3988 1414 4035 non
1454 3997 1485 4035 a
1526 3982 1740 4036 deitatis
1783 3998 1842 4038 se
1884 3991 2076 4059 natura

499 4072 765 4137 exclusit,
798 4073 889 4127 sed
920 4072 1093 4142 ipsam
1118 4072 1365 4127 naturam
1392 4073 1586 4127 bonam
1614 4072 1711 4127 Dei
1743 4073 1930 4143 utique
1964 4074 2077 4128 lau-

498 4166 665 4222 davit.
700 4152 917 4221 Boniias
961 4181 1091 4238 ergo
1124 4166 1178 4220 in
1227 4154 1417 4220 natura
1448 4176 1561 4231 est,
1609 4168 1662 4221 et
1710 4183 1814 4222 non
1854 4167 1905 4221 in
1951 4167 2079 4221 vitio

504 4259 802 4325 mendacii;
830 4260 955 4329 quia
981 4261 1148 4335 omnis
1177 4260 1332 4314 homo
1364 4260 1589 4314 mendax
1613 4257 1785 4331 (Psal.
1816 4275 1938 4325 ειν,
1970 4260 2076 4332 Η).

500 4350 713 4405 Natura
738 4366 865 4406 vero
892 4349 986 4406 Dei
1017 4342 1130 4422 ipse
1162 4342 1333 4406 Filius
1361 4361 1445 4406 est
1466 4392 1481 4418 ,
1511 4350 1635 4422 quia
1666 4368 1731 4406 ex
1778 4351 1888 4407 Deo
1917 4350 2080 4407 Patre

503 4453 660 4499 natus
686 4452 800 4509 est,
830 4452 884 4498 et
919 4442 1022 4499 hoc
1051 4430 1135 4500 est
1175 4445 1315 4515 quod
1364 4444 1542 4500 Pater.
1571 4446 1636 4501 Et
1668 4446 1788 4500 ideo
1821 4446 1963 4516 quod
1992 4445 2081 4501 ille

505 4548 608 4588 non
637 4532 890 4588 credebat
916 4534 1541 4601 adolescens,Cbristus
1588 4536 1865 4607 adiunxit,
1917 4546 1975 4590 ut
2020 4552 2079 4592 se

2172 3330 2353 3405 pastor
2387 3335 2549 3390 bonus
2577 3334 2757 3405 (Joan.
2787 3350 2865 3401 si,
2898 3337 3005 3407 Η).
3029 3336 3243 3392 Etalibi
3269 3355 3282 3388 :
3316 3338 3398 3391 Att
3423 3337 3612 3392 oculus
3637 3345 3761 3390 tuus

2175 3418 2395 3495 nequam
2421 3435 2518 3490 est,
2539 3426 2666 3495 quia
2686 3442 2778 3496 ego
2795 3427 2959 3481 bonus
2984 3444 3099 3481 sunt
3115 3427 3141 3480 ?
3162 3426 3371 3493 (Matth.
3396 3442 3488 3492 xx,
3510 3427 3593 3498 ὅ.)
3615 3425 3765 3493 Qua-

2174 3524 2394 3586 propter
2424 3531 2528 3570 non
2569 3531 2629 3571 se
2674 3516 2886 3587 negavit
2927 3516 3275 3588 Magistrum;
3322 3518 3449 3587 quia
3500 3517 3767 3590 Magister

2175 3606 2439 3689 omnium,
2466 3614 2525 3659 ut
2553 3606 2665 3677 ipse
2690 3607 2766 3660 ait
2796 3607 2861 3661 de
2895 3621 2976 3669 se,
3005 3623 3143 3664 unus
3169 3616 3252 3662 est
3279 3606 3548 3663 Christus.
3574 3606 3770 3678 Neque

2182 3708 2241 3751 ut
2273 3694 2442 3762 Felix,
2475 3697 2581 3752 imo
2618 3706 2675 3750 ut
2698 3697 2882 3752 in‘elix
2919 3699 3430 3763 meutitnr,omaino
3459 3713 3518 3753 se
3543 3699 3771 3768 negavit

2178 3789 2403 3857 bonum,
2450 3791 2542 3846 sed
2588 3791 2773 3846 docuit
2810 3791 2952 3859 quod
2997 3800 3114 3845 erat
3143 3792 3210 3846 de
3255 3802 3334 3855 se,
3364 3800 3424 3845 ut
3468 3798 3617 3847 totus
3647 3790 3769 3859 ipse

2180 3884 2430 3939 Christus
2460 3882 2604 3937 Deus
2632 3891 2683 3938 et
2705 3881 2867 3937 homo
2892 3881 3280 3952 intelligeretur
3323 3892 3464 3937 unus
3490 3880 3631 3936 Deus
3664 3882 3769 3935 ho-

2183 3992 2305 4037 nus,
2336 3983 2390 4028 et
2431 3982 2710 4028 amaretur
2754 3973 2809 4028 in
2846 3973 3111 4029 Trinitate
3140 3972 3410 4044 perfectus
3453 3972 3620 4036 Deus,
3651 3984 3768 4027 nOn

2183 4070 2389 4125 divisus
2416 4068 2466 4122 in
2500 4082 2558 4122 se
2587 4066 2857 4132 Christus,
2893 4074 2950 4120 ut
2977 4067 3063 4122 hic
3090 4067 3231 4122 male
3261 4066 3513 4136 desipuit,
3536 4074 3596 4121 ut
3621 4065 3772 4121 alter

2183 4168 2327 4214 esset
2374 4158 2537 4225 Deus,
2580 4166 2635 4214 et
2674 4158 2807 4213 alter
2839 4159 3020 4223 homo,
3066 4157 3308 4226 alterque
3357 4157 3618 4227 proprius
3666 4157 3769 4212 Dei

2183 4249 2371 4313 Filius,
2402 4259 2455 4305 et
2484 4251 2621 4305 alter
2659 4250 2959 4319 adoptivus,
3007 4250 3102 4304 sed
3135 4260 3272 4304 unus
3319 4248 3569 4317 idemque
3616 4257 3773 4303 totus

2185 4341 2347 4404 Deus,
2397 4348 2540 4395 totus
2595 4340 2787 4404 bonus,
2838 4348 3087 4409 totusque
3129 4339 3398 4409 proprius,
3438 4338 3565 4406 quia
3622 4355 3772 4396 unus

2184 4431 2434 4501 idemque
2458 4441 2541 4486 eet
2562 4432 2655 4486 Dei
2685 4431 2868 4487 Filius.
2900 4430 2964 4485 Et
2996 4433 3097 4486 hoc
3121 4446 3224 4487 non
3252 4430 3545 4485 secundum
3564 4444 3772 4487 sonitum

2183 4527 2334 4581 vocis
2364 4525 2622 4579 Dominus
2656 4534 2709 4580 et
2754 4524 3023 4586 Salvator,
3070 4524 3224 4594 quasi
3271 4525 3433 4579 homo
3463 4525 3770 4593 reapoudit,

504 4622 598 4679 Del
626 4622 816 4679 F.1ium
842 4666 856 4691 ,
890 4638 996 4695 non
1031 4626 1199 4682 solum
1231 4628 1430 4683 bonum
1462 4643 1530 4684 ex
1559 4637 1713 4698 parte
1740 4628 2074 4699 Magistrum’
2105 4610 2159 4672 Β
2183 4618 2279 4673 88ιῖ
2326 4617 2541 4688 proprie
2588 4618 2882 4672 secundum
2935 4616 3222 4680 deitatem;
3274 4616 3398 4685 quia
3449 4615 3618 4670 salius
3668 4615 3773 4669 Dei

502 4730 689 4770 verum
746 4712 908 4771 etiam
958 4710 1242 4772 Dominum
1288 4714 1487 4774 bonum
1537 4719 1784 4775 crederet
1829 4734 1895 4773 ex
1943 4727 2074 4774 toto.

503 4798 641 4875 Quid
670 4804 834 4881 igitur
861 4802 1056 4865 mirum
1088 4810 1134 4866 si
1162 4798 1251 4866 hic
1274 4798 1585 4892 adolescens
1612 4821 1819 4869 tantum
1860 4814 2075 4883 desipit,

504 4911 563 4955 ut
586 4918 709 4981 eum
740 4894 1005 4981 vernm‘e'l
1028 4894 1222 4975 purum
1253 4913 1404 4973 putet
1434 4905 1706 4981 hominem
1729 4945 1742 4968 ,
1776 4919 1897 4959 cum
1925 4903 2079 4958 Felix

504 4976 792 5047 lizereiieus
815 4968 1034 5063 quidam
1055 5033 1068 5058 ,
1097 4982 1187 5062 qui
1218 5006 1388 5061 nuper
1423 4968 1704 5047 damnatus
1742 5002 1856 5059 est,
1886 4992 2083 5047 dixerit

507 5095 627 5135 eum
653 5078 1076 5153 nuncupativum
1120 5097 1271 5146 esse,
1303 5091 1358 5136 et
1387 5097 1491 5137 non
1519 5097 1742 5147 verum;
1774 5082 2083 5151 adoptivum

507 5166 720 5241 quoque
743 5164 968 5234 Filium,
1014 5170 1068 5226 et
1114 5164 1218 5226 non
1249 5169 1730 5245 proprium,juxta
1776 5172 2082 5237 hominem;

505 5261 659 5331 quasi
690 5260 742 5315 in
772 5254 991 5317 Cbrisio
1019 5260 1124 5315 duo
1156 5258 1263 5317 sint
1288 5258 1402 5315 filii.
1443 5248 1597 5322 ideo.
1629 5260 1833 5329 inquit,
1865 5275 1972 5315 non
2003 5268 2087 5315 est

508 5344 701 5420 passus
716 5350 983 5407 sebonum
1008 5353 1210 5417 dicere,
1228 5350 1351 5421 quia
1369 5366 1524 5405 nemo
1554 5350 1657 5405 nisi
1680 5349 1826 5405 solus
1848 5358 1902 5404 et
1925 5366 2087 5406 verus

511 5436 651 5498 Dens
669 5452 753 5498 est
772 5434 963 5499 bonus.
981 5442 1036 5498 In
1054 5452 1258 5497 tantum
1284 5436 1450 5514 igitur
1465 5457 1492 5495 a
1511 5440 1781 5497 Deisolius
1800 5441 2081 5506 societate,

508 5522 631 5601 quia
669 5534 833 5590 homo
866 5535 1116 5605 dignatus
1145 5544 1229 5590 est
1257 5532 1394 5599 ﬁeri,
1439 5542 1668 5589 conatur
1682 5548 1802 5587 eum
1828 5531 2083 5599 avellere,

507 5633 563 5679 et
588 5624 655 5678 ab
681 5628 827 5680 omni
857 5622 1099 5681 bonitate
1129 5631 1336 5681 natura:
1363 5645 1373 5679 :
1404 5620 1474 5680 ita
1508 5633 1567 5679 ut
1596 5640 1693 5679 nec
1736 5638 1832 5694 per
1861 5623 1915 5678 id
1941 5622 2084 5694 quod

509 5715 672 5768 homo
700 5724 813 5780 est,
845 5715 1203 5770 essentialiler
1245 5716 1314 5769 sit
1340 5712 1548 5781 bonus,
1590 5700 1682 5771 sed
1726 5716 2087 5785 nuncupative

509 5814 765 5877 tanquam
793 5806 1017 5878 quilibet
1046 5806 1208 5860 homo
1231 5820 1428 5876 purus,
1461 5807 1551 5877 qui
1583 5822 1686 5861 non
1712 5815 1799 5861 est
1834 5821 1941 5861 una
1966 5821 2086 5877 per-

2184 4717 2269 4765 cst
2315 4709 2476 4763 corda
2530 4708 2845 4778 conspicere
2900 4707 3269 4778 singulorum,
3311 4715 3366 4762 et
3405 4706 3775 4776 cogitationes

2186 4799 2495 4855 discernere
2520 4799 2782 4853 omnium.
2816 4798 3040 4861 idcirco,
3075 4812 3179 4851 non
3223 4797 3291 4851 ad
3316 4795 3634 4857 clamorem,
3668 4806 3775 4849 ne-

2186 4908 2291 4961 que.
2322 4891 2388 4945 ad
2416 4890 2656 4945 favorem
2683 4889 2824 4943 illius
2859 4888 3176 4959 hypocritas,
3207 4886 3430 4941 audiens
3464 4885 3774 4955 respnndit,

2190 4983 2283 5040 sed
2315 4983 2379 5036 ad
2406 4980 2683 5053 perﬁdiam
2713 4998 2817 5036 non
2847 4980 3134 5035 credentis.
3164 4979 3231 5033 Et
3266 4978 3535 5046 redarguit
3558 4977 3779 5032 iratuiis

2187 5074 2559 5137 calliditatem,
2586 5073 2710 5142 quia
2739 5072 2917 5126 cordis
2950 5069 3185 5123 tabulam
3217 5070 3360 5123 intus
3387 5069 3502 5137 ipse
3534 5067 3775 5137 legebat,

2188 5163 2310 5219 dolo
2341 5164 2739 5233 conscriptam;
2777 5171 2829 5216 et
2865 5164 2916 5214 in
2952 5160 3070 5230 ipso
3100 5158 3215 5227 jam
3245 5158 3587 5215 adolescente
3625 5158 3779 5214 hunc

2188 5254 2479 5308 damnabat
2513 5252 2841 5313 hmreticum,
2880 5252 2970 5320 qui
3015 5251 3287 5306 Christum
3316 5249 3590 5306 hominem
3614 5259 3781 5303 extra

2188 5345 2355 5400 Deum
2394 5345 2547 5410 facit;
2591 5353 2646 5399 ct
2688 5344 2807 5398 ideo
2833 5343 2961 5397 dicit
3009 5358 3068 5397 se
3106 5356 3334 5411 negasse
3376 5340 3596 5394 bonum.
3622 5337 3782 5393 Praxo

2188 5438 2375 5492 sertim
2417 5452 2539 5491 cum
2580 5435 2829 5490 Christus
2861 5433 3123 5507 simplicis
3175 5431 3413 5501 Magistri
3448 5428 3782 5484 vocabulum

2189 5543 2295 5584 non
2342 5528 2554 5599 refugit,
2604 5541 2701 5581 nec
2744 5526 2981 5582 favorem
3028 5527 3163 5580 tanti
3216 5524 3481 5588 nominis;
3521 5521 3782 5591 sedqnia

2190 5621 2302 5691 ipse
2334 5620 2510 5675 adhuc
2538 5634 2712 5674 caecus
2748 5619 2910 5674 corde
2940 5634 3044 5673 non
3078 5618 3244 5672 Deum
3287 5626 3342 5672 et
3388 5616 3660 5672 hominem
3696 5614 3783 5668 si-

2192 5713 2300 5768 mul
2341 5729 2464 5769 eum
2513 5727 2633 5767 esse
2676 5710 2949 5774 eiedebat,
2981 5711 3072 5765 sed
3119 5724 3314 5779 purum
3361 5717 3566 5765 tantum
3598 5706 3786 5761 homi—

2195 5822 2316 5861 nem
2361 5806 2461 5862 sub
2506 5804 2745 5877 Dlagistri
2792 5804 3007 5859 nomine
3044 5804 3350 5876 appellavit,
3383 5803 3474 5874 qui
3512 5802 3785 5859 detinent
