4008 6354
1016 340 1376 400 ειροειτιο
1410 340 1477 398 ΙΝ
1514 336 1945 396 ΜΑΤΤΙΙᾹΕυΙ.
1989 368 2055 378 --
2094 338 2217 393 L18.
2258 336 2347 403 IX,
2392 337 2541 393 CAP.
2583 337 2722 392 XIX.

3385 336 3488 388 662

231 474 357 514 eum
406 472 534 512 vere
606 458 894 511 Dominum
942 455 1168 510 credere
1206 460 1262 509 et
1300 455 1565 510 conﬁteri.
1613 452 1812 507 Tamen
1839 455 1889 515 Α
1919 451 2048 517 Deo,
2077 466 2201 506 cum
2228 451 2573 506 immolarunt
2601 451 2771 506 idolis.
2808 451 2931 505 Non
2951 451 3149 519 furtum
3174 451 3352 520 fades.
3381 448 3487 503 Fu-

228 563 361 620 ergo
380 549 519 603 dixit
539 548 643 603 iste
680 563 789 603 non
822 546 1184 603 essentialiter
1215 551 1435 611 bonum,
1471 546 1685 616 qualem
1725 546 1811 600 ille

228 639 574 703 adolescens,
595 647 650 695 et
670 637 1007 709 Magistrum,
1035 637 1200 708 802
1222 637 1325 691 hoc
1352 646 1439 691 est
1460 651 1659 706 purum
1680 651 1811 691 cono

226 728 407 785 fessus
427 739 517 784 est
538 729 847 793 hominem;
893 728 1057 783 etiam
1099 742 1205 781 non
1246 727 1469 791 bonum,
1498 726 1646 796 quia,
1674 726 1812 780 sicut

226 818 315 874 hic
337 817 480 882 vult,
513 834 618 873 non
646 826 731 873 est
758 830 923 872 ausus
965 815 1215 871 Christus
1255 830 1313 870 se
1368 816 1548 870 dicere
1588 814 1808 879 bonum,

224 910 349 979 quia
381 924 550 965 nemo
574 910 747 966 bonus
774 909 881 964 nisi
915 909 1062 964 solus
1086 908 1248 964 Deus.
1285 907 1468 963 Nescit
1512 907 1601 961 hic
1636 921 1811 962 caecus

223 1004 535 1075 disputator
570 1004 715 1075 quod
754 1003 1084 1073 increpantis
1111 1012 1194 1058 est
1226 1017 1351 1067 vox,
1383 1002 1463 1057 vel
1497 1001 1808 1073 improbam

224 1095 311 1159 tis,
332 1110 466 1149 cum
496 1095 577 1149 ait
602 1113 615 1148 :
643 1093 751 1149 Cur
772 1110 854 1148 me
872 1093 1005 1148 dicis
1024 1093 1215 1148 bonum
1232 1093 1258 1146 Γ
1280 1091 1358 1146 Ac
1386 1091 1432 1147 si
1454 1092 1676 1157 diceret,
1701 1088 1811 1145 Cur

220 1201 306 1241 me
335 1184 508 1255 ﬁngis
532 1184 677 1239 aliud
707 1184 760 1239 in
790 1184 953 1239 corde
983 1191 1079 1239 tuo
1103 1197 1267 1252 quam
1301 1182 1537 1237 bonum?
1564 1197 1688 1237 cum
1708 1195 1810 1252 ego

220 1288 335 1333 sum
364 1278 522 1331 Deus
568 1277 731 1330 homo
758 1277 968 1341 bonus;
1018 1274 1180 1330 talem
1210 1288 1341 1346 ergo
1386 1274 1509 1331 dico
1540 1274 1808 1329 neminem

220 1369 597 1424 essentialiter
624 1383 743 1424 esse
785 1368 1008 1433 bonum,
1037 1368 1255 1437 qualem
1301 1382 1389 1422 me
1420 1376 1477 1422 tu
1518 1366 1810 1437 suspicaris

219 1460 538 1523 hominem,
592 1458 965 1513 tantummodo
1019 1459 1144 1513 ﬁcte
1185 1471 1347 1526 quem
1400 1456 1537 1511 dicis
1585 1457 1807 1510 bonum.

221 1551 374 1606 Unde
401 1562 633 1616 etcum,
664 1552 711 1605 si
757 1551 920 1606 vellet
956 1551 1121 1606 vitam
1152 1552 1374 1615 habere,
1416 1550 1485 1604 ad
1520 1550 1652 1619 legis
1680 1564 1811 1618 prae-

223 1651 379 1709 cepta
413 1640 886 1709 recurrerejubet,
909 1649 1176 1711 quatenus
1205 1656 1271 1696 ea
1296 1640 1522 1711 legendo
1554 1640 1809 1703 disceret,

222 1731 683 1800 quemadmodum
712 1746 835 1786 eum
855 1744 1045 1785 verum
1068 1732 1236 1786 Deum
1263 1731 1316 1784 in
1341 1730 1602 1800 mysterio
1631 1728 1808 1783 Triui-

1916 545 2021 598 rati
2070 552 2196 599 sunt
2223 542 2380 598 ﬁdem
2409 543 2708 598 divinitatis
2737 541 2962 607 Christi,
2986 542 3150 596 etiam
3188 549 3244 596 et
3287 540 3485 595 verita-

1909 643 2025 689 tem
2052 633 2463 689 resurrectionis
2482 633 2616 701 ejus,
2651 633 2869 703 quando
2908 632 3190 702 pecuniam
3224 632 3488 687 dederunt

1915 725 2189 795 copiosam
2237 725 2498 780 militibus
2521 732 2579 778 ut
2605 723 2847 778 dicerent
2874 724 2997 793 quia
3027 724 3182 777 nobis
3215 723 3488 777 dormiem

1914 815 2060 872 tibus
2096 817 2342 887 discipuli
2369 816 2529 871 furati
2562 824 2686 871 sunt
2709 830 2854 871 eum.
2887 816 3150 872 Similiter
3196 827 3250 871 et
3295 826 3485 872 contra

1913 923 2035 962 eum
2078 908 2245 963 multa
2273 909 2579 964 testimonia
2609 908 2864 963 dixerunt
2893 907 3060 975 falsa;
3102 910 3243 965 unde
3282 911 3329 965 si
3370 909 3490 964 dili-

1911 1007 2100 1067 genter
2128 999 2418 1068 perquiris,
2442 999 2682 1052 invenies
2708 999 2890 1052 omnia
2916 1014 3035 1068 quaz
3084 1000 3207 1053 huic
3232 1000 3488 1054 dicuntur

1912 1090 2201 1145 convenire
2221 1088 2450 1154 Judwis;
2490 1098 2547 1145 et
2567 1090 2707 1155 ideo,
2740 1091 2880 1145 sicut
2906 1105 3004 1145 nec
3034 1091 3123 1145 hic
3150 1091 3480 1154 adolescens,

1911 1183 2251 1239 intraverunt
2295 1186 2363 1240 ad
2408 1186 2599 1240 vitam.
2640 1186 2704 1240 Et
2754 1187 3049 1241 notandum
3086 1189 3228 1255 quod
3268 1188 3343 1241 ait
3377 1200 3392 1240 :
3425 1187 3487 1243 Si

1912 1275 1987 1328 uis
2025 1275 2224 1330 intrare
2271 1276 2340 1330 ad
2382 1277 2574 1341 vitam;
2617 1293 2725 1332 non
2767 1277 2911 1347 quod
2952 1278 3041 1332 hic
3078 1275 3293 1346 juvenis
3329 1288 3483 1333 extra

1913 1365 2053 1420 hanc
2082 1367 2248 1421 vitam
2278 1375 2445 1431 esset,
2490 1368 2585 1422 sed
2623 1368 2750 1438 quia
2798 1367 2851 1422 in
2892 1370 3295 1436 contparatione
3337 1369 3482 1424 illius

1912 1457 2055 1519 vitae,
2091 1471 2212 1526 qua:
2255 1467 2337 1512 est
2376 1466 2578 1513 aeterna
2628 1459 2761 1523 vita,
2792 1459 2874 1513 vel
2920 1459 3099 1524 beata,
3157 1460 3272 1513 hzec
3311 1461 3488 1529 potius

1913 1562 2060 1602 mors
2087 1549 2317 1604 dicenda
2351 1558 2436 1605 est
2473 1565 2638 1619 quam
2680 1551 2809 1606 vita.
2834 1549 3064 1606 Maxime
3115 1560 3295 1606 tamen
3336 1562 3391 1607 et
3433 1553 3486 1607 in

1912 1636 2017 1691 hac
2044 1638 2150 1691 vita
2175 1638 2569 1708 quodammodo
2589 1648 2743 1694 extra
2771 1640 2938 1693 vitam
2963 1648 3068 1705 est,
3094 1649 3314 1709 quaeest
3333 1649 3486 1695 extra

1911 1742 2037 1781 eum
2066 1728 2156 1797 qui
2188 1728 2325 1783 dixit
2354 1747 2368 1783 :
2403 1729 2516 1800 Ego
2545 1744 2664 1784 sum
2692 1731 2822 1785 vita.
2837 1729 2993 1784 Alias
3036 1739 3238 1795 autem,
3266 1730 3357 1800 qui
3388 1730 3486 1785 add

216 1823 338 1876 tatis
371 1833 764 1892 agnosceret;
795 1824 939 1893 quod
967 1823 1054 1878 isti
1089 1836 1279 1877 omnes
1325 1823 1564 1877 haeretici
1616 1823 1806 1877 nolunt
1838 1814 1882 1875 Β
1910 1819 2016 1873 huc
2039 1818 2094 1873 in
2119 1834 2281 1874 carne
2306 1829 2409 1887 est,
2444 1822 2692 1890 quamvis
2723 1820 2902 1890 justus
2924 1822 3192 1887 videatur,
3218 1821 3273 1875 in
3298 1822 3488 1877 umbra

212 1912 467 1968 conﬁteri
506 1914 601 1983 qui
624 1914 897 1969 Christum
923 1928 1110 1969 verum
1133 1914 1303 1969 Deum
1333 1923 1552 1985 negant,
1585 1928 1803 1969 verum-

217 2018 317 2072 que
345 2003 456 2058 Dei
490 2012 550 2058 et
600 2005 836 2060 hominis
876 2005 1106 2071 Filium;
1160 2018 1335 2074 neque
1378 2007 1653 2076 proprium
1684 2020 1807 2060 eum

211 2096 453 2151 credunt
481 2105 579 2150 aut
602 2098 806 2161 dicunt,
839 2100 932 2153 sed
958 2099 1290 2169 adoptivum.
1318 2098 1442 2154 Hine
1462 2101 1663 2155 idcirco
1684 2112 1807 2170 pro-

206 2189 369 2243 lixius
404 2190 661 2260 exposui,
688 2189 905 2256 fratres,
939 2198 999 2246 ut
1035 2192 1338 2263 intelligant
1367 2193 1477 2247 Deo
1511 2194 1689 2248 devoti
1715 2209 1808 2247 au-

207 2280 425 2337 ditores
445 2280 655 2336 Christi
678 2284 894 2337 vesania
925 2285 1302 2340 hereticorum
1323 2294 1524 2354 quanta
1547 2286 1652 2351 sit;
1682 2301 1805 2341 cum

205 2375 345 2430 unde
392 2375 506 2444 ipsi
541 2375 703 2445 impie
748 2383 938 2445 putant
981 2392 1109 2431 suas
1152 2386 1478 2446 praestruere
1522 2377 1804 2444 falsitates,

205 2466 327 2522 inde
377 2467 566 2535 magis
601 2467 829 2532 demeti,
866 2467 1079 2524 facilius
1103 2484 1169 2524 ex
1207 2469 1414 2524 eisdem
1456 2470 1807 2524 revincuntur

205 2546 533 2621 sententiis,
554 2558 600 2612 ει
614 2544 817 2613 fuerint
831 2559 898 2613 ad
918 2559 1179 2629 liquidum
1196 2560 1804 2630 fideliterintrospectaa,

204 2660 257 2705 et
277 2650 595 2721 prudenter
620 2654 744 2707 cum
764 2652 1065 2722 oportuerit
1099 2660 1155 2708 et
1178 2658 1338 2723 prout
1366 2654 1663 2722 oportuerit
1684 2662 1808 2723 pro-

204 2745 355 2812 latu;
419 2746 685 2814 quoniam
711 2744 809 2816 ipsi
840 2744 1029 2800 nolunt
1059 2746 1199 2801 scire
1221 2746 1302 2801 vel
1329 2760 1520 2817 sapere
1550 2760 1671 2817 quae
1693 2748 1805 2817 ipsa

208 2836 485 2906 sapientia
538 2835 696 2905 sapit,
730 2836 822 2889 sed
865 2844 985 2906 qua'.l
1015 2836 1115 2906 ipsi
1144 2836 1287 2891 male
1326 2837 1561 2907 sapiunt,
1603 2837 1729 2905 quia
1752 2836 1805 2890 in

208 2928 317 2980 toto
346 2923 639 2995 desipiunt
667 2943 681 2978 :
709 2926 851 2996 quod
878 2928 1311 2983 animadvertere
1338 2927 1391 2981 in
1422 2925 1521 2983 hac
1542 2930 1806 2983 sententia

207 3017 447 3087 quisque
472 3020 656 3087 potest
685 3027 739 3072 et
770 3018 1021 3097 probare.
1049 3019 1186 3087 Quia
1229 3016 1376 3075 nullo
1404 3022 1455 3075 in
1486 3020 1604 3075 loco
1633 3022 1806 3092 magis

206 3106 470 3163 Christus
497 3110 910 3164 commendatur
943 3112 1135 3176 bonus,
1180 3114 1340 3181 quain
1372 3122 1493 3167 eum
1539 3114 1803 3183 praedica-

208 3205 294 3251 tur
322 3196 515 3261 Deus;
550 3205 606 3252 et
634 3200 962 3270 approbatur
985 3171 1131 3256 unus
1153 3171 1215 3257 et.
1234 3216 1396 3258 verus
1425 3203 1519 3257 Dei
1539 3171 1727 3270 li‘ilius,
1746 3220 1809 3262 ac
1835 3171 1882 3234 Ο

208 3298 306 3358 pro
327 3289 441 3345 hoc
465 3284 587 3361 ipse
613 3290 681 3343 ad
706 3291 809 3346 hoc
839 3292 1030 3347 invitat
1076 3291 1409 3351 laudatorem
1451 3310 1607 3352 suum
1637 3307 1693 3353 ut
1729 3299 1811 3353 in-

210 3376 456 3450 telligat,
491 3382 550 3434 et
572 3390 793 3436 revocat
829 3382 973 3437 hunc
1002 3383 1335 3451 haereticum,
1366 3394 1423 3441 ut
1450 3387 1812 3443 essentialiter

211 3480 339 3523 eum
366 3468 568 3524 credat
615 3470 807 3536 Deum,
857 3473 909 3526 in
952 3480 1181 3544 utraque
1225 3482 1417 3530 natura
1461 3475 1809 3547 conjunctum

216 3560 603 3629 personaliter,
652 3572 706 3619 et
752 3565 950 3620 bonum
982 3566 1075 3621 Del
1107 3565 1322 3622 Filium.
1346 3568 1609 3637 Quoniam
1644 3573 1809 3626 arbor

216 3647 365 3704 bona
413 3650 577 3707 bonus
598 3651 809 3709 fruetus
849 3654 998 3720 facit,
1026 3662 1084 3710 nt
1112 3655 1225 3725 ipse
1262 3655 1529 3721 Christus,
1560 3660 1685 3729 quia
1715 3661 1809 3715 bo-

212 3754 323 3797 nus
354 3753 448 3798 eat
478 3743 532 3797 iii
559 3754 784 3815 utraque
806 3752 995 3802 natura
1025 3748 1419 3815 assentialiter;
1464 3760 1631 3821 atque
1671 3760 1809 3807 unus

212 3831 310 3888 Dei
336 3832 525 3889 Filius
570 3851 668 3890 nos
709 3836 881 3892 benos
928 3836 1082 3894 valde
1111 3852 1206 3909 per
1236 3841 1464 3911 gratiam
1510 3843 1811 3912 adoptionis

211 3920 265 3977 ln
286 3936 349 3979 se
379 3923 560 3979 faciat
593 3925 692 3981 sibi
741 3928 1052 3983 achaei-edes
1099 3943 1162 3984 ac
1192 3928 1411 3997 fratres,
1439 3939 1494 3987 et
1535 3947 1691 3989 veros
1715 3932 1809 3989 Dei

210 4015 316 4069 vivi
345 4015 525 4070 ﬁlios.
908 4060 915 4067 .

278 4108 534 4164 Attende
580 4109 765 4179 igitur,
813 4110 1001 4175 lector,
1035 4115 1297 4182 quaerenti
1327 4117 1595 4185 quomodo
1620 4116 1686 4171 ad
1733 4117 1811 4172 vi-

208 4207 318 4255 tam
347 4207 631 4255 aeternam
655 4201 827 4270 possit
849 4201 1095 4257 intrare?
1118 4220 1278 4274 quam
1306 4206 1578 4277 sapienter
1605 4208 1815 4279 sapien-

207 4294 280 4348 tia
327 4292 443 4348 Dei
484 4293 784 4363 respondit.
827 4292 886 4348 Si
916 4295 1007 4358 vis,
1054 4294 1242 4365 inquit,
1291 4294 1360 4350 ad
1396 4298 1553 4351 vitam
1590 4299 1809 4364 intrare,

204 4401 359 4440 serva
386 4383 676 4439 mandata.
702 4383 818 4440 Non
850 4387 993 4440 enim
1025 4386 1183 4449 dixit,
1215 4387 1363 4443 disce
1392 4389 1663 4454 mandata,
1686 4389 1811 4459 quia

203 4476 353 4532 Deus
411 4477 681 4531 docuerat
729 4484 871 4541 eum,
904 4478 1079 4533 factor
1124 4487 1329 4535 naturae
1374 4481 1729 4537 rationabilis.
1755 4483 1811 4537 ln

204 4582 311 4638 qua
343 4567 619 4633 scientia,
642 4568 742 4624 etsi
778 4566 978 4625 oblitus
1014 4580 1158 4625 esset
1186 4588 1306 4642 quae
1351 4571 1560 4644 Moyses
1592 4575 1812 4629 manda-

203 4669 383 4725 verat,
424 4654 636 4714 sciebat
656 4654 914 4731 quidquld
945 4660 1031 4716 lex
1057 4669 1263 4716 naturae
1292 4662 1570 4718 docuerat.
1603 4664 1665 4719 Et
1695 4665 1815 4721 ideo

205 4766 315 4809 non
350 4748 473 4817 ait,
499 4746 648 4807 disce
672 4752 927 4808 mandata
951 4767 1071 4823 qua:
1111 4754 1272 4817 nosti,
1300 4754 1464 4826 803
1500 4757 1591 4811 sed
1624 4772 1812 4823 serva;

205 4849 337 4918 quia
366 4842 611 4905 dﬂinlnd
639 4852 746 4902 non
778 4848 1051 4927 servabat,
1083 4856 1138 4903 et
1181 4848 1300 4904 ideo
1325 4849 1374 4902 ei
1406 4864 1622 4904 servare
1640 4849 1813 4918 jubet.

206 4938 350 5008 Quia
379 4932 491 4995 ille
516 4937 691 4993 bonus
717 4947 802 4993 est
826 4939 1138 5005 admodum,
1163 4940 1254 5011 qui
1282 4949 1465 4995 servat
1488 4952 1542 4995 et
1568 4942 1699 4997 facit
1723 4943 1817 4997 bo-

206 5047 363 5095 num,
414 5038 612 5085 etnon
655 5030 745 5099 qui
787 5030 1085 5101 interrogat
1128 5038 1187 5085 ut
1225 5037 1414 5085 tentet.
1453 5031 1520 5085 Et
1564 5031 1693 5087 dicit
1720 5033 1810 5088 ei:

111 5130 122 5141 '
208 5118 341 5176 Non
382 5118 626 5184 occides,
671 5135 774 5176 non
808 5117 1151 5185 adulterabis,
1180 5120 1287 5176 etc.
1318 5120 1707 5177 Couvenieutia
1735 5122 1815 5177 lo-

206 5214 413 5283 quitur
465 5210 615 5277 huic,
659 5210 967 5281 quicunque
1014 5210 1179 5265 fuerit
1215 5210 1325 5274 ille,
1369 5226 1490 5280 quae
1523 5212 1655 5267 satis
1691 5228 1818 5267 con—

210 5311 433 5376 gruum
459 5306 713 5374 persona:
738 5300 1078 5367 Iudaeorum;
1107 5302 1231 5371 quia
1253 5300 1456 5357 sciebat
1475 5303 1627 5372 quasi
1652 5301 1814 5368 Deus,

208 5396 506 5452 facturum
537 5394 793 5464 populum
814 5393 982 5458 illum,
1007 5393 1091 5449 vel
1118 5393 1171 5447 in
1200 5407 1279 5460 se,
1304 5393 1383 5447 vel
1415 5394 1466 5447 in
1495 5393 1809 5464 discipulos.
1833 5458 1837 5463 .

168 5552 177 5559 ο
210 5487 284 5543 Et
331 5488 468 5544 ideo
494 5487 651 5557 quasi
692 5487 1010 5555 anticipans,
1045 5486 1100 5540 in
1139 5486 1241 5541 hoc
1288 5485 1647 5551 adolescente,
1682 5503 1814 5556 pra?-

211 5588 421 5636 mone’t
447 5588 505 5633 et
531 5578 680 5644 dicit,
721 5579 804 5633 Ne
832 5580 1062 5645 occidas,
1092 5579 1234 5649 quod
1277 5579 1378 5649 ipsi
1418 5580 1676 5643 fecerunt,
1711 5594 1815 5635 non

212 5676 410 5731 solum
440 5673 738 5739 Christum,
784 5690 970 5730 verum
1004 5676 1167 5730 etiam
1204 5675 1497 5745 prophetas
1519 5686 1577 5731 et
1604 5687 1820 5747 aposto-

211 5768 328 5825 los.
389 5765 519 5821 Neu
560 5768 900 5823 udulterabis.
935 5767 1234 5821 Adulterati
1279 5777 1405 5823 sunt
1453 5769 1816 5825 reccdcntesa

1909 1910 2036 1987 vitae
2057 1919 2162 1974 est,
2189 1909 2313 1979 quia
2346 1910 2574 1965 necdum
2616 1918 2700 1965 est
2738 1910 2795 1964 in
2832 1911 2942 1980 ipsa
2995 1910 3145 1964 beata
3192 1912 3325 1976 vita,
3356 1925 3479 1965 cum

1907 1996 1979 2054 sit
2010 1998 2063 2052 in
2092 2012 2319 2067 corpore
2366 2001 2556 2053 mortis
2601 1998 2782 2070 hujus,
2831 2009 2887 2055 et
2930 2002 3116 2055 sedeat
3164 2002 3217 2055 in
3269 2001 3489 2072 regione
3546 1992 3553 2007 ⁸

1908 2091 2115 2145 umbras
2143 2092 2355 2154 mortis,
2386 2102 2452 2145 eo
2494 2092 2638 2160 quod
2687 2091 2919 2146 necdum
2944 2092 3092 2145 venit
3137 2093 3190 2145 in
3222 2100 3367 2147 terra
3410 2091 3488 2146 vis

1907 2181 2168 2237 ventium.
2224 2182 2431 2237 Idcirco
2481 2180 2851 2250 unusquisque
2899 2181 2954 2235 in
3003 2189 3261 2251 quantum
3305 2189 3490 2237 servat

1909 2271 2181 2336 mandata,
2210 2272 2337 2341 quia
2355 2286 2519 2342 opera
2556 2271 2679 2327 vita:
2713 2280 2861 2336 sunt,
2886 2271 2941 2326 in
2984 2279 3193 2326 tantum
3231 2273 3396 2327 intrat
3421 2271 3492 2328 ad

1907 2362 2095 2419 vitam.
2126 2360 2262 2427 Quia
2310 2360 2601 2415 secundum
2649 2361 3081 2416 observationem
3109 2362 3490 2417 mandatorum

1908 2453 2002 2508 Dei
2046 2453 2420 2521 ingrediuntur
2469 2454 2523 2508 in
2573 2454 2756 2508 vitam.
2802 2454 2869 2508 Et
2902 2463 2961 2508 ut
2999 2455 3271 2511 discamus
3292 2456 3487 2511 saltem

1908 2559 2094 2600 eorum
2123 2545 2386 2615 principia
2417 2545 2508 2600 illo
2534 2545 2923 2614 interrogante,
2953 2544 3262 2600 dinumerat
3282 2561 3343 2599 ea
3369 2558 3491 2615 qua

1909 2640 1975 2694 ad
2004 2639 2307 2709 proximum
2338 2638 2642 2707 pertinent:
2682 2637 2803 2691 Non
2832 2638 3058 2701 occides,
3089 2653 3192 2691 non
3218 2637 3487 2691 adultera3

1911 2728 2006 2795 bis,
2049 2737 2177 2793 etc.,
2209 2730 2335 2799 quia
2383 2729 2471 2799 qui
2511 2744 2674 2783 unum
2716 2728 3043 2799 praeterierit
3086 2728 3484 2791 mandatorum,
3538 2772 3551 2779 -

1910 2835 2010 2875 nec
2032 2820 2243 2874 initium
2269 2820 2392 2875 vitae
2421 2820 2660 2875 intrabit.
2697 2819 2765 2874 Et
2784 2819 3078 2874 notandum
3116 2820 3259 2889 quod
3284 2826 3339 2872 et
3366 2828 3486 2888 qua:

1911 2921 2057 2968 vetat
2082 2913 2222 2977 ﬁeri,
2252 2924 2307 2968 et
2336 2928 2456 2983 qua:
2485 2912 2707 2982 implere
2721 2910 2875 2980 jubet
2914 2911 3164 2966 mandata
3196 2910 3485 2975 dicuntur;

1908 3014 1964 3064 et
1990 3007 2131 3063 sicut
2156 3007 2445 3078 expellitur
2472 3022 2502 3062 a
2529 3007 2661 3072 vita,
2691 3007 2784 3077 qui
2827 3020 2890 3060 ea
2923 3005 3111 3061 fecerit
3154 3022 3275 3076 quas
3300 3006 3488 3077 prohi-

1910 3102 2019 3167 bet,
2051 3102 2128 3157 sic
2153 3111 2208 3155 et
2231 3102 2276 3156 si
2314 3116 2420 3156 non
2447 3100 2636 3157 fewit
2657 3116 2721 3155 ea
2752 3114 2872 3170 quae
2902 3102 3120 3155 mandat
3160 3109 3220 3155 ut
3249 3099 3404 3166 ﬁant,
3436 3099 3493 3155 id

1911 3204 2012 3259 est,
2054 3194 2272 3250 Honora
2296 3206 2495 3266 patrem
2535 3206 2680 3250 tuum
2722 3204 2768 3250 et
2815 3203 3031 3249 matrem
3076 3205 3242 3251 tuam.
3292 3196 3492 3252 Deinde

1912 3288 2243 3344 inducuntur
2271 3304 2301 3343 a
2339 3286 2427 3359 pio
2475 3290 2721 3353 Domino,
2755 3290 2822 3343 ad
2861 3289 2915 3343 id
2944 3290 3084 3357 quod
3126 3289 3299 3361 majus
3330 3296 3495 3360 atque

1911 3381 2094 3435 utilius
2121 3382 2338 3435 mandat
2362 3379 2586 3451 implere
2611 3395 2625 3433 :
2649 3379 2842 3449 Diliges
2871 3380 3167 3450 proximum
3185 3390 3331 3434 tuum
3357 3381 3491 3434 sicut

1910 3478 2148 3546 teipsum.
2183 3477 2448 3543 Quoniam
2492 3484 2549 3530 et
2590 3474 2897 3545 Apostolus,
2933 3490 3056 3529 eum
3093 3475 3490 3531 dlnumerasset

1912 3578 2018 3621 non
2063 3567 2299 3630 occides,
2349 3580 2452 3620 non
2500 3564 2702 3619 fttrtum
2749 3564 2935 3629 facies,
2980 3574 3087 3620 nun
3134 3564 3487 3629 adulteraliis,

1911 3656 2077 3728 θοι
2105 3657 2203 3721 ait,
2244 3663 2299 3710 et
2342 3656 2386 3710 si
2434 3656 2577 3725 quod
2621 3662 2703 3709 est
2733 3654 2876 3709 aliud
2928 3656 3240 3709 mandatum
3290 3655 3343 3710 in
3386 3654 3490 3711 hoc

1914 3750 2079 3803 verbo
2128 3750 2462 3803 instauratur
2502 3767 2514 3803 :
2566 3749 2761 3820 Diliges
2803 3751 3099 3820 praximum
3157 3760 3305 3805 tuum
3356 3750 3492 3805 sicut

1914 3839 2151 3909 teipsum.
2199 3836 2329 3905 Quae
2373 3839 2625 3893 nimirum
2689 3839 3061 3909 recapitulatio
3110 3838 3488 3895 mandatorum

1913 3929 2229 3983 instauratio
2261 3929 2381 3984 ideo
2420 3939 2564 3985 recte
2618 3931 3025 4001 interpretatur,
3058 3932 3183 4001 quia
3232 3931 3493 4003 perfectio

1916 4023 2290 4077 mandatorum
2317 4021 2413 4077 Dci
2439 4032 2554 4090 est;
2607 4023 2749 4093 quod
2775 4024 2903 4095 quid
2933 4024 3234 4094 impleverit
3279 4025 3494 4080 videtur

1912 4114 2186 4187 perfectus
2211 4129 2347 4171 esse.
2383 4115 2535 4183 Quod
2571 4117 2615 4177 si
2642 4115 2753 4185 jam
2782 4116 3056 4188 perfectus
3098 4125 3180 4173 est
3221 4118 3311 4187 qui
3365 4115 3493 4172 illud

1915 4205 2238 4275 impleverit,
2262 4206 2608 4275 quaerendum
2636 4207 2904 4276 quomodo
2926 4207 3252 4262 adolescenti
3277 4220 3495 4277 respon-

1916 4298 2041 4353 deat
2063 4298 2342 4362 Dominus,
2367 4298 2519 4367 quasi
2544 4298 2719 4353 adhuc
2750 4298 2988 4353 nondum
3013 4298 3254 4370 perfecto
3284 4317 3296 4351 :
3331 4296 3393 4353 Si
3422 4298 3495 4353 vis

1914 4388 2173 4460 perfectus
2199 4403 2329 4453 esse,
2354 4389 2503 4454 vade,
2534 4399 2581 4443 et
2608 4390 2765 4444 vende
2802 4391 2976 4445 omnia
3004 4408 3120 4463 quia
3149 4391 3325 4456 habes,
3354 4396 3404 4447 et
3426 4388 3495 4444 da

1918 4479 2253 4549 pauperibus,
2275 4489 2322 4532 et
2350 4479 2484 4544 veni,
2510 4495 2719 4544 sequere
2740 4496 2835 4533 uie.
2860 4479 2992 4535 Cum
3021 4480 3136 4551 ipse
3166 4476 3329 4545 dicat,
3367 4478 3497 4533 11ηέ

1920 4570 2093 4623 omnia
2122 4570 2315 4624 servavi
2341 4588 2371 4623 a
2386 4569 2656 4639 juventute
2688 4586 2821 4623 mea.
2874 4569 3028 4626 Unde
3057 4568 3276 4641 quidam
3323 4570 3497 4639 suspi-

1919 4668 2022 4721 cati
2055 4678 2179 4721 sunt
2201 4683 2303 4721 non
2334 4680 2364 4720 a
2394 4665 2622 4720 Domino
2644 4667 2747 4721 hoc
2770 4667 3001 4737 positum
3029 4668 3083 4721 iu
3111 4660 3214 4722 isto
3235 4665 3376 4730 loco,
3402 4664 3496 4719 sed

1918 4761 1985 4815 ab
2021 4759 2199 4828 aliquo
2221 4758 2424 4823 nescio,
2456 4772 2560 4812 non
2594 4757 2728 4813 satis
2760 4757 3110 4829 intelligente,
3142 4754 3495 4813 subtilitatem

1920 4850 2182 4905 dictorum
2232 4848 2480 4912 istorum,
2524 4848 2763 4903 additum
2796 4848 2994 4913 fuisse;
3030 4844 3171 4918 quod
3209 4847 3387 4917 ipstIm
3414 4845 3494 4899 lo-

1923 4956 2042 4995 cum
2066 4939 2277 4993 Marcus
2306 4948 2359 4994 et
2387 4938 2563 4995 Lucas
2592 4946 2870 5010 tangentes
2897 4947 3088 4994 neuter
3118 4951 3307 4993 eorum
3340 4935 3494 4991 addi-a

1925 5030 2022 5097 dit,
2055 5029 2249 5102 Diliges
2281 5030 2576 5099 proximum
2621 5041 2768 5085 tuum
2790 5032 2922 5085 sicut
2956 5030 3196 5100 teipsum.
3230 5027 3355 5081 Ideo
3398 5040 3496 5081 nos

1923 5136 2173 5193 putamus
2212 5120 2481 5193 superﬂuo
2527 5125 2629 5178 ista
2672 5124 2879 5194 adjecta
2913 5137 2942 5176 a
2976 5137 3081 5176 non
3130 5119 3263 5175 satis
3306 5117 3498 5189 peritis

1923 5213 2358 5271 emendatoribus
2380 5231 2499 5271 esse
2524 5233 2537 5281 ;
2574 5216 2807 5271 maxime
2830 5216 2955 5285 quia
2985 5218 3217 5270 testatur
3237 5213 3499 5282 Origenes

1924 5309 2056 5381 sein
2084 5308 2267 5363 multis
2307 5308 2582 5364 codicibus
2606 5311 2707 5364 hoc
2735 5324 2839 5364 non
2882 5309 3171 5364 invenisse.
3205 5307 3407 5362 Tamen
3446 5312 3501 5361 et

1923 5399 2025 5455 huc
2049 5399 2498 5454 considerandum
2533 5400 2673 5468 quod
2697 5394 2773 5452 alt
2812 5408 2824 5452 ἑ
2859 5398 2919 5453 Si
2957 5396 3031 5453 vis
3067 5399 3325 5470 perfectus
3368 5404 3498 5462 esse,

1921 5492 2071 5557 unde,
2097 5501 2144 5546 et
2176 5492 2333 5546 vende
2356 5492 2527 5545 omnia
2550 5507 2667 5561 qua?
2696 5491 2874 5554 habes,
2907 5500 2954 5545 et
2996 5489 3063 5544 da
3091 5489 3426 5562 pauperibus,
3455 5498 3500 5543 et

1924 5584 2132 5639 habebis
2163 5586 2464 5639 thesaurum
2494 5584 2548 5635 in
2578 5578 2726 5648 caelo,
2755 5590 2804 5636 et
2828 5582 2966 5649 veni,
2995 5598 3206 5654 sequere
3235 5599 3334 5635 me.
3366 5580 3501 5648 Quia

1926 5692 2031 5730 non
2079 5690 2267 5731 omnes
2303 5676 2394 5743 qui
2448 5689 2543 5728 sua
2590 5672 2673 5729 vel
2714 5668 2976 5741 vendunt,
3032 5674 3118 5729 vel
3169 5673 3501 5744 relinquunt,

1927 5771 2178 5823 continuo
2208 5768 2427 5837 perfecti
2454 5760 2821 5824 inveniuntur.
2864 5766 2921 5822 ln
2953 5775 3161 5823 tantum
3193 5766 3354 5838 igitur
3396 5778 3503 5821 non
