4008 6354
600 302 708 358 663

1385 302 1442 358 S.
1482 303 1840 361 PASCHASII
1876 302 2223 361 RADBERTI
2260 303 2548 361 ABBATIS
2582 303 3028 362 CORBEIENSIS

3676 322 3755 377 δεδι

601 415 949 471 inveniuntur
996 415 1225 486 perfecti
1276 417 1329 472 in
1360 426 1361 429 ‘
1393 429 1653 488 quantum
1707 435 1813 475 non
1875 430 2172 491 sequuntur
2198 422 2251 483 Α
2279 428 2386 475 tam
2417 421 2747 491 opulentiam
2777 421 3029 477 habuerit
3067 422 3124 477 in
3144 422 3275 495 lege,
3305 436 3631 502 quantamque
3654 437 3759 494 divi.

599 505 894 563 Christum.
921 504 988 559 Et
1012 506 1132 561 ideo
1161 506 1252 576 qui
1280 507 1394 562 vult
1411 507 1681 578 perfectus
1711 525 1852 576 esse,
1881 517 2171 580 utrumque

594 599 1116 670 festinetimplere.
1163 599 1391 670 Scilicet
1458 611 1518 656 ut
1568 604 1747 657 omnia
1796 620 1891 659 sua
1939 603 2174 673 perfecte

598 691 903 761 dispenset;
954 708 1018 747 ac
1065 692 1279 757 deinde,
1306 693 1451 762 quod
1478 693 1605 749 alibi
1648 695 1848 749 dictum
1886 703 1988 759 est,
2023 695 2174 749 tollat

599 799 817 840 crucem
846 798 1022 848 suam,
1068 791 1123 837 et
1157 791 1417 853 sequatur
1456 783 1763 850 Christum;
1811 800 1971 856 quem
2014 799 2174 840 nemo

596 876 715 930 sine
736 875 988 946 stigmate
1015 874 1195 929 crucis
1216 874 1454 944 perfecte
1481 876 1742 945 sequitur.
1773 874 1879 930 Sed
1901 885 1956 930 et
1981 874 2168 939 Judaei,

595 980 848 1034 quorum,
892 974 952 1021 ut
988 965 1121 1031 dixi,
1168 966 1270 1021 iste
1312 966 1624 1022 adolescens
1666 981 1955 1036 personam
2004 973 2171 1031 tenet,

594 1056 718 1112 ideo
748 1056 874 1126 quia
901 1056 1004 1111 ista
1033 1072 1140 1111 non
1171 1057 1551 1128 impleverunt,
1585 1058 1809 1117 minime
1836 1059 2175 1113 intraverunt

595 1148 663 1203 ad
691 1148 888 1213 vitam;
914 1147 1043 1203 licet
1063 1147 1337 1217 iactanter
1359 1149 1542 1205 dicant
1567 1165 1626 1205 se
1644 1151 1823 1205 omnia
1843 1150 2170 1219 implevisse,

596 1245 738 1300 sicut
765 1253 821 1298 et
847 1243 903 1298 in
931 1243 1035 1298 alia
1065 1244 1320 1315 parabola
1348 1244 1413 1299 de
1455 1245 1583 1315 ipsis
1606 1244 1999 1316 prmflguratur,
2029 1245 2174 1314 quod

595 1334 797 1389 dixerit
821 1334 1003 1389 senior
1039 1334 1183 1389 filius
1217 1336 1285 1390 ad
1312 1343 1523 1405 patrem
1569 1337 1767 1392 invidia
1809 1346 2008 1402 motus,
2045 1352 2174 1392 eon-

595 1434 677 1479 tra
698 1424 970 1493 iuniorem
998 1424 1166 1481 ﬁlium
1192 1441 1207 1479 :
1230 1426 1341 1497 Ego
1367 1442 1599 1498 semper,
1626 1428 1818 1499 inquit,
1865 1437 2041 1483 tecum
2073 1428 2168 1493 fui,

594 1525 645 1570 et
682 1516 991 1570 mandatum
1006 1525 1154 1569 tuum
1170 1533 1437 1587 nunquam
1456 1520 1717 1586 pra’terivi
1738 1518 1889 1590 (Luc.
1908 1534 2031 1584 xm,
2044 1519 2167 1590 20);

594 1606 738 1676 quod
769 1606 989 1662 omnino
1011 1607 1352 1663 mendacium
1379 1623 1501 1663 esse
1532 1609 1892 1664 convincitur.
1929 1607 2082 1663 Sicut
2118 1618 2173 1662 et

592 1700 682 1755 hic
712 1700 1027 1757 adolescens
1079 1702 1193 1756 suis
1236 1701 1511 1756 convincit
1562 1700 1740 1767 factis,
1784 1701 2069 1756 mentitum
2112 1715 2172 1755 se
2224 1749 2228 1754 .

592 1805 733 1847 esse.
759 1791 894 1860 Quia
918 1791 963 1847 si
985 1792 1166 1847 omnia
1186 1807 1308 1863 quae
1336 1800 1484 1846 retro
1505 1791 1647 1846 dicta
1671 1801 1800 1847 sunt
1821 1792 2172 1862 implevisset,

592 1894 693 1934 nec
718 1888 905 1935 tantas
929 1881 1157 1935 haberet
1200 1880 1440 1945 divitias,
1472 1895 1573 1935 nec
1599 1895 1699 1951 pro
1749 1881 1835 1935 his
1866 1881 2176 1936 tristaretur

591 1972 639 2025 si
659 1972 902 2028 eharitas
919 1975 1173 2043 proximi,
1189 1991 1297 2046 qua
1319 1975 1546 2047 diligere
1565 1977 1808 2045 iubetur,
1824 1976 1878 2029 in
1902 1990 1967 2030 eo
1996 1952 2169 2042 esset}

590 2062 697 2118 nisi
722 2063 880 2131 forte,
914 2074 975 2119 ut
1000 2067 1133 2132 dixi,
1162 2068 1289 2137 quia
1312 2083 1343 2123 a
1370 2068 1599 2123 Domino
1633 2069 1683 2124 ei
1704 2069 1906 2124 dictum
1934 2084 2041 2124 non
2065 2069 2173 2124 fue-

590 2162 698 2217 rat,
724 2155 817 2210 88d
835 2165 1166 2227 cateraqute
1180 2166 1328 2213 τείτο
1349 2168 1815 2216 connumerantur
1839 2169 2169 2215 servaverat.

590 2242 799 2311 Quibus
847 2246 1098 2313 servatis,
1132 2248 1298 2303 etiam
1328 2249 1478 2305 dives
1520 2264 1642 2305 esse
1683 2258 1914 2320 poterat.
1947 2250 2173 2305 Verum-

590 2340 776 2389 tamen
797 2336 1028 2406 populus
1045 2336 1372 2403 Judaeorum,
1391 2340 1482 2409 qui
1500 2347 1553 2394 et
1570 2341 1862 2412 prophetas
1874 2341 2172 2407 occiderat,

588 2433 646 2479 et
668 2426 721 2480 in
749 2427 912 2500 805
940 2429 1099 2486 idolis
1127 2445 1341 2501 semper
1375 2432 1709 2497 adulteratus
1729 2444 1835 2499 est,
1861 2444 1916 2489 et
1966 2434 2170 2489 furtum

586 2531 803 2589 semper
827 2522 1121 2589 commisit,
1149 2539 1272 2579 cum
1302 2525 1585 2599 veritatem
1613 2523 2016 2597 Scripturarutn
2048 2541 2172 2580 eor-

591 2611 761 2681 rupit,
794 2612 936 2667 sicut
960 2612 1220 2669 Dominus
1249 2615 1379 2670 dicit
1405 2616 1472 2670 de
1498 2616 1627 2681 illis,
1658 2617 1785 2686 quia
1831 2618 2041 2671 irritum
2088 2618 2169 2687 {e-

587 2701 730 2756 cistis
798 2705 1107 2758 mandatum
1173 2705 1272 2759 Dei
1331 2716 1542 2777 propter
1596 2707 1904 2762 traditiones
1974 2716 2171 2761 vestras

588 2789 805 2861 (Matth.
837 2809 930 2858 xv,
961 2793 1037 2866 6).
1063 2792 1200 2848 Nam
1222 2803 1277 2849 et
1306 2780 1440 2849 falSa
1465 2796 1771 2851 testimonia
1798 2797 2021 2866 protulit
2047 2812 2173 2851 con.

589 2886 671 2933 tra
695 2881 1001 2936 Dominum.
1032 2883 1113 2938 Ad
1136 2883 1385 2938 ultimum
1408 2885 1534 2956 quia
1557 2886 1707 2940 dives
1734 2892 1873 2949 erat;
1894 2895 1950 2941 et
1974 2887 2172 2957 gloria-

586 2970 750 3024 batur
789 2972 844 3025 in
872 2972 1011 3043 lege,
1034 2972 1207 3028 noluit
1233 2973 1538 3031 distrahere
1559 2985 1615 3029 et
1642 2976 1954 3046 relinquere
1975 2976 2030 3030 in
2052 2978 2171 3047 qui-

586 3061 692 3117 bus
745 3064 1081 3135 gloriabatur
1120 3067 1368 3121 victimas
1424 3076 1479 3122 et
1513 3068 1805 3133 sacriﬁcia,
1836 3083 1930 3123 seu
1971 3076 2166 3125 caetera

590 3167 711 3221 quae
731 3153 950 3224 longum
974 3167 1059 3210 est
1082 3171 1420 3213 enumerare.
1445 3158 1653 3214 Idcirco
1674 3159 1814 3214 sicut
1838 3160 1996 3214 beata
2016 3160 2170 3231 virgo

590 3240 758 3296 Maria
813 3240 1007 3298 cecinit
1038 3263 1050 3299 :
1081 3245 1383 3301 Esurientes
1418 3247 1646 3317 implevit
1697 3249 1863 3315 bonis,
1892 3258 1940 3304 et
1986 3251 2169 3306 divites

590 3331 790 3386 dimisit
821 3333 1004 3388 inanes
1035 3334 1185 3405 (Luc.
1212 3352 1252 3401 ι,
1283 3336 1394 3407 55).
1428 3335 1685 3408 Sequitur
1716 3358 1729 3392 :

659 3421 763 3477 Ille
788 3434 962 3479 autem
982 3425 1063 3479 Iris
1092 3426 1289 3482 auditis
1311 3428 1438 3482 abiit
1464 3430 1648 3496 tristis,
1680 3440 1794 3485 erat
1818 3433 1955 3486 enim
1975 3433 2171 3491 habens

587 3519 938 3590 possessiones
964 3519 1179 3574 multas.
1221 3521 1386 3577 Miser
1413 3523 1628 3578 animus
1653 3525 1746 3595 qui
1796 3533 1906 3579 tam
1955 3524 2172 3582 difﬁcile

588 3610 865 3667 divellitur
892 3627 925 3667 a
955 3613 1113 3669 bonis
1141 3613 1348 3679 saeculi,
1386 3615 1469 3669 vel
1500 3631 1530 3669 a
1557 3617 1996 3688 concupiscentia
2019 3634 2170 3675 vanae

589 3701 794 3773 gloriae.
854 3703 1022 3775 Magis
1063 3705 1209 3760 enim
1261 3704 1509 3761 volumus
1564 3706 1809 3776 adipisci,
1860 3722 1981 3777 quae
2030 3710 2171 3766 male

590 3792 984 3857 desideramus,
1014 3810 1178 3864 quam
1209 3794 1428 3849 liberari
1459 3811 1488 3849 a
1514 3795 1800 3851 desideriis
1841 3796 2022 3853 malis.
2060 3796 2169 3853 Sed

587 3883 730 3947 vide,
764 3884 890 3953 quia
921 3898 1030 3937 non
1072 3886 1253 3938 senior
1306 3884 1502 3953 aliquis
1546 3886 1910 3940 introducitur
1962 3887 2019 3941 in
2067 3887 2172 3941 hoc

588 3971 728 4036 loco,
762 3987 937 4042 neque
960 3973 1045 4026 vir
1073 3973 1165 4042 qui
1191 3983 1550 4029 evacuaverat
1582 3990 1702 4044 qum
1738 3985 1895 4030 erant
1918 3976 2166 4045 parvuli;

590 4062 688 4116 sed
726 4062 1043 4118 adolescens
1063 4064 1153 4133 qui
1178 4065 1402 4119 audiens
1422 4065 1641 4120 verbum
1671 4066 1804 4120 abiit
1820 4066 2011 4122 tristis.
2029 4067 2170 4121 Ado-

589 4152 802 4209 lescens
827 4154 971 4208 enim
1022 4164 1140 4210 erat
1167 4157 1461 4211 secundum
1501 4144 1759 4222 animam,
1786 4167 1841 4213 et
1861 4166 2167 4227 propterea,

2279 513 2472 567 tiarum
2517 513 2764 584 gloriam,
2816 522 3180 584 quantamque
3237 520 3538 587 superbiam.
3578 526 3636 582 Et
3667 530 3760 588 ideo

2275 602 2402 672 quia
2429 618 2644 672 semper
2673 603 2911 658 carnalia
2933 619 2998 659 ac
3019 612 3229 661 terrena
3264 608 3377 679 plus
3397 627 3543 681 quam
3570 619 3761 676 cmlestia

2274 696 2543 764 quaesivit,
2568 696 2742 751 tristis
2772 710 2837 751 ac
2866 697 3005 751 male
3028 697 3259 755 offensus
3287 705 3538 759 recessita
3563 707 3761 779 Christo;

2274 784 2361 839 cui
2388 783 2515 839 licet
2539 785 2740 839 dixerit
2771 803 2784 838 :
2808 784 2877 839 Et
2905 786 3116 840 habebis
3144 789 3433 845 thesaurum
3462 793 3513 847 in
3525 796 3651 861 cmlo,
3670 816 3766 869 pro-

2275 883 2396 944 pter
2443 889 2592 945 spem
2637 884 2854 931 atterna:
2912 875 3184 933 felicitatis
3234 880 3398 935 noluit
3440 882 3570 939 aliud
3621 902 3764 947 amare

2275 982 2437 1038 quam
2465 985 2586 1039 quae
2613 970 2880 1025 videntur.
2916 970 3052 1037 Quia
3094 969 3248 1039 iuxta
3276 975 3411 1042 quod
3440 984 3574 1033 retro
3606 979 3764 1037 dictum

2274 1067 2375 1123 est,
2405 1073 2567 1128 super
2586 1059 2771 1129 spinas
2801 1059 2855 1113 in
2880 1072 2948 1113 eo
2967 1060 3289 1115 seminatum
3313 1070 3412 1117 est.
3436 1064 3621 1121 Idcirco
3653 1069 3767 1125 volu-

2273 1156 2393 1218 ptas
2412 1149 2592 1204 carnis
2620 1158 2675 1204 et
2706 1149 3008 1205 sollicitudo
3033 1151 3214 1205 saeculi
3239 1151 3550 1209 suffocarunt
3573 1160 3768 1228 verbum,

2277 1256 2386 1310 quo
2410 1249 2745 1311 praeceperat
2768 1250 2831 1295 ut
2860 1241 3074 1296 divitias
3105 1256 3230 1297 suas
3252 1244 3517 1310 venderet,
3554 1254 3603 1301 et
3637 1249 3770 1322 ως

2275 1348 2371 1390 eas
2396 1335 2462 1387 de
2490 1334 2655 1389 corde
2679 1333 2956 1399 evelleret,
2988 1335 3175 1405 sicque
3211 1336 3423 1390 easdem
3466 1338 3561 1393 sibi
3597 1339 3644 1393 in
3683 1341 3771 1396 the—

2278 1425 2459 1481 sauris
2492 1425 2756 1481 caelorum
2786 1425 2840 1479 in
2868 1424 3051 1479 futuro
3080 1435 3380 1495 reponeret.
3411 1427 3635 1496 Sedquia
3664 1437 3771 1484 totus

2276 1519 2333 1573 in
2369 1517 2601 1573 terrenis
2626 1518 2835 1586 positus
2856 1526 2996 1582 erat,
3027 1517 3172 1571 unde
3200 1518 3382 1573 debuit
3406 1518 3606 1573 haurire
3626 1520 3769 1585 vitam,

2276 1609 2458 1665 hausit
2503 1617 2754 1671 mortem,
2807 1616 2861 1662 et
2912 1607 3032 1663 ideo
3077 1608 3250 1662 tristis
3289 1608 3530 1663 abcessit.
3572 1607 3771 1663 Nonilla

2277 1698 2464 1766 utique
2478 1696 2717 1762 tristitia,
2737 1709 2844 1765 qua
2869 1696 3246 1766 eompungitur
3264 1710 3357 1751 cor
3377 1694 3439 1749 ad
3452 1696 3772 1765 paenitentiam,

2202 1777 2251 1838 Β
2279 1785 2372 1840 sed
2424 1784 2645 1839 tristitia
2699 1782 2880 1838 saeculi
2928 1798 3049 1853 quae
3104 1793 3333 1840 mortem
3377 1792 3636 1854 operatur;
3679 1786 3772 1853 quia

2280 1876 2466 1945 spinae,
2491 1884 2551 1929 ut
2570 1874 2703 1940 dixi,
2730 1873 3131 1930 suﬂ'ocaverunt
3168 1889 3311 1930 eum.
3336 1875 3475 1931 Proh
3498 1874 3653 1930 dolor!
3674 1874 3776 1929 Ecce

2277 1968 2369 2039 qui
2426 1975 2549 2038 post
2598 1974 2675 2022 tot
2720 1966 2956 2031 labores,
3017 1974 3141 2037 post
3191 1974 3392 2021 tantam
3447 1965 3774 2020 observantiam

2276 2061 2654 2115 mandatorum
2702 2057 2818 2122 Dei,
2850 2073 2973 2113 cum
3023 2056 3199 2112 adhuc
3251 2055 3535 2126 requireret
3576 2054 3683 2124 quid
3720 2052 3775 2107 illi

2277 2150 2509 2212 deesset,
2543 2162 2706 2217 quam
2726 2147 2907 2203 subito
2931 2162 2990 2202 se
3020 2145 3219 2215 deiecit
3245 2146 3299 2201 in
3335 2153 3577 2211 mortem;
3603 2152 3650 2197 et
3669 2142 3776 2197 unde

2276 2241 2605 2297 dilatabatur
2626 2238 2759 2294 foris
2784 2239 2840 2294 in
2867 2238 3049 2294 multis
3067 2236 3509 2309 possessionibus,
3535 2235 3643 2290 inde
3658 2248 3779 2289 coau-

2276 2339 2560 2402 gustantur
2590 2330 2754 2395 intus,
2790 2329 2988 2399 quibus
3020 2329 3164 2383 male
3193 2326 3476 2383 suffocatus
3498 2326 3655 2396 periit.
3678 2322 3779 2392 Ergo

2277 2422 2367 2477 illo
2396 2421 2627 2475 abeunte
2644 2419 2784 2477 dixit
2810 2417 2971 2473 Jesus
2995 2436 3009 2471 :
3035 2419 3205 2472 Amen
3229 2418 3344 2472 dico
3371 2413 3655 2484 vobis,_quia
3677 2412 3779 2465 dira

2276 2513 2482 2585 difﬁcile
2520 2512 2736 2567 intrabit
2770 2512 2827 2565 in
2864 2526 3081 2580 regnum
3122 2509 3396 2564 calorum.
3434 2504 3544 2560 Non
3569 2502 3681 2560 dixit
3706 2502 3779 2555 im-

2277 2602 2531 2674 possibile
2559 2610 2644 2657 est
2664 2600 2863 2656 divites
2886 2600 3094 2654 intrare
3117 2599 3173 2654 in
3204 2611 3424 2670 regnum
3447 2594 3689 2657 caelorum,
3709 2591 3779 2646 sed

2277 2691 2512 2747 difﬁcile.
2545 2691 2690 2763 Ergo
2734 2691 2827 2747 ubi
2853 2687 3073 2746 difﬁcile
3104 2690 3351 2759 ponitur,
3379 2702 3481 2743 non
3505 2681 3780 2755 impossibili-

2278 2794 2361 2839 tas
2382 2783 2757 2854 praetenditur,
2787 2781 2884 2837 sed
2912 2782 3110 2836 raritas
3138 2780 3554 2836 demonstratur.
3582 2772 3779 2842 Alioquin

2275 2875 2569 2940 Abraham,
2613 2873 2786 2939 Isaac,
2840 2881 2896 2928 et
2939 2871 3133 2938 Jacob,
3164 2871 3434 2941 quomodo
3460 2867 3632 2923 divites
3652 2866 3781 2917 intra-

2275 2977 2403 3022 runt
2424 2968 2477 3022 in
2507 2982 2652 3032 eum,
2697 2980 2799 3021 nec
2832 2980 2940 3019 non
2965 2966 3019 3018 in
3048 2963 3347 3035 Evangelia
3375 2960 3630 3016 Mattbatus
3659 2963 3779 3022 atque

2275 3061 2553 3126 Zachaaus,
2578 3058 2670 3129 qui
2701 3057 2906 3114 relictis
2927 3056 3129 3112 divitiis
3154 3055 3371 3111 Domini
3394 3049 3668 3108 testimonio
3682 3060 3782 3116 pra-

2196 3140 2242 3203 C
2277 3154 2544 3209 dicantur.
2577 3150 2927 3220 Nequaquam
2955 3148 3123 3219 igitur
3144 3146 3349 3201 divitia:
3370 3141 3636 3198 excludunt
3653 3133 3782 3190 homi-

2278 3259 2375 3298 nes
2400 3259 2431 3297 a
2457 3256 2622 3312 regno
2648 3241 2766 3306 Dei,
2805 3239 2850 3293 si
2877 3239 3014 3294 bene
3044 3244 3293 3301 utantur,
3325 3242 3382 3289 ut
3407 3233 3493 3305 qui
3523 3228 3694 3286 habent
3715 3236 3781 3319 eas

2278 3333 2359 3388 sic
2385 3331 2493 3387 sint
2544 3330 2695 3400 quasi
2732 3343 2839 3383 non
2885 3327 3178 3389 habentes,
3232 3333 3288 3380 et
3308 3324 3400 3394 qui
3427 3327 3630 3377 utuntur
3668 3326 3782 3383 quas

2278 3437 2384 3479 non
2434 3429 2664 3476 utentes.
2702 3419 2805 3474 Ubi
2861 3432 2969 3473 non
3012 3415 3220 3471 divitiae
3268 3413 3680 3471 condemnautur,
3718 3401 3784 3457 sed

2278 3512 2559 3569 difﬁcultas
2581 3510 2817 3566 intrandi
2848 3509 3068 3563 omnino
3115 3506 3461 3577 praedicatur.
3490 3502 3612 3570 Quia
3652 3500 3784 3566 pomi

2276 3603 2447 3668 dives,
2471 3602 2600 3657 licet
2619 3616 2742 3656 cum
2765 3597 3097 3664 diilicultate,
3124 3598 3348 3655 vincere
3370 3594 3629 3667 passiones
3651 3583 3786 3643 carnis

2277 3708 2341 3748 ac
2365 3693 2563 3748 mentis
2594 3707 2723 3756 suae,
2749 3690 2898 3745 vitiis
2922 3705 2989 3746 ac
3029 3688 3364 3744 facinoribus
3386 3686 3637 3744 resistere,
3657 3684 3701 3732 et
3716 3686 3784 3729 sua

2275 3801 2396 3857 quae
2421 3784 2662 3856 possidet
2692 3782 2929 3853 legitime
2949 3782 3289 3853 dispensare.
3330 3779 3457 3847 Quae
3474 3773 3698 3831 nimirum
3717 3762 3787 3821 dif-

2276 3875 2489 3930 ﬁcultas
2514 3874 2677 3929 etiam
2701 3883 2754 3927 et
2779 3870 2982 3927 Judaeis
3002 3870 3271 3928 accidisse
3292 3866 3619 3925 manifestum
3643 3866 3724 3921 est,
3747 3860 3789 3906 ut

2274 3980 2339 4021 ea
2388 3965 2759 4034 relinquerent
2806 3963 2859 4017 in
2909 3962 3104 4031 quibus
3160 3960 3570 4033 gloriabantur,
3599 3951 3655 4006 Et
3700 3945 3789 4044 ideo

2279 4066 2425 4111 tanta
2454 4056 2653 4111 raritas
2693 4053 3001 4110 Iudaeorum
3046 4052 3115 4107 ad
3143 4066 3271 4106 eum
3300 4061 3552 4107 conversa
3578 4051 3665 4105 est,
3700 4048 3788 4106 qum

2276 4147 2461 4203 multis
2532 4145 2851 4200 tenebantur
2924 4142 3140 4198 obnoxii
3196 4140 3517 4198 criminibus
3568 4130 3794 4196 multisque

591 4243 782 4299 relicto
807 4242 1105 4309 Salvatore,
1156 4246 1328 4301 tristis
1357 4245 1510 4300 abiit.
1552 4247 1631 4300 Ex
1665 4218 1773 4315 quo
1812 4218 2002 4319 liquet,
2033 4218 2173 4304 sicut
2275 4242 2441 4297 lucris
2488 4238 2817 4303 carnalibus,
2844 4253 2966 4308 quae
2992 4237 3307 4292 conferebat
3334 4235 3414 4289 eis
3439 4218 3794 4319 consuetudole‘

592 4336 844 4404 diximus,
871 4338 1017 4408 quod
1044 4353 1219 4409 neque
1260 4339 1368 4402 hic,
1402 4353 1577 4408 neque
1608 4340 1839 4411 populus
1861 4314 2169 4396 judaeorum
2276 4335 2376 4405 gis.
2394 4332 2598 4388 Etideo
2611 4329 2875 4400 spiritalia
2890 4344 3009 4399 qua:
3029 4327 3279 4384 Christus
3299 4314 3797 4411 promittebatfutura:

593 4426 683 4481 illa
717 4398 839 4496 quae
871 4398 1287 4498 superius-sunt
1336 4398 1505 4484 dicta.
1529 4398 1750 4502 egerat:
1780 4439 1835 4487 et
1861 4432 1981 4489 ideo
2022 4448 2167 4489 men~
2276 4398 2494 4498 ιῖτοριετ
2533 4398 2821 4494 Plini-SC?"lia
2874 4398 3145 4492 Γέερίοθΐθ
3199 4416 3469 4488 άθάἱεηειιί
3522 4398 3798 4508 δυηίζρξξῳ

592 4494 803 4573 tiuntur
830 4494 974 4590 quod
1022 4521 1204 4576 omnia
1237 4494 1589 4577 servaverint
1620 4538 1650 4577 a
1692 4521 1996 4591 iuventute.
2035 4525 2172 4593 Quia
2202 4494 2252 4556 D
2276 4494 2325 4572 si
2342 4494 2666 4572 Christianis
2686 4511 2846 4568 modo
2860 4511 3189 4582 persuadere
3209 4525 3320 4565 non
3340 4517 3615 4579 possumus
3633 4494 3801 4593 divitias

593 4609 694 4665 etsi
720 4609 1033 4666 adolescens
1062 4626 1189 4667 vere
1224 4612 1443 4677 dicitur,
1473 4615 1646 4669 nescit
1672 4615 2019 4671 considerare
2040 4626 2173 4671 rcta-
2280 4606 2460 4663 saeculi
2487 4612 2740 4676 οροτῑθτθ
2760 4612 3127 4669 εοηῑθῐηηθΐθ»
3159 4599 3505 4658 ἀίουηίθηίιη
3526 4595 3571 4651 εί
3595 4585 3800 4682 ¹¹⁰¹¹¹Ῐ⁵⁵Ῠ¹

595 4709 703 4755 tem
755 4716 930 4765 suam,
974 4702 1230 4770 quoniam
1282 4702 1642 4758 adolescentia
1672 4703 1811 4758 infra
1832 4703 2174 4773 iuventutem
2282 4700 2423 4753 Deus
2453 4696 2699 4751 homines
2746 4694 2952 4749 diViliiS
2980 4694 3078 4759 uti.
3108 4707 3390 4764 nunquam
3417 4704 3511 4745 eas
3541 4682 3801 4773 “Win!

594 4799 699 4855 est,
750 4798 805 4845 et
868 4792 1137 4860 posterior
1181 4792 1358 4849 aetatis
1395 4793 1596 4865 gradus
1638 4810 1745 4848 non
1805 4802 1984 4865 potest
2032 4797 2175 4851 intra

593 4881 792 4951 prioris
836 4881 964 4937 vita:
1004 4883 1266 4938 terminos
1317 4884 1606 4939 contineri.
1642 4885 1763 4940 Sed
1804 4885 1906 4941 hoc
1951 4887 2072 4941 ideo
2101 4887 2173 4941 ita

595 4973 837 5042 ponitur,
869 4981 930 5028 ut
957 4972 1296 5029 manifestius
1317 4975 1387 5030 sit
1414 4976 1557 5045 quod
1587 4975 1676 5031 hic
1702 4976 2019 5031 adolescens
2051 4992 2175 5047 per-

597 5077 785 5119 sonam
836 5064 979 5134 gerit
1023 5063 1351 5131 Judaaorum,
1418 5068 1511 5136 qui
1568 5082 1627 5122 se
1646 5068 1904 5137 iactando
1953 5069 2009 5123 in
2062 5069 2181 5140 lege

598 5152 902 5223 gloriantur
950 5169 981 5208 a
1023 5154 1327 5224 iuventute,
1384 5157 1540 5226 quasi
1592 5157 1752 5227 longo
1786 5156 1902 5225 iam
1940 5167 2182 5228 tempore

599 5246 865 5312 servisse;
890 5254 951 5301 et
973 5247 1093 5302 ideo
1112 5248 1364 5317 iuvenem
1394 5261 1453 5302 se
1480 5256 1640 5303 vocat
1672 5258 1731 5303 ut
1758 5247 2027 5318 prolixum
2050 5249 2182 5319 legis

603 5345 814 5408 tempus
855 5340 1129 5405 ostendat,
1184 5339 1285 5394 sub
1327 5353 1432 5409 qua
1465 5339 1633 5394 multo
1682 5338 2016 5396 fortitudinis
2065 5357 2175 5397 sua:

602 5431 798 5499 sudore
835 5432 1164 5500 decertasse,
1195 5448 1261 5489 ac
1287 5446 1534 5489 servasse
1572 5447 1692 5503 qua:
1721 5433 1777 5487 in
1806 5448 1872 5488 ea
1908 5445 2178 5505 praecepta

604 5530 730 5574 sunt
756 5521 1037 5591 gloriatur.
1068 5523 1267 5595 Sicque
1287 5525 1340 5579 in
1370 5525 1472 5580 hoc
1496 5524 1636 5579 ratio
1670 5525 1861 5596 typica:
1882 5523 2181 5582 elﬁcientite

605 5621 819 5667 servata
837 5624 944 5682 est,
971 5623 1031 5671 ut
1058 5616 1192 5672 nihil
1221 5618 1291 5673 ob
1312 5616 1455 5673 aliud
1488 5619 1631 5675 hunc
1659 5618 2056 5673 adolescentem
2096 5619 2182 5674 in-

609 5706 913 5765 troductum
944 5710 1145 5776 videas,
1172 5709 1279 5765 nisi
1308 5718 1367 5764 ut
1392 5709 1625 5766 insinuet
1650 5725 1784 5780 gens
1804 5709 1987 5768 Iudaea
2016 5726 2183 5781 quan-

2281 4789 2498 4854 mundo,
2531 4796 2735 4858 quanto
2782 4788 2955 4857 magis
3003 4785 3217 4841 diﬂicile
3255 4792 3378 4839 erat
3418 4776 3606 4852 populo
3627 4765 3803 4826 Judaico

2281 4882 2548 4939 ditissima
2591 4879 2885 4936 secundum
2928 4893 3113 4933 omnes
3168 4877 3388 4933 divitias
3433 4873 3579 4945 legis,
3622 4871 3800 4937 versui“

2285 4975 2414 5029 dere
2464 4983 2523 5027 ut
2570 4972 2938 5042 relinquerent
2993 4970 3326 5041 opulentiam
3357 4966 3529 5037 .legis,
3579 4967 3631 5014 et
3676 4949 3804 5007 cultu-

2283 5082 2400 5120 ram
2429 5065 2687 5120 divinitus
2708 5080 2737 5117 a
2768 5048 2881 5119 Deo
2900 5063 3177 5128 traditam,
3214 5052 3802 5123 traditionesquepalmn'

2286 5172 2507 5214 suorum
2540 5168 2593 5213 et
2624 5158 2788 5212 totius
2822 5155 3061 5211 Iudaicae
3100 5155 3381 5227 religionis
3402 5151 3634 5208 instiqu
3659 5151 3756 5210 ll“aa
3782 5146 3804 5182 “

2286 5252 2395 5306 Deo
2420 5256 2790 5318 susceperant.
2835 5248 3100 5303 Dicebant
3145 5247 3311 5310 enim,
3348 5245 3395 5300 si
3433 5243 3570 5297 Deus
3594 5237 3714 5292 hanc
3732 5238 3804 5318 τος

2282 5343 2469 5399 luisset
2498 5346 2667 5413 legem
2716 5356 2952 5412 unquam
3008 5340 3306 5404 contemni,
3335 5346 3389 5392 et
3426 5331 3665 5403 templum
3695 5312 3806 5421 qugd

2286 5408 2573 5506 augustius
2586 5436 2750 5507 807
2783 5408 2908 5490 tunc
2950 5435 3006 5488 in
3035 5432 3155 5489 toto'
3172 5433 3373 5488 mundo
3398 5428 3642 5499 fulgebat,
3667 5424 3713 5472 et
3741 5408 3804 5464 i”a

2285 5529 2464 5583 omnia
2496 5544 2615 5598 quae
2646 5529 2699 5582 in
2745 5542 2812 5581 eo
2842 5527 3061 5591 fiebant,
3109 5540 3386 5595 nunquam
3415 5536 3534 5576 cum
3577 5519 3708 5606 tanta

2288 5620 2433 5673 tione
2476 5629 2530 5673 et
2555 5618 2830 5689 diligentia
2858 5618 2987 5673 olim
3020 5616 3352 5679 tradidisset,
3397 5622 3564 5679 neque
3588 5608 3656 5658 tot
3673 5602 3803 5664 siE'"s

2289 5720 2344 5768 et
2366 5712 2625 5781 prodigiis
2653 5727 2772 5766 eam
2808 5712 3260 5767 commendasset.
