4008 6354
157 351 246 408 665

911 345 1268 402 EXPOSI'HO
1301 345 1368 401 IN
1409 345 1840 402 MATTH/EUM.
1879 377 1943 387 —-
1983 347 2106 402 LIB.
2147 347 2240 415 IX,
2275 345 2424 403 CAP.
2463 346 2603 401 XIX.

3291 345 3394 403 666

216 462 547 532 QuaprOpter
585 459 832 512 Salvator
871 472 1058 512 rursus
1087 457 1304 526 adjecit,
1337 457 1525 512 dicens
1561 476 1572 509 :
1608 456 1715 510 Ite-
1740 462 1792 521 Α
1818 455 2066 511 stitiones
2099 455 2372 521 Judaicas,
2397 466 2559 526 atque
2582 467 2796 509 omnem
2824 454 3104 524 perfidiam
3127 455 3394 512 idolorum

157 573 258 612 rum
283 554 397 607 dico
420 551 582 615 vobis,
608 551 730 620 quia
755 547 966 618 facilius
991 557 1067 601 est
1097 549 1351 602 camelum
1371 565 1462 617 per
1486 548 1722 617 foramen

156 665 266 704 acus
291 644 538 704 transire,
566 659 725 713 quam
756 643 967 696 divitem
1012 642 1068 694 in
1095 658 1311 711 regnum
1351 641 1598 694 caelorum
1633 641 1720 695 in-

157 756 298 801 trare.
327 741 440 796 Hac
460 739 724 809 siquidem
747 739 1038 805 sententia,
1068 755 1176 795 non
1205 736 1490 794 difficultas
1516 738 1721 791 intran-

160 838 203 893 di
225 833 544 898 ostenditur,
570 831 666 886 sed
694 830 1125 900 impossibilitas.
1160 827 1219 884 Si
1258 830 1402 885 enim
1451 829 1722 898 quomodo

162 928 381 986 camelos
422 941 530 980 non
573 933 750 994 potest
798 922 1004 977 intrare
1052 936 1150 991 per
1196 920 1437 976 foramen
1463 936 1612 984 acus,
1644 921 1723 976 sic

161 1025 290 1077 dives
317 1035 422 1074 non
449 1025 630 1088 potest
652 1017 877 1071 introire
903 1017 958 1070 in
988 1029 1212 1085 regnum
1235 1014 1516 1077 caelorum,
1545 1012 1722 1067 nullus

157 1115 362 1168 divitum
401 1110 586 1165 salvus
623 1109 726 1163 erit
759 1127 772 1162 :
801 1115 1008 1177 quanto
1053 1107 1228 1177 magis
1274 1106 1365 1175 qui
1416 1105 1545 1159 dicit
1589 1105 1719 1160 illud

155 1206 447 1278 possibilius
477 1219 636 1273 quam
662 1203 846 1258 istud?
875 1201 1028 1257 Unde
1049 1202 1267 1272 quidam
1281 1201 1348 1254 de
1375 1203 1476 1256 hac
1505 1210 1718 1256 sentcn-

156 1300 217 1353 tia
244 1297 489 1353 dubitare
531 1295 798 1360 videntur,
829 1309 895 1349 eo
920 1295 1063 1364 quod
1087 1295 1315 1349 audiunt
1347 1304 1538 1349 contra
1579 1295 1719 1349 hanc

156 1390 485 1453 sententiam,
517 1396 575 1441 et
610 1387 803 1441 divites
841 1387 1024 1440 venire
1061 1388 1127 1441 ad
1154 1401 1316 1456 regna
1343 1386 1624 1440 ctelorum.
1652 1386 1718 1440 Et

156 1482 242 1536 hoc
264 1482 386 1550 quia
409 1479 617 1532 factum
651 1493 757 1532 non
789 1477 1002 1548 legitur,
1035 1476 1367 1546 impossibile
1395 1491 1716 1546 permanere

157 1571 368 1633 videtur,
401 1569 548 1638 quod
574 1568 785 1624 facilius
809 1568 1154 1637 praedicatur.
1187 1567 1443 1623 Profecto
1478 1583 1584 1622 non
1633 1575 1712 1621 at.

160 1661 372 1715 tendunt
413 1662 465 1715 hi
510 1661 649 1714 tales
687 1661 875 1715 modos
913 1660 1260 1724 locutionum,
1313 1659 1508 1729 quibus
1551 1661 1714 1714 etiam

158 1752 419 1806 saeculares
448 1752 570 1818 viri,
602 1766 766 1821 quam
792 1766 954 1821 saepe,
981 1751 1074 1820 qui
1103 1750 1409 1821 philosophi
1435 1752 1709 1816 dicuntur,

1828 556 1984 617 atque
2007 549 2290 603 avaritiam
2321 563 2534 613 rerum,
2567 547 2661 601 sed
2687 557 2741 601 et
2761 547 2924 602 totius
2950 549 3148 604 mentis
3192 565 3256 606 ac
3277 565 3395 604 cor-

1826 641 1973 710 poris
1997 642 2312 710 pravitates,
2344 641 2419 694 ita
2444 649 2503 695 ut
2524 639 2729 695 intrare
2757 640 2965 710 possint
2987 654 3085 709 per
3112 647 3395 710 angustam

1825 740 1878 786 et
1903 740 2108 786 arctam
2133 732 2273 786 viam
2305 746 2424 801 quae
2470 730 2612 786 ducit
2642 730 2709 784 ad
2738 730 2922 784 vitam.
2964 729 3110 797 Quae,
3140 731 3184 786 si
3249 739 3395 786 recte

1780 855 1782 859 -
1825 825 2080 894 sapimus,
2104 824 2218 894 ipsa
2246 832 2330 879 est
2351 824 2592 878 foramen
2615 837 2764 886 acus,
2789 822 2904 892 ipsa
2929 833 3014 876 est
3037 838 3163 876 vera
3183 821 3396 878 confes-

1824 917 1904 971 sio
1953 917 2097 980 ﬁdei,
2127 918 2240 987 ipsa
2265 926 2318 970 et
2353 930 2478 970 vera
2505 916 2819 986 pmnitentia
2844 931 2941 986 per
2963 930 3125 985 quam
3161 916 3395 969 intratur

1825 1007 1894 1060 ad
1921 1021 2144 1076 regnum
2177 1004 2513 1060 Hierusalem
2544 1005 2786 1060 caeleste.
2835 1005 2980 1060 Acus
3025 1020 3258 1074 namque
3304 1019 3393 1075 ge-

1823 1097 2024 1152 minam
2065 1096 2293 1152 formam
2347 1096 2508 1151 habet
2540 1114 2552 1149 :
2585 1097 2822 1166 priorem
2862 1096 3252 1160 acutissimam,
3299 1111 3396 1164 per

1822 1204 1982 1258 quam
2013 1196 2207 1243 cuncta
2255 1188 2494 1258 perforat
2540 1204 2604 1244 ac
2655 1197 2922 1258 penetrat,
2980 1197 3036 1244 et
3056 1188 3215 1243 aliam
3263 1203 3394 1243 vero

1823 1289 1990 1345 retro,
2025 1294 2142 1350 quae
2164 1278 2435 1349 perforata
2471 1288 2575 1344 est,
2599 1289 2652 1334 et
2687 1289 2808 1350 post
2836 1296 2896 1336 se
2919 1280 3006 1333 fila
3028 1281 3212 1335 trahit.
3247 1280 3395 1335 Unde

1823 1386 1921 1425 nec
1958 1371 2229 1426 immerito
2273 1387 2368 1440 per
2417 1388 2572 1427 acum
2607 1374 2722 1441 ipse
2767 1373 3018 1429 Christus
3056 1372 3391 1442 intelligitur,

1819 1461 2123 1532 perforatus
2172 1463 2226 1516 in
2277 1464 2557 1532 passione;
2607 1477 2704 1532 per
2749 1465 2890 1532 quod
2930 1463 3117 1533 utique
3147 1463 3392 1518 foramen

1819 1553 1999 1607 omnia
2050 1553 2118 1606 ad
2167 1568 2226 1608 se
2253 1563 2320 1624 ,ει
2358 1562 2481 1623 post
2521 1570 2580 1609 se
2617 1554 2804 1609 trahit.
2839 1553 3002 1623 Cujus
3033 1555 3286 1610 divinitas
3305 1569 3395 1624 pe-

1820 1646 2192 1700 netratomnia
2218 1653 2270 1698 et
2297 1646 2549 1717 pertingit
2570 1649 2638 1701 ad
2657 1648 2858 1701 omnia.
2884 1647 3047 1716 Cujus
3062 1648 3391 1712 humanitas,

1819 1741 1942 1810 quia
1974 1757 2130 1811 passa
2158 1751 2261 1806 est,
2296 1744 2464 1809 trahit
2505 1752 2626 1814 post
2659 1757 2716 1799 se
2740 1745 2939 1800 omnia.
2969 1743 3074 1799 Per
3103 1743 3256 1812 cujus
3279 1743 3394 1798 vul-

155 1843 201 1896 in
229 1843 334 1898 suis
354 1850 583 1896 utuntur
617 1841 871 1911 eloquiis.
929 1842 996 1896 Et
1037 1843 1236 1897 dicitur
1263 1842 1350 1896 hic
1381 1851 1590 1912 tropus,
1619 1845 1714 1914 hy-
1744 1849 1790 1908 Β
1819 1849 1920 1887 nus
1945 1836 2213 1904 passionis
2239 1845 2423 1906 gentes
2476 1837 2736 1906 ingressa:
2769 1845 2893 1891 sunt
2942 1838 2996 1891 in
3047 1837 3212 1891 vitam
3237 1846 3392 1891 teter-

153 1935 371 2004 perbole.
432 1935 600 2005 Cujus
666 1936 920 1989 nimirum
967 1936 1132 1990 dictio
1181 1935 1497 2004 frequenter
1552 1936 1712 1992 fidem

154 2027 370 2089 excedit,
401 2035 462 2080 ut
487 2035 542 2080 et.
569 2026 658 2082 isti
695 2028 966 2081 sentiunt.
992 2025 1098 2081 Sed
1131 2042 1230 2082 nos
1252 2036 1306 2081 et
1328 2027 1584 2082 divitibus
1613 2043 1712 2082 sae-

152 2117 268 2182 culi,
297 2127 349 2171 et
373 2119 440 2172 de
467 2116 687 2180 Iudaeis,
713 2133 946 2187 quorum
983 2118 1084 2173 iste
1128 2118 1439 2173 adolescens
1486 2119 1713 2193 figuram

153 2214 304 2270 tenet,
332 2207 600 2261 veraciter
647 2207 966 2277 accipimus,
995 2207 1137 2277 quod
1167 2206 1596 2278 impossibilersit
1620 2223 1714 2265 eos

149 2295 207 2348 ad
258 2297 419 2349 vitam
487 2296 691 2350 intrare
758 2297 988 2361 beatam,
1051 2296 1290 2365 quandiu
1348 2297 1423 2351 illi
1484 2307 1577 2352 aut
1636 2298 1713 2354 illi

148 2394 322 2441 contra
372 2385 650 2442 Christum
720 2387 951 2456 superbe
1010 2387 1254 2456 sapiunt,
1312 2396 1367 2441 et
1419 2388 1473 2442 in
1535 2389 1711 2443 incer-

150 2485 195 2528 to
257 2475 566 2530 divitiarum
612 2490 764 2544 spem
817 2489 966 2529 suam
1018 2483 1243 2545 ponunt.
1294 2474 1445 2542 Quod
1503 2476 1548 2529 si
1605 2477 1714 2546 pri-

148 2582 286 2621 mum
325 2559 397 2622 ad
423 2566 639 2622 Iudaeos
677 2582 896 2622 manum
954 2567 1236 2632 vertimus,
1289 2568 1546 2623 continuo
1595 2584 1717 2638 pro.

148 2660 295 2714 batur
319 2660 463 2730 quod
493 2659 704 2714 facilius
731 2667 816 2714 est
845 2667 1053 2729 gentes,
1089 2674 1209 2729 qua:
1255 2659 1310 2712 in
1367 2658 1594 2729 figuram
1624 2675 1713 2715 ca-

145 2748 262 2802 meli
318 2749 681 2818 accipiuntur,
732 2757 788 2802 et
831 2756 1090 2804 tortuosa:
1147 2746 1383 2813 fuerant,
1421 2747 1712 2817 multisque

147 2839 363 2893 sarcinis
410 2848 762 2908 peccatorum
806 2838 1094 2908 depressae,
1122 2853 1220 2908 per
1246 2847 1535 2909 angustum
1576 2838 1714 2892 fora-

146 2942 257 2982 men
288 2941 512 2999 regnum
549 2928 755 2982 intrare
807 2927 1093 2991 caelorum,
1140 2942 1304 2996 quam
1346 2924 1580 2992 Iudaeos,
1623 2927 1712 2995 qui

145 3020 331 3075 divites
357 3020 684 3075 videbantur
715 3019 769 3074 in
796 3019 934 3088 lege,
969 3019 1022 3072 in
1051 3017 1329 3088 prophetis
1379 3026 1433 3073 et
1479 3018 1713 3088 patriar-

144 3113 272 3175 chis,
292 3115 342 3166 in
358 3111 656 3181 Scripturis
675 3110 890 3175 divinis,
922 3111 975 3165 in
1002 3110 1216 3180 templo,
1244 3110 1296 3164 in
1319 3111 1711 3176 sacerdotibus,

1820 1939 1964 1978 nam.
1987 1925 2106 1990 Quo
2152 1926 2372 1980 vulnere
2404 1927 2625 1981 vulnera
2671 1936 2859 1982 nostra
2894 1928 3074 1981 omnia
3107 1940 3389 1990 consuere,

1819 2014 1966 2070 solus
2008 2023 2198 2084 potens
2247 2025 2352 2081 est,
2396 2017 2521 2072 dum
2577 2018 2832 2072 divinitas
2860 2018 2999 2088 ejus,
3041 2033 3105 2072 ac
3149 2018 3195 2071 si
3242 2017 3394 2086 prior

1818 2120 1962 2174 pars,
1997 2115 2188 2160 cuncta
2217 2117 2398 2162 nostra
2420 2117 2669 2178 penetrat
2697 2117 2751 2161 et
2780 2108 3077 2178 perlustrat
3098 2108 3390 2173 interiora;

1818 2213 1849 2250 a
1878 2212 1984 2266 quo
2021 2205 2244 2253 consula
2286 2207 2370 2253 est
2425 2199 2850 2256 immortalitatis
2884 2201 3082 2267 tunica,
3117 2217 3236 2271 qua:
3264 2199 3393 2256 olim

1819 2293 2093 2347 conscissa
2125 2301 2244 2346 erat
2263 2306 2360 2361 per
2389 2293 2583 2348 Adam.
2614 2294 2729 2363 Ipsa
2759 2303 2844 2349 est
2884 2309 3014 2350 acus
3037 2309 3144 2365 qua
3166 2309 3295 2349 caro
3338 2301 3393 2349 et

1819 2383 2038 2452 spiritus
2067 2394 2406 2438 consuuntur
2449 2385 2501 2437 in
2548 2400 2735 2449 unum,
2793 2394 2850 2438 ut
2896 2384 3123 2441 ulterius
3152 2383 3393 2455 separari

1818 2483 2106 2543 nequeant.
2165 2474 2282 2542 Qua
2333 2490 2462 2529 sane
2507 2490 2607 2530 acu
2637 2474 2897 2531 Judaicus
2949 2477 3181 2547 populus
3213 2485 3394 2545 'atque

1819 2565 2060 2634 gentium
2113 2565 2336 2633 junctus
2391 2574 2475 2620 est
2521 2565 2704 2631 simul,
2751 2573 2806 2620 et
2852 2566 3028 2620 factus
3062 2581 3200 2620 unus
3241 2580 3389 2636 grex.

1818 2655 2081 2722 Quoniam
2112 2656 2220 2725 ipse
2250 2666 2324 2711 est
2345 2673 2451 2726 pax
2473 2667 2676 2720 nostra,
2701 2673 2818 2728 qua:
2839 2657 2958 2725 fecit
2989 2666 3209 2727 utraque
3233 2672 3394 2710 unum

1819 2745 2034 2815 (Ephes.
2071 2760 2132 2810 ιι,
2159 2744 2270 2816 14).
2302 2745 2438 2812 Quid
2467 2745 2860 2814 plura?omnia
2888 2746 3113 2801 discissa
3143 2753 3197 2800 et
3223 2745 3395 2800 disru-

1816 2843 1936 2905 pta,
1962 2850 2062 2905 per
2090 2835 2262 2904 ipsum
2296 2846 2624 2891 revocantur
2653 2837 2719 2890 ad
2755 2853 2940 2890 unum.
2992 2836 3201 2890 Auditis
3225 2846 3396 2890 autem

1817 2928 1896 2981 his
1927 2927 2171 2998 discipuli
2208 2929 2559 2995 mirabantur,
2587 2929 2814 2984 dicentes
2839 2947 2857 2984 :
2884 2929 3013 2995 Quis
3053 2931 3240 2999 poterit
3293 2930 3408 3004 sal:

1817 3035 1907 3074 vus
1960 3019 2413 3088 esse?Aspiciens
2477 3035 2597 3088 ergo
2649 3019 2805 3072 Jesus
2857 3019 2989 3073 dixit
3043 3018 3194 3073 illis:
3245 3019 3397 3088 Apud

1818 3110 2049 3163 homines
2099 3110 2194 3163 hoc
2261 3109 2580 3180 impossibile
2632 3119 2748 3174 est,
2806 3112 2947 3179 apud
3001 3110 3168 3164 Deum
3223 3120 3396 3164 autem

145 3202 192 3256 in
218 3203 434 3268 Levitis,
460 3203 517 3256 in
545 3201 828 3257 sacrificiis
849 3210 904 3257 et
929 3203 1170 3264 decimis,
1197 3203 1514 3271 eaaterisque
1535 3202 1712 3272 dispo-
1739 3205 1785 3268 ο
1817 3203 1991 3256 omnia
2043 3202 2312 3271 possibilia
2374 3213 2515 3256 sunt.
2579 3202 2827 3258 Ostendit
2877 3213 3056 3258 autem
3114 3206 3395 3273 quoniam,

144 3296 421 3352 sitionibus
464 3296 620 3367 legis.
663 3295 835 3349 Porro
871 3295 1064 3350 divites
1099 3295 1164 3350 de
1192 3295 1462 3365 gentibus,
1513 3303 1606 3348 aut
1649 3295 1713 3350 de

141 3385 332 3441 Judazis
352 3388 621 3457 quomodo
651 3387 870 3441 veniant
896 3395 989 3440 aut
1018 3387 1220 3440 intrent
1247 3386 1314 3440 ad
1351 3385 1498 3440 illam
1522 3385 1716 3441 Hieru-

139 3479 304 3533 salem
334 3480 628 3546 cmlestem,
651 3479 822 3534 Isaias
849 3478 1127 3544 describit,
1155 3478 1340 3533 dicens
1373 3493 1386 3531 :
1425 3477 1718 3532 Inundatio

138 3570 455 3623 camelorum
504 3572 692 3640 aperiet
722 3580 792 3635 te,
825 3569 1145 3622 dromedarii
1184 3567 1422 3622 Madiam
1469 3576 1517 3622 et
1542 3563 1714 3638 Epha,

137 3677 325 3714 omnes
361 3662 565 3731 quidem
593 3662 657 3716 de
683 3660 826 3717 Saba
871 3662 1096 3725 uenient,
1120 3670 1168 3714 et
1195 3676 1383 3713 aurum
1405 3669 1452 3712 et
1481 3659 1599 3712 thus
1630 3658 1721 3712 de-

137 3754 362 3819 ferentes
391 3753 519 3824 (Ira.
550 3771 636 3821 1.x,
667 3755 722 3825 6)
758 3771 773 3808 :
805 3755 877 3808 ita
901 3753 1072 3822 utqui
1103 3753 1253 3822 prius
1279 3752 1430 3807 curvi
1459 3760 1635 3818 erant,
1667 3760 1721 3806 et

135 3844 297 3914 gibbo
313 3846 717 3916 premebantur,
731 3846 987 3900 vitiorum
1003 3845 1268 3916 pravitate
1293 3845 1527 3910 distorti,
1551 3845 1722 3914 ingre-

136 3935 348 3989 diantur
376 3951 474 4006 per
497 3946 685 4006 portas
717 3936 1074 3992 Hierusalem.
1099 3936 1200 4003 Qui
1245 3935 1486 4007 profecto
1509 3936 1577 3990 ab
1605 3953 1721 3991 om-

136 4028 296 4083 nibus
341 4027 664 4082 orthodoxis
711 4027 906 4082 divites
962 4027 1370 4097 intelliguntur,
1420 4026 1561 4096 quod
1617 4027 1720 4081 iste

135 4118 301 4174 fuisse
347 4119 668 4174 adolescens
699 4118 1048 4188 Evangelium
1081 4118 1336 4174 declarat.
1365 4117 1432 4171 Et
1457 4117 1577 4171 ideo
1617 4117 1722 4171 Do-

135 4211 355 4265 minus:
387 4209 629 4265 Facilius
674 4221 771 4276 est,
825 4211 1021 4280 inquit,
1049 4209 1302 4264 camelum
1351 4226 1442 4280 per
1486 4209 1722 4278 foramen

132 4319 255 4356 acu
303 4305 531 4368 intrare,
561 4303 607 4356 si
635 4302 948 4371 deposuerit
993 4317 1158 4357 onera
1204 4301 1374 4372 808
1399 4315 1498 4355 sua
1528 4301 1723 4371 quibus

131 4395 488 4462 premebatur
529 4394 684 4465 prius
725 4411 886 4464 quam
910 4395 1129 4449 divitem
1154 4392 1467 4462 superbum,
1497 4400 1550 4447 et
1573 4408 1720 4464 spem

128 4505 278 4543 suam
307 4497 610 4559 ponentem
644 4490 698 4544 in
743 4490 944 4545 divitiis
971 4491 1104 4554 suis,
1136 4489 1363 4544 introire
1409 4491 1463 4543 in
1501 4506 1722 4560 regnum

1816 3295 1984 3366 809
2037 3297 2176 3350 sicut
2232 3311 2297 3350 ex
2342 3296 2552 3366 seipso,
2583 3297 2791 3352 camelo
2830 3296 3156 3366 impossibile
3193 3307 3274 3351 est
3303 3314 3400 3368 per

1816 3388 2057 3443 foramen
2107 3403 2236 3444 acus
2292 3389 2532 3454 intrare,
2588 3387 2844 3458 possibile
2892 3397 3071 3443 autem
3135 3397 3396 3458 quantum

1819 3480 1886 3534 ad
1914 3482 2080 3534 Deum
2111 3497 2124 3532 :
2154 3481 2232 3533 sic
2255 3488 2309 3534 et
2334 3479 2555 3533 divitem
2577 3487 2839 3548 quantum
2869 3479 2936 3535 ad
2968 3480 3145 3549 ipsum
3170 3480 3396 3544 attinet,

1821 3570 2152 3640 impossibile
2179 3578 2262 3623 est
2290 3571 2493 3623 intrare
2539 3571 2590 3623 in
2638 3584 2863 3640 regnum
2908 3569 3191 3637 caelorum,
3220 3573 3396 3641 possi-

1822 3661 1927 3716 bile
1946 3670 2125 3715 autem
2151 3668 2410 3730 quantum
2442 3661 2509 3714 ad
2534 3660 2726 3723 Deum,
2761 3660 2854 3730 qui
2880 3668 3071 3730 potens
3097 3669 3180 3714 est
3208 3659 3399 3714 ineffa-

1823 3753 1913 3808 bili
1970 3768 2065 3807 sua
2112 3752 2350 3816 virtute,
2401 3749 2823 3822 grossitudinem
2873 3750 3202 3806 camelorum
3247 3759 3400 3804 exte-

1823 3861 1990 3902 nuare
2014 3887 2028 3913 ,
2061 3853 2116 3900 et
2147 3845 2522 3900 tortitudinem
2553 3844 2808 3915 dirigere.
2848 3842 3144 3900 Stultitiam
3189 3856 3402 3912 quoque

1823 3940 1968 3996 bruti
1993 3938 2227 3995 hominis
2261 3939 2525 4004 minuere,
2551 3947 2606 3993 et
2626 3938 2897 3993 illustrare
2922 3947 3189 4004 mentem;
3220 3938 3292 3992 ita
3322 3946 3398 4002 ut,

1825 4044 1918 4089 aut
1946 4033 2252 4103 angustiam
2289 4032 2543 4086 introitus
2589 4031 2754 4086 faciat
2798 4046 2920 4086 eum
2948 4045 3068 4084 esse
3111 4044 3399 4099 capacem,

1826 4138 1920 4182 aut
1955 4128 2133 4197 ipsum
2176 4127 2449 4181 hominem
2500 4125 2720 4195 dignum
2747 4125 2885 4188 Deo,
2929 4131 2983 4177 et
3009 4123 3144 4178 tanti
3184 4123 3404 4178 honoris

1826 4221 2016 4292 gloria.
2048 4218 2184 4286 Quia
2212 4227 2434 4290 propter
2464 4215 2833 4272 difﬁcultatem
2876 4215 3130 4270 introitus
3152 4255 3166 4279 ,
3211 4222 3267 4268 et
3297 4230 3404 4270 non

1826 4321 2047 4384 propter
2072 4310 2582 4381 impossibilitatem,
2609 4308 2821 4378 accepit
2839 4307 3086 4363 Christus
3104 4307 3208 4362 hoc
3224 4321 3406 4361 exem-

1825 4404 1972 4475 plum
1989 4401 2284 4479 foraminis
2307 4410 2363 4456 et
2387 4400 2600 4456 cameli.
2626 4398 2779 4466 Quod
2805 4399 2972 4454 etiam
2997 4397 3222 4468 apostoli
3252 4397 3408 4452 valde

1827 4494 2183 4558 admirantes,
2219 4493 2474 4547 dixerunt
2500 4510 2512 4546 :
2549 4491 2678 4557 Quis
2704 4493 2892 4562 poterit
2917 4507 3027 4545 esse
3049 4491 3262 4546 salvus?
3281 4488 3409 4556 Qui-

127 4580 418 4637 cmlorum.
448 4580 554 4636 Pro
571 4580 725 4650 cujus
745 4582 824 4637 rei
852 4581 1186 4648 difficultate,
1217 4582 1457 4636 nonnulli
1480 4582 1720 4638 foramen
1752 4563 1802 4621 Ῑ)
1830 4592 1930 4646 bus
1959 4590 2220 4644 Dominus
2254 4607 2266 4642 ε
2323 4587 2475 4659 Apud
2523 4587 2754 4640 homines
2799 4587 2896 4640 hoc
2940 4585 3256 4655 impossibile
3302 4594 3406 4651 est,

125 4689 252 4730 acus
280 4677 552 4732 dixerunt
572 4676 906 4746 posterulam
944 4674 1112 4730 fuisse
1141 4675 1195 4730 in
1219 4674 1574 4739 Hierusalem,
1605 4692 1724 4746 qua:

124 4766 196 4819 ita
228 4768 562 4833 vocabatur,
602 4769 668 4823 de
713 4785 817 4840 qua
857 4768 1116 4824 Dominus
1152 4767 1370 4832 dixerit,
1424 4783 1520 4836 per
1563 4783 1723 4836 qttam

120 4863 318 4916 cameli
367 4862 584 4917 onerati
618 4863 670 4916 in
708 4861 1045 4917 Hierusalem
1078 4861 1281 4916 intrare
1330 4874 1434 4913 non
1481 4867 1720 4929 possent.

119 4949 221 5003 Alii
250 4951 527 5005 dixerunt
551 4949 870 5020 simpliciter
901 4949 1043 5019 quod
1074 4949 1138 5003 de
1169 4964 1267 5004 acu
1298 4949 1399 5004 ista
1427 4963 1531 5018 qua
1564 4948 1728 5002 vestis

116 5045 420 5099 consuitur
444 5043 660 5099 dixerit.
707 5042 813 5097 Sed
841 5051 896 5097 et
924 5043 1144 5113 quidam
1172 5041 1239 5096 ad
1270 5041 1567 5112 spiritalem
1601 5055 1728 5095 sen-

117 5152 234 5191 sum
265 5136 917 5209 refugientes,dixerunt
943 5135 1186 5189 foramen
1213 5149 1342 5189 acus
1368 5149 1490 5188 esse
1519 5133 1730 5187 confes-

117 5231 335 5285 sionem
376 5228 531 5294 fidei,
578 5243 700 5298 qua:
744 5227 795 5281 in
824 5226 1044 5284 Christo
1075 5235 1182 5291 est,
1214 5226 1294 5281 vel
1330 5223 1724 5296 pmnitentiam.

117 5321 334 5378 Deinde
359 5323 461 5376 alii
491 5323 798 5392 passionem
826 5320 1027 5375 Christi
1057 5319 1244 5375 volunt
1273 5318 1496 5388 intelligi
1537 5317 1589 5371 in
1621 5332 1725 5386 qua

115 5417 228 5484 ipse
263 5416 477 5469 lancea
505 5412 814 5482 perforatas
838 5420 952 5478 est;
988 5419 1042 5466 et
1073 5412 1192 5466 ideo
1218 5411 1340 5480 jure
1369 5411 1482 5480 ipsa
1512 5410 1726 5464 eadem-

111 5521 219 5576 que
250 5507 460 5578 passio
506 5503 752 5560 foramen
789 5520 919 5559 acus
955 5504 1193 5559 dicitur:
1227 5518 1346 5572 qua;-
1393 5502 1574 5557 omnia
1603 5501 1728 5555 huic

112 5599 234 5675 loco
266 5598 427 5654 satis
458 5607 784 5665 congruunt,
836 5612 958 5651 cum
1000 5605 1092 5649 aut
1134 5596 1310 5658 dives,
1373 5603 1464 5648 aut
1505 5593 1731 5663 quilibet

111 5689 350 5744 Iudaeus
409 5688 722 5756 deposuerit
750 5703 966 5759 gravem
991 5686 1259 5741 sarcinam
1305 5686 1558 5739 vitiorum
1603 5698 1726 5737 suo-

115 5799 264 5846 rum,
299 5786 416 5834 aut
458 5778 778 5848 gravissima
811 5793 974 5833 onera
1004 5778 1157 5848 legis,
1204 5791 1411 5831 necnon
1440 5783 1495 5830 et
1546 5788 1733 5843 super-

1833 4683 1972 4752 npnd
2001 4683 2168 4735 Deum
2203 4691 2378 4734 autem
2422 4679 2596 4732 omnia
2639 4676 2909 4747 possibilia
2963 4687 3103 4731 sunt.
3149 4675 3410 4730 Possibile

1837 4751 2068 4843 namque
2098 4780 2180 4826 est
2220 4771 2361 4841 apud
2384 4769 2554 4825 Deum
2585 4769 2849 4823 camelum
2888 4783 2985 4839 per
3010 4768 3252 4823 foramen
3281 4781 3410 4821 acus

1835 4865 2062 4928 intrare,
2091 4879 2198 4918 non
2231 4872 2409 4916 tamen
2446 4861 2585 4932 apud
2614 4861 2885 4916 homines.
2915 4859 3192 4928 Quomodo
3231 4867 3410 4913 autem

1836 4956 1948 5010 sint
1983 4955 2100 5010 haac
2128 4953 2405 5024 possibilia
2437 4954 2578 5023 apud
2609 4953 2802 5019 Deum,
2830 4955 2944 5023 ipse
2970 4954 3102 5017 scit,
3132 4960 3188 5007 et
3217 4953 3303 5005 cui
3332 4966 3414 5004 re-

1832 5049 2072 5104 velatum
2095 5056 2198 5102 est.
2229 5047 2405 5102 Unum
2433 5055 2609 5102 autem
2639 5048 2841 5102 scimus
2865 5046 2989 5116 quia
3019 5044 3265 5100 subditur
3292 5057 3413 5098 om-

1833 5141 1920 5196 nis
1960 5149 2154 5194 natura
2187 5139 2388 5196 divinis
2426 5141 2686 5211 imperiis.
2721 5140 2824 5206 Qui
2849 5148 3024 5194 autem
3047 5150 3132 5194 est
3153 5135 3415 5207 sapientia

1833 5241 1888 5287 et
1911 5232 2094 5287 divino
2118 5232 2332 5302 eloquio
2353 5233 2621 5298 eruditus,
2644 5232 2861 5288 audebit
2889 5231 3116 5285 forsitan
3147 5239 3201 5284 et
3223 5229 3288 5283 de
3311 5242 3411 5283 acu

1833 5322 2059 5393 ejusque
2087 5322 2353 5377 foramine
2397 5323 2721 5393 locupletius
2745 5312 3041 5392 exponere.
3077 5321 3279 5374 Tamen
3311 5320 3414 5374 loci

1838 5416 1997 5485 hujus
2039 5426 2215 5471 textus
2246 5425 2386 5472 totus
2419 5418 2486 5471 ad
2525 5418 2627 5471 hoc
2665 5414 2873 5480 tendit,
2905 5424 2963 5468 ut
2991 5415 3130 5468 inter
3174 5415 3421 5470 homines

1839 5509 2002 5564 alium
2049 5509 2265 5579 quidem
2309 5507 2572 5564 camelum
2617 5507 2966 5562 constitutum
2993 5547 3008 5572 ,
3039 5521 3135 5576 per
3175 5505 3415 5560 foramen

1839 5619 1969 5659 acus
2021 5603 2310 5657 intrantem
2345 5601 2619 5664 invenias;
2653 5599 2817 5654 alium
2841 5609 3022 5654 autem
3053 5601 3273 5654 divitem
3317 5615 3419 5652 nn-

1839 5698 2174 5767 possibiliter
2220 5704 2481 5764 quantum
2543 5694 2610 5748 ad
2657 5693 2904 5749 homines
2941 5694 3213 5764 pertinet,
3244 5692 3419 5762 possi-

1848 5789 2030 5844 biliter
2061 5795 2242 5842 autem
2289 5795 2548 5858 quantum
2596 5784 2661 5839 ad
2713 5785 2906 5853 Deum,
2937 5785 3225 5840 intrantem
3269 5785 3322 5840 in
3367 5798 3425 5838 re
