4008 6354
699 335 802 391 067

701 468 861 522 gnum
905 454 1183 508 calorum.
1235 448 1438 502 .dcirco
1505 447 1813 516 quicunque
1866 446 2082 499 dicatur
2145 458 2268 500 esse

700 546 957 610 camelos,
988 552 1043 600 et
1085 541 1445 611 quodcunque
1486 536 1816 607 intelligatur
1844 534 2086 589 foramen
2116 550 2264 601 arus,

700 640 1173 700 etiautsiChristus
1190 650 1285 707 per
1304 636 1610 704 passionem
1635 646 1790 687 suam
1812 631 2022 685 dicatur
2043 631 2268 695 intrare,

699 746 796 808 per
826 732 975 789 illum
1023 730 1247 785 intrabit
1296 726 1574 780 introitum
1618 722 1855 793 gentium
1901 720 2185 774 multitudo
2214 719 2268 773 in

698 836 920 897 regnum
966 822 1247 878 oratorem.
1298 817 1451 884 Quod
1489 814 1673 869 volens
1702 811 1948 867 Salvator
1987 811 2271 866 ostendere

700 914 998 970 faciliorem
1024 924 1145 965 esse
1190 922 1350 979 quam
1377 904 1685 961 Iudaeorum
1711 942 1726 966 ,
1772 902 1824 955 in
1855 901 1967 955 suis
1995 899 2271 971 glorianti-

696 1010 798 1063 ‘bus
822 1006 1024 1062 divitiis
1044 1046 1059 1069 ,
1104 1004 1241 1058 huic
1270 999 1570 1056 introduxit
1597 994 2023 1052 similitudinem.
2052 993 2186 1059 Quia
2216 992 2270 1046 in

697 1099 890 1171 quibus
925 1102 1113 1167 gentes
1133 1093 1454 1149 dicebantur
1477 1102 1770 1160 pauperes,
1816 1088 1869 1141 in
1907 1086 1989 1140 his
2012 1083 2181 1140 Judaei
2211 1098 2269 1138 se

696 1190 889 1245 divites
940 1188 1326 1260 gloriabantur.
1358 1184 1550 1240 Utrum
1602 1188 1779 1236 autem
1812 1180 1948 1235 ﬁnes
1976 1179 2184 1248 aliquos
2214 1179 2267 1232 in

694 1279 795 1335 hac
828 1280 1096 1336 sententia
1143 1291 1323 1332 sermo
1365 1284 1552 1330 noster
1591 1272 1925 1343 expleverit,
1971 1269 2266 1326 secundum

691 1372 949 1444 mysteria
991 1368 1358 1441 benignissimi
1394 1367 1489 1421 Dei
1523 1365 1656 1436 (per
1681 1378 1815 1434 quas
1854 1362 1971 1416 vias
2011 1358 2109 1415 soli
2158 1360 2267 1413 Deo

692 1464 951 1535 possibile
979 1463 1051 1518 sit
1091 1462 1312 1531 lmplere
1352 1470 1471 1529 qua:
1497 1457 1790 1528 promittit,
1833 1455 1933 1508 etsi
1960 1452 2267 1507 hominibus

690 1561 936 1614 videatur
966 1552 1341 1627 impossibile),
1368 1553 1622 1608 discutiat
1648 1549 1884 1621 prudens
1906 1547 2107 1611 lector;
2136 1544 2263 1599 dum

688 1648 1023 1705 solummodo
1042 1648 1142 1701 hoc
1164 1644 1445 1714 intelligat,
1463 1640 1605 1712 quod
1631 1641 1680 1693 in
1709 1652 1905 1709 magno
1922 1642 2264 1691 sacramento

687 1739 777 1795 hic
812 1738 1126 1793 adolescens
1173 1736 1419 1806 provisus
1463 1740 1547 1787 est
1586 1746 1615 1784 a
1662 1729 1927 1791 Domino,
1972 1736 2023 1782 et
2063 1742 2168 1781 non
2196 1740 2262 1780 ex

685 1840 881 1886 eventu
907 1866 922 1896 ,
976 1829 1071 1885 sed
1123 1829 1178 1882 in
1207 1825 1468 1897 sapientia
1519 1823 1614 1878 Dei
1658 1820 2070 1891 praeordinatus,
2111 1826 2170 1872 ut
2193 1833 2260 1872 ex

686 1921 776 1975 illo
801 1921 1112 1977 ostenderet
1135 1918 1275 1988 quod
1304 1916 1541 1970 futurum
1562 1921 1695 1967 erat.
1733 1911 1886 1967 Unde
1911 1909 2187 1979 sequitur:

753 2014 920 2083 διο
950 2012 1093 2066 Tunc
1118 2009 1434 2079 respondens
1465 2007 1654 2060 Petrus
1667 2005 1800 2058 dixit
1817 2005 1894 2058 ei:
1917 2003 2049 2056 Ecce
2062 2018 2156 2057 nos
2180 2018 2259 2055 re-

686 2102 934 2174 liquimus
977 2103 1150 2155 omnia
1182 2111 1230 2155 et
1255 2100 1419 2154 secuti
1448 2110 1627 2153 sumus
1652 2106 1722 2162 te,
1749 2095 1873 2167 quid
1903 2108 2024 2164 ergo
2048 2094 2146 2147 erit
2168 2109 2257 2147 ησσ

686 2194 805 2249 bis?
830 2192 1071 2247 Audiens
1100 2191 1294 2246 Petrus
1324 2205 1443 2259 quae
1481 2189 1719 2259 iusserat
1750 2186 1875 2240 huic
1898 2183 2223 2239 adolescenti
2242 2224 2256 2245 ,

682 2287 906 2342 audiens
927 2301 1048 2356 quae
1078 2292 1451 2356 preposuerat,
1482 2283 1768 2337 occasione
1788 2287 2012 2349 accepta
2032 2319 2048 2343 ,
2080 2292 2146 2333 ea
2175 2277 2258 2331 his

686 2377 1010 2433 tiduciaiiter
1030 2377 1098 2431 ad
1128 2378 1243 2430 haec
1286 2374 1562 2444 respondit
1585 2367 1639 2427 ei
1673 2373 1987 2439 interrogat.
2022 2369 2259 2437 Respon-

683 2470 762 2524 dit
793 2484 851 2524 se
890 2481 1122 2537 suosque
1160 2465 1558 2536 condiscipulos
1595 2479 1657 2517 ea
1699 2462 2005 2532 implevisse
2033 2457 2229 2529 quaaju

680 2559 895 2625 beatur,
916 2567 972 2613 et
996 2558 1291 2628 interrogat
1312 2556 1440 2625 quid
1455 2569 1551 2625 pro
1576 2553 1663 2608 his
1685 2552 1806 2607 boni
1833 2552 1940 2605 sint
1961 2548 2254 2619 accepturi.

681 2649 960 2704 Excitatur
986 2662 1218 2716 namque
1245 2646 1425 2702 subito
1466 2654 1525 2699 ut
1560 2646 1877 2713 interroget,
1908 2642 2064 2711 quasi
2105 2639 2258 2695 testis

680 2742 933 2810 potentias
968 2739 1062 2794 Dei
1088 2739 1285 2804 factus,
1308 2748 1363 2793 et
1388 2736 1673 2791 confirmat
1694 2736 1759 2789 de
1790 2749 1849 2789 se
1876 2734 2096 2804 suisque
2134 2747 2258 2802 pro-

680 2831 991 2886 missionem
1019 2830 1135 2884 Dei.
1181 2829 1449 2897 Quoniam
1498 2836 1552 2882 et
1592 2828 1705 2897 ipse
1740 2825 1934 2881 Petrus
1975 2835 2029 2880 et
2069 2838 2258 2881 omnes

683 2919 981 2989 eoapostoli
1029 2917 1173 2987 ejus,
1200 2934 1410 2973 necnon
1440 2928 1493 2970 et
1518 2932 1679 2986 quam
1718 2916 1933 2986 plurimi
1968 2916 2056 2985 qui
2085 2913 2256 2969 credi-

680 3011 877 3064 derunt
906 3025 974 3064 ex
1001 3008 1236 3073 Iuda-is,
1268 3016 1456 3064 contra
1503 3007 1917 3078 possibilitatem
1961 3008 2253 3062 humanam

683 3115 779 3171 per
814 3101 910 3155 Dei
952 3101 1185 3172 gratiam
1217 3100 1561 3155 crediderunt
1611 3100 1662 3153 in
1712 3099 1983 3154 Christum
2006 3140 2021 3163 ,
2049 3108 2107 3152 ut
2142 3100 2254 3168 ipse

684 3201 913 3248 testatur
943 3192 1007 3248 ad
1034 3192 1282 3249 Petrum:
1308 3190 1503 3247 Beatus
1527 3207 1600 3259 es,
1630 3190 1810 3249 Simon
1832 3190 2067 3265 Barjoua
2086 3236 2098 3258 ,
2132 3194 2255 3266 quin

678 3301 801 3338 caro
822 3296 867 3339 et
886 3285 1101 3355 sanguis
1131 3300 1234 3337 non
1262 3283 1500 3338 reuelauit
1518 3284 1640 3350 tibi,
1668 3286 1757 3339 sed
1790 3283 1952 3339 Pater
1968 3287 2135 3349 meub,
2164 3286 2255 3356 qui

676 3376 731 3430 in
755 3374 894 3430 eisiis
920 3386 993 3430 est
1024 3376 1252 3446 (Matth.
1282 3390 1404 3439 sm,
1437 3375 1562 3447 i7).
1597 3375 1760 3431 Multa
1787 3378 1930 3432 enim
1967 3378 2158 3432 ﬁducia
2199 3385 2254 3433 et

682 3483 873 3539 magna
903 3468 1205 3522 ostenditur
1231 3466 1373 3523 Petri
1400 3468 1575 3524 virtus
1602 3482 1723 3523 cum
1756 3471 1830 3523 ait
1854 3487 1866 3523 :
1900 3469 2033 3523 Ecce
2054 3485 2148 3524 nos
2177 3484 2253 3523 res

676 3558 923 3630 liquimus
949 3561 1145 3614 omnia.
1175 3560 1279 3626 Qui
1308 3576 1429 3614 cum
1456 3562 1695 3616 audisset
1726 3562 2007 3616 thesauros
2030 3560 2251 3614 imbitur-

672 3664 761 3705 ros
788 3652 841 3707 in
871 3651 1009 3708 caelo
1033 3653 1125 3722 qui
1155 3668 1250 3707 sua
1285 3653 1627 3724 reliquerint,
1661 3662 1715 3708 et
1738 3654 2134 3708 considerasset
2159 3653 2252 3705 tri-

672 3742 875 3797 stitiam
895 3742 1278 3810 adolescentis,
1304 3760 1400 3798 nec
1429 3759 1533 3798 non
1554 3752 1608 3798 et
1629 3742 2001 3798 difﬁcultatem
2026 3743 2251 3797 divitum

671 3831 1007 3901 ingrediendi
1030 3833 1084 3887 in
1117 3849 1341 3903 regnum
1364 3834 1649 3898 caelorum,
1672 3834 1823 3903 quasi
1855 3834 1945 3902 qui
1979 3848 2085 3887 non
2117 3833 2248 3887 faci-

670 3916 775 3975 lem
810 3937 923 3975 rem
944 3925 1462 3990 consummaverint,
1479 3925 1530 3979 iu
1559 3940 1623 3979 eo
1642 3926 1782 3995 quod
1798 3926 2008 3980 diversa
2026 3926 2251 3995 relique-

673 4024 795 4066 rant
821 4021 875 4067 et
904 4014 1075 4068 secuti
1118 4024 1248 4069 sunt
1290 4015 1598 4081 Dominum,
1627 4016 1763 4069 dixit
1785 4018 2090 4087 granditer:
2117 4016 2251 4070 Ecce

672 4116 766 4154 nos
793 4101 884 4169 qui
913 4101 1215 4172 reliquimus
1238 4103 1436 4157 omnia.
1472 4103 1587 4158 Non
1625 4106 1825 4175 cogitat
1865 4122 2053 4175 parum
2106 4108 2249 4176 quod

671 4190 891 4258 reliquit
942 4192 1057 4261 ipse
1113 4187 1167 4247 et
1215 4194 1418 4258 caeteri,
1449 4194 1541 4249 sed
1568 4195 1750 4249 omnia
1778 4210 1898 4264 qua:
1924 4196 2165 4266 reliquit,
2197 4208 2251 4253 et

671 4295 739 4334 ex
764 4290 985 4351 quanto.
1014 4281 1149 4350 Quia
1182 4283 1351 4338 multa
1396 4294 1522 4339 sunt
1551 4302 1671 4356 qua:
1720 4286 1956 4357 reliquit,
1988 4289 2077 4357 qui
2111 4290 2248 4359 seip-

670 4388 788 4427 sum
813 4384 869 4428 et
889 4377 1068 4431 omnia
1096 4392 1216 4446 qua:
1240 4381 1546 4450 concupisci
1577 4391 1800 4450 possunt
1830 4383 1881 4438 in
1907 4384 2101 4441 saecqu
2131 4400 2250 4456 per-

668 4460 809 4518 fecte
849 4479 945 4539 pro
972 4463 1172 4521 Christi
1211 4483 1395 4523 amore
1425 4469 1680 4526 deseruit.
1717 4471 1825 4528 Nec
1862 4473 2079 4528 dubium
2104 4476 2244 4545 quod

669 4556 896 4626 apostoli
912 4566 977 4613 'et
997 4560 1361 4629 apostolorum
1383 4577 1663 4633 sequaces,
1684 4565 1807 4620 licet
1828 4583 2014 4636 parum
2045 4567 2243 4624 habue-

671 4647 797 4712 rint,
826 4648 946 4719 plus
976 4651 1228 4708 omnibus
1264 4653 1632 4722 reliquerunt,
1663 4657 1786 4726 quia
1811 4657 2101 4726 perfectius
2129 4674 2246 4712 om-

667 4738 757 4792 nia
789 4754 909 4808 qute
954 4743 1263 4810 concupisci
1317 4753 1541 4813 possunt
1587 4745 1963 4813 calcaverunt,
2000 4748 2091 4817 qui
2137 4764 2242 4802 non

666 4827 837 4882 solum
868 4830 995 4884 vitia
1023 4832 1296 4898 universa,
1330 4849 1516 4889 verum
1543 4836 1706 4891 etiam
1737 4846 1793 4891 et
1818 4839 2136 4910 semetipsos
2155 4855 2245 4909 pa-

667 4920 801 4974 riter
829 4935 949 4975 cum
987 4923 1188 4977 mundo
1228 4932 1684 4995 contempserunt.
1719 4928 1869 4995 Quod
1915 4931 2156 4985 sentiens
2187 4931 2239 4984 in

665 5008 863 5065 virtute
909 5009 1112 5067 Christi
1164 5012 1401 5077 factum,
1451 5015 1769 5072 ﬁducialiter
1814 5020 2070 5088 requirit:
2101 5020 2241 5085 Quid

663 5114 782 5169 ergo
821 5103 919 5154 erit
947 5102 1137 5159 nobis?
1178 5104 1245 5161 Ut
1280 5107 1454 5161 virtus
1484 5107 1686 5163 Christi
1712 5110 1943 5179 amplior
1969 5126 2245 5166 commen-

662 5190 837 5261 detur,
867 5194 1013 5249 etde
1052 5197 1467 5265 repromissione
1513 5201 1773 5254 certiores
1809 5201 1929 5270 ipsi,
1958 5211 2015 5256 et
2052 5218 2240 5259 omnes

662 5279 716 5334 iu
750 5282 853 5338 ﬁde
898 5285 1336 5340 corroborentur.
1370 5287 1438 5342 Et
1469 5288 1519 5340 in
1564 5290 1663 5343 hac
1693 5290 1804 5357 ipsa
1831 5306 1965 5346 nova
2002 5293 2235 5348 interro-

659 5371 899 5439 gatione,
925 5374 1092 5428 multa
1120 5384 1244 5431 sunt
1273 5392 1392 5445 qua:
1422 5392 1526 5430 non
1560 5378 1746 5434 sinunt
1770 5396 1866 5435 nos
1896 5383 2124 5451 simplici
2155 5384 2238 5440 in-

660 5459 876 5517 tellectu
914 5465 1053 5520 dicta
1097 5468 1402 5538 evangelica
1455 5470 1749 5540 suscipere.
1780 5471 1912 5526 Nam
1959 5492 2081 5529 cum
2111 5492 2239 5547 apo-

660 5552 781 5605 stoli
807 5554 985 5610 dicant
1003 5573 1062 5612 se
1076 5560 1255 5614 omnia
1282 5560 1586 5631 reliquiSse,
1609 5572 1661 5619 et
1680 5565 1833 5634 sequi
1862 5581 1918 5621 se
1939 5565 2233 5634 Christum,

660 5644 927 5720 quomodo
972 5663 1134 5719 supra
1169 5651 1352 5708 tristes
1381 5668 1501 5708 esse
1546 5655 1830 5723 dicuntur,
1875 5666 1969 5712 aut
2012 5660 2237 5715 mirari?

662 5728 745 5785 vel
774 5740 1042 5807 quomodo
1086 5751 1351 5811 metuunt,
1401 5745 1680 5803 dicentes:
1716 5748 1992 5804 Neminem
2033 5757 2233 5811 salvum

1497 332 1554 386 S.
1596 331 1950 387 PASCHASII
1990 331 2334 388 RADBERTI
2369 332 2660 389 ABBATIS
2694 328 3144 391 CORBEIENSIS

2296 453 2344 509 Α
2371 462 2480 500 esse
2531 460 2705 517 posse,
2764 448 3065 516 pnesertim
3122 464 3242 503 cum
3270 458 3321 505 et
3347 460 3411 508 an
3440 454 3551 513 aliis
3586 459 3681 518 ﬁeri
3718 468 3838 532 simili

2374 537 2534 590 modo
2548 545 2778 607 poterat,
2808 539 2950 607 quod
2976 536 3219 593 fecerant
3240 539 3346 609 jam
3377 542 3504 613 ipsi?
3531 547 3718 607 Videtur
3732 561 3838 617 enim

2374 624 2475 680 sibi
2499 640 2689 680 sensus
2735 627 2836 681 iste
2872 631 3197 695 contrarius,
3232 633 3367 688 unde
3392 635 3702 697 admonemur
3723 651 3840 705 ratio-

2373 733 2496 773 nem
2519 719 2755 774 caelestis
2792 720 3157 792 intelligentia:
3193 724 3351 781 altius
3391 732 3638 800 requirere
3665 740 3838 810 debere;

2370 811 2514 864 unde
2542 819 2822 879 susceptus
2840 808 3001 883 οιι
3021 810 3112 878 sit,
3130 814 3229 869 iste
3249 823 3435 884 inetus,
3458 829 3542 875 aut
3556 824 3739 881 tristitia
3752 808 3841 898 (sio

2372 902 2448 956 uti
2495 903 2737 958 nonnulli
2796 906 3008 960 codices
3050 907 3311 979 habent),
3350 912 3430 966 vel
3457 915 3840 984 admiratio,cum

2373 1000 2541 1047 totum
2576 1008 2635 1047 se
2664 994 2857 1050 fecisse
2896 996 3198 1067 gloriantur
3227 1008 3345 1068 qua:
3384 1002 3668 1062 difficillima
3695 1012 3839 1079 pradi-

2372 1091 2580 1138 cantur.
2632 1083 2738 1140 Sed
2766 1094 2822 1140 et
2870 1087 3082 1143 Domini
3137 1093 3412 1161 responsio
3457 1102 3554 1162 est,
3595 1102 3713 1167 quod
3761 1103 3840 1158 hac

2371 1189 2492 1242 quae
2534 1175 2675 1243 apud
2714 1177 2960 1233 homines
3008 1179 3355 1249 impossibilia
3393 1192 3539 1249 sunt,
3581 1190 3698 1258 apud
3720 1188 3839 1246 Deum

2370 1268 2645 1337 possibilia
2702 1266 2837 1323 fore.
2903 1270 3012 1324 Aut
3068 1273 3309 1343 nunquid
3370 1275 3684 1346 impossibilia
3731 1294 3841 1336 erant

2370 1355 2509 1425 apud
2553 1357 2817 1426 homines,
2864 1372 2986 1429 qum
3026 1361 3125 1430 ipsi
3152 1376 3211 1417 se
3238 1363 3527 1433 gloriantur
3561 1377 3611 1422 et
3643 1372 3844 1428 exsultant

2368 1445 2597 1502 fecisse?
2619 1447 2725 1502 Sed
2739 1456 2794 1503 et
2815 1450 3073 1506 Dominus
3097 1453 3317 1508 eosdem
3344 1470 3463 1510 mox
3491 1458 3563 1513 sic
3584 1456 3741 1514 fecisse
3759 1477 3842 1516 con-

2370 1536 2578 1603 ﬁrmat;
2607 1546 2662 1594 et
2687 1538 2939 1611 deinceps
2960 1543 3144 1613 plures
3172 1542 3324 1600 fuere
3341 1586 3356 1612 ,
3384 1548 3471 1617 qui
3500 1564 3653 1621 usque
3674 1554 3727 1607 ad
3745 1570 3843 1608 mar-

2370 1628 2493 1697 tyrii
2540 1629 2927 1687 beatitudinem
2954 1636 3275 1706 semetipsos
3301 1645 3355 1692 et
3374 1640 3544 1693 omnia
3575 1657 3657 1695 sua
3679 1642 3841 1698 feliciter

2367 1717 2718 1788 reliquerunt.
2748 1720 3089 1793 Quapropter
3114 1727 3293 1783 omnis
3331 1728 3417 1785 hic
3438 1743 3601 1786 sermo
3626 1733 3842 1803 spirituali-

2289 1805 2334 1866 B
2363 1816 2446 1862 ter
2460 1819 2542 1865 est
2564 1812 2925 1881 accipiendus.
2949 1813 3106 1881 Quia,
3130 1828 3190 1871 ut
3217 1834 3377 1890 supra
3406 1821 3454 1875 in
3484 1824 3651 1890 paucis
3675 1826 3839 1888 ostendi,

2363 1902 2495 1956 satis
2520 1902 2881 1972 dispensative
2911 1915 2996 1961 est
3025 1909 3385 1965 introductus
3414 1928 3463 1964 at
3490 1909 3688 1967 Domino
3720 1929 3842 1967 senuo

2361 1992 2428 2046 de
2453 1992 2794 2048 adolescente
2819 1995 3105 2063 ditissimo,
3130 2008 3193 2053 ut
3210 1999 3511 2057 Judreorum
3546 2005 3840 2071 repulsionem,

2360 2097 2547 2137 eorum
2576 2085 2917 2153 exigentibus
2943 2089 3157 2157 culpis.,
3189 2094 3636 2161 praemonstraret.
3664 2094 3779 2163 Quod
3812 2097 3841 2147 si

2361 2173 2588 2243 apostoli
2622 2173 2984 2246 intelligentes
3015 2179 3288 2235 neminem
3319 2197 3383 2237 ex
3404 2183 3669 2252 iegeposse
3689 2183 3840 2245 salvari,

2360 2277 2481 2316 cum
2509 2263 2610 2332 ipsi
2642 2265 2807 2320 etiam
2861 2267 3033 2323 adhuc
3065 2270 3119 2324 in
3169 2270 3292 2343 iege
3340 2282 3518 2329 essent
3559 2293 3571 2327 ε
3617 2275 3719 2343 quia
3738 2274 3845 2328 rebe-

2358 2368 2512 2409 mens
2534 2370 2628 2410 eos
2656 2356 2919 2414 hactenus
2946 2376 3100 2415 amor
3121 2361 3260 2433 legis
3284 2404 3299 2429 ,
3332 2378 3426 2419 seu
3461 2364 3604 2420 favor
3623 2366 3841 2422 detinebat.

2357 2442 2665 2499 Praesertim
2708 2448 2838 2518 quia
2867 2452 3094 2507 necdum
3132 2455 3351 2523 penitus
3383 2456 3633 2529 Evangelii
3660 2458 3844 2527 mysteria

2359 2533 2426 2587 ad
2468 2534 2729 2603 liquidum
2764 2551 3177 2611 compererant,
3222 2559 3399 2615 neque
3456 2547 3707 2601 veritatem
3738 2546 3845 2614 liuius

2359 2628 2684 2681 sacramenti
2711 2643 2777 2682 ex
2804 2637 2916 2685 toto
2945 2632 3345 2704 intelligebaut,
3377 2647 3432 2692 et
3462 2637 3646 2692 idcirco
3669 2642 3843 2691 metuunt

2356 2724 2413 2769 et
2439 2718 2734 2785 mirantur;
2767 2736 2868 2777 nec
2899 2739 3004 2779 non
3041 2737 3096 2781 et
3132 2729 3324 2784 tristes
3373 2730 3503 2784 ﬁunt
3545 2730 3608 2785 de
3630 2728 3845 2796 reiectione

2357 2808 2438 2862 sui
2470 2813 2720 2879 generis:
2753 2814 2893 2870 sicut
2919 2826 2975 2872 et
2998 2818 3199 2876 Paulus
3232 2824 3677 2887 contriStaba'tui,
3699 2820 3766 2875 cui
3801 2818 3845 2873 ob

2358 2897 2461 2953 hoc
2509 2910 2565 2955 et
2605 2904 2897 2961 continuus
2933 2908 3085 2963 dolor
3125 2918 3247 2968 erat
3284 2914 3481 2969 cordis.
3522 2911 3706 2980 Quanib
3728 2906 3845 2979 utaris

2356 2992 2533 3048 adhuc
2564 2996 2725 3052 rudes
2750 2998 3002 3068 apostoli,
3028 3005 3227 3072 quibus
3264 3009 3492 3065 necdum
3513 3004 3651 3062 erant
3672 3004 3846 3059 reserat:

2356 3081 2422 3135 ad
2453 3082 2670 3151 plenum
2717 3089 2961 3146 emlestia
3017 3106 3398 3167 sacramenta;
3435 3100 3523 3170 qui
3552 3106 3735 3154 omnem
3753 3095 3849 3151 salu-

2283 3156 2328 3220 Ο
2363 3181 2468 3230 tem
2495 3190 2648 3234 suam
2678 3180 2730 3235 in
2758 3180 2874 3255 lege
2902 3187 3106 3255 adhuc,
3144 3198 3235 3262 atq
3253 3208 3321 3248 ue
3350 3156 3498 3265 spem
3525 3194 3636 3250 vitm
3657 3194 3700 3249 in
3724 3192 3852 3248 absa-

2358 3268 2538 3323 vantia
2562 3272 2936 3331 mandatorum
2968 3279 3235 3337 habebant
3267 3301 3282 3349 ;
3325 3290 3379 3339 ot
3414 3286 3531 3341 ideo
3568 3284 3689 3340 forte
3710 3280 3853 3339 illeille.

2353 3360 2485 3416 bant
2517 3378 2583 3417 ne
2608 3373 2663 3419 et
2684 3365 2782 3437 ipsi
2810 3369 2926 3423 sine
2949 3371 3063 3442 lege
3090 3374 3222 3429 salvi
3257 3384 3379 3433 esse
3407 3386 3509 3433 non
3531 3380 3734 3449 posseiit.
3751 3370 3855 3441 Quod

2352 3466 2585 3509 cernens
2625 3458 2749 3527 pius
2794 3459 3046 3532 Magister
3091 3466 3165 3519 ait
3207 3482 3220 3519 :
3276 3469 3432 3535 Quod
3479 3467 3763 3541 impossibile
3799 3470 3851 3517 cst

2354 3544 2494 3614 apud
2533 3547 2801 3614 homines,
2829 3554 3082 3623 possibile
3103 3566 3187 3612 est
3227 3562 3374 3631 apud
3413 3562 3590 3618 Deum.
3621 3554 3735 3629 Quid
3753 3556 3850 3611 enim

2351 3634 2539 3693 Judzce
2566 3649 2674 3695 tam
2703 3644 2821 3699 sine
2844 3644 3036 3701 eﬂ‘ectu
3064 3650 3302 3717 videtur,
3338 3662 3499 3725 quam
3526 3656 3580 3708 ut
3615 3651 3673 3707 ab
3699 3649 3851 3706 homine

2354 3726 2580 3783 salutem
2614 3733 2785 3801 magis
2814 3746 3091 3805 exspectvt
3115 3746 3283 3809 tinam
3330 3760 3360 3798 a
3401 3744 3552 3816 lege?
3571 3743 3691 3811 Quid
3719 3749 3794 3794 tam
3816 3736 3849 3789 ei

2352 3821 2686 3875 exsecrabile
2710 3834 2872 3892 quam
2902 3830 3082 3885 crucis
3125 3834 3493 3890 scandalum?
3536 3835 3596 3892 Ui
3632 3840 3715 3905 pro
3741 3838 3852 3884 cruce

2352 3911 2690 3982 relinquatur
2734 3916 3033 3989 iegisiatio,
3081 3932 3135 3979 et
3168 3935 3579 3996 testamentum,
3608 3928 3655 3983 et
3680 3922 3849 3992 εάορίῖοο

2351 4012 2406 4057 et
2437 4005 2722 4062 inereditas
2745 4008 2897 4081 legis.
2939 4013 2980 4067 E
3011 4021 3298 4076 contrario
3324 4022 3420 4077 Dei
3452 4022 3626 4077 virtuti
3656 4010 3759 4089 quid
3778 4023 3849 4067 tam

2352 4096 2610 4163 possibile
2650 4108 2733 4153 est
2762 4114 2925 4170 quam
2964 4116 3022 4160 ut
3057 4123 3153 4177 per
3194 4112 3358 4168 ﬁdem
3390 4113 3620 4169 salvetur
3644 4106 3852 4166 homoiul

2350 4200 2448 4255 per
2485 4204 2681 4257 aquam
2722 4197 3112 4261 regeneretur?
3154 4207 3212 4253 ut
3243 4216 3349 4270 per
3380 4212 3589 4258 crdcem
3617 4194 3792 4254 vincat?
3816 4201 3853 4245 ut

2351 4291 2447 4346 per
2512 4278 2857 4350 Evangeliitm
2909 4293 2963 4338 et
3010 4284 3211 4342 Christi
3266 4293 3499 4361 gratiam
3552 4282 3787 4357 adopietur
3818 4280 3851 4331 in

2352 4366 2521 4423 lilium
2541 4370 2565 4423 ἲ
2589 4380 2647 4426 ut
2678 4387 2776 4443 per
2818 4380 3273 4436 resurrectionem
3304 4382 3436 4438 Jesu
3466 4381 3653 4438 Christi
3679 4373 3857 4432 riiiiioe-

2354 4463 2475 4515 tur?
2503 4463 2707 4529 Quibus
2744 4467 2883 4523 forte
2929 4470 3149 4533 auditis.
3181 4478 3551 4543 praetermisso
3591 4478 3781 4528 moerbe
3812 4464 3855 4517 de

2351 4553 2639 4611 incredulis
2662 4556 2881 4626 Judeis,
2926 4563 3033 4618 cito
3071 4567 3364 4635 requirunt
3404 4571 3468 4625 dc
3499 4585 3555 4623 se
3591 4560 3796 4621 solliciti,
3821 4563 3857 4607 ῡι

2348 4644 2673 4700 conﬁtentur
2705 4648 2816 4719 jam
2838 4660 2936 4721 per
2976 4652 3091 4723 ejus
3123 4657 3496 4714 obedientiam
3518 4666 3575 4715 se
3597 4654 3747 4711 omnia
3773 4646 3855 4700 reii-

2346 4737 2543 4803 quisse.
2577 4737 2783 4804 Quibus
2805 4744 3060 4822 Domiuus
3083 4766 3097 4803 :

2420 4828 2581 4884 Amen
2604 4832 2721 4888 dico
2746 4837 2906 4903 vobis,
2937 4844 3073 4910 quod
3106 4859 3194 4898 vos
3227 4848 3323 4915 qui
3346 4846 3626 4917 reliquistis
3646 4839 3802 4896 omnia,
3825 4839 3856 4882 tl

2347 4922 2508 4974 secuti
2528 4926 2647 4977 estis
2670 4942 2768 4989 me,
2794 4930 2848 4981 in
2879 4936 3268 5000 regeneratione
3292 4954 3416 4991 cum
3445 4938 3628 4993 sederit
3648 4924 3858 4987 Filiuslto-

2348 5012 2503 5066 minis
2532 5014 2585 5068 in
2613 5018 2731 5071 sede
2757 5021 3042 5089 majestatis
3062 5026 3225 5096 812
3250 5044 3387 5093 sure,
3407 5028 3638 5083 sedebitis
3652 5034 3692 5078 et
3710 5030 3778 5076 τος
3798 5031 3858 5067 ευ·

2347 5119 2439 5171 per
2487 5107 2700 5162 thronos
2743 5111 3038 5178 duodecim,
3085 5118 3401 5186 judicantes
3447 5118 3702 5174 duodecim
3741 5107 3859 5165 tribus

2346 5190 2536 5247 Israel.
2572 5196 2710 5252 Ecce
2738 5202 2928 5279 conmis
2955 5204 3238 5263 diiiicultas
3294 5212 3546 5267 veniendi
3593 5208 3654 5263 ad
3690 5211 3857 5273 regnum

2346 5283 2520 5339 soluta
2569 5297 2674 5353 est,
2713 5304 2769 5344 et
2803 5294 2980 5349 omnis
3019 5302 3392 5357 remuneratio
3422 5300 3664 5356 laborisa
3690 5289 3858 5351 Domi"0

2345 5380 2705 5448 repromissa;
2738 5384 2825 5439 ubi
2857 5393 2911 5439 et
2937 5389 3295 5446 confirmatur
3319 5408 3416 5448 eos
3440 5393 3627 5449 fecisse
3646 5398 3747 5458 ιιαω
3772 5395 3859 5452 Pm‘

2341 5465 2471 5523 fessi
2512 5482 2667 5539 sunt,
2728 5484 2784 5530 et
2827 5478 3210 5546 perfectionem
3248 5486 3584 5542 exhibuisse.
3624 5482 3740 5551 Qui:
3784 5486 3857 5530 "0“

2342 5560 2610 5619 sufﬁceret
2639 5568 2681 5621 si
2718 5568 3062 5638 reliquissent
3100 5576 3282 5630 omnia
3325 5576 3502 5648 (quod
3528 5587 3582 5633 et
3620 5563 3855 5647 philosophi

2342 5650 2609 5721 fecerunt,
2632 5666 2686 5712 ct
2710 5660 2860 5714 multi
2887 5660 3009 5725 alii)
3043 5664 3145 5718 nisi
3175 5669 3352 5723 secuti
3385 5678 3565 5726 essent
3603 5664 3855 5723 Dominum:

2345 5759 2451 5800 non
2489 5748 2714 5816 pedibus
2742 5759 2969 5821 tantum,
2998 5758 3140 5826 quod
3167 5758 3322 5815 multi
3354 5770 3484 5820 tunc
3506 5763 3746 5818 faciebam
3763 5767 3859 5824 (1³³·
