4008 6354
867 398 1226 457 EXPOSITIO
1263 402 1329 457 IN
1370 399 1803 457 MATTHEUM.
1850 430 1919 440 —
1955 401 2079 456 LIB.
2122 400 2215 468 lx,
2251 401 2400 457 CAP.
2444 403 2588 459 XIX.

3250 410 3357 467 670

123 523 232 577 libet
255 536 317 576 ex
342 534 526 584 causa,
554 522 648 574 sed
676 516 939 584 moribus,
965 527 1023 574 et
1061 520 1381 574 imitatione.
1409 518 1545 586 Quia
1574 517 1666 587 qui
1696 517 1741 577 Δ
1769 516 2071 586 priusquam
2123 517 2348 570 mundus
2395 517 2541 584 [ierat
2577 516 2771 588 (loco.
2819 534 2949 583 avn,
2998 521 3086 591 5).
3125 522 3357 580 Verbum

119 616 230 672 dicit
253 629 309 668 se
331 613 386 671 iu
411 611 633 667 Christo
652 620 893 675 madere,
916 610 1078 665 debet
1107 610 1248 665 sicut
1272 609 1518 665 Christus
1560 624 1674 663 am-
1770 605 1914 660 euim
1944 604 2190 681 Caecum
2217 608 2359 676 quod
2397 614 2480 663 est
2504 607 2628 675 δόξα
2662 612 2950 680 atrumque
2976 613 3258 683 signiﬁcat,
3305 619 3360 675 id

122 705 303 761 bulavit
324 702 591 758 ohediens
615 701 725 756 Deo
742 701 891 755 Patri
917 713 1088 769 usque
1111 700 1179 755 ad
1203 710 1460 766 mortem,
1480 707 1535 755 et
1561 699 1673 768 ipse

123 796 403 859 ambulare,
444 803 506 848 ut
531 792 793 847 obedicns
824 802 1142 862 permaneat
1172 805 1343 860 usque
1380 792 1447 845 ad
1484 790 1669 845 tinem.

122 887 249 954 Quod
273 882 503 939 necdum
527 881 754 953 apostoli
785 896 957 951 usque
982 880 1039 935 in
1062 880 1224 936 ﬁnem
1246 880 1668 949 compleverant,

124 980 223 1031 licet
242 976 353 1045 jam
382 977 436 1031 in
460 973 932 1045 praedestinatiohe
953 972 1048 1027 Dei
1073 981 1218 1027 esset
1261 971 1405 1041 quod
1433 970 1670 1025 futurum

122 1081 233 1127 erat.
260 1070 319 1124 Ei
342 1070 469 1123 ideo
490 1069 571 1123 sic
599 1067 823 1138 pramia
850 1067 905 1120 in
942 1065 1351 1136 praesentiarum
1381 1064 1668 1135 repromit-

68 1160 75 1168 ’
126 1168 194 1231 tit,
219 1179 273 1218 ac
295 1164 342 1217 si
372 1162 475 1232 pro
515 1160 751 1226 meritis,
779 1168 841 1213 ut
861 1159 1040 1214 futura
1068 1160 1242 1213 erant.
1268 1156 1404 1212 Nam
1426 1157 1570 1227 quod
1594 1157 1671 1211 ait

121 1260 166 1310 in
190 1253 611 1326 regenerationc,
642 1250 1036 1321 amphibologia
1074 1262 1196 1304 esse
1222 1247 1433 1302 videtur
1454 1286 1471 1313 ,
1498 1246 1552 1302 id
1588 1254 1672 1302 est

123 1348 425 1416 ambiguitas
438 1344 716 1407 dictionis,
735 1340 889 1411 quasi
907 1341 975 1394 ad
1004 1348 1291 1410 utramque
1311 1347 1519 1410 partem
1542 1352 1669 1408 pos-

119 1440 176 1494 sit
198 1437 469 1509 applicari,
517 1437 657 1491 sicut
681 1435 899 1505 quidam
941 1434 1183 1495 tradunt,
1206 1434 1351 1502 quod
1376 1432 1447 1485 ita
1470 1431 1536 1485 sit
1560 1431 1669 1485 dis-

120 1529 473 1600 tinguendum:
497 1527 651 1595 Quod
662 1542 760 1582 vos
784 1526 876 1595 qui
893 1524 1184 1594 reliquistis
1211 1523 1412 1586 omnia,
1428 1532 1482 1576 et
1497 1522 1667 1578 secuti

114 1621 230 1674 estis
258 1634 344 1674 me
364 1619 419 1673 in
432 1616 857 1688 regeneratione.
875 1615 1012 1683 Quia
1026 1615 1081 1669 in
1096 1629 1163 1669 eo
1187 1623 1428 1683 tempore
1440 1613 1669 1683 apostoli

109 1712 207 1779 iam
234 1708 402 1763 renati
428 1717 582 1763 erant
604 1708 661 1761 id
686 1707 902 1762 Christo
926 1705 1077 1762 fonte
1104 1706 1466 1775 baptismatis.
1502 1704 1581 1759 Ac
1621 1705 1667 1760 si

113 1802 295 1855 diceret
332 1819 348 1854 :
386 1799 491 1854 Vos
537 1800 627 1870 qui
673 1799 844 1853 secuti
889 1797 1025 1853 estis
1068 1806 1156 1851 me
1178 1798 1233 1851 in
1260 1796 1667 1868 regeneratione

1766 705 1854 751 est
1887 705 1942 751 et
1973 697 2207 769 gloriam
2239 706 2293 753 et
2319 700 2645 756 claritatem.
2692 701 2772 757 Ac
2821 718 2917 773 per
2961 705 3087 770 hoc,
3116 709 3243 777 quia
3264 710 3354 766 alii

1770 789 1987 845 codices
2032 790 2236 846 habent
2282 791 2544 861 clari/ica,
2583 793 2672 847 alii
2719 802 2851 849 Vero
2879 795 3142 866 gloriﬁca,
3191 814 3356 856 unum

1768 893 1891 933 esse
1919 878 2202 950 intelligas.
2238 880 2344 936 Sed
2374 891 2428 935 et
2456 882 2544 936 alii
2575 883 2797 948 habent,
2827 881 3079 953 Cleri/ica
3111 904 3191 941 me
3216 889 3363 959 apud

1768 973 2136 1041 temetipsum;
2171 972 2263 1027 alii
2293 989 2419 1028 vero
2456 975 2507 1028 in
2539 974 2700 1029 linem
2732 975 2835 1029 hoc
2864 976 3087 1040 habent,
3122 978 3203 1032 Ea
3246 981 3357 1050 gis»

1768 1063 1851 1115 rio
1881 1076 2038 1132 quam
2068 1063 2229 1117 habui
2250 1065 2392 1135 apud
2414 1065 2756 1135 temetipsum,
2786 1067 3093 1137 priusquam
3127 1070 3356 1125 mundus

1768 1154 1933 1223 ﬁeret.
1954 1154 2155 1211 Tamen
2179 1171 2315 1213 unus
2334 1166 2418 1213 est
2440 1171 2649 1223 sensus,
2667 1159 2790 1228 quia
2806 1174 2928 1214 cum
2944 1170 3088 1216 esset
3105 1162 3160 1217 in
3185 1161 3355 1219 forma

1770 1245 1865 1300 Dei
1920 1246 2120 1312 Patris,
2157 1250 2403 1303 eamdem
2447 1248 2673 1319 gloriam
2713 1258 2771 1304 et
2819 1251 3121 1307 claritatem
3167 1253 3358 1308 habuit

1766 1351 1931 1405 quam
1951 1336 2129 1394 Pater.
2147 1338 2361 1394 Etcum
2386 1340 2623 1395 restituit
2652 1349 2708 1395 et
2734 1341 2901 1395 donat
2923 1342 2972 1396 ei
2996 1358 3189 1398 nomen
3213 1344 3358 1413 quod

1769 1436 1855 1481 est
1882 1434 2045 1497 super
2068 1444 2227 1485 omne
2275 1445 2487 1495 nomen,
2520 1431 2850 1486 clariﬁcatnr
2877 1433 3065 1488 eadem
3108 1434 3358 1490 claritate

1768 1525 1930 1591 quam
1954 1520 2140 1574 habuit
2163 1522 2475 1593 priusquam
2499 1524 2731 1578 mundus
2754 1524 2937 1590 ﬁeret,
2955 1526 3095 1596 apud
3113 1525 3352 1582 Patrem.

1769 1609 1836 1663 Et
1863 1611 1967 1664 huc
1988 1620 2071 1665 est
2097 1614 2240 1683 quod
2270 1614 2360 1669 hic
2406 1630 2552 1669 nunc
2577 1615 2775 1671 dicitur
2807 1633 2819 1668 :
2854 1615 2923 1671 In
2963 1620 3354 1688 regeneratione

1768 1714 1887 1756 cum
1923 1706 2113 1759 sederit
2148 1705 2292 1773 ﬁlius
2327 1707 2552 1761 hominis
2595 1708 2649 1761 in
2703 1709 2823 1762 sede
2872 1710 3166 1781 majestatis
3217 1727 3348 1765 suat.

1768 1793 1904 1859 Quia
1953 1794 2095 1850 Deus
2132 1796 2368 1851 Verbum
2396 1798 2540 1868 quod
2590 1812 2718 1854 caro
2767 1799 2970 1855 factum
2998 1809 3106 1867 est,
3137 1802 3189 1856 in
3222 1801 3351 1857 sede

112 1905 239 1944 novat
261 1867 583 1954 nativitatis,
604 1897 661 1943 et
681 1888 737 1943 in
760 1887 979 1943 lavacro
1000 1887 1215 1951 ﬁdei,iu
1237 1887 1664 1943 sanctiﬁcatione
1696 1867 1742 1928 Β
1769 1887 2067 1957 maiestatis
2106 1903 2219 1943 suae
2246 1889 2456 1944 sedebit
2488 1894 2544 1944 et
2578 1890 2631 1945 in
2662 1891 2856 1961 gloria.
2888 1892 3003 1946 Nan
3040 1893 3179 1947 alter
3207 1893 3349 1949 Deus

110 1992 295 2037 sternte
321 1981 758 2037 consccrationis
775 2021 789 2046 ,
847 1982 901 2035 in
934 1980 1223 2050 adoptione
1246 1988 1521 2050 perpetua
1546 1981 1658 2035 hac.

111 2073 344 2135 rcditatis,
380 2072 438 2125 in
464 2072 862 2127 resurrectione
886 2085 951 2126 ex
981 2071 1227 2126 mortuis:
1260 2070 1413 2126 Unde
1436 2070 1661 2140 Aposto-

107 2162 173 2216 lus
200 2163 268 2216 ait
296 2182 309 2215 :
346 2161 415 2218 Si
438 2165 838 2217 eomarresistis
871 2179 992 2217 eam
1029 2163 1257 2227 Christo,
1299 2176 1417 2234 qua!
1449 2180 1659 2218 sursum

104 2266 201 2309 nat
219 2259 387 2327 sapite
410 2254 635 2327 (Colon.
668 2256 747 2321 in,
776 2256 848 2326 i).
873 2256 1003 2311 Haec
1022 2265 1103 2310 est
1130 2256 1219 2311 illa
1242 2257 1579 2326 regeneratio
1603 2257 1656 2312 in

102 2361 236 2416 quam
260 2348 501 2418 apostoli
548 2356 676 2403 sunt
701 2347 872 2404 secuti
896 2348 1201 2415 Christum,
1224 2363 1387 2419 quam
1416 2348 1502 2403 lex
1529 2349 1658 2404 dare

101 2451 187 2491 non
204 2440 405 2508 potuit,
429 2452 603 2509 neque
620 2453 686 2495 ea
714 2438 833 2511 lege
854 2440 927 2493 ita
942 2440 1250 2511 gloriﬁcari.
1280 2439 1385 2495 Sed
1410 2440 1657 2511 quamvis

100 2528 193 2583 huc
226 2530 517 2585 distinctio
552 2531 625 2584 ita
670 2530 984 2601 accipienda
1021 2533 1111 2597 sit,
1158 2529 1348 2587 melius
1380 2542 1559 2587 tamen
1590 2532 1657 2587 ad

99 2623 351 2689 aequantia
400 2620 457 2675 ia
485 2622 898 2692 regeneratioue
942 2623 1279 2694 applicatur,
1304 2638 1429 2680 eum
1458 2624 1659 2679 sederit

99 2708 237 2765 Filius
256 2710 513 2766 hominis
545 2712 601 2765 in
646 2711 775 2767 sede
812 2711 1114 2782 maiestatis
1153 2729 1292 2781 suae;
1342 2714 1556 2785 quando
1588 2728 1655 2769 ea

97 2803 294 2857 mortuis
320 2798 399 2857 αις
426 2803 774 2873 corruptione
812 2812 869 2859 et
905 2804 972 2859 de
1006 2806 1166 2859 terra:
1202 2804 1423 2876 pulvere
1455 2806 1655 2860 mortui

94 2891 407 2965 evigilahunt
461 2903 519 2949 et
569 2902 793 2964 surgent
835 2887 1161 2967 incorrupti
1191 2906 1247 2951 et
1299 2897 1653 2953 immortales.

96 2986 201 3051 Quae
231 2988 493 3042 nimirum
539 2990 875 3059 regeneratio
898 3029 914 3057 ,
957 3005 1092 3046 nova
1127 2990 1370 3060 quoidam
1401 2990 1656 3046 nativitas

94 3088 156 3131 est
176 3094 203 3131 a
231 3078 342 3133 Deo
370 3080 668 3134 constituta
690 3089 744 3135 et
772 3081 1069 3136 recreatio:
1095 3081 1312 3151 quando
1332 3081 1532 3136 celum
1561 3088 1656 3136 no-

93 3183 197 3223 rum
242 3179 296 3225 et
349 3178 500 3226 terra
554 3186 693 3227 nova
750 3180 1023 3238 creantur,
1073 3172 1156 3227 bis
1181 3173 1272 3243 qui
1325 3174 1533 3243 seipsos
1571 3188 1657 3229 re-

94 3271 449 3327 novaverunt,
493 3276 593 3331 per
643 3262 787 3317 illam
838 3265 1130 3319 secundam
1186 3264 1652 3335 regenerationem

91 3366 145 3406 es
200 3356 432 3410 mortuis
458 3395 473 3419 ,
526 3354 725 3426 quibus
785 3353 993 3411 Novum
1048 3356 1284 3412 traditur
1341 3356 1654 3414 Testamen-

92 3453 221 3510 tum,
268 3454 325 3501 et
380 3446 522 3501 calia
557 3444 727 3516 ipsius
769 3445 907 3502 Novi
957 3447 1321 3514 Testamenti;
1347 3449 1502 3519 cujus
1531 3465 1655 3520 pro-

89 3532 216 3588 fecto
256 3536 537 3604 praetincta
581 3540 666 3590 est
718 3535 808 3589 illa
856 3536 1192 3605 regeneratio
1231 3557 1245 3589 :
1300 3537 1441 3592 sicut
1485 3547 1540 3592 et
1586 3538 1653 3592 il-

86 3621 185 3678 lius
226 3624 486 3679 novitatis
527 3626 838 3698 mysterium
889 3635 975 3681 est
1024 3628 1139 3681 inec
1189 3629 1489 3683 renovatio,
1550 3629 1652 3684 Ubi

87 3715 529 3771 considerandum
567 3715 757 3785 quales
800 3716 913 3771 nati
958 3732 1144 3773 sumus
1199 3733 1266 3773 ea
1297 3717 1492 3784 Adam,
1522 3735 1656 3789 qua-

90 3807 257 3880 lesque
307 3810 487 3866 renati
536 3813 589 3866 in
617 3810 868 3877 Christo,
899 3821 956 3867 et
983 3811 1169 3881 quales
1192 3811 1355 3867 futuri
1391 3814 1561 3869 simus
1600 3814 1655 3868 in

90 3901 165 3955 illa
204 3904 363 3957 tertia
416 3904 698 3958 nativitate
734 3913 955 3960 mturare
992 3906 1435 3976 regenerationis.
1505 3906 1654 3973 Quo-

91 3992 218 4045 niam
239 3993 413 4064 διε
436 3993 489 4047 in
514 3992 605 4047 illa
630 3994 803 4064 prima
821 4008 941 4064 qua
965 3994 1122 4048 estin
1145 3995 1540 4059 Adam,omnes
1564 3995 1657 4051 lilii

92 4081 171 4135 ira:
194 4098 383 4138 sumus
420 4102 434 4137 :
464 4084 522 4137 in
556 4084 658 4139 hac
693 4084 930 4139 secunda
964 4097 1061 4153 per
1080 4097 1243 4153 quam
1273 4084 1341 4138 ad
1380 4083 1656 4141 Christum

93 4176 450 4240 transivimus,
493 4175 598 4229 etsi
653 4175 837 4229 mundi
888 4190 919 4229 a
946 4175 1198 4230 sordibus
1230 4175 1400 4230 renati
1448 4191 1657 4243 sumus,

89 4266 239 4322 adhuc
291 4272 485 4322 tamen
542 4266 599 4320 in
654 4266 1059 4322 inﬁrmitatibus
1124 4280 1426 4323 versamur.
1504 4267 1659 4324 Unde

92 4357 232 4414 David
276 4363 489 4416 anitum
524 4374 638 4415 suae
668 4360 906 4431 loquitur
951 4362 1179 4417 dicens:
1209 4360 1453 4428 Benedic,
1479 4365 1658 4419 aninta

90 4466 203 4518 utea,
226 4454 489 4520 Domino,
517 4454 607 4524 qui
624 4453 998 4524 propitiabitur
1031 4454 1269 4510 omnibus
1294 4454 1658 4526 iniquitatibus

89 4545 193 4609 (ait,
210 4547 297 4615 qui
316 4553 488 4599 sanat
525 4558 701 4598 omnes
731 4544 1065 4614 inﬁrmitates
1095 4555 1212 4600 tuas
1235 4543 1418 4617 (Paul.
1445 4560 1539 4612 en,
1567 4547 1654 4619 5).

88 4629 141 4684 Et
180 4633 293 4691 ideo
333 4632 567 4689 videtur
610 4632 762 4698 mihi,
795 4642 856 4688 ut
876 4634 1095 4704 quidam
1122 4636 1219 4700 ait,
1252 4637 1367 4692 haec
1404 4637 1661 4695 natlvitas

87 4735 172 4789 qua
201 4738 329 4780 vere
396 4724 729 4778 mundamur
753 4738 784 4778 a
810 4725 1080 4791 sordibus,
1132 4733 1189 4781 et
1232 4728 1569 4783 renascimur
1605 4731 1657 4785 in

88 4813 304 4883 Christo,
325 4832 403 4871 ac
429 4814 475 4870 ‘si
500 4829 602 4885 per
630 4814 910 4885 speculum
938 4816 1055 4871 ﬁeri
1084 4817 1138 4871 in
1172 4819 1477 4889 aenigmate.
1512 4818 1567 4874 In
1596 4819 1659 4874 iis

87 4905 173 4962 iam
223 4924 351 4965 vero
408 4908 879 4979 regenerationem
927 4909 1020 4980 qui
1078 4911 1409 4979 pervenerit,
1450 4912 1504 4966 in
1553 4927 1659 4982 qua

84 4998 311 5057 Christus
340 4996 441 5058 est
466 5001 859 5071 primogenitae
885 5010 949 5055 ex
990 5002 1234 5066 mortuis,
1273 5003 1660 5060 mundissimus

84 5093 169 5147 erit
194 5095 465 5164 deinceps
491 5107 525 5147 a
544 5091 821 5158 sordibus,
840 5100 896 5147 et
941 5092 1011 5146 ab
1032 5093 1180 5147 omni
1211 5092 1526 5148 inﬁmitate
1564 5108 1658 5150 seu

82 5187 425 5256 corruptione
475 5197 640 5238 sanus
684 5190 740 5237 et
770 5183 1138 5252 incorruptus.
1187 5183 1244 5237 ln
1271 5199 1374 5252 qua
1406 5184 1659 5240 nimirum

85 5278 489 5344 regeneratioue
532 5273 839 5330 conformes
885 5280 1046 5328 erunt
1079 5281 1266 5329 sancto
1303 5274 1516 5343 corpori
1546 5275 1662 5346 glo+

81 5366 208 5420 rioso
229 5366 447 5423 Christi
470 5366 711 5421 sedentis
740 5367 793 5420 in
816 5365 945 5421 sede
956 5365 1142 5435 gloriae
1166 5380 1295 5420 suae.
1312 5364 1463 5420 Tunc
1486 5373 1663 5420 autem

82 5457 207 5513 illius
234 5458 489 5514 hominis
513 5458 580 5511 ad
601 5458 819 5526 plenum
846 5458 1053 5514 sedebit
1086 5473 1248 5528 super
1274 5459 1457 5514 sedem
1482 5459 1665 5530 gloriae

78 5564 194 5614 suae,
222 5566 353 5605 cum
378 5548 562 5605 nullus
590 5549 1011 5619 contemptibilis
1046 5557 1099 5605 et
1125 5550 1386 5621 inglorius
1414 5548 1578 5605 fuerit
1611 5550 1663 5605 in

81 5656 232 5711 regno
261 5642 415 5710 eius.
467 5640 620 5695 Tunc
662 5640 831 5695 etiam
880 5649 934 5694 et
976 5640 1154 5695 oratio
1201 5638 1318 5707 ejus
1344 5640 1410 5694 ad
1451 5641 1663 5695 Patrem

79 5736 338 5807 conipleta
371 5730 788 5796 monstrabitur,
809 5745 915 5801 qua
937 5739 1086 5786 orat:
1111 5730 1293 5797 Pater,
1323 5729 1558 5800 clariﬁca
1586 5748 1667 5786 me

78 5826 207 5894 apud
261 5824 602 5898 temetipsum
642 5821 901 5890 claritate,
931 5837 1027 5879 seu
1063 5822 1263 5894 gloria,
1315 5838 1472 5897 «om
1506 5822 1666 5890 habui

1759 1987 1816 2033 et
1840 1978 1978 2033 alter
2008 1980 2190 2043 homo,
2241 1980 2336 2034 sed
2386 1974 2529 2035 unus
2560 1983 2811 2051 idemque
2842 1983 3089 2039 Christus
3124 1985 3263 2039 Deus
3298 1990 3354 2039 et

1761 2066 1940 2123 homo;
1970 2067 2087 2122 Non
2125 2070 2409 2139 adoptivus
2446 2069 2538 2125 Dei
2577 2070 2764 2135 Filius,
2799 2086 2902 2126 non
2955 2075 3228 2142 putativus
3256 2074 3351 2127 ho-

1759 2157 1921 2212 minis
1949 2157 2107 2222 illius,
2141 2167 2199 2213 ut
2239 2159 2390 2215 multi
2425 2161 2804 2216 haereticorum
2836 2162 2976 2217 male
3008 2174 3297 2219 senserunt
3329 2182 3345 2230 ι

1759 2247 1853 2304 sed
1880 2263 2045 2304 verus
2063 2258 2118 2304 et
2144 2266 2283 2305 unus
2308 2250 2402 2306 Dei
2435 2251 2626 2317 Filius,
2660 2260 2823 2308 verus
2864 2262 2921 2307 et
2948 2269 3087 2309 unus
3114 2256 3349 2313 hominis

1758 2338 1916 2395 ﬁlius,
1946 2340 2026 2395 Ac
2050 2356 2148 2409 per
2168 2341 2272 2396 hoc
2301 2342 2424 2411 quia
2448 2344 2615 2422 homo
2637 2346 3066 2412 commendatur,
3097 2347 3149 2401 in
3173 2347 3342 2403 Deum

1758 2439 2090 2501 assumptus,
2139 2441 2196 2487 et
2235 2432 2377 2488 Deus
2420 2434 2583 2490 homo
2611 2435 2804 2491 factus,
2840 2438 3066 2508 Egregie
3109 2441 3343 2496 dicitur:

1757 2523 1826 2578 In
1863 2526 2251 2593 "generatione
2290 2540 2410 2579 cum
2439 2527 2632 2580 sederit
2668 2527 2813 2595 ﬁlius
2854 2529 3080 2584 heminis
3126 2530 3183 2584 in
3224 2531 3344 2585 sede

1757 2615 2044 2683 maiestatis
2079 2632 2224 2681 aute;
2252 2631 2321 2671 ne
2361 2615 2501 2671 ullus
2530 2617 2597 2671 de
2628 2618 2847 2672 homine
2873 2618 3092 2673 Christo
3137 2620 3346 2675 dubitet

1757 2706 1899 2775 quod
1930 2706 2046 2775 ipse
2093 2708 2161 2761 sit
2197 2707 2356 2772 Deus,
2392 2707 2445 2761 in
2472 2707 2646 2763 forma
2679 2708 2795 2771 Dei,
2824 2726 2854 2763 a
2882 2709 2992 2765 Deo
3020 2709 3182 2765 Patre
3209 2726 3341 2766 con-

1757 2800 1981 2855 stitutus
2013 2801 2065 2854 in
2095 2800 2224 2856 sede
2271 2801 2572 2870 maiestatis
2592 2812 2723 2855 suae,
2776 2802 2845 2859 Et
2870 2803 2993 2873 quia
3023 2802 3195 2876 31‘
3217 2818 3344 2859 con-

1757 2888 1960 2945 i'ormes
1988 2888 2114 2945 facti
2143 2899 2301 2946 erant
2327 2890 2547 2946 Christo
2592 2892 2842 2961 apostoli,
2872 2892 3130 2949 Sedebitia
3157 2903 3205 2948 et
3231 2910 3343 2958 ves,-

1758 2981 1953 3050 inquit,
1985 2992 2142 3050 super
2161 2981 2374 3036 thronos
2402 2982 2700 3047 duodecim,
2718 2984 3023 3052 iudicantes
3069 2985 3344 3040 duodecim

1757 3074 1924 3129 tribus
1954 3072 2160 3139 Israel;
2192 3082 2251 3128 ut
2282 3082 2449 3130 totam
2474 3076 2790 3147 depingeret
2821 3077 3148 3133 senatoriam
3175 3079 3346 3149 digni-

1760 3174 1946 3222 tatem.
1975 3166 2111 3233 Quia
2149 3165 2265 3235 ipse
2294 3167 2345 3220 in
2370 3167 2498 3221 sede
2522 3165 2636 3222 Rea
2660 3177 2716 3222 et
2757 3167 3015 3223 Dominus
3042 3168 3230 3223 sedere
3259 3169 3341 3224 di-

1759 3261 1918 3327 citur,
1950 3262 2367 3317 introducuntur
2397 3262 2577 3317 throni
2608 3261 2996 3332 apostolorum,
3014 3262 3065 3316 id
3087 3270 3169 3317 est
3190 3262 3346 3317 sedes

1757 3353 2074 3420 duodecim;
2106 3356 2231 3424 quia
2253 3354 2442 3410 Graece
2465 3356 2654 3428 θρόνα,
2680 3353 2871 3409 Latine
2890 3353 3047 3409 sedes
3072 3354 3343 3409 dicuntur.

1758 3444 1827 3499 t
1855 3444 2136 3499 duodecim
2186 3445 2431 3507 thronos,
2472 3445 2542 3499 ad
2565 3443 2890 3512 iudicandas
2932 3444 3213 3499 duodecim
3246 3446 3348 3499 tri-

1756 3536 1875 3601 bus,
1906 3538 1959 3591 in
1987 3536 2271 3592 duodecim
2319 3536 2752 3605 patriarcharum
2800 3537 3028 3606 gloriam
3053 3536 3344 3606 copulavit,

1758 3641 1817 3687 ut
1842 3633 1896 3686 in
1923 3632 2154 3687 circuitu
2187 3632 2368 3686 throni
2401 3631 2587 3700 viginti
2620 3639 2676 3686 et
2705 3640 2940 3700 quatuor
2972 3631 3215 3685 seniores
3261 3644 3347 3685 se-

1757 3722 1885 3776 dere
1905 3721 2175 3785 dicantur,
2197 3721 2288 3791 q’ui
2312 3723 2540 3776 adurant
2560 3721 2828 3776 viventem
2857 3721 2910 3775 in
2939 3721 3131 3776 smnia
3162 3736 3329 3776 execu-

1757 3812 1954 3867 lorum;
1981 3811 2086 3866 Sed
2111 3810 2210 3867 soli
2237 3811 2519 3866 duodecim
2547 3812 2685 3866 hanc
2705 3810 3050 3881 iudiciariam
3073 3810 3348 3879 accipiunt

1756 3912 2101 3976 potestatem,
2135 3903 2555 3959 condemnantes
2600 3903 2883 3958 duodecim
2940 3904 3111 3957 tribus
3154 3894 3343 3967 Israel,

1757 3996 1848 4065 qui
1896 3994 2153 4063 apostolis
2193 3994 2537 4049 credentibus
2581 3994 2711 4064 ipsa
2756 3980 2979 4051 credere
3023 3994 3344 4061 noluerunt,

1759 4086 1973 4156 illisque
1992 4085 2408 4154 praedicantibus
2428 4085 2588 4140 verba
2615 4085 2740 4140 vita:
2767 4085 3009 4155 recipere
3030 4092 3345 4139 renuerunt.

1760 4176 1982 4244 Ineuper
2026 4190 2118 4229 eos
2182 4174 2446 4240 oderunt,
2502 4175 2778 4245 eiecerunt
2840 4182 3091 4243 umquam
3148 4173 3346 4229 malum

1758 4272 1979 4337 propter
2007 4266 2174 4320 tilium
2218 4266 2475 4331 hominis,
2506 4274 2561 4321 et
2607 4266 2879 4336 persecuti
2926 4276 3071 4322 sunt.
3115 4266 3349 4335 ideoque

1760 4359 1861 4429 ipsi
1889 4360 2081 4413 merito
2112 4370 2305 4414 eorum
2327 4358 2539 4429 iudices
2566 4366 2744 4423 urunt,
2788 4359 2878 4428 qni
2907 4359 3078 4414 secuti
3101 4366 3225 4413 sunt
3253 4358 3351 4412 D0~

1761 4449 2001 4512 minnm,
2062 4448 2206 4518 quod
2266 4449 2544 4519 proprium
2589 4449 2956 4519 apostolorum
3006 4449 3125 4504 fuit.
3180 4448 3349 4505 Judaei

1764 4554 1894 4593 vero
1924 4548 2031 4593 tam
2055 4538 2333 4595 Christum
2365 4555 2526 4608 quam
2564 4548 2617 4594 et
2651 4555 2748 4595 eos
2769 4540 2970 4609 injuste
2992 4541 3347 4612 perimernnt.

1764 4627 1953 4682 Adhuc
1991 4636 2170 4682 autem
2214 4627 2433 4699 quidam
2473 4644 2538 4683 ex
2588 4630 2692 4685 hoc
2744 4630 3083 4687 subtiliorem
3133 4646 3350 4703 sensum

1766 4717 2074 4779 introducit,
2130 4717 2314 4772 nescio
2343 4733 2409 4771 an
2443 4714 2795 4775 securiorem.
2832 4721 2973 4779 Dicit
3022 4723 3165 4775 enim
3208 4721 3351 4790 quod

1763 4826 1870 4865 non
1895 4810 1962 4864 de
2001 4808 2166 4863 l‘utnri
2188 4805 2379 4879 jndicii
2405 4820 2647 4882 tempore
2668 4796 2916 4868 Christus
2959 4814 3059 4869 ista
3091 4813 3350 4882 loquitur,

1762 4899 1856 4957 sed
1884 4900 1950 4954 tle
1985 4900 2271 4955 vocatione
2309 4900 2549 4971 gentium
2596 4902 2991 4959 universarum.
3044 4901 3154 4956 Nec
3178 4902 3347 4965 enim,

1765 4992 1975 5060 inquit,
2035 4992 2170 5047 dixit
2199 4977 2380 5047 :‘Cum
2418 4993 2624 5047 venerit
2672 4992 2813 5049 (ilius
2878 4994 3112 5049 hominis
3162 4994 3354 5046 sedens

1765 5100 1928 5157 super
1956 5086 2137 5140 sedem
2189 5083 2491 5155 majestatis
2535 5102 2684 5153 suae;
2721 5088 2834 5152 sed,
2878 5102 3000 5147 cum
3043 5084 3244 5139 sederit
3297 5084 3349 5138 in

1767 5177 1893 5231 sede
1923 5174 2222 5243 majestatis
2258 5191 2389 5231 suae.
2416 5175 2474 5230 ln
2500 5177 2627 5232 sede
2669 5187 2845 5232 autem
2887 5176 3186 5245 maiestatis
3220 5192 3350 5241 suae,

1768 5282 1836 5323 ex
1856 5282 1921 5321 eo
1963 5266 2090 5321 dicit
2118 5264 2394 5321 Christum
2422 5269 2653 5338 crepissc
2689 5270 2898 5332 sedere,
2928 5283 2991 5321 ex
3038 5282 3144 5336 quo
3170 5275 3352 5336 gentes

1770 5358 1994 5414 credere
2022 5366 2304 5429 cmpernnt
2332 5358 2385 5412 in
2413 5373 2558 5413 eum.
2607 5359 2671 5413 Et
2696 5376 2762 5413 ex
2790 5374 2897 5428 quo
2932 5357 3179 5412 Christus
3207 5357 3357 5411 scdct

1774 5467 1937 5521 super
1959 5451 2138 5506 sedem
2162 5461 2405 5506 sanctam
2429 5466 2539 5507 suae
2561 5450 2879 5519 majestatis,
2904 5467 2967 5506 ex
3014 5467 3079 5506 eo
3127 5446 3355 5521 apostoli

1774 5545 2031 5601 sederunt
2063 5557 2223 5612 super
2253 5545 2476 5598 thronus
2501 5544 2807 5609 duodecim,
2837 5544 2887 5598 id
2920 5552 3002 5599 est
3028 5545 3079 5598 in
3106 5543 3355 5603 omnibus

1773 5639 2094 5697 Christianis
2119 5636 2409 5691 secundum
2442 5636 2787 5691 diversitates
2828 5637 3154 5691 animarum.
3183 5635 3356 5706 Expo-

1773 5732 1855 5789 nit
1876 5731 2039 5795 enim,
2079 5728 2220 5798 quod
2242 5726 2378 5779 sicut
2399 5722 2704 5779 Iudaeorum
2735 5710 2963 5797 populus
2990 5727 3042 5781 in
3074 5725 3355 5780 duodtcim

1775 5822 1949 5878 tribus
1986 5819 2087 5875 fuit
2116 5816 2361 5872 divisus:
2397 5814 2475 5873 sic
2519 5823 2575 5871 et
2608 5816 2893 5873 universus
2944 5815 3171 5898 populus
3197 5815 3237 5869 i‘.
3283 5814 3358 5873 ri-
