4008 6354
745 359 840 414 671

1533 355 1591 409 S.
1631 353 1984 411 PASCHASII
2024 355 2370 415 RADBERTI
2404 359 2696 416 ABBATIS
2730 359 3182 418 CORBEIENSIS
3797 395 3866 453 δη

743 478 952 535 stianus
977 475 1179 530 divisus
1215 482 1323 540 est,
1343 483 1400 529 et
1425 472 1680 529 collectus
1702 489 1824 529 cum
1847 474 2049 529 eisdem
2078 475 2171 545 qui
2197 490 2313 532 cre-
2338 477 2393 538 Α
2416 477 2732 543 cenderunt,
2760 484 2816 532 et
2836 477 3241 536 coasdiiicantur
3268 483 3320 537 in
3357 485 3553 543 civitate
3576 493 3653 548 illa
3683 495 3863 560 Hierusa.

742 567 997 625 diderunt
1031 581 1098 620 ex
1142 563 1357 628 Judaeis,
1399 563 1452 618 in
1476 562 1756 618 duodecim
1801 564 1992 629 tribus,
2019 565 2319 643 secundum

741 661 1000 734 quasdam
1028 643 1388 728 proprietates
1410 655 1732 718 animarum,
1751 662 1805 709 et
1833 655 2173 711 diversitates
2202 671 2322 712 cor-

739 749 889 807 dium
914 767 929 817 ;
969 763 1104 818 quas
1128 746 1274 802 solus
1314 746 1475 811 Deus,
1504 745 1595 815 qui
1627 746 1775 800 novit
1802 746 1983 800 omnia
2009 745 2321 802 abscondita

740 841 941 905 cordis,
973 852 1299 910 cognoscere
1337 845 1395 891 et
1430 836 1736 892 discernere
1757 845 1952 906 potest.
1984 836 2054 892 Ut
2074 839 2319 908 quaedam

741 933 934 988 animae
962 932 1070 986 sint
1109 931 1175 986 de
1222 930 1365 984 tribu
1404 929 1614 995 Ruben,
1662 931 1906 999 quaedam
1939 931 2004 986 de
2042 931 2186 986 tribu
2229 929 2318 986 Si-

740 1037 923 1088 meon,
945 1020 1027 1076 vel
1052 1019 1201 1086 Levi,
1229 1020 1314 1076 vel
1338 1019 1497 1086 Juda,
1525 1035 1619 1076 seu
1646 1028 1986 1076 caeterorum.
2016 1019 2155 1075 Dicit
2175 1021 2320 1076 enim

739 1112 883 1186 quod
918 1113 1060 1168 sicut
1092 1127 1280 1170 omnes
1306 1111 1477 1167 sancti
1505 1111 1743 1181 quinque
1769 1111 2004 1182 virgines
2029 1112 2320 1182 prudentes

736 1223 860 1264 esse
887 1208 1156 1271 dicuntur,
1190 1203 1438 1274 quamvis
1465 1202 1574 1258 sint
1617 1201 2052 1268 innumerabiles,
2100 1211 2331 1273 propter

737 1304 975 1373 quinque
1003 1316 1193 1356 sensus
1220 1297 1529 1370 spirituales
1556 1315 1569 1351 :
1599 1296 1678 1352 sic
1713 1303 1767 1351 et
1795 1311 1983 1352 omnes
2008 1307 2318 1367 peccatores

736 1398 972 1467 quinque
1014 1395 1252 1465 virgines
1292 1392 1454 1448 fatuae
1501 1391 1862 1461 accipiuntur,
1915 1391 2161 1461 quamvis
2209 1391 2320 1447 sint

736 1485 1178 1550 innumerabiles,
1215 1492 1436 1555 propter
1455 1485 1692 1554 quinque
1711 1499 1903 1540 sensus
1923 1485 2122 1541 carnis.
2151 1485 2317 1556 815

740 1578 946 1634 Deinde
993 1577 1227 1647 adjecit:
1280 1577 1348 1631 Et
1388 1578 1528 1632 sicut
1579 1592 1768 1632 omnes
1803 1576 2060 1632 Ecclesiae
2115 1575 2318 1632 Christi

734 1679 940 1740 septem
967 1684 1086 1726 esse
1133 1670 1387 1725 dicuntur
1408 1668 1682 1734 Ecclesiae,
1705 1669 1951 1739 quamvis
1980 1669 2162 1725 multa:
2185 1670 2315 1734 sint,

732 1771 952 1832 propter
1005 1759 1373 1829 septiformem
1421 1759 1683 1814 donorum
1739 1759 2007 1830 gratiam;
2068 1766 2128 1812 ut
2185 1769 2315 1830 puta

2424 570 2546 635 lem,
2582 586 2702 641 qua:
2726 579 2809 627 est
2832 573 3058 627 thronus
3085 572 3179 627 Dei
3207 582 3261 630 et
3292 579 3544 647 templum.
3557 583 3627 639 Ad
3643 591 3754 656 quod
3770 610 3867 662 qua.

2422 663 2650 719 rendum
2692 665 2738 719 si
2763 679 2952 720 omnes
2981 665 3138 721 electi
3171 669 3511 738 apostolorum
3541 686 3648 732 sunt
3677 683 3866 743 sedes‘ret

2422 771 2610 811 eorum
2639 758 2995 821 consortibus,
3021 757 3148 813 licet
3175 760 3241 814 ad
3265 775 3442 816 eorum
3462 779 3703 824 numerum
3725 773 3765 826 in
3783 776 3868 831 duo-

2422 844 2595 900 decim
2642 845 2862 900 sedibus
2907 847 3176 916 dispositi,
3215 849 3339 919 quid
3364 859 3441 907 est
3467 855 3591 922 quod
3629 857 3710 926 ipsi
3741 877 3868 919 omnes

2422 953 2611 994 rursus
2646 939 2806 994 simul
2847 955 2972 994 cum
3002 941 3259 1011 apostolis
3296 942 3348 996 in
3386 957 3594 1012 persona
3615 947 3772 1005 Christi
3800 970 3868 1008 una

2422 1032 2577 1086 sedes
2604 1045 2699 1085 seu
2725 1031 3098 1111 thronusesse
3144 1031 3426 1088 dicuntur?
3468 1033 3568 1091 Nec
3601 1038 3717 1093 enim
3751 1043 3866 1098 dixit:

2421 1119 2555 1175 Cum
2582 1121 2780 1177 sederit
2802 1121 2945 1178 ﬁlius
2965 1122 3200 1179 hominis
3226 1124 3278 1178 in
3312 1123 3515 1180 sedibus
3532 1127 3664 1193 suis;
3689 1130 3775 1193 sed,
3790 1145 3871 1188 eum

2421 1213 2626 1268 sederit
2649 1214 2702 1268 in
2731 1212 2856 1269 sede
2876 1213 3176 1282 majestatis
3203 1231 3330 1270 suae.
3360 1215 3469 1271 Non
3489 1218 3618 1272 enim
3641 1219 3779 1289 plures
3796 1238 3872 1279 esse

2422 1305 2693 1376 leguntur,
2725 1306 2823 1361 sed
2851 1322 2958 1361 una
2982 1323 2997 1372 ;
3028 1307 3154 1377 quia
3183 1323 3289 1363 non
3325 1324 3428 1364 una
3454 1308 3633 1366 Christi
3655 1322 3701 1367 et
3730 1326 3874 1384 aposto-

2421 1395 2594 1452 lorum
2634 1396 2914 1468 aaqualitas
2960 1397 3299 1466 praedicatur.
3349 1398 3592 1466 Quoniam
3631 1403 3712 1457 etsi
3749 1419 3874 1460 omnes

2421 1487 2649 1558 apostoli
2672 1504 2777 1543 una
2810 1489 3065 1544 virtutum
3097 1505 3295 1560 genera
3333 1489 3629 1558 habuerunt,
3651 1508 3734 1548 non
3757 1504 3874 1550 tamen

2419 1580 2599 1634 omnia
2627 1580 2994 1650 unusquisque
3020 1596 3210 1636 eorum
3240 1580 3308 1635 ad
3335 1579 3613 1652 perfectum
3635 1622 3648 1647 ,
3678 1582 3749 1638 sed
3768 1601 3873 1638 unus-

2420 1671 2647 1742 quisque
2667 1686 2856 1726 eorum
2882 1672 2937 1726 in
2959 1671 3144 1742 aliquo
3177 1671 3387 1742 privato
3411 1672 3542 1728 bono
3568 1671 3796 1743 perfectior
3811 1675 3874 1728 fuit

2420 1779 2582 1833 quam
2603 1764 2741 1820 alter
2765 1781 2779 1831 ;
2819 1773 2875 1819 et
2895 1763 3016 1818 ideo
3042 1779 3383 1834 nequaquam
3409 1763 3489 1818 vel
3517 1763 3643 1819 inter
3658 1779 3796 1818 omnes
3817 1764 3874 1818 ha-

731 1868 920 1910 omnes
959 1853 1012 1908 in
1035 1853 1230 1922 quibus
1263 1851 1500 1906 abundat
1530 1848 1764 1920 Spiritus
1789 1850 2064 1920 sapientiae
2093 1865 2199 1904 una
2220 1851 2318 1906 ha-
2344 1838 2392 1900 Β
2419 1858 2552 1913 bere
2586 1863 2876 1925 potuerunt
2915 1853 3054 1909 dona
3095 1852 3331 1924 Spiritus
3371 1853 3554 1918 sancti,
3582 1868 3682 1923 qua:
3711 1851 3876 1906 Christus

731 1943 927 2002 bentur
950 1943 1193 1998 Ecclesia
1225 1961 1238 1996 :
1265 1943 1344 1997 sic
1365 1949 1421 1996 et
1449 1941 1502 1995 in
1531 1942 1740 1996 caeteris
1768 1941 2060 1997 virtutibus
2083 1941 2318 2012 Spiritus

732 2038 926 2101 sancti,
960 2052 1066 2090 una
1091 2035 1360 2104 colligitur
1393 2048 1498 2087 una
1520 2031 1785 2102 generalis
1814 2031 2071 2098 Ecclesia,
2096 2042 2318 2104 propter

730 2130 996 2184 unitatem
1031 2125 1270 2195 ejusdem
1315 2123 1551 2194 Spiritus
1599 2123 1791 2188 sancti,
1838 2138 1958 2193 quae
2013 2123 2068 2178 in
2111 2133 2316 2196 septem

729 2217 987 2273 dividitur
1005 2225 1226 2286 propter
1249 2213 1679 2269 distributionem
1711 2213 1999 2280 donorum,
2020 2221 2080 2267 ut
2110 2216 2317 2284 septem

729 2316 939 2365 tantum
978 2306 1344 2361 inveniantur.
1376 2303 1639 2359 Similiter
1679 2313 1736 2358 et
1782 2313 2006 2375 propter
2031 2305 2171 2360 dona
2220 2319 2316 2361 seu

729 2400 932 2471 gratias
944 2399 1227 2454 duodecim
1249 2412 1387 2467 quas
1409 2397 1462 2451 in
1488 2411 1717 2466 persona
1737 2397 2020 2453 duodecim
2045 2397 2315 2469 virginum

726 2493 945 2562 exponit
979 2491 1201 2562 angelus
1229 2490 1282 2545 in
1325 2489 1463 2544 libro
1491 2489 1751 2546 Pastoris.
1785 2489 1843 2544 Si
1880 2491 1966 2546 cui
1997 2499 2176 2546 tamen
2202 2490 2316 2562 pla-

725 2596 845 2644 ceat
875 2585 1211 2656 Scripturam
1232 2584 1491 2654 recipere,
1523 2584 1870 2639 inveniuntur
1889 2584 2131 2639 omnium
2160 2583 2316 2639 Chri-

727 2677 1023 2731 stianorutn
1066 2675 1349 2731 duodecim
1392 2689 1514 2730 esse
1557 2675 1731 2731 tribus
1761 2676 2056 2732 secundum
2079 2675 2314 2745 gratiam

727 2767 951 2838 singulae
978 2767 1264 2831 distinctae,
1287 2781 1423 2836 quas
1450 2767 1504 2820 in
1531 2766 1736 2821 eisdem
1760 2766 2064 2838 virginibus
2092 2766 2314 2839 angelus

726 2859 815 2913 ille
846 2858 1128 2928 designat;
1170 2859 1246 2912 ita
1284 2867 1345 2912 ut
1391 2873 1580 2914 omnes
1607 2859 1806 2914 animae
1858 2859 1912 2913 in
1959 2859 2158 2928 quibus
2202 2872 2316 2928 pra:

725 2951 938 3007 caeteris
958 2950 1249 3006 virtutibus
1287 2949 1546 3019 praecellit
1583 2952 1757 3005 virtus
1810 2951 2074 3014 veritatis,
2105 2965 2212 3004 una
2241 2951 2314 3006 sit

726 3043 937 3109 tribus,
993 3041 1134 3097 sicut
1175 3042 1230 3096 in
1270 3041 1475 3097 eisdem
1519 3057 1624 3096 una
1680 3041 1938 3112 praecellit
1983 3043 2172 3098 virtus.
2222 3042 2314 3099 Sic

724 3147 779 3191 et
804 3137 857 3190 in
891 3134 1134 3205 reliquis,
1185 3134 1314 3204 quia
1361 3149 1468 3188 non
1510 3147 1700 3188 omnes
1746 3134 1930 3206 gratiae
1969 3135 2024 3188 in
2063 3134 2313 3191 omnibus

723 3227 1001 3298 aequaliter
1029 3233 1197 3292 sunt;
1232 3225 1327 3281 sed
1355 3239 1494 3280 unus
1526 3224 1744 3294 quidem
1789 3223 2063 3279 antecellit
2109 3227 2163 3280 in
2208 3225 2310 3280 ista

723 3319 944 3383 virtute,
969 3317 1108 3371 alter
1138 3331 1267 3370 vero
1309 3316 1363 3370 in
1387 3314 1498 3370 illa.
1531 3315 1734 3371 Omnes
1775 3324 1956 3370 tamen
1995 3313 2307 3378 Christiani,

722 3410 778 3465 in
807 3409 1004 3479 quibus
1051 3407 1260 3462 habitat
1285 3405 1554 3474 Christus,
1595 3404 1752 3462 sedes
1794 3417 1920 3461 sunt
1971 3405 2188 3461 Christi.
2247 3404 2315 3459 Et

721 3499 847 3556 hinc
866 3509 950 3556 est
977 3499 1122 3570 quod
1149 3500 1226 3554 ait
1253 3513 1267 3553 :
1293 3497 1361 3552 In
1386 3497 1775 3569 regeneratione
1800 3514 1919 3552 cum
1950 3498 2143 3552 sederit
2167 3496 2310 3566 ﬁlius

719 3595 944 3649 hominis
971 3595 1026 3648 in
1053 3595 1174 3649 sede
1198 3593 1491 3663 majestatis
1525 3609 1658 3658 sure,
1685 3596 1853 3646 et’vos
1883 3591 2124 3645 sedebitis
2155 3605 2312 3660 super

718 3689 933 3744 thronos
955 3687 1252 3742 duodecim.
1276 3686 1356 3741 Ex
1382 3701 1491 3756 quo
1511 3686 1779 3756 promittit
1801 3685 1881 3741 eis
1911 3693 2124 3755 tempus
2147 3683 2308 3738 Chri-

717 3779 1010 3836 stianitatis
1046 3778 1286 3834 futurum
1309 3786 1432 3848 post
1478 3793 1632 3833 suam
1667 3777 2064 3842 ascensionem,
2095 3773 2310 3845 quando

718 3889 908 3928 omnes
937 3872 1275 3942 susceperint
1294 3871 1520 3926 verbum
1553 3871 1921 3942 apostolorum
1958 3871 2012 3924 in
2045 3883 2124 3934 se,
2169 3867 2310 3934 sicut

718 3967 944 4020 verbum
988 3964 1210 4018 Christi.
1265 3962 1397 4016 lllud
1444 3972 1528 4018 est
1569 3971 1750 4018 autem
1782 3972 1995 4032 tempus
2020 3973 2309 4030 regenera-

723 4057 910 4121 tionis,
955 4056 1171 4126 quando
1211 4055 1459 4110 homines
1505 4055 1805 4127 regenerati
1836 4068 1933 4124 per
1980 4053 2306 4123 baptismum

720 4147 849 4203 facti
875 4155 1021 4212 sunt,
1047 4156 1102 4202 et
1123 4146 1378 4217 deinceps
1407 4161 1474 4200 ex
1500 4145 1626 4201 ﬁliis
1655 4146 1933 4200 hominum
1964 4143 2056 4198 ﬁlii
2085 4143 2199 4200 Dei.
2227 4143 2305 4197 Ex

716 4254 825 4307 quo
846 4245 1084 4306 tempore
1103 4237 1272 4306 coepit
1297 4235 1546 4291 Christus
1569 4237 1759 4291 sedere
1781 4235 1835 4289 in
1860 4235 1987 4290 sede
2008 4233 2307 4303 maiestatis

718 4340 848 4393 suae,
903 4328 1043 4381 sicut
1077 4335 1311 4382 testatur
1339 4325 1611 4397 PrOpheta
1640 4327 1705 4381 de
1735 4326 1978 4398 gentium
2004 4325 2213 4380 unitate
2239 4339 2306 4379 ac

717 4421 863 4473 fide:
897 4418 1147 4490 Regnabit
1195 4418 1338 4473 Deus
1382 4435 1536 4488 super
1585 4420 1967 4489 gentes:Deus
1987 4418 2126 4474 sedet
2151 4433 2307 4488 super

715 4510 887 4565 sedem
939 4521 1174 4565 sanctam
1231 4527 1382 4566 suam
1423 4509 1800 4581 (Psal.'xr.vr,
1838 4511 1931 4582 9).
1986 4510 2303 4578 Quicunque

715 4618 843 4674 ergo
888 4603 1163 4660 Christum
1216 4605 1268 4658 in
1301 4619 1360 4660 se
1389 4604 1658 4660 credendo
1687 4604 1930 4676 perfecte
1975 4603 2296 4673 suscipiunt,

713 4700 870 4754 sedes
892 4708 1016 4755 sunt
1031 4701 1328 4772 majestatis
1343 4701 1480 4772 ejus.
1499 4700 1633 4756 Nam
1649 4709 1706 4756 et
1732 4699 2096 4770 apostolorum
2117 4696 2298 4752 throni

713 4802 857 4858 sunt,
893 4792 985 4863 qui
1010 4808 1197 4848 eorum
1225 4803 1581 4865 susceperunt
1621 4791 1944 4855 doctrinam,
1991 4790 2135 4860 quod
2161 4789 2300 4844 bene

712 4886 1098 4941 commendans
1127 4884 1394 4956 Propheta
1427 4905 1441 4940 :
1475 4885 1615 4950 Illic,
1646 4884 1840 4954 inquit,
1867 4883 2112 4938 sederunt
2151 4880 2296 4934 sedes

715 4979 768 5031 in
787 4977 992 5047 judicio
1016 4977 1274 5049 (loquens
1305 4978 1370 5032 de
1409 4977 1766 5041 Hierusalem,
1794 4991 1915 5045 qua:
1939 4981 2024 5028 est
2053 4971 2294 5028 Ecclesia

717 5071 809 5125 Dei
839 5071 991 5141 vivi),
1018 5070 1164 5126 sedes
1192 5086 1348 5140 super
1370 5071 1583 5124 domum
1613 5068 1780 5124 David
1809 5065 1980 5138 (Psal.
2010 5081 2156 5130 cxxr,
2198 5064 2296 5135 5);

711 5162 777 5217 ad
826 5176 988 5231 quam
1042 5161 1410 5228 Hierusalem,
1461 5176 1582 5232 quae
1639 5158 1939 5215 aediﬁcatur
1985 5164 2043 5209 ut
2085 5155 2294 5219 civitas,

711 5253 1068 5308 ascenderunt
1091 5253 1279 5318 tribus,
1305 5253 1479 5308 tribus
1494 5251 1706 5306 Domini
1737 5249 1804 5302 de
1832 5247 2082 5318 gentibus
2109 5261 2298 5316 aggre-

708 5353 832 5417 gata
863 5345 918 5399 in
943 5341 1315 5401 testimonium
1344 5342 1532 5406 lsrael,
1576 5341 1702 5410 quia
1747 5337 1974 5393 credere
2003 5335 2296 5390 noluerunt

709 5438 778 5492 nd
817 5435 1180 5494 confitendum
1226 5435 1430 5492 nomini
1475 5431 1708 5493 Domini,
1757 5439 1812 5483 et
1849 5429 1917 5483 ad
1965 5428 2290 5484 condemna-

709 5531 909 5587 tionem
937 5530 1284 5607 perﬁdorum.
1320 5526 1597 5584 Sedebunt
1623 5538 1751 5595 ergo
1792 5522 1948 5577 sedes
1976 5523 2027 5576 in
2050 5521 2290 5592 judicio;

709 5622 963 5692 quoniam
993 5622 1093 5692 ipsi
1135 5619 1362 5692 apostoli
1403 5632 1566 5689 super
1611 5629 1747 5686 quos
1787 5613 2019 5684 primum
2049 5613 2295 5670 Christus

709 5713 880 5779 sedet,
908 5713 1172 5771 scdebunt
1191 5724 1246 5769 et
1275 5713 1374 5783 ipsi
1400 5726 1564 5781 super
1589 5710 1743 5765 sedes
1771 5723 1914 5772 suas,
1945 5707 1995 5761 id
2034 5715 2114 5763 est
2135 5723 2296 5778 super

705 5806 875 5881 813
898 5806 1114 5863 easdem
1161 5804 1450 5862 duodecim
1482 5803 1658 5859 tribus
1685 5811 1742 5857 et
1789 5800 2035 5866 thronos,
2065 5814 2185 5870 qua:
2213 5815 2295 5856 as-

2421 1945 2476 1999 in
2500 1946 2696 2000 throno
2721 1959 2820 2000 suo
2847 1943 2995 1998 solus
3024 1943 3284 2014 possidet.
3315 1943 3448 2009 Quia
3477 1942 3569 2011 ipsi
3592 1955 3742 1996 omnes
3757 1942 3794 1994 in
3809 1942 3874 1994 cir-

2421 2037 2569 2092 cuitu
2600 2035 2779 2091 throni
2817 2035 3024 2091 sedisse
3048 2034 3324 2105 leguntur,
3357 2033 3588 2088 Christus
3614 2041 3754 2088 autem
3777 2045 3877 2101 super

2417 2144 2634 2184 omnem
2656 2128 2954 2184 Ecclesiam
2979 2137 3034 2183 et
3060 2143 3226 2198 super
3249 2142 3461 2182 omnem
3485 2126 3646 2182 sedem
3675 2127 3728 2180 ad
3767 2125 3878 2179 Patris

2419 2221 2660 2276 elevatus
2681 2220 2959 2275 dexteram
2981 2221 3050 2275 ab
3064 2220 3320 2275 omnibus
3341 2219 3598 2274 adoratur.
3615 2216 3772 2272 Verum
3789 2216 3876 2284 quod

2417 2312 2666 2368 Christus
2690 2325 2880 2366 omnes
2912 2311 3142 2366 virtutes
3169 2310 3452 2382 aequaliter
3476 2309 3659 2374 habuit,
3677 2324 3766 2378 qua:
3793 2306 3878 2360 forte

2418 2405 2472 2458 in
2493 2399 2676 2473 partes
2704 2401 2958 2473 apostolis
2978 2402 3046 2456 ad
3077 2401 3302 2475 modum
3328 2399 3650 2472 singularem,
3672 2399 3714 2452 in
3731 2395 3878 2465 singulis

2417 2492 2732 2548 claruerunt
2757 2510 2770 2546 :
2802 2491 3051 2547 Christus
3075 2507 3210 2547 vero
3239 2493 3294 2547 in
3323 2492 3466 2547 omni
3502 2490 3675 2544 virtute
3704 2497 3745 2542 et
3769 2486 3878 2554 gratia

2415 2585 2698 2655 aequaliter
2720 2583 2993 2654 perfectus
3016 2583 3133 2648 fuit,
3159 2585 3291 2654 quia
3316 2584 3372 2638 in
3397 2585 3509 2652 ipso
3529 2579 3682 2636 omnis
3695 2575 3880 2648 plenitudo

2417 2678 2716 2733 divinitatis
2755 2677 3117 2747 corporaliter
3157 2677 3494 2732 inhabitasse
3521 2672 3737 2735 creditur,
3769 2668 3880 2722 omni-

2415 2783 2520 2838 que
2545 2767 2740 2839 gratia.
2769 2767 2836 2822 Et
2873 2767 2995 2822 ideo
3016 2767 3066 2821 ei
3096 2782 3205 2821 una
3231 2774 3318 2822 est
3342 2765 3494 2821 sedes
3522 2778 3632 2818 cum
3648 2759 3788 2821 Patre,
3805 2770 3880 2808 cum

2415 2876 2522 2931 quo
2551 2861 2620 2917 ab
2658 2859 2912 2915 omnibus
2937 2859 3220 2924 adoratur,
3257 2866 3313 2913 et
3364 2853 3750 2926 congloriticatur
3779 2847 3882 2902 Deus.

2416 2951 2673 3024 Sequitur
2705 2971 2718 3006 :

2486 3044 2552 3098 Et
2576 3045 2742 3098 omnis
2754 3043 2845 3115 qui
2867 3042 3131 3114 reliquerit
3145 3041 3478 3109 domum,'vel
3499 3041 3685 3110 fratres,
3712 3044 3779 3089 aut
3794 3046 3884 3085 toro.

2419 3153 2520 3202 res,
2537 3145 2629 3190 aut
2654 3145 2874 3206 patrem,
2895 3146 2984 3188 aut
3001 3144 3246 3202 matrem,
3265 3146 3354 3188 aut
3374 3150 3594 3196 uxorem,
3610 3138 3687 3183 aut
3699 3125 3816 3196 ﬁlios,
3828 3128 3881 3172 at!

2415 3245 2589 3299 agros,
2617 3236 2828 3297 propter
2848 3243 3034 3281 nomen
3074 3243 3273 3292 meum,
3305 3225 3592 3296 centuplum
3635 3219 3823 3286 accipiet,
3853 3221 3881 3263 et

2365 3323 2369 3328 ’
2413 3322 2572 3375 vitam
2626 3330 2872 3374 aeternam
2915 3320 3220 3390 possidebit.
3252 3320 3430 3376 Locus
3455 3319 3551 3374 iste
3576 3311 3779 3381 congruit
3807 3318 3882 3360 cum

2412 3412 2516 3466 ista
2567 3412 2835 3466 sententia
2874 3426 2980 3482 qua
3023 3411 3308 3468 Salvator'
3332 3413 3409 3466 ait
3447 3425 3462 3464 :
3497 3407 3611 3463 Non
3642 3404 3734 3460 veni
3773 3412 3886 3470 pawn

2413 3504 2633 3568 mittere,
2657 3505 2747 3559 sed
2771 3503 3005 3574 gladium
3039 3502 3272 3575 (Matth.
3306 3520 3363 3570 ι,
3396 3501 3516 3574 54).
3547 3497 3666 3553 Veni
3700 3489 3885 3549 enimhoc

2412 3597 2612 3650 minem
2659 3611 2914 3666 separare
2956 3611 2986 3649 a
3033 3603 3191 3664 patre
3239 3611 3364 3660 suo,
3395 3603 3449 3650 et
3470 3600 3677 3648 matrem
3710 3582 3888 3673 uitiiset

2411 3703 2608 3741 nurum
2645 3702 2677 3742 a
2721 3702 2881 3742 socru
2929 3702 3044 3751 sua,
3088 3695 3145 3741 et
3192 3687 3404 3743 inimici
3439 3681 3656 3740 hominis
3695 3667 3888 3730 domestici

2410 3777 2549 3847 eius.
2587 3778 2654 3834 de
2682 3793 2789 3849 quo
2811 3777 2926 3846 jam
2969 3793 3131 3848 supra
3159 3779 3299 3834 dixi.
3332 3778 3440 3834 Sed
3465 3777 3550 3832 hic
3575 3773 3716 3828 Petro
3738 3766 3891 3820 interm-

2410 3879 2573 3942 gante
2620 3871 2675 3926 in
2732 3885 2964 3941 persona
3011 3871 3262 3925 omnium
3315 3868 3685 3941 apostolorum,
3719 3856 3810 3946 (illi?
3836 3863 3889 3946 Γθζ

2411 3976 2668 4031 sponsum
2694 3971 2799 4027 est,
2837 3975 2904 4016 ne
2952 3960 3090 4015 forte
3131 3971 3328 4032 postea
3366 3962 3598 4032 legentes
3637 3955 3734 4010 bzec
3758 3943 3891 4004 Christi

2409 4053 2693 4125 promissa,
2724 4054 3060 4108 aestimarent
3087 4055 3357 4124 apostolis
3380 4061 3581 4108 tantum
3599 4049 3691 4103 ista
3711 4036 3892 4125 promisiil

2407 4123 2596 4207 fuisse,
2634 4141 2876 4197 consulte
2904 4143 3038 4197 satis
3065 4123 3450 4213 superaddidit
3477 4140 3685 4197 dicens:
3719 4131 3769 4184 Et
3786 4123 3894 4180 astitit

2405 4237 2496 4307 qui
2523 4235 2811 4307 reliquerit,
2861 4235 2914 4288 id
2943 4244 3027 4290 est
3055 4235 3171 4290 sive
3195 4233 3445 4302 luamus,
3475 4233 3585 4289 sive
3618 4223 3804 4300 gentilis,
3836 4228 3894 4269 sal

2407 4328 2545 4384 alius
2613 4325 2897 4395 cujuslibet
2962 4326 3316 4384 conditionis.
3389 4323 3639 4395 Quamvis
3684 4315 3896 4374 enimnon

2407 4418 2480 4472 ita
2530 4415 2770 4488 perfecte
2830 4425 2888 4471 ιη
2956 4416 3234 4488 apostoli,
3332 4428 3514 4472 tamen
3577 4411 3825 4483 quicunque
3863 4401 3895 4446 ει

2406 4515 2885 4579 quantumcunque
2963 4507 3252 4579 reliquerit
3280 4549 3297 4576 ,
3353 4521 3463 4562 non
3518 4505 3586 4560 ob
3635 4495 3897 4586 aliud

2404 4599 2569 4672 817
2607 4608 2831 4670 propter
2869 4615 3070 4655 nomen
3133 4599 3366 4665 Christi,
3419 4593 3708 4664 centuplum

2405 4667 2568 4745 etiam
2593 4667 3101 4760 impraesentiarum,
3127 4698 3183 4744 et
3203 4690 3380 4745 vitam
3422 4697 3665 4744 aeternam
3691 4667 3899 4760 possideil‘

2406 4783 2458 4836 in
2499 4758 2700 4837 futuro.
2752 4780 2827 4836 De
2865 4795 2971 4851 qua
3019 4795 3151 4836 sane
3208 4780 3493 4836 sententia
3545 4772 3685 4832 multi
3726 4758 3899 4823 carnait‘s

2404 4872 2674 4938 dubitant,
2701 4871 2828 4927 dum
2862 4887 2971 4928 non
3011 4871 3259 4927 sentiunt
3307 4866 3792 4944 impraesentiarum,
3824 4857 3900 4943 quit

2402 4967 2542 5023 bona
2569 4965 2839 5035 spiritales
2866 4964 3166 5034 percipiant
3187 4964 3579 5035 centuplicata.
3624 4957 3818 5041 btputa,
3843 4952 3901 5041 (tul

2399 5067 2611 5129 patrem
2633 5057 2912 5128 reliquerit
2945 5057 3258 5125 mortalem,
3306 5056 3600 5132 cujuslibet
3640 5039 3900 5135 conditionis:

2401 5127 2580 5204 nonne
2607 5127 2776 5220 magis
2804 5148 2907 5203 sibi
2947 5149 3130 5222 elegit,
3176 5166 3306 5205 cum
3347 5127 3520 5204 Deum
3565 5142 3662 5198 sibi
3696 5127 3903 5200 acquisivit

2401 5242 2454 5296 in
2483 5241 2728 5312 patrem?
2748 5239 2938 5297 Nonne
2959 5243 3014 5298 in
3037 5241 3133 5298 illo
3153 5241 3529 5312 centuplicata
3553 5227 3809 5308 paternitas
3819 5228 3902 5317 evn-

2401 5339 2542 5392 stat?
2578 5343 2640 5390 ut
2679 5334 2756 5390 illi
2801 5335 3131 5406 obsequatur
3179 5336 3382 5391 diebus
3419 5348 3485 5387 ac
3527 5325 3770 5386 noctibus.
3804 5319 3905 5374 cui“s

2401 5427 2771 5482 haereditatem
2816 5440 2938 5480 cum
2983 5425 3311 5498 perceperit,
3370 5434 3642 5492 nunquam
3684 5406 3904 5467 amissul'us

2397 5531 2498 5576 εει·
2524 5520 2626 5588 QUi
2655 5529 2940 5592 DOSttIuam
2963 5521 3332 5576 substantiam
3357 5515 3638 5575 tradiderit
3681 5506 3788 5564 suis.
3812 5507 3905 5592 nili?

2399 5629 2559 5685 quam
2588 5614 2839 5678 moritur,
2869 5621 2930 5667 ut
2955 5627 3083 5667 suos
3110 5613 3164 5666 in
3200 5621 3487 5681 posterum
3534 5584 3904 5676 orphanosteilﬂ‘

2401 5714 2532 5777 quat
2559 5704 2714 5762 filios.
2742 5705 2911 5761 Porro
2937 5705 3002 5760 de
3031 5702 3292 5760 fratribus
3313 5703 3448 5773 quid
3470 5701 3663 5760 dicam,
3690 5688 3759 5744 vel
3803 5690 3907 5777 δοζοξ

2402 5774 2570 5864 ribus,
2604 5811 2727 5852 cum
2771 5796 3104 5868 germanitas
3144 5793 3290 5853 nulla
3313 5793 3549 5856 felicior,
3587 5795 3746 5854 neque
3781 5774 3906 5827 veriof
