4008 6354
91 407 176 460 673

799 399 1159 458 EXPOSITIO
1194 401 1262 458 IN
1300 401 1736 459 HATTHIEUII.
1774 431 1825 442 —
1878 401 2004 458 LIB.
2046 403 2141 469 IX,
2177 403 2330 459 CAP.
2371 403 2491 458 XX.

3208 410 3313 467 674

90 538 219 595 quam
246 519 331 574 illa
358 531 478 587 qua“:
508 518 562 572 in
591 516 808 572 Christo
860 517 1149 584 invenitur.
1192 517 1284 574 Sic
1325 529 1380 575 et
1428 518 1631 587 reliqua
1657 522 1712 582 Α
1736 525 1924 572 contra
1951 525 2198 572 naturam
2245 517 2297 570 in
2325 532 2389 572 ea
2435 515 2576 572 oliva
2635 517 2824 573 inserti
2864 529 3006 574 sunt.
3063 519 3164 576 Ubi
3205 538 3309 578 non

89 612 268 674 omnia;
283 610 326 665 si
355 623 482 664 vere
508 618 739 664 matrem
767 608 1017 664 habuerit
1065 609 1360 666 Ecclesiam
1407 609 1628 675 Christi,

1737 610 1984 666 audiendi
2007 619 2134 665 sunt
2158 610 2249 680 qui
2274 610 2457 665 volunt
2479 609 2725 680 accipere
2744 609 2810 667 de
2835 610 3040 681 angelis
3083 613 3186 668 hoc
3234 614 3313 668 di-

91 717 185 759 cum
209 716 307 771 qua
329 709 386 756 et
406 699 460 753 in
485 714 647 768 quam
671 713 791 770 quae
813 697 1014 754 Christi
1047 707 1171 754 sunt
1191 700 1392 761 omnia.
1421 701 1633 771 imprae-
1734 707 1880 754 ctum
1905 715 2023 756 esse
2049 700 2361 770 apostaticis
2396 708 2452 754 et
2472 700 2803 767 hominibus,
2861 703 3014 772 quasi
3045 704 3138 774 qui
3168 706 3313 760 anti-

91 795 348 850 sentiarum
392 791 613 846 habebit
637 791 774 846 bona
814 791 1188 861 multiplicata.
1233 791 1368 848 Hinc
1417 808 1632 863 quoque
1732 789 1952 858 quiores
1972 790 2080 844 sint
2103 790 2271 846 creati
2297 789 2605 846 hominibus
2631 800 2686 846 et
2721 791 3072 860 gloriosiores
3114 809 3178 850 ac
3201 795 3283 866 pri

93 887 325 958 apostolus
351 884 548 940 Petrus
570 883 788 955 gloriari
835 882 993 952 jubet
1019 899 1169 951 suos,
1204 893 1458 954 tanquam
1497 884 1630 938 nihil

92 980 310 1034 habentes
341 984 398 1031 et
417 974 601 1031 omnia
628 973 981 1044 possidentes.
1021 973 1100 1028 Ex
1133 989 1241 1044 quo
1268 975 1388 1030 loco
1409 974 1626 1044 quidam

92 1069 336 1126 carnaliter
365 1067 636 1138 sapientes
662 1065 1009 1120 introducunt
1054 1064 1200 1120 mille
1243 1081 1509 1120 annorum
1549 1065 1628 1120 fa-

90 1162 251 1226 bulam,
281 1158 532 1214 dicentes
581 1164 701 1228 post
747 1155 1200 1212 resurrectionem
1243 1156 1401 1211 nobis
1444 1166 1626 1212 centu-

87 1253 199 1322 plum
220 1249 460 1305 omnium
497 1262 676 1302 rerum
699 1261 836 1316 quas
854 1245 1160 1302 dimisimus
1187 1253 1244 1300 et
1275 1233 1440 1301 vitam
1471 1255 1626 1302 teter-

89 1357 180 1396 nam
214 1354 329 1394 esse
358 1336 706 1401 reddendam,
750 1351 859 1392 non
890 1335 1252 1406 intelligentes
1276 1335 1382 1391 nisi
1428 1352 1623 1391 carna-

87 1434 154 1487 lia.
176 1432 235 1486 Et
269 1431 416 1500 quod
437 1430 486 1485 si
520 1430 574 1483 in
597 1427 813 1484 czeteris
841 1427 1003 1497 digna
1025 1427 1095 1482 sit
1138 1426 1508 1498 repromissio,
1568 1427 1622 1481 in

85 1522 307 1577 uxoribus
328 1520 472 1574 forda
502 1526 725 1590 apparet
750 1517 1055 1588 turpitudo;
1086 1525 1145 1573 ut
1194 1517 1286 1588 qui
1332 1532 1494 1571 unam
1525 1533 1624 1586 pro

83 1615 281 1670 Domino
303 1613 583 1677 dimiserit,
625 1622 840 1668 centum
871 1613 1098 1682 recipiat
1122 1612 1176 1667 in
1232 1612 1430 1668 futuro.
1487 1613 1620 1668 Cum

83 1707 315 1762 Dominus
334 1706 470 1762 dicat
494 1706 547 1760 in
575 1705 679 1761 hoc
704 1705 820 1776 ipso
837 1704 1128 1776 Evangelio
1150 1705 1294 1776 quod
1335 1706 1390 1759 in
1450 1722 1622 1760 resur-

82 1798 274 1851 rectione
294 1813 454 1866 neque
474 1795 662 1849 nubent
695 1811 856 1865 neque
880 1794 1160 1859 nubentur,
1197 1795 1288 1849 sed
1326 1806 1475 1849 erunt
1521 1794 1619 1849 sic-

1732 879 1826 943 mi,
1856 896 2001 936 nunc
2029 881 2142 936 suis
2166 881 2511 950 exigentibus
2539 881 2712 952 culpis
2744 883 2837 952 qui
2861 882 2990 939 facti
3043 892 3167 939 sunt
3211 901 3310 941 no-

1729 970 1976 1036 vissimi;
2024 980 2079 1026 et
2136 972 2384 1028 homines
2433 973 2527 1042 qui
2579 981 2734 1028 erant
2787 974 3066 1030 novissimi
3111 975 3312 1030 dudum

1729 1061 1858 1120 facti
1889 1073 2013 1119 sunt
2032 1064 2212 1135 primi.
2243 1063 2380 1132 Quia
2443 1065 2547 1121 etsi
2569 1065 2710 1120 ratio
2751 1067 2920 1138 819
2944 1068 3158 1124 videtur
3204 1071 3312 1124 ulla

1729 1169 1868 1222 esse,
1902 1171 2009 1212 non
2040 1165 2219 1212 tamen
2243 1157 2331 1212 hic
2355 1172 2548 1213 sensus
2590 1159 3016 1217 circumstantia:
3063 1163 3312 1219 lectionis

1727 1247 1861 1302 satis
1890 1263 2190 1320 congruere
2232 1248 2462 1305 videtur.
2506 1249 2812 1306 Praesertim
2836 1252 2959 1321 quia
2989 1267 3110 1323 qua:
3167 1264 3313 1311 retro

1726 1341 1868 1397 dicta
1893 1351 2038 1408 sunt,
2067 1351 2122 1398 et
2142 1359 2262 1413 qua:
2299 1351 2600 1413 sequuntur
2623 1344 2676 1398 in
2715 1344 2969 1413 parabola
2997 1345 3064 1402 de
3112 1344 3312 1402 Judmis

1725 1441 1781 1488 et
1815 1434 2085 1503 gentibus,
2119 1435 2291 1506 magis
2331 1448 2632 1506 congruere
2656 1435 2927 1490 videntur.
2986 1436 3097 1493 Nec
3143 1437 3310 1509 igitur

1726 1525 2006 1594 apostatici
2048 1525 2220 1596 angeli
2276 1536 2422 1581 recte
2473 1511 2527 1582 in
2566 1527 2670 1583 hac
2716 1527 2972 1597 parabola
3029 1529 3309 1586 novissimi

1725 1615 1992 1681 dicuntur,
2025 1632 2091 1673 eo
2119 1618 2264 1687 quod
2290 1633 2395 1672 non
2427 1627 2551 1674 sunt
2582 1619 2634 1674 in
2665 1620 2856 1675 ordine
2881 1620 3148 1690 corporis,
3205 1639 3308 1678 nec

1723 1709 2000 1764 salvantur
2027 1710 2165 1765 sicut
2193 1708 2406 1766 Iudaeos
2435 1711 2723 1768 salvandos
2746 1728 2866 1768 esse
2887 1713 3140 1769 dicimus.
3163 1713 3301 1781 Quia

1721 1815 1844 1856 cum
1868 1801 2078 1856 venerit
2113 1800 2390 1872 plenitudo
2435 1803 2696 1874 gentium,
2741 1811 2871 1858 tunc
2917 1804 3093 1860 omnis
3143 1803 3312 1859 Israel

81 1902 120 1943 st
148 1889 303 1960 angeli
327 1890 384 1942 in
426 1888 552 1943 εωιο
583 1886 798 1959 (Matth.
825 1903 962 1953 xxu,
992 1887 1104 1957 50).
1132 1886 1339 1942 Idcirco
1381 1885 1502 1962 talis
1540 1894 1622 1942 est
1648 1875 1698 1936 Β
1725 1889 1906 1946 salvus
1938 1889 2049 1946 ﬁet.
2095 1889 2282 1960 Neque
2315 1891 2558 1961 recipere
2585 1900 2801 1962 oportet
2849 1906 2945 1947 eos
2981 1893 3073 1962 qui
3123 1892 3310 1948 dicunt

79 1997 251 2046 sensus,
295 1992 356 2036 ut
384 1981 476 2050 qui
505 1995 604 2050 pro
653 1979 880 2036 Domino
916 1979 1155 2034 carnalia
1185 1951 1490 2045 dimiserit:
1512 1979 1619 2050 spi-

79 2071 258 2124 ritualia
285 2071 340 2124 in
382 2070 487 2124 bac
511 2067 710 2123 Christi
761 2067 998 2124 Ecclesia
1047 2068 1314 2140 percipiet
1360 2069 1621 2138 centupli-

75 2172 183 2228 cata,
209 2162 357 2218 salvo
385 2176 484 2216 suo
531 2162 782 2216 thesauro
811 2161 865 2215 in
893 2160 1206 2217 ctelestibus
1261 2177 1369 2231 quo
1393 2185 1397 2188 ·
1422 2150 1617 2218 cuncta

75 2255 292 2324 reposuit.
322 2254 456 2320 Qua:
483 2252 736 2306 nimirum
768 2252 930 2316 bona,
973 2253 1378 2322 comparatione
1398 2261 1454 2308 et
1501 2268 1615 2308 me-

73 2344 152 2399 rito
173 2344 251 2399 sui
277 2345 355 2399 ita
373 2351 535 2399 erunt
560 2342 899 2412 multiplicia,
935 2344 1088 2412 quasi
1115 2345 1159 2398 si
1186 2359 1352 2414 parvo
1367 2359 1612 2410 numero,

70 2438 379 2491 centenarias
395 2451 651 2490 numerus
670 2435 760 2504 qui
787 2434 1062 2505 perfectus
1095 2445 1388 2491 coronatur
1409 2437 1461 2490 in
1487 2436 1614 2491 dex-

70 2529 144 2583 tris
169 2536 529 2598 comparetur.
563 2526 672 2583 Sed
720 2527 766 2582 si
796 2527 977 2582 omnia
1013 2543 1348 2600 quzecunque
1379 2529 1613 2599 relinqui

66 2631 254 2688 possunt
282 2623 336 2676 in
375 2621 476 2677 hoc
507 2621 726 2686 saeculo,
776 2621 1151 2692 relinquimus,
1212 2623 1315 2677 nisi
1373 2622 1503 2677 vitia
1561 2631 1616 2677 et

64 2725 248 2782 peccata
279 2716 518 2784 primum
559 2713 930 2784 relinquamus
957 2723 1014 2770 et
1071 2715 1316 2770 carnales
1361 2717 1614 2785 concupi-

64 2807 289 2872 scentias,
326 2822 522 2877 parum
563 2815 649 2862 est
688 2807 830 2877 quod
866 2807 1094 2878 agimus.
1131 2806 1358 2862 Et‘ideo
1386 2806 1612 2862 multum

60 2905 143 2960 est,
169 2898 216 2952 in
242 2914 353 2968 quo
383 2897 581 2954 Petrus
621 2897 949 2970 gloriabatur
987 2897 1173 2953 dicens
1202 2915 1214 2950 :
1247 2896 1357 2953 Nos
1397 2898 1490 2968 qui
1522 2913 1610 2954 re-

60 2988 285 3058 liquimus
305 2991 481 3062 818
499 2991 706 3057 omnia,
733 2992 966 3047 etsecuti
995 3008 1183 3047 sumus
1225 3000 1296 3058 te,
1331 2993 1459 3063 quid
1483 3007 1611 3064 ergo

60 3079 139 3131 erit
152 3081 300 3135 nobis
316 3081 341 3134 ?
356 3079 615 3151 Sequitur
632 3099 645 3135 :
667 3081 823 3136 Multi
838 3084 975 3136 enim
989 3092 1138 3136 erunt
1151 3083 1305 3153 primi
1319 3085 1607 3151 novissimi,

57 3181 93 3221 et
113 3174 362 3229 novissimi
389 3176 568 3245 primi.
604 3174 787 3245 Longe
803 3175 918 3244 jam
941 3185 1090 3232 retro
1113 3177 1314 3247 ﬁguras
1361 3177 1427 3233 de
1451 3193 1607 3234 voca-

59 3267 175 3322 tione
212 3269 451 3338 gentium
502 3276 559 3322 et
614 3267 918 3338 repulsione
979 3266 1310 3334 Judaaorum,
1361 3267 1610 3325 Salvator

54 3359 336 3430 introducit,
365 3373 426 3419 ut
456 3362 692 3419 instruat
729 3363 1019 3436 discipulos
1039 3380 1167 3422 suos
1192 3365 1260 3422 de
1297 3366 1462 3422 tantis
1490 3382 1608 3437 my-

53 3455 228 3520 steriis,
255 3454 401 3524 quod
420 3471 564 3510 nunc
603 3455 842 3526 apertius
881 3456 1034 3526 quasi
1081 3456 1382 3523 concludit;
1436 3456 1604 3513 miro-

49 3559 137 3612 que
173 3545 338 3601 modo
362 3546 441 3601 sic
475 3547 634 3602 istam
662 3546 914 3617 proponit
938 3548 1278 3611 sententiam,
1308 3556 1368 3603 ut
1395 3557 1451 3602 et
1488 3564 1608 3618 qua:

49 3643 183 3688 retro
232 3635 568 3706 praﬁgurata
613 3646 741 3693 sunt
793 3637 1132 3695 manifestius
1183 3639 1498 3706 conﬁrmet;
1553 3649 1610 3696 et

47 3738 148 3792 qua:
168 3725 420 3782 dicturus
444 3735 523 3782 est
549 3728 796 3797 sequenti
835 3729 1110 3799 parabola,
1151 3731 1203 3784 in
1229 3731 1331 3785 hoc
1357 3746 1463 3785 uno
1487 3743 1607 3786 ver-

47 3814 196 3871 siculo
229 3818 494 3874 declaret.
523 3818 657 3885 Quia
681 3819 872 3886 Judaei,
907 3821 998 3890 qui
1023 3821 1181 3892 primi
1212 3831 1373 3876 erant
1401 3830 1457 3877 et
1495 3821 1606 3890 glo-

47 3909 303 3965 riabantur
329 3911 388 3966 in
410 3910 548 3983 lege,
581 3910 709 3966 facti
729 3921 856 3966 sunt
890 3913 1170 3969 novissimi
1211 3920 1432 3984 propter
1460 3912 1608 3967 duri-

49 3999 157 4054 tiam
181 4003 360 4060 cordis
382 4005 469 4058 sui
497 4014 553 4059 et
589 4003 948 4072 proditionem
995 4005 1051 4060 in
1078 4005 1310 4062 Christo.
1373 4004 1607 4075 Populus

48 4101 199 4146 autem
238 4095 510 4164 gentium,
563 4090 654 4165 qui
707 4096 760 4151 in
807 4096 1097 4151 novissima
1133 4095 1264 4150 hora
1329 4095 1605 4150 novissimi

47 4193 297 4252 venerunt,
345 4196 406 4242 et
453 4187 805 4243 crediderunt
843 4188 899 4243 in
941 4187 1238 4253 Christum,
1298 4187 1607 4242 facti-sunt

44 4273 195 4338 Primi.
224 4275 336 4334 Sed
367 4279 662 4335 considera
696 4295 860 4350 quam
895 4279 1117 4349 provide
1157 4279 1405 4335 Salvator
1427 4279 1601 4348 loqui-

44 4369 127 4414 tur.
153 4364 263 4422 Non
297 4368 457 4432 enim
511 4368 922 4426 dixit:0mnes
973 4370 1066 4441 qui
1117 4378 1273 4425 erant
1324 4369 1602 4425 novissimi

41 4454 198 4522 Primi,
231 4460 352 4526 sed,
391 4459 581 4514 multi:
613 4460 742 4530 quia
771 4470 898 4516 sunt
917 4461 1139 4517 omnino
1166 4477 1229 4516 ex
1266 4459 1464 4516 Judaeis
1508 4458 1601 4532 qui

40 4545 171 4610 primi
189 4547 444 4615 fuerunt,
489 4558 545 4605 et
589 4550 938 4606 nihilominus
981 4551 1108 4621 quia
1157 4549 1505 4606 crediderunt
1545 4549 1600 4604 in

36 4633 281 4697 Christum
315 4651 748 4714 permanserunt
780 4643 975 4712 primi;
1025 4642 1166 4697 sicut
1215 4640 1441 4712 apostoli
1490 4639 1604 4695 fue-

35 4740 153 4795 runt,
183 4743 238 4788 et
260 4733 438 4790 multi
467 4733 774 4790 δυόωσι-ιω]
808 4734 875 4788 de
897 4734 1103 4789 semine
1130 4733 1363 4788 Abrahae
1413 4747 1598 4787 secun-

32 4819 135 4876 dum
158 4840 430 4891 carnem;
465 4825 558 4896 qui
595 4825 757 4881 etiam
802 4839 945 4880 nunc
987 4824 1168 4895 primi-
1197 4824 1340 4878 inter
1396 4823 1602 4891 primos

30 4925 484 4973 connmerantur
525 4924 581 4970 et
605 4915 872 4972 habentur
897 4915 954 4969 in
975 4914 1098 4968 ﬁde.
1155 4912 1308 4968 Sicut
1353 4920 1410 4967 et
1446 4911 1598 4966 multi

24 5020 78 5060 ει
97 5011 346 5079 gentibus
369 5021 507 5066 sunt
533 5007 833 5073 novissimi,
879 5006 1230 5062 nihilominus
1271 5018 1595 5075 permanen-

25 5104 92 5151 tes
123 5099 452 5165 novissimi;
501 5100 630 5170 quia
671 5107 764 5154 aut
808 5097 997 5152 nolunt
1038 5095 1278 5168 credere,
1325 5104 1417 5148 aut
1471 5094 1597 5163 quia

21 5189 142 5245 male
169 5207 227 5248 se
246 5199 528 5255 tractant,
578 5190 681 5246 etsi
715 5189 967 5246 videntur
985 5201 1104 5243 esse
1127 5186 1182 5242 in
1211 5185 1453 5242 Ecclesia
1474 5201 1597 5243 cum

20 5293 108 5335 non
127 5285 252 5340 sint.
281 5284 459 5344 Unde
484 5282 553 5340 de
600 5282 845 5352 utrisque
877 5281 1010 5338 dicit
1043 5279 1347 5351 Apostolus,
1397 5288 1453 5334 et
1471 5279 1599 5350 quia

17 5387 72 5429 ex
90 5374 292 5436 Iudaeis
329 5375 589 5447 reliquiae
613 5374 775 5430 salvae
810 5373 988 5439 factae,
1017 5381 1073 5428 et
1107 5371 1232 5442 quia
1257 5387 1323 5427 ex
1345 5371 1597 5450 gentibus
1620 5435 1622 5438 ν

16 5464 121 5524 licet
145 5471 202 5525 in
222 5471 431 5526 radice
451 5468 611 5524 bona;
648 5467 804 5522 olivae
833 5464 1023 5521 inserti
1077 5464 1364 5522 videantur
1440 5463 1596 5518 multi

12 5571 220 5628 pereunt
271 5563 432 5618 Nam
455 5561 530 5616 illi
552 5575 675 5615 cum
709 5567 890 5614 essent
918 5557 1056 5611 rami
1101 5570 1212 5611 suae
1254 5553 1430 5622 olivae.
1471 5568 1597 5624 pro-

11 5661 113 5705 mer
157 5652 621 5711 incredulitatem
669 5665 824 5706 suam
861 5647 1015 5703 fracti
1067 5656 1192 5702 sunt
1245 5661 1368 5700 cum
1415 5639 1598 5722 essent

12 5744 250 5814 oleaster,
282 5762 365 5804 ne
391 5754 450 5800 et
477 5745 580 5816 ipsi
608 5743 950 5815 frangantur.
982 5738 1120 5807 Quia
1156 5737 1202 5794 si
1252 5737 1594 5813 naturalibus

11 5840 157 5897 famis
180 5857 302 5899 non
337 5839 613 5910 pepercit,
654 5851 722 5893 ne
744 5833 885 5892 forte
923 5847 1029 5890 non
1056 5836 1245 5902 parcat
1295 5839 1350 5886 et
1374 5829 1452 5885 cis
1502 5821 1593 5900 qui

1722 1983 1927 2053 primos
1949 1982 2144 2038 debere
2170 1983 2416 2051 intelligi,
2449 1997 2543 2038 eos
2561 1983 2654 2052 qui
2676 1982 2962 2038 salvantur
3015 1981 3122 2038 ﬁde
3181 1999 3305 2053 per-

1721 2083 1876 2145 cepta
1929 2073 2153 2140 Christi,
2207 2084 2431 2146 propter
2469 2075 2872 2131 observantiam
2927 2075 3307 2131 mandatorum

1722 2164 1849 2232 Dei;
1885 2165 2208 2221 novissimos
2231 2181 2359 2221 vero
2390 2166 2482 2234 qui
2508 2181 2615 2221 non
2640 2175 2766 2222 sunt
2789 2165 2938 2238 digni
2964 2166 3055 2220 tali
3091 2166 3303 2231 ordine,

1719 2254 1805 2309 vel
1837 2263 1981 2309 tanta
2007 2255 2179 2327 gratia
2216 2255 2434 2320 salvari,
2474 2255 2568 2312 sed
2597 2267 2721 2326 post
2768 2272 2959 2326 pmnas
3009 2266 3065 2314 et
3107 2258 3305 2329 suppli-

1718 2348 1834 2413 cia;
1865 2349 1955 2418 qui
1994 2349 2059 2403 de
2082 2349 2325 2419 gehenna
2347 2348 2586 2404 salvandi
2609 2359 2754 2414 sunt,
2779 2365 2902 2404 cum
2929 2350 3133 2406 fuerint
3152 2366 3301 2406 com-

1717 2439 1858 2509 pleta
1885 2447 1940 2494 et
1973 2439 2214 2493 exsoluta
2243 2454 2363 2508 quin
2401 2439 2634 2510 propriis
2683 2450 3000 2496 meruerunt
3046 2441 3302 2511 peccatis,

1717 2538 1772 2585 et
1805 2530 1924 2584 ideo
1975 2529 2252 2584 novissimi
2307 2529 2578 2584 dicantur.
2633 2530 2736 2596 Qui
2791 2530 3036 2601 profecto
3089 2547 3300 2596 sensus,

1719 2631 1827 2676 tam
1878 2622 1931 2677 in
1979 2623 2082 2677 hoc
2125 2621 2244 2678 loco
2291 2639 2454 2692 quam
2503 2623 2557 2677 in
2605 2623 2728 2678 aliis
2773 2623 3098 2693 quibuslibet
3145 2624 3298 2692 locis,

1716 2711 2052 2766 damnandus
2077 2721 2158 2766 est
2185 2728 2198 2764 :
2230 2711 2352 2766 ideo
2372 2719 2428 2766 et
2448 2711 2504 2766 in
2538 2711 2643 2767 hac
2663 2711 2923 2782 parabola
2952 2726 3072 2783 qua:
3123 2713 3301 2782 sequi-

1715 2814 1804 2860 tur
1827 2805 1983 2861 valde
2005 2813 2088 2861 est
2111 2805 2516 2874 praecavendus.
2642 2826 2652 2835 -
2957 2829 2962 2835 -
3164 2815 3186 2826 -

1785 2895 1939 2965 (CAP.
1972 2895 2115 2966 XX.)
2140 2895 2346 2960 Simile,
2376 2895 2573 2966 inquit,
2593 2913 2808 2968 regnum
2838 2895 3300 2952 caelorum/mmini

1711 2989 2108 3058 patrifamilias,
2135 2989 2223 3059 qui
2246 2989 2370 3042 exiit
2405 2989 2573 3058 primo
2613 3005 2786 3054 mane,
2838 2991 3126 3044 conducere
3175 3006 3298 3060 ope-

1711 3082 1879 3135 rarioa
1905 3083 1960 3134 in
1997 3082 2198 3135 vineam
2227 3097 2400 3134 suam.
2439 3079 2832 3136 Parabolarum
2882 3082 3188 3137 obscuritas
3219 3083 3300 3136 ni-

1714 3171 1822 3226 mia
1842 3182 1928 3227 est
1952 3171 2106 3226 valde
2130 3187 2250 3242 qua:
2276 3188 2308 3226 a
2337 3170 2554 3227 Christo
2577 3171 2708 3228 Iesu
2748 3172 2972 3244 prolatae
3012 3181 3158 3239 sunt,
3201 3190 3300 3230 nec

1715 3263 2001 3332 expositae:
2044 3261 2112 3316 In
2144 3279 2246 3333 quo
2286 3273 2404 3317 sunt
2441 3280 2616 3318 omnes
2655 3264 2888 3318 thesauri
2933 3267 3204 3334 sapientiae
3253 3277 3300 3320 et

1710 3355 1938 3409 scientia:
1978 3353 2268 3408 absconditi
2327 3353 2554 3424 (Colon.
2598 3371 2657 3419 ιι,
2712 3355 2788 3424 5).
2835 3354 3065 3410 Maxime
3121 3365 3298 3412 tamen

1711 3447 1826 3501 hmo
1845 3445 2228 3501 obscurissima
2258 3453 2362 3511 est,
2389 3446 2455 3501 de
2475 3461 2582 3516 qua
2607 3445 2830 3515 quidam
2853 3445 3142 3515 specialius
3174 3462 3296 3516 pro-

1710 3537 1871 3608 pheta
1927 3537 2127 3593 dixisse
2183 3545 2410 3592 testatur
2455 3555 2469 3590 :
2521 3535 2770 3606 Aperiam
2825 3535 2879 3588 in
2927 3535 3195 3605 parabolis
3241 3553 3298 3591 os

1710 3631 2105 3701 meum,loquar
2122 3629 2498 3701 propositiones
2519 3628 2584 3681 ab
2603 3628 2754 3682 initio
2789 3625 2962 3698 (Psal.
2991 3643 3194 3694 Lxxvu,
3217 3629 3294 3698 2).

1710 3721 1814 3776 Et:
1848 3720 2116 3775 Eructabo
2139 3720 2416 3775 abcondita
2441 3737 2473 3773 a
2489 3719 2854 3774 constitutione
2868 3719 3050 3773 mundi
3079 3718 3293 3790 (Matth.

1711 3833 1834 3882 xm,
1857 3816 1972 3887 55).
2007 3815 2348 3886 Quapropter
2380 3813 2724 3884 imploranda
2753 3820 2836 3868 est
2884 3813 3061 3884 gratia
3103 3811 3309 3884 Salva-I

1711 3907 1847 3963 toris
1874 3915 1934 3961 ut
1971 3922 2036 3962 eo
2089 3905 2284 3975 spiritu
2329 3903 2660 3977 intelligatur
2705 3918 2813 3974 quo
2841 3903 3052 3973 prolata
3113 3911 3198 3958 est
3229 3903 3296 3959 de

1711 4003 1964 4059 thesauro
2002 4001 2280 4072 sapientiae
2307 4009 2470 4071 atque
2505 3999 2746 4056 scientiae
2794 3997 2911 4054 Dei.
2961 3997 3098 4052 Nam
3134 4012 3290 4053 com-

1709 4095 1921 4166 paratio
1947 4093 2064 4164 ejus
2095 4092 2273 4149 omnis
2309 4107 2408 4163 per
2434 4106 2494 4147 se
2539 4089 2785 4146 absoluta
2827 4097 2932 4154 est,
2971 4089 3076 4145 etsi
3117 4104 3294 4160 perso-

1710 4185 1796 4241 nis
1817 4193 1902 4241 est
1941 4183 2341 4255 distinguenda,
2388 4181 2488 4238 etsi
2537 4179 2894 4237 discernenda
2940 4179 3290 4249 temporibus.

1712 4277 1865 4335 Unde
1886 4275 2276 4347 paterfamilias
2309 4289 2468 4330 nemo
2519 4271 2656 4328 alius
2681 4287 2843 4343 quam
2892 4270 3150 4326 Dominus
3195 4285 3294 4325 no-

1709 4378 1822 4426 ster
1857 4369 2012 4424 Iesus
2041 4367 2288 4424 Christus
2331 4373 2478 4422 recte
2523 4364 2814 4434 accipitur;
2865 4362 2992 4432 quia
3031 4371 3088 4416 et
3127 4361 3292 4417 homo

1709 4471 1813 4528 est,
1840 4470 1896 4518 et
1934 4461 2098 4517 totius
2143 4457 2365 4516 humani
2418 4456 2633 4528 generis
2680 4470 2866 4509 curam
2914 4453 3085 4524 gerit;
3133 4462 3188 4508 et
3238 4453 3290 4507 in

1629 4593 1683 4653 Β
1708 4555 1855 4612 omni
1885 4564 2125 4626 tempore
2166 4553 2449 4609 universos
2493 4552 2560 4606 ad
2603 4549 2873 4605 culturam
2921 4546 3055 4618 legis
3099 4546 3292 4601 divina:

1712 4647 2014 4704 conducere
2043 4661 2319 4716 nunquam
2363 4651 2559 4699 cessat.
2615 4641 2747 4708 Quae
2798 4638 3058 4695 nimirum
3116 4637 3291 4709 ﬁgura

1709 4757 1774 4795 ex
1805 4739 1890 4796 bis
1916 4755 2037 4809 qua:
2079 4737 2358 4809 praemissa
2401 4742 2526 4792 sunt
2578 4732 2915 4803 intelligitur,
2963 4731 3109 4802 quod
3151 4732 3230 4787 ait
3270 4749 3284 4784 :

1709 4831 1867 4886 Multi
1881 4840 2032 4886 erunt
2044 4830 2196 4901 primi
2215 4828 2497 4901 novissimi,
2513 4836 2561 4880 et
2576 4826 2840 4886 nouissimi
2851 4825 3028 4894 primi.
3047 4822 3149 4878 Ubi
3178 4838 3287 4879 non

1705 4922 1964 4992 temporis
1991 4937 2022 4975 a
2052 4921 2280 4976 Domino
2320 4903 2624 4974 di'ﬁ'erentia
2657 4917 2998 4987 praedicatur,
3039 4917 3134 4971 sed
3162 4915 3286 4971 ﬁdei

1701 5011 1891 5068 merita
1913 5011 2080 5082 820
2101 5009 2516 5080 distinguuntur.
2547 5006 2773 5076 Propter
2807 5005 2951 5075 quod
2963 5003 3139 5059 omnis
3172 5003 3288 5058 haec

1700 5101 1954 5173 parabola
1979 5101 2190 5157 videtur
2209 5115 2328 5156 esse
2349 5107 2644 5169 assumpta,
2669 5106 2729 5153 ut
2761 5097 3035 5154 discamus
3059 5109 3285 5164 quomo-

1701 5195 1771 5250 do
1801 5194 2050 5251 Salvator
2077 5203 2264 5250 noster
2295 5193 2578 5249 universos
2601 5190 2657 5247 in
2687 5191 2791 5246 hoc
2819 5187 3021 5244 mundo
3045 5185 3284 5257 possidet

1700 5283 1990 5352 subjectos,
2033 5293 2089 5338 et
2132 5283 2287 5353 quasi
2330 5282 2589 5338 Dominus
2637 5280 2690 5336 in
2718 5279 2878 5336 domo
2912 5292 3009 5332 sua
3048 5275 3286 5352 disponit

1700 5375 1920 5440 electos,
1951 5375 2045 5445 qui
2091 5374 2336 5444 profecto
2365 5373 2624 5428 Dominus
2668 5385 2732 5425 ac
2761 5366 3152 5440 paterfamilias
3187 5367 3283 5422 ha-

1702 5465 1794 5520 bet
1827 5465 2063 5532 vineam,
2114 5464 2420 5546 universam
2447 5463 2654 5520 scilicet
2692 5459 3012 5526 Eeclesiam,
3057 5473 3177 5530 quae
3211 5459 3282 5513 ab

1697 5557 1831 5613 Abel
1854 5555 2003 5626 justo
2060 5572 2231 5626 usque
2262 5557 2331 5612 ad
2359 5556 2508 5610 illum
2539 5555 2788 5609 ultimum
2813 5551 3046 5608 electum
3083 5550 3174 5620 qui
3224 5549 3278 5603 in

1691 5634 1805 5704 ﬁne
1829 5649 2011 5706 mundi
2055 5658 2314 5704 venturus
2344 5657 2430 5704 est
2453 5646 2738 5716 colligitur.
2771 5644 2889 5716 Ipse
2925 5658 3157 5712 namque
3195 5649 3280 5698 est

1698 5740 2086 5820 paterfamilias
2131 5740 2397 5804 Christus,
2443 5738 2535 5808 qui
2565 5738 2630 5794 de
2659 5738 2838 5809 seipso
2884 5737 2938 5792 in
2987 5732 3276 5804 Evangelio

1698 5833 1830 5900 dicit
1859 5851 1872 5889 :
1907 5833 2021 5905 Ego
2054 5848 2170 5888 sum
2197 5831 2314 5888 uitis
2336 5847 2476 5898 vera,
2508 5840 2556 5888 ct
2588 5849 2676 5886 vos
2703 5829 2940 5902 palmites
2971 5827 3154 5896 (Joan.
3206 5840 3271 5880 xv
