4008 6354
711 394 814 448 675

1489 385 1546 441 S.
1587 381 1942 439 PASCHASll
1980 377 2323 438 RADBERTI
2360 373 2648 438 ABBATIS
2685 380 3130 439 CORBEIENSIS
3772 406 3842 462 676

712 505 785 576 5).
818 506 895 560 Ac
939 519 1035 574 per
1061 503 1161 556 hoc
1212 503 1516 569 quicunque
1569 497 1637 550 ab
1665 497 1818 550 initio
1867 496 2051 551 mundi
2105 496 2294 551 salvati
2323 503 2374 560 Α
2398 495 2567 551 Porro
2588 505 2787 550 sextam
2815 505 2870 552 et
2916 514 3106 552 nonam
3139 498 3252 555 ideo
3279 502 3426 558 simul
3446 507 3656 575 iunxisse
3677 516 3843 586 videtur,

713 606 858 661 sunt,
889 597 940 649 in
975 596 1073 649 hac
1102 608 1228 647 vere
1255 591 1407 662 quasi
1437 589 1685 660 palmites
1736 590 1788 642 in
1821 589 1927 643 vite
1957 598 2290 643 manserunt.

716 688 849 755 Quia
887 686 1003 739 sine
1045 683 1151 737 (ide
1181 681 1380 736 Christi
1428 678 1634 734 nullum
1661 678 1804 733 ferre
1831 677 2062 732 fructum
2107 688 2296 748 potue-

713 788 858 836 runt.
910 779 976 832 Et
1021 777 1141 830 ideo
1169 773 1301 846 Abel
1343 773 1548 843 primus
1597 772 1650 825 in
1703 770 1870 841 ﬁgura
1901 769 2101 824 Christi
2153 786 2216 825 ac
2250 770 2294 824 si

712 871 971 941 propheta
1013 866 1368 937 iustissimus,
1429 877 1626 932 agnum
1681 861 1789 915 Deo
1839 859 1985 914 Patri
2040 857 2296 913 obtulisse

718 971 878 1031 atque
909 959 1214 1014 immolasse
1241 954 1465 1025 legitur;
1493 952 1784 1008 ostendens
1811 966 1933 1005 eum
1961 950 2065 1004 ﬁde
2088 958 2142 1003 et
2164 964 2296 1018 ope-

718 1055 867 1109 ribus
915 1052 1026 1107 suis
1065 1065 1262 1121 aguum
1312 1063 1431 1102 esse
1489 1053 1808 1124 venturum,
1859 1043 1948 1113 qui
1991 1042 2297 1096 oﬂ‘crcndus

717 1157 840 1204 erat
890 1161 990 1216 pro
1022 1143 1196 1198 salute
1250 1141 1413 1196 totius
1470 1138 1653 1193 mundi
1700 1137 1810 1192 Deo
1858 1135 2004 1190 Patri
2041 1135 2210 1189 hostia
2242 1135 2296 1188 in

719 1239 938 1295 odorem
966 1234 1270 1291 suavitatis.
1305 1231 1456 1287 Unde
1481 1240 1536 1284 et
1563 1231 1674 1299 ipse
1706 1228 1845 1283 Abel
1869 1227 1994 1296 quia
2021 1227 2220 1282 mansit
2244 1226 2297 1280 in

719 1331 825 1386 fide
849 1328 1075 1392 Christi,
1105 1341 1167 1380 ac
1215 1325 1260 1380 si
1309 1323 1514 1393 palmes
1544 1322 1597 1374 in
1639 1321 1766 1383 vite,
1795 1319 2007 1373 occisus
2031 1326 2116 1372 est
2148 1318 2202 1371 in
2233 1316 2297 1368 ﬁ-

719 1437 851 1494 gura
882 1421 1067 1492 ipsius,
1097 1427 1151 1472 et
1199 1415 1485 1472 factus~est
1521 1426 1757 1483 propago
1780 1427 1844 1465 ex
1881 1411 2008 1475 vite,
2058 1425 2120 1464 ac
2149 1409 2301 1463 testis

721 1513 916 1571 fidelis.
941 1513 1141 1581 Sicque
1180 1508 1433 1576 deinceps
1460 1504 1702 1559 Ecclesia
1743 1501 1945 1556 Christi
1974 1509 2301 1571 propagatur

721 1615 775 1661 et
797 1603 1092 1666 excolitur,
1126 1616 1190 1654 ac
1213 1599 1258 1654 si
1303 1599 1460 1652 vinea
1489 1611 1518 1649 a
1545 1595 1656 1650 suis
1678 1593 1998 1657 cultoribus,
2028 1608 2162 1662 quos
2190 1592 2303 1659 ipse

721 1696 873 1766 quasi
924 1689 1316 1764 paterfamilias
1363 1702 1462 1758 pro
1512 1685 1760 1741 mercede
1804 1695 2021 1738 aeternae
2068 1683 2189 1736 vitae
2236 1681 2303 1734 ad

719 1785 1066 1842 excolendam
1096 1783 1306 1837 vineam
1333 1778 1593 1834 conduxit
1621 1777 1923 1846 operarios.
1956 1777 2032 1829 Ac
2061 1791 2158 1845 per
2203 1775 2304 1829 hoc

2398 590 2522 660 quia
2548 589 2636 644 illo
2665 590 2720 644 in
2759 598 3000 659 tempore
3031 591 3098 646 ab
3136 591 3395 649 Abraham
3440 613 3588 668 usque
3628 605 3681 658 ad
3715 609 3844 679 David,

2397 683 2566 752 major
2616 684 2724 739 Deo
2779 684 3079 754 frequentia
3125 686 3224 739 fuit
3269 703 3382 743 cum
3429 695 3607 764 sanctis
3648 696 3844 764 PatrihUS.

2397 791 2518 830 cum
2550 777 2746 846 quibus
2796 777 3038 831 decrevit
3093 777 3365 846 disponere
3409 762 3683 840 testamenta
3718 762 3848 847 salutis

2397 868 2664 930 humanae,
2697 869 2856 932 sicut,
2883 869 3071 933 lector,
3103 869 3403 939 diligentius
3438 883 3574 941 potes
3593 892 3845 936 enumerare.

2399 958 2532 1025 Quia
2565 969 2684 1028 post
2709 958 2820 1014 Noe
2849 960 2916 1014 ad
2956 960 3222 1013 neminem
3263 959 3475 1030 legimus
3500 963 3645 1019 Deum
3683 967 3849 1025 locutum

2399 1047 2584 1114 fuisse,
2621 1049 2722 1103 nisi
2756 1050 2988 1118 primum
3012 1049 3077 1121 ad
3104 1049 3388 1114 Abraham,
3410 1051 3585 1110 deinde
3610 1057 3664 1110 ad
3686 1057 3796 1116 Isaac
3813 1073 3848 1116 et

2399 1140 2564 1196 Jacob
2588 1157 2746 1210 quam
2784 1140 3092 1210 frequenter
3119 1161 3130 1194 :
3157 1156 3219 1197 ac
3261 1157 3360 1196 non
3389 1153 3501 1212 post
3539 1147 3725 1203 multum
3759 1158 3849 1206 tem-

2400 1235 2546 1304 poris
2575 1235 2640 1288 ad
2674 1233 2892 1304 Moysen
2915 1244 2970 1290 et
3006 1234 3186 1298 Aaron
3213 1235 3401 1305 quibus
3425 1237 3580 1307 legem
3620 1240 3762 1308 dedit;
3786 1245 3852 1298 sic-

2401 1341 2506 1394 que
2529 1326 2594 1378 ad
2618 1325 2799 1380 Jesum
2824 1324 2970 1381 Nave
3011 1341 3210 1395 usque,
3247 1343 3402 1396 quam
3451 1311 3715 1399 frequenter
3745 1336 3854 1392 exivit

2403 1417 2704 1472 conducere
2739 1419 3048 1488 operarios;
3081 1434 3144 1472 ac
3183 1417 3428 1496 deinceps
3470 1422 3530 1473 ad
3572 1420 3803 1477 Samuelem
3819 1434 3850 1478 et

2405 1508 2570 1561 David
2605 1523 2773 1576 usque
2800 1510 3062 1578 pervenit,
3086 1510 3299 1578 quando
3323 1512 3509 1566 chorus
3544 1497 3848 1582 prophetarum,

2408 1613 2471 1652 ac
2505 1598 2550 1651 si
2582 1613 2718 1652 nova
2756 1597 2865 1662 lux,
2895 1599 2948 1652 in
2978 1599 3177 1652 mundo
3196 1600 3444 1664 emicuit;
3469 1616 3577 1655 cum
3598 1603 3749 1671 quibus
3767 1619 3853 1656 uota

2411 1705 2598 1743 rursus
2615 1688 2817 1744 foedera
2833 1688 3087 1742 firmavit.
3105 1687 3310 1755 Quibus
3332 1689 3487 1759 822
3501 1690 3703 1759 profecto
3715 1693 3854 1759 spatiis,

2407 1796 2471 1836 ac
2485 1782 2527 1835 si
2546 1783 2596 1834 in
2612 1783 2820 1836 duabus
2837 1783 2986 1850 horis
3001 1775 3159 1836 simul
3171 1783 3510 1852 junctis,cum
3523 1783 3855 1854 singulisquibus-

723 1878 790 1932 ab
817 1876 972 1930 initio
995 1873 1200 1938 saeculi,
1223 1877 1356 1942 quot
1385 1877 1619 1934 sanctos,
1643 1869 1798 1939 quasi
1827 1877 1899 1922 tot
1923 1868 2172 1938 palmites
2203 1867 2304 1921 mi—
2336 1870 2382 1929 Β
2410 1888 2513 1942 que
2534 1871 2970 1942 generationibus
3002 1872 3295 1927 instantius
3327 1880 3673 1928 testamentum
3706 1887 3850 1941 compo-

725 1970 815 2025 sit.
836 1968 934 2022 Hic
961 1969 1143 2036 itaque
1161 1963 1568 2035 paterfamilias,
1596 1963 1662 2018 ad
1685 1963 2062 2017 elaborandam
2095 1963 2303 2018 vineam

727 2076 900 2122 suam,
922 2059 1099 2130 primo
1123 2071 1281 2111 mane
1304 2064 1359 2111 et
1389 2057 1520 2110 hora
1556 2054 1737 2119 tertia,
1780 2063 1950 2119 sexta,
1982 2069 2230 2124 nonaque
2253 2061 2307 2108 et

727 2151 1008 2206 undecima
1043 2148 1326 2218 operarios
1355 2145 1626 2200 conducit.
1663 2145 1798 2212 Quia
1849 2161 1876 2197 a
1928 2145 2112 2198 mundi
2151 2143 2308 2210 hujus

730 2241 886 2296 initio
916 2254 1086 2310 usque
1137 2239 1191 2291 in
1233 2239 1420 2302 tinem,
1459 2236 1524 2290 ad
1553 2236 1903 2292 erudiendam
1935 2235 2142 2304 plebem
2174 2235 2308 2288 fide-

729 2333 880 2397 lium,
911 2330 1291 2402 praedicatores
1316 2343 1649 2399 congregare
1676 2337 1729 2382 et
1767 2327 2031 2380 advocare
2079 2341 2184 2379 non
2215 2325 2308 2379 de-

731 2425 868 2479 stitit
898 2439 911 2476 :
949 2437 1052 2477 non
1081 2421 1222 2490 quod
1253 2419 1342 2474 alii
1370 2420 1481 2475 sint
1507 2420 1607 2489 ipsi
1650 2426 1962 2489 operatores
2006 2432 2069 2470 ac
2101 2430 2310 2470 merce-

732 2516 871 2570 narii
901 2515 992 2584 qui
1021 2513 1422 2577 conducuntur,
1447 2521 1502 2566 et
1528 2513 1632 2566 alia
1662 2511 1776 2581 ipsa
1801 2510 1976 2574 vinea,
2011 2509 2101 2564 sed
2125 2523 2312 2564 omnes

733 2607 889 2662 simul
938 2606 1028 2676 qui
1058 2614 1320 2659 vocantur
1367 2605 1433 2657 ad
1491 2605 1704 2658 vineam
1753 2619 1855 2657 una
1897 2602 2130 2656 Ecclesia
2165 2611 2308 2667 sunt,

734 2713 945 2768 unaque
977 2697 1131 2751 vinea
1156 2697 1220 2750 de
1245 2694 1372 2758 vite,
1397 2710 1518 2765 quae
1542 2695 1790 2750 Christus
1806 2703 1909 2759 est,
1939 2693 2308 2765 proiiaginata.

735 2788 792 2842 In
835 2804 939 2858 qua
981 2798 1038 2840 et
1082 2787 1146 2841 ad
1175 2802 1336 2856 quam
1383 2785 1474 2854 qui
1525 2785 1712 2849 intrat,
1743 2783 1831 2837 vel
1857 2782 1947 2853 qui
1971 2784 2311 2847 conducitur,

737 2894 894 2935 nemo
919 2878 1149 2941 otiosus,
1178 2877 1272 2930 sed
1314 2889 1502 2930 onmes
1524 2874 1756 2944 operarii
1783 2887 1904 2927 esse
1932 2874 2147 2928 debent.
2178 2873 2313 2942 Quia

737 2985 893 3025 nemo
944 2977 1050 3033 est,
1080 2969 1184 3022 etsi
1234 2983 1337 3022 non
1369 2966 1525 3030 alios,
1573 2967 1665 3036 qui
1698 2967 1934 3035 seipsum
1973 2981 2229 3021 exercere
2262 2976 2316 3021 et

737 3060 982 3116 excolere
1010 3075 1113 3112 non
1142 3057 1354 3122 debeat,
1389 3067 1448 3111 ut
1478 3057 1711 3110 fructum
1739 3057 1877 3111 ferat
1903 3057 2141 3123 Christo,
2178 3067 2233 3113 et
2263 3059 2315 3112 in

736 3155 846 3208 vite
886 3159 1122 3207 maneat.
1145 3150 1306 3204 Novit
1351 3164 1481 3220 ergo
1509 3150 1816 3219 quicunque
1862 3165 1986 3204 vere
2035 3158 2219 3205 manet
2262 3151 2314 3204 in

738 3247 972 3304 Christo.
990 3255 1224 3314 quantus
1246 3241 1486 3312 qualisve
1509 3243 1579 3296 sit
1601 3241 1761 3312 821
1781 3242 1936 3310 hujus
1949 3242 2119 3296 vineas
2141 3240 2311 3308 labor,
2339 3225 2386 3288 C

740 3337 1020 3410 qualisque
1073 3333 1301 3397 cultura,
1335 3347 1402 3387 ne
1441 3332 1643 3402 palmes
1670 3332 1937 3398 luxuriet,
1966 3340 2022 3387 et
2069 3347 2137 3387 ne
2184 3333 2315 3386 vitia

741 3433 1065 3501 subrepant;
1111 3435 1379 3497 quautave
1405 3426 1648 3481 custodia
1680 3425 2053 3480 mandatorum
2085 3426 2202 3502 Dei,
2250 3441 2317 3480 ne

738 3524 1011 3579 fructuosa
1053 3521 1178 3576 vitis
1201 3527 1434 3574 maneat.

811 3616 916 3672 Sed
943 3614 1070 3686 quid
1097 3622 1180 3669 est
1211 3613 1354 3682 quod
1398 3611 1509 3665 ait:
1545 3609 1688 3664 Exiit
1737 3611 1904 3680 primo
1936 3625 2088 3664 mane
2116 3611 2140 3664 ?
2168 3608 2315 3664 Nun-

741 3710 869 3781 quid
897 3725 1002 3764 non
1039 3707 1172 3762 satis
1198 3713 1344 3761 esset
1365 3704 1545 3758 dicere
1574 3721 1588 3757 :
1614 3703 1758 3757 Exiit
1781 3703 1981 3758 mane?
2030 3701 2136 3758 Sed
2193 3705 2317 3772 quia

746 3800 970 3862 addidit,
993 3797 1171 3867 primo
1198 3809 1376 3858 mane,
1428 3793 1599 3848 voluit
1637 3792 1838 3862 aliquid
1885 3794 2130 3848 innuere.
2159 3794 2321 3848 Forte

748 3899 808 3943 ut
839 3889 1259 3958 intelligeremus
1309 3885 1373 3937 de
1423 3884 1578 3937 initio
1608 3883 1788 3938 saeculi
1844 3882 2066 3948 dixisse,
2106 3883 2321 3951 quando

744 3982 976 4052 primum
1002 3979 1134 4033 exiit
1155 3986 1209 4032 et
1236 3976 1441 4030 creavit
1465 3975 1761 4039 hominem,
1793 3989 1856 4029 ac
1877 3976 2056 4044 posuit
2083 3975 2134 4028 in
2165 3990 2321 4045 para-

745 4072 797 4125 di
830 4087 882 4135 o,
909 4079 968 4124 ut
994 4077 1310 4138 operaretur
1337 4074 1392 4119 et
1421 4065 1718 4119 custodiret
1747 4079 1907 4129 eum;
1937 4066 2153 4132 quando
2179 4065 2323 4119 dice-

749 4165 842 4218 bat
870 4179 966 4233 per
1020 4161 1228 4231 singula
1275 4172 1440 4228 Opera
1484 4172 1614 4210 sua:
1652 4155 1718 4208 Et
1766 4154 1964 4208 factum
2018 4165 2102 4210 est
2147 4171 2320 4211 mane.

749 4253 901 4320 Quod
926 4265 1101 4314 mane,
1138 4249 1263 4302 licet
1288 4245 1408 4317 iure
1429 4244 1660 4316 pritnum
1692 4245 2042 4315 intelligatur,
2071 4245 2209 4302 forte
2254 4247 2322 4302 ad

748 4344 1205 4414 comparationem
1258 4349 1576 4394 cancrorum
1605 4325 1812 4392 dierum
1846 4338 2078 4407 primum
2108 4339 2321 4393 dicitur.

750 4442 1012 4512 Quoniam
1043 4455 1145 4519 per,
1165 4436 1371 4508 singula
1398 4437 1650 4490 horarum
1692 4435 1884 4504 spatia,
1917 4437 1968 4489 iu
2003 4437 2198 4504 quibus
2225 4451 2324 4505 pa-

752 4529 1068 4587 terfamilias
1095 4544 1156 4582 ac
1186 4529 1228 4581 si
1257 4525 1334 4580 sol
1386 4523 1614 4587 refulsit,
1650 4532 1704 4576 et
1749 4525 1882 4579 exiit
1917 4525 1982 4578 ad
2015 4523 2324 4579 conducen-

750 4623 847 4678 dos
873 4620 1164 4691 operarios.
1194 4618 1364 4684 Maue,
1393 4631 1516 4670 cum
1545 4615 1625 4668 eis
1646 4613 1738 4668 lux
1762 4616 1950 4672 diurna
1975 4631 2111 4670 nova
2137 4625 2325 4670 exorta

751 4723 853 4778 est,
884 4711 1052 4766 donec
1071 4708 1150 4764 sol
1175 4707 1398 4777 iustitiae
1435 4708 1758 4764 obscuratus
1781 4707 1834 4760 in
1866 4708 2123 4762 cordibus
2144 4707 2326 4777 singu-

754 4805 946 4865 lorum,
978 4801 1129 4870 quasi
1179 4799 1485 4854 declinante
1515 4800 1620 4864 die,
1675 4800 1740 4853 ad
1799 4813 2052 4852 occasum
2107 4807 2328 4867 propter

753 4895 1070 4950 delictorum
1094 4889 1398 4958 caliginem,
1421 4899 1720 4944 verteretur
1750 4890 1802 4942 in
1844 4898 2077 4943 noctem.
2111 4887 2178 4941 Et
2209 4888 2328 4943 ideo

755 5001 848 5056 per
886 4982 1120 5053 singulas
1167 4982 1326 5036 horas
1359 4981 1512 5049 quasi
1563 4997 1720 5036 mane
1762 4981 1862 5035 fuit
1893 4982 2000 5036 :ita
2053 4990 2112 5036 ut
2155 4982 2328 5051 primo

755 5091 912 5131 mane
940 5083 1086 5128 recte
1118 5073 1293 5127 exisse
1322 5072 1550 5137 dicatur,
1593 5074 1806 5142 quando
1836 5073 2030 5137 Adam,
2069 5084 2124 5127 et
2171 5075 2324 5139 Abel,

756 5175 810 5220 et
846 5174 1071 5219 caeteros
1097 5161 1285 5215 Patres
1311 5161 1377 5215 ad
1435 5165 1764 5232 operandam
1794 5171 1847 5216 et
1875 5163 2220 5218 excolendam
2246 5166 2327 5219 vi—

757 5271 932 5318 neam,
961 5255 1011 5307 id
1040 5261 1120 5307 est
1143 5252 1429 5322 justitiam,
1453 5255 1732 5308 conduxit.
1759 5255 1864 5308 Sed
1909 5270 2071 5310 nemo
2117 5270 2324 5322 eorum,

757 5346 858 5401 nisi
916 5344 1008 5414 qui
1061 5343 1333 5398 novissimi
1381 5344 1552 5397 vocati
1601 5353 1764 5407 sunt,
1818 5347 2141 5414 respondit:
2189 5346 2327 5414 Quia

758 5449 915 5493 nemo
959 5451 1058 5490 nos
1105 5435 1398 5500 conduxit;
1451 5436 1702 5502 quoniam
1766 5451 1954 5491 omnes
2003 5437 2077 5491 illi
2119 5437 2328 5494 Veteris

758 5527 1087 5582 Testamenti
1112 5525 1302 5580 Patres
1337 5526 1588 5580 conducti
1641 5523 1877 5590 fuerant,
1918 5536 1972 5581 et
2027 5528 2331 5584 habuerunt

758 5619 1004 5673 notitiam
1035 5617 1154 5682 Dei,
1177 5627 1232 5670 et
1252 5618 1494 5673 scierunt
1536 5618 1628 5673 Dei
1666 5619 1950 5688 promissa,
1984 5605 2170 5688 gentes
2205 5637 2340 5676 vero

761 5723 933 5778 neque
959 5707 1126 5762 Deum
1158 5707 1418 5772 sciebant,
1447 5724 1622 5779 neque
1660 5710 1922 5778 promissa
1951 5709 2064 5778 eius
2088 5729 2102 5777 ;
2129 5722 2184 5766 et
2211 5712 2331 5768 ideo

761 5798 1140 5854 excusabiliter
1167 5800 1555 5868 responderunt
1581 5819 1591 5854 :
1625 5801 1758 5866 Quia
1777 5819 1925 5856 nemo
1948 5820 2037 5856 nos
2061 5805 2326 5858 conduxit.

2409 1965 2535 2028 suit,
2560 1978 2724 2033 seque
2742 1972 3027 2018 venturum
3043 1965 3095 2017 iu
3110 1979 3276 2019 carne
3298 1963 3612 2034 apertissime
3626 1964 3852 2034 repromisit.

2411 2055 2560 2110 Unde
2591 2056 2634 2110 si
2663 2055 2800 2110 bene
2832 2055 3163 2124 consideres,
3192 2056 3376 2118 lector,
3405 2055 3604 2110 totidem
3630 2059 3853 2108 testamenta

2411 2151 2646 2206 humano
2700 2151 2882 2220 generi
2921 2151 3239 2214 constituta,
3288 2149 3519 2203 invenies
3566 2163 3649 2217 per
3683 2146 3857 2216 singulos,

2411 2241 2683 2311 quotidem
2713 2240 2779 2294 ad
2808 2241 2986 2296 forum
3034 2251 3380 2296 enumeratur
3403 2251 3642 2310 egressus.
3675 2235 3754 2290 Sed
3785 2249 3858 2287 cum

2413 2332 2558 2386 nullo
2589 2333 2781 2386 horum
2809 2347 2875 2386 ex
2903 2331 3128 2386 denario
3160 2331 3430 2406 convenit,
3483 2328 3578 2382 nisi
3607 2315 3711 2381 cum
3740 2323 3859 2393 primis

2419 2439 2557 2494 quos
2621 2423 2798 2488 misit;
2851 2439 2972 2478 cum
3029 2424 3242 2478 exteris
3281 2436 3421 2485 vero,
3478 2428 3658 2472 tantum
3681 2413 3783 2484 quod
3810 2412 3862 2480 ju-

2419 2521 2561 2568 stum
2597 2521 2743 2568 esset
2771 2529 2827 2567 se
2858 2512 3106 2567 daturum
3137 2512 3438 2583 spopondit.
3487 2500 3750 2578 Novissimis
3785 2517 3863 2554 vero

2411 2613 2536 2673 post
2591 2603 3013 2674 increpationem
3056 2603 3371 2666 otiositatis,
3410 2596 3718 2659 solummodo,
3763 2591 3815 2645 Ite
3840 2599 3866 2642 ει

2415 2713 2501 2750 vos
2527 2697 2581 2749 in
2624 2695 2826 2749 vineam
2855 2712 3044 2758 meam,
3075 2695 3244 2760 dicit,
3287 2695 3410 2763 quia
3437 2690 3645 2764 gratuita
3670 2687 3739 2742 Dei
3760 2683 3865 2756 gratia

2415 2796 2519 2852 est,
2555 2789 2698 2860 quod
2727 2803 2838 2847 eos,
2864 2788 2988 2842 licet
3010 2787 3062 2842 in
3092 2786 3381 2840 undecima
3404 2785 3546 2862 bora,
3593 2781 3647 2835 de
3675 2776 3763 2831 ioro
3790 2790 3868 2828 cont

2416 2877 2614 2933 ducere
2635 2879 2882 2948 dignatus
2916 2889 3018 2933 est.
3053 2877 3160 2933 Sed
3190 2879 3315 2947 quia
3337 2879 3391 2931 in
3418 2877 3513 2931 hac
3532 2870 3756 2946 paraliola,
3772 2880 3870 2921 omne

2417 2985 2654 3039 praesens
2683 2969 2961 3034 szeculum,
2991 2971 3058 3024 ab
3105 2970 3268 3046 initio
3298 2968 3475 3023 mundi
3507 2980 3653 3034 usque
3675 2963 3727 3036 ad
3755 2961 3868 3019 tinem.

2420 3060 2586 3116 voluit
2616 3077 2681 3117 ac
2709 3065 2754 3117 si
2781 3078 2945 3118 unum
2969 3063 3108 3117 diem
3137 3063 3396 3134 intelligi,
3433 3062 3544 3136 ideo
3570 3061 3649 3133 ait,
3676 3055 3770 3125 quia
3798 3049 3872 3103 uti!

2419 3153 2586 3221 primo
2617 3170 2785 3218 mane,
2819 3164 2876 3207 ut
2910 3171 3015 3208 non
3044 3156 3109 3208 ad
3140 3157 3395 3210 ordinem
3449 3161 3630 3207 tantum
3673 3140 3769 3222 illud
3789 3139 3870 3196 refe

2420 3257 2526 3307 ηε,
2551 3243 2692 3312 QUOd
2715 3244 2810 3308 ait,
2833 3223 3236 3314 primo,vemm
3265 3248 3427 3301 etiam
3456 3245 3520 3298 ad
3540 3241 3713 3296 initium
3734 3231 3872 3291 mundi;

2419 3333 2658 3401 quando,
2698 3341 2757 3386 ut
2790 3333 2923 3399 dixi,
2956 3336 3197 3404 primum
3247 3334 3484 3391 condidit
3533 3340 3672 3400 atque
3710 3320 3874 3381 instituit,

2420 3433 2479 3478 ut
2505 3433 2751 3480 servaret
2797 3435 2852 3480 et
2885 3428 3194 3484 custodiret
3219 3428 3425 3498 quodei
3453 3426 3660 3496 prinunn
3683 3412 3876 3474 commisit-

2421 3515 2524 3572 Ubi
2555 3531 2748 3572 moneo
2775 3518 3050 3574 auditores
3079 3519 3146 3574 de
3202 3521 3306 3576 hac
3349 3519 3456 3583 die,
3490 3532 3578 3588 per
3619 3526 3745 3584 quam
3778 3515 3878 3559 0mm:

2420 3620 2632 3680 tempus
2676 3613 2958 3680 praesentis
3017 3613 3138 3666 vita:
3204 3611 3566 3681 intelligimus,
3617 3621 3674 3660 ne
3714 3609 3878 3670 ωιεηυηι

2422 3703 2621 3772 aliquid
2637 3716 2730 3757 seu
2748 3701 3078 3772 impossibile
3091 3718 3160 3773 pe
3169 3712 3482 3769 rcenseant;
3508 3700 3618 3770 quia
3643 3700 3827 3764 quantum
3842 3684 3882 3736 ειά

2423 3809 2544 3859 nos,
2579 3793 2720 3848 forte
2741 3808 2933 3862 magna
2958 3772 3102 3859 dies,
3127 3795 3229 3850 sed
3256 3800 3516 3865 quantum
3545 3789 3604 3843 ad
3647 3782 3722 3839 Dei
3756 3772 3883 3832 Patris.

2422 3895 2477 3939 et
2501 3884 2620 3938 Filii
2647 3895 2701 3939 et
2725 3884 2961 3953 Spiritus
2991 3885 3169 3939 sancti
3200 3885 3575 3947 aeternitatem,
3599 3875 3763 3933 modica
3786 3877 3885 3932 αιαυε

2424 3976 2615 4046 exigua
2641 3985 2724 4030 est
2746 3976 2860 4030 dies
2891 3976 3056 4030 totius
3085 3977 3372 4046 temporis.
3405 3975 3533 4041 Quia
3565 3972 3612 4025 in
3657 3967 3727 4022 illa
3745 3955 3883 4018 sterni.

2424 4078 2534 4122 tate
2564 4083 2668 4122 non
2697 4069 2798 4122 nisi
2830 4084 2933 4122 una
2960 4077 3042 4122 est
3073 4068 3214 4133 dies,
3242 4069 3310 4123 de.
3335 4053 3441 4138 qua
3470 4065 3651 4120 dicitur
3678 4076 3690 4114 :
3714 4055 3811 4121 Quia
3826 4063 3888 4138 me

2426 4160 2527 4213 lior
2563 4169 2634 4213 est
2661 4159 2771 4213 dies
2814 4177 2920 4213 una
2962 4160 3017 4212 in
3040 4160 3192 4214 atriis
3248 4137 3386 4224 suis,
3435 4173 3584 4228 super
3629 4137 3890 4213 millium!-

2425 4265 2652 4314 Lxxxm,
2692 4249 2803 4318 il).
2852 4250 2920 4304 Et
2959 4251 3004 4304 si
3062 4249 3150 4304 illa
3202 4250 3483 4304 :eternitas
3510 4260 3604 4299 una
3639 4247 3708 4296 est
3747 4234 3892 4321 dicant

2426 4339 2641 4394 mireris
2665 4339 2708 4394 si
2737 4353 2900 4393 omne
2927 4339 3030 4394 hoc
3059 4353 3308 4407 praesens
3344 4337 3685 4403 sarculum!“
3697 4320 3897 4414 ¹¹¹¹²Ρ⁰⁵¹ΫῨί

2426 4431 2542 4495 die;
2577 4431 2628 4484 in
2658 4446 2760 4499 qua
2787 4431 3037 4484 nimirum
3069 4431 3158 4486 die
3189 4429 3583 4501 paterfamilias
3608 4409 3894 4494 quinquiesdio

2430 4523 2571 4576 citur
2591 4522 2769 4577 exisse
2795 4524 3096 4578 conducere
3143 4525 3433 4594 operarios
3482 4522 3534 4576 in
3577 4518 3752 4572 vineam
3789 4513 3897 4558 suam.

2431 4615 2583 4681 Quod
2610 4630 2716 4669 non
2741 4616 2944 4685 absque
2972 4616 3174 4671 dictum
3223 4632 3348 4673 esse
3397 4615 3598 4670 aestimo
3646 4601 3898 4662 sam-amento.

2435 4703 2564 4771 Quae
2594 4706 2841 4760 curiosus
2868 4705 3038 4761 lector
3091 4706 3236 4764 forte
3290 4715 3473 4779 potest
3519 4709 3731 4774 quaerere
3762 4691 3901 4779 “illa”

2433 4796 2653 4864 quidam
2693 4798 2924 4866 operarii
2955 4813 3114 4852 mane
3142 4777 3404 4854 conducti
3457 4804 3606 4856 sunt;
3632 4798 3680 4844 οι
3709 4787 3799 4854 Ρ⁰⁵¹
3828 4777 3902 4873 llo“

2434 4905 2541 4943 non
2563 4889 2708 4944 circa
2738 4890 2923 4943 horam
2949 4889 3276 4955 secundam,
3309 4889 3407 4945 sed
3432 4887 3574 4944 circa
3593 4884 3753 4938 horam
3766 4872 3904 4925 ιετυεω

2436 4981 2586 5044 exiit,
2614 4988 2670 5033 et
2715 4980 2960 5035 conducti
3014 4989 3139 5035 sunt
3193 4982 3328 5048 alii;
3381 4989 3502 5053 post
3551 4983 3746 5046 quorum
3778 4955 3908 5052 ωηιξη·

2437 5072 2702 5137 ctionem,
2728 5086 2897 5141 quare.
2927 5087 3030 5125 non
3061 5073 3208 5126 circa
3240 5073 3436 5127 horam
3464 5053 3787 5141 quantumvel
3807 5059 3906 5146 tltl'l"

2439 5173 2566 5230 tam,
2601 5165 2693 5219 sed
2717 5165 2858 5219 circa
2891 5166 3080 5218 horam
3113 5175 3334 5219 sextam
3380 5165 3532 5226 exiit,
3562 5170 3611 5214 et
3630 5155 3742 5228 alios
3763 5141 3862 5200 misit
3878 5141 3908 5230 ut

2435 5255 2645 5310 vineam
2673 5273 2687 5321 ;
2718 5257 2788 5309 ita
2815 5270 2990 5326 neque
3010 5256 3154 5312 circa
3189 5258 3482 5328 septimam
3513 5253 3594 5308 vel
3620 5252 3833 5304 octavam,

2436 5350 2578 5405 circa
2621 5364 2835 5404 nonam.
2870 5349 2938 5401 Et
2966 5349 3262 5404 novissime
3292 5365 3400 5403 non
3425 5349 3565 5402 circa
3605 5338 3835 5397 decimam,

2436 5442 2499 5495 ad
2527 5439 2863 5495 undecimam
2891 5440 3041 5502 exiit,
3067 5440 3291 5509 quando
3323 5438 3528 5494 invenit
3558 5437 3739 5488 stantes
3764 5408 3915 5509 ιουέίθ

2435 5533 2654 5598 otiosos,
2693 5547 2756 5586 eo
2780 5532 2919 5600 quod
2939 5529 3050 5598 jam
3095 5531 3146 5584 in
3189 5531 3490 5584 novissima
3515 5529 3637 5581 hora
3668 5518 3828 5600 essent.
3851 5497 3914 5600 N0:

2438 5639 2706 5694 quaquam
2723 5592 2888 5693 823
2904 5592 3067 5693 igitur
3089 5623 3299 5691 absque
3314 5622 3525 5676 ratione
3537 5617 3718 5673 factum
3737 5597 3868 5660 credo,
3881 5592 3916 5694 υξ

2440 5690 2578 5768 inter
2602 5690 3010 5766 illudvtttaite‘et
3043 5690 3286 5776 tertiam,
3321 5712 3589 5767 modicum
3619 5710 3808 5768 tempus,
3829 5698 3871 5738 at‘
3890 5690 3916 5727 5'

2440 5821 2545 5859 una
2572 5806 2699 5859 hora
2724 5805 3020 5873 intercepta
3049 5805 3150 5867 sit,
3182 5812 3237 5855 et
3293 5821 3400 5857 non
3453 5797 3719 5858 secundum
3753 5781 3917 5839 1W”
