4008 6354
141 406 224 456 677

873 401 1234 457 EXPOSlTlO
1273 401 1336 456 IN
1373 398 1808 457 MATTHIEUM.
1848 427 1919 438 -—-
1953 395 2078 451 LIB.
2120 395 2211 460 IX,
2249 395 2398 450 CAP.
2441 392 2558 448 XX.

3275 383 3379 448 678

140 528 238 584 quae
257 512 430 580 posita
480 521 630 577 sunt,
677 511 816 566 inter
860 512 1076 566 tertiam
1101 521 1156 567 et
1192 519 1422 575 sextam,
1473 511 1561 566 ubi
1589 510 1689 562 du-
1721 513 1771 572 Α
1799 517 2006 564 tantum
2034 523 2099 561 ex
2133 505 2354 562 denario
2384 505 2578 558 diurno
2613 503 3022 558 conventionem
3065 502 3211 557 fecit.
3245 501 3378 570 Quia

141 606 259 674 plum
291 603 585 662 intervenit
615 611 828 672 tempus
858 603 1114 665 medium,
1146 603 1286 658 sicut
1313 612 1370 656 ut
1399 602 1540 662 inter
1567 617 1691 656 sex-

143 709 227 756 tam
254 707 305 751 et
336 711 558 752 nouam.
584 696 665 750 Ad
688 695 932 750 ultimum
960 710 1085 750 vero
1116 711 1305 751 rursus
1332 696 1473 750 inter
1499 709 1693 752 nonam

140 796 182 840 et
209 786 544 844 undecimam
566 799 671 838 una
691 793 774 840 est
796 785 947 849 hora,
973 785 1110 839 sicut
1145 794 1201 840 et
1237 787 1385 854 prius
1411 785 1552 839 inter
1582 799 1694 838 ma—

144 877 341 934 tutiuam
381 886 434 931 et
480 877 718 934 tertiam.
773 877 828 931 In
870 878 1064 946 quibus
1114 880 1348 948 quinque
1393 877 1693 942 ordinibus,

143 969 292 1024 nescio
322 967 456 1036 quid
491 967 755 1024 tnusicum
791 968 1003 1022 videtur
1024 984 1252 1033 sonare;
1279 977 1335 1022 ut
1369 970 1488 1023 duae
1515 976 1696 1024 extre-

143 1059 326 1114 mitates
375 1055 568 1120 tnedize
619 1056 870 1128 simplum
926 1058 1159 1113 habeant
1205 1074 1488 1114 numerum
1533 1067 1695 1126 atque

144 1163 274 1202 unum
318 1187 336 1213 ,
411 1147 531 1202 dum
598 1163 725 1202 vero
781 1147 1099 1206 medietates
1178 1148 1367 1210 media:
1439 1147 1692 1217 duplum;

147 1248 191 1291 ut
251 1237 480 1308 singulae
542 1239 856 1293 medietates
933 1238 1103 1308 dupla:
1163 1255 1263 1294 suo
1335 1240 1697 1309 respondeant

146 1330 304 1400 simplo
357 1339 414 1384 et
471 1329 675 1394 faciant
739 1331 883 1400 quod
943 1331 1199 1400 diapason
1265 1330 1450 1388 Grece
1531 1345 1693 1386 voca-

145 1432 226 1473 tur.
260 1419 415 1492 Unde
435 1420 654 1490 quidam
687 1421 917 1490 permoti
945 1421 1197 1476 doctores
1215 1423 1313 1478 has
1335 1424 1575 1492 quinque
1602 1437 1698 1484 vo-

143 1513 360 1568 cationes
389 1511 593 1574 Christi
622 1513 690 1570 ad
729 1513 966 1581 quinque
1004 1528 1194 1568 sensus
1255 1513 1558 1570 retulerunt
1609 1514 1697 1568 lto-

144 1605 370 1668 minutn,
418 1603 610 1672 quibus
663 1603 1146 1672 impraesentiarum
1212 1619 1309 1658 nos
1363 1604 1564 1660 sentire
1613 1618 1698 1657 co-

143 1696 450 1766 gnoscimus.
475 1695 542 1750 Et
571 1695 824 1754 dixerunt
857 1696 910 1749 in
959 1697 1131 1764 prima
1182 1697 1464 1752 vocatione
1492 1703 1695 1763 tactum

143 1786 449 1850 instituisse;
492 1801 558 1842 eo
589 1788 734 1854 quod
784 1785 979 1842 mulier
1024 1787 1219 1840 dixerit
1268 1787 1502 1855 serpenti
1555 1786 1696 1854 quod

1794 600 2115 669 prt'rsciehat
2154 598 2376 652 omnino
2409 597 2549 650 Deus
2575 597 2715 665 quod
2760 595 3213 666 praevaricator”
3265 603 3381 649 erat

1794 692 1986 755 Adam,
2011 698 2227 760 pactum
2253 690 2376 743 vita:
2415 703 2538 742 cum
2572 688 2817 749 haberet,
3045 702 3155 744 non
3207 687 3368 752 mori,

1794 793 1849 838 et
1868 798 2061 840 omnes
2085 783 2426 852 postmodum
2460 782 2514 836 in
2539 781 2739 836 diluvio
2783 789 2968 848 essent
3012 780 3275 850 perituri;
3327 788 3380 834 et

1795 877 1916 931 ideo
1940 883 2149 932 certum
2183 875 2249 928 ad
2273 889 2395 928 eum
2440 873 2567 928 fecit
2595 882 2834 942 pactum,
2856 872 3013 942 quasi
3063 885 3131 926 ex
3159 872 3381 939 denario

1794 975 2008 1022 aeterna:
2036 965 2179 1029 vitae,
2228 963 2512 1035 nequando
2569 964 2810 1020 dicerent
2862 963 3006 1030 illius
3065 963 3211 1026 hora
3245 978 3379 1032 ope-

1798 1061 1943 1124 rarii,
1993 1069 2278 1130 pr0pterea
2323 1074 2416 1114 eos
2467 1058 2764 1128 neglexisse
2802 1059 2894 1118 Dei
2928 1059 3204 1124 mandata.
3249 1057 3381 1127 ,quia

1795 1150 2112 1205 nesciebant
2153 1165 2271 1218 qua:
2318 1149 2536 1218 praemia
2573 1149 2787 1204 fuerant
2830 1148 3157 1218 repromissa
3199 1147 3378 1211 bonis,

1796 1259 1982 1312 quaeve
2040 1257 2197 1313 ptena
2256 1243 2453 1312 impiis.
2511 1241 2770 1312 Deinceps
2817 1251 2999 1301 autem
3060 1256 3184 1300 cum
3259 1238 3384 1301 reli-

1796 1335 1918 1404 quis
1963 1335 2227 1404 operariis
2279 1334 2421 1388 nulla
2467 1335 2666 1389 mentio
2717 1333 2856 1389 facta
2912 1343 2996 1392 est
3023 1333 3249 1400 denarii,
3281 1347 3374 1388 ne—

1797 1440 1901 1493 que
1924 1439 2044 1478 cum
2071 1426 2150 1480 eis
2187 1435 2394 1480 certum
2443 1434 2660 1495 pactum
2710 1426 2851 1490 iniit,
2902 1440 3079 1495 neque
3133 1431 3377 1480 laxatum

1797 1518 2075 1587 praemium
2105 1518 2435 1587 repromisit,
2465 1519 2557 1573 sed
2583 1519 2722 1588 quod
2742 1518 2947 1587 justum
2970 1517 3150 1586 fuerit,
3177 1517 3376 1586 inquit,

1799 1609 1932 1662 dabo
1961 1609 2122 1663 vobis.
2161 1609 2380 1664 Sciebat
2421 1609 2566 1663 enim
2609 1610 3027 1678 benignissimus
3063 1607 3382 1679 paterfami-

1799 1697 1900 1753 lias
1927 1698 2231 1768 largitatem
2251 1714 2406 1752 suam
2429 1708 2483 1754 et
2507 1700 2958 1764 misericordiam,
2981 1701 3106 1770 quia
3169 1709 3378 1753 tantum

1801 1797 2025 1856 paratus
2079 1797 2161 1843 est
2205 1788 2308 1843 illis
2358 1790 2658 1844 retribuere
2717 1800 2976 1860 quantum
3053 1790 3381 1856 mercenarii

145 1876 260 1931 Deus
289 1877 490 1932 dixerit
533 1896 544 1930 :
579 1876 693 1930 Non
726 1876 1116 1936 n‘landucabitis
1150 1892 1217 1931 ex
1246 1892 1330 1942 eo,
1383 1891 1553 1951 neque
1586 1885 1691 1928 tan-
1729 1875 1778 1935 B
1805 1893 2079 1947 nunquam
2105 1879 2399 1948 sperabant
2428 1879 2689 1949 recipere.
2723 1880 2920 1949 Sicque
2968 1881 3218 1957 conducti
3255 1888 3383 1934 sunt

144 1970 255 2038 galis
275 1983 424 2033 eum.
481 1967 749 2025 Odoratus
801 1978 984 2022 autem
1033 1969 1086 2022 in
1122 1967 1357 2022 secundo
1398 1984 1425 2020 a
1471 1966 1699 2020 Domino

145 2068 508 2124 consecratur;
537 2068 757 2128 propter
780 2060 920 2128 quod
952 2068 1006 2114 et
1053 2058 1164 2114 Noe
1197 2059 1521 2114 sacriﬁcium
1575 2058 1699 2114 boni

141 2151 293 2204 odoris
325 2150 529 2204 obtulit
553 2150 778 2204 Domino
806 2169 820 2202 :
845 2151 986 2206 unde
1016 2151 1216 2206 dictum
1249 2161 1332 2206 est
1361 2169 1373 2202 :
1406 2148 1701 2204 Odoratus—

139 2259 216 2309 que
233 2253 304 2296 est
347 2241 614 2296 Dominus
645 2243 854 2298 odorem
902 2245 1178 2298 suavitatis
1235 2241 1386 2313 (Gen.
1421 2259 1536 2308 vrtt,
1585 2243 1698 2313 2|).

139 2332 278 2387 Porro
323 2342 523 2404 gustus
570 2333 671 2386 fuit
724 2335 776 2392 in
813 2334 1088 2390 Abraham
1143 2333 1485 2405 gratissimus
1544 2333 1696 2399 Deo;

140 2434 332 2493 propter
358 2424 508 2494 quod
537 2433 592 2478 et
620 2426 765 2495 pavit
793 2425 1032 2495 angelos,
1053 2425 1164 2478 imo
1186 2424 1352 2479 Deum
1386 2426 1437 2478 in
1467 2424 1656 2494 angelo
1686 2443 1698 2478 :

146 2515 477 2584 apposuiteis
507 2529 673 2585 panes
722 2515 1066 2570 absconditos
1123 2514 1206 2569 vel
1234 2513 1617 2570 subcinericios
1638 2514 1704 2568 de

138 2609 427 2679 similagine
449 2626 469 2674 ;
494 2617 549 2664 et
595 2608 821 2662 vitulum
854 2617 1096 2664 tenerum
1124 2607 1214 2676 qui
1264 2607 1477 2661 occisus
1519 2613 1604 2664 est
1632 2605 1701 2660 ad

137 2703 326 2770 epulum
355 2709 582 2772 propter
610 2700 865 2771 gaudium
887 2701 1016 2768 quia
1047 2699 1311 2754 revixitet
1339 2699 1592 2754 inventus
1619 2706 1705 2752 est

139 2793 212 2860 qui
236 2794 480 2864 perierat
531 2800 586 2846 et
622 2800 864 2846 mortuus
909 2791 1102 2853 fuerat,
1139 2790 1394 2859 prodigus
1445 2788 1605 2843 ﬁlius.
1632 2788 1706 2843 De

139 2899 224 2950 quo
261 2898 400 2948 sane
421 2890 582 2953 gustu
610 2881 809 2934 dictum
841 2889 924 2938 est
955 2898 967 2933 :
1002 2877 1217 2934 Gustata
1263 2888 1310 2933 et
1367 2879 1553 2943 videte,
1577 2895 1706 2948 quo-

149 2977 264 3028 niam
293 2975 478 3048 suavis
511 2983 585 3027 est
614 2973 865 3032 Dominus
887 2970 1060 3043 (Psal.
1101 2988 1295 3038 χχχιιι,
1348 2972 1424 3042 9).
1477 2971 1707 3027 Auditus

140 3077 316 3132 autem,
347 3077 411 3120 ut
440 3067 657 3135 quidam
691 3065 892 3131 volunt,
927 3066 980 3120 in
1024 3063 1204 3136 Moyse
1231 3081 1261 3120 a
1310 3065 1534 3124 Domino
1563 3063 1706 3118 dedi-

140 3168 302 3220 catur,
332 3157 553 3225 quando
575 3157 641 3212 de
663 3155 804 3212 caelo
819 3155 885 3214 ab
911 3169 977 3212 eo
998 3170 1098 3210 vox
1121 3154 1215 3212 Dei
1241 3156 1420 3209 audita
1444 3163 1546 3221 est,
1562 3154 1705 3210 facta

1804 1969 2034 2038 operarii
2049 1971 2196 2024 hora:
2209 1969 2354 2024 illius
2367 1986 2536 2038 usque
2555 1971 2620 2025 ad
2636 1971 2917 2034 diluvium,
2945 1971 2997 2025 in
3011 1987 3120 2040 quo
3130 1971 3384 2028 nimirum

1806 2069 2046 2130 tempore
2061 2063 2152 2130 qui
2169 2061 2351 2116 labora
2360 2071 2571 2126 verunt,
2595 2079 2716 2116 cum
2735 2063 2865 2117 Abel
2891 2061 3040 2129 justo
3054 2069 3377 2132 receperunt

1803 2150 1966 2222 825
1987 2153 2100 2221 jam
2129 2153 2380 2208 eumdem
2416 2153 2696 2207 denarium
2715 2197 2728 2219 ,
2773 2155 2990 2223 quando
3018 2155 3266 2210 Christus
3289 2153 3385 2208 de-

1805 2243 2015 2298 scendit
2040 2245 2106 2298 ad
2131 2243 2354 2309 inferos,
2385 2252 2438 2298 et
2465 2245 2732 2314 recepturi
2773 2254 2898 2299 sunt
2943 2246 3117 2301 adhuc
3149 2245 3390 2314 plenum,

1805 2347 1926 2385 cum
1973 2340 2084 2387 tota
2117 2333 2196 2388 eis
2225 2333 2604 2394 immortalitas
2652 2332 2815 2388 fuerit
2858 2336 3104 2390 restituta
3154 2335 3205 2390 in
3257 2349 3392 2404 pra-

1806 2422 1996 2477 mium.
2041 2420 2190 2476 Hora
2225 2439 2342 2477 vero
2389 2424 2546 2478 tertia
2591 2422 2729 2488 fuit,
2767 2425 2982 2492 quando
3023 2425 3134 2480 exit
3180 2425 3246 2478 ad
3280 2423 3394 2481 Noe

1811 2513 2071 2568 innovato
2113 2514 2314 2568 mundo
2339 2555 2352 2578 ,
2400 2525 2620 2584 propter
2671 2531 2842 2584 aquas
2875 2515 3079 2576 diluvii,
3129 2532 3393 2586 cumquo

1809 2621 1997 2660 rursus
2028 2614 2244 2674 pactum
2272 2605 2392 2660 iniit
2420 2621 2634 2668 novum,
2673 2605 2873 2662 foedera
2902 2608 3224 2676 composuit,
3257 2621 3395 2676 prte-

1808 2706 1960 2766 ccpta
2004 2697 2172 2762 dedit,
2212 2697 2313 2766 ipsi
2343 2706 2398 2752 et
2427 2698 2619 2754 semini
2651 2698 2768 2767 ejus
2793 2713 2964 2767 usque
2988 2699 3054 2758 ad
3082 2699 3387 2764 Abraham;

1811 2803 1949 2857 quos
1973 2789 2125 2857 quasi
2170 2790 2236 2843 de
2265 2789 2384 2843 [οι-ο
2417 2790 2482 2846 ad
2512 2790 2722 2846 vineam
2759 2791 3038 2860 operarios
3067 2791 3254 2856 misit,
3305 2791 3394 2846 ubi

1807 2894 1901 2934 eos
1929 2881 2084 2950 quasi
2129 2881 2470 2950 negotiantes
2511 2889 2566 2935 et
2597 2879 2746 2940 lucra
2779 2881 3064 2950 praesentis
3105 2881 3283 2938 saeculi
3311 2895 3395 2939 se-

1808 2980 2041 3039 ctantes,
2095 2973 2301 3028 otiosos
2342 2973 2563 3030 invenit.
2592 2971 2809 3029 Otiosos
2836 2975 3078 3042 quidem,
3101 2975 3228 3044 quia
3259 2974 3395 3030 nihil

1808 3065 1950 3132 quod
1997 3065 2277 3134 prodesset
2319 3067 2402 3121 eis
2445 3073 2733 3135 operantes
2769 3067 3007 3133 invenit;
3035 3069 3234 3140 quibus
3276 3071 3352 3123 ait
3378 3111 3392 3133 ,

1811 3152 1891 3208 Ile
1925 3163 1970 3208 et
2012 3171 2098 3210 vos
2129 3155 2184 3214 in
2223 3156 2422 3212 vineam
2460 3171 2649 3212 meam.
2692 3155 2747 3212 In
2783 3155 2906 3214 foro
2941 3158 3157 3226 quidem
3197 3167 3394 3221 erant,

141 3264 162 3299 a
193 3249 431 3304 Domino.
454 3248 629 3314 Quem
644 3248 731 3302 alii
755 3263 972 3302 sensum
1005 3262 1098 3315 per
1133 3247 1325 3312 David,
1351 3257 1409 3302 et
1449 3248 1502 3301 in
1532 3245 1699 3300 David
1733 3248 1781 3313 α
1811 3257 1865 3300 et
1894 3248 2016 3302 ideo
2045 3257 2199 3304 extra
2229 3249 2480 3314 vineam;
2515 3250 2566 3303 id
2592 3259 2675 3304 est
2700 3289 2716 3313 ,
2748 3250 2873 3317 quia
2903 3249 3050 3308 lucra
3083 3251 3265 3308 mundi
3315 3265 3398 3306 se-

141 3339 235 3396 Dco
265 3351 646 3398 consecratum
662 3342 952 3410 amipiunt.
977 3339 1110 3406 Quia
1127 3354 1383 3410 pereum,
1405 3355 1515 3394 non
1527 3339 1708 3394 minus

146 3445 291 3499 quam
318 3447 419 3501 per
446 3430 685 3501 Moysen,
710 3430 956 3487 Christus
978 3431 1336 3500 repromissus
1372 3431 1440 3484 ad
1489 3446 1586 3486 nos
1615 3445 1709 3486 ex-

147 3520 241 3574 ivit
267 3523 331 3576 de
363 3521 535 3577 fructu
571 3525 776 3584 ventris
805 3524 942 3594 ejus.
969 3524 1033 3579 Et
1058 3525 1168 3593 ipse
1195 3525 1251 3580 in
1282 3525 1551 3594 Euphrata
1593 3526 1709 3581 haec

147 3612 322 3674 omnia
349 3613 602 3682 completa
629 3615 855 3680 audivit,
877 3624 932 3670 et
949 3615 1154 3671 invenit
1187 3631 1439 3684 sponsam
1467 3616 1632 3685 ipsius
1653 3617 1707 3670 in

138 3708 333 3776 campis
361 3707 526 3772 silvae,
547 3723 706 3778 quam
755 3706 964 3778 Moyses
1016 3708 1165 3776 prius
1211 3706 1597 3776 Ethiopissam
1654 3706 1707 3760 in

141 3797 291 3868 figura
318 3797 523 3854 Christi
542 3799 701 3860 duxit
731 3815 973 3866 uxorem.
1003 3799 1170 3872 824
1209 3799 1380 3855 Porro
1419 3801 1586 3865 visus,
1615 3801 1707 3870 qui

141 3905 282 3958 supra
314 3905 508 3946 omnes
556 3905 748 3945 sensus
799 3890 1168 3948 honorabilior
1221 3900 1328 3955 est,
1384 3891 1437 3945 in
1474 3891 1706 3945 adventu

141 3979 318 4038 Christi
350 3990 500 4046 totus
526 3980 883 4045 illuminatur.
914 3981 992 4036 De
1027 3981 1222 4052 quibus
1251 3980 1442 4043 oculis,
1473 3980 1598 4050 quia
1633 3981 1711 4033 vi-

139 4071 311 4140 derunt
336 4073 643 4138 Chlisltun,
672 4071 887 4137 dicabat
937 4072 1053 4151 ipse
1097 4073 1165 4128 ad
1212 4071 1529 4143 apostolos:
1556 4069 1710 4125 Beati

139 4162 256 4214 anili
275 4164 375 4233 qui
399 4163 578 4229 uident
605 4178 722 4233 qua:
747 4179 836 4220 nos
863 4162 1063 4218 videtis.

195 4253 312 4322 Hac
341 4254 564 4310 idcirco
619 4253 868 4318 dixerim,
906 4262 965 4307 ut
993 4252 1256 4323 intelligat
1293 4253 1527 4322 prudens
1557 4252 1709 4307 audi-

142 4352 230 4407 tor,
249 4347 388 4416 quia
425 4359 592 4416 opera
611 4343 710 4406 Dei
730 4353 790 4402 .et
813 4345 974 4398 verba
999 4343 1154 4413 plena
1190 4352 1312 4396 sunt
1334 4329 1705 4404 sacramentis.

139 4435 251 4493 Nam
280 4441 434 4496 sicut
459 4439 664 4503 anima,
685 4455 812 4498 cum
840 4440 912 4495 sit
935 4441 987 4493 in
1019 4455 1266 4508 corpore,
1298 4454 1394 4507 per
1427 4440 1524 4494 hos
1553 4440 1710 4508 quin-

139 4544 225 4597 que
251 4547 460 4587 sensus
491 4531 735 4600 corporis
764 4531 908 4586 foras
936 4532 1068 4594 exit,
1125 4539 1181 4584 et
1205 4533 1371 4590 sentit
1401 4546 1658 4600 corporea
1688 4548 1702 4583 :

1812 3342 2120 3408 ctabantur,
2161 3344 2217 3398 in
2260 3343 2624 3414 negotiatione
2664 3343 2844 3398 saeculi
2879 3343 3060 3412 positi.
3106 3343 3396 3413 Propterea

1814 3433 1866 3487 in
1903 3433 2020 3488 loro
2049 3450 2142 3489 eos
2187 3435 2461 3490 invenisse
2489 3450 2649 3503 quam
2682 3442 2828 3490 recte
2855 3434 3068 3490 dicitur.
3110 3433 3209 3494 Ubi
3241 3435 3392 3504 juxta

1811 3525 1969 3580 aliam
1999 3527 2308 3594 parabolam
2337 3543 2475 3581 uxor
2505 3525 2711 3580 venalis
2741 3524 2976 3589 ducitur,
3013 3525 3136 3579 villa
3169 3523 3392 3589 emitur,

1811 3627 1864 3673 et
1890 3619 2018 3688 juga
2068 3619 2229 3673 boum
2269 3617 2507 3689 quinque
2549 3619 2868 3687 probantur.
2917 3616 3123 3671 Idcirco
3165 3616 3289 3671 dum
3340 3615 3392 3670 in

1814 3711 1930 3765 foro
1975 3719 2102 3766 sunt
2143 3711 2296 3774 tales,
2329 3727 2502 3781 neque
2533 3712 2602 3765 ad
2629 3711 2845 3780 nuptias
2887 3710 3092 3778 sponsi,
3135 3724 3310 3778 neque
3340 3708 3392 3762 in

1809 3801 2023 3854 vineam
2053 3800 2281 3865 Christi,
2307 3800 2620 3871 temporalia
2653 3808 2858 3854 tantum
2882 3808 3172 3862 sectantes,
3211 3798 3393 3852 venire

1812 3898 1866 3943 et
1909 3892 2121 3960 operari
2154 3893 2204 3945 in
2237 3907 2300 3945 ea
2333 3899 2580 3960 possunt.
2617 3889 2786 3946 Porro
2819 3889 2882 3944 ad
2914 3889 3183 3944 Abraham
3211 3898 3394 3957 pater-

1811 3977 2042 4037 familias
2071 3982 2245 4050 qttasi,
2278 3983 2407 4035 hora
2439 3991 2585 4036 sexta
2617 3981 2742 4044 emit,
2783 3996 2905 4039 cum
2937 3993 3060 4036 eum
3083 3979 3250 4042 Etiam
3297 3979 3394 4034 ho-

1812 4073 1974 4140 spitio
2010 4073 2284 4142 suscepit,
2321 4088 2384 4128 ac
2412 4072 2603 4130 deinde
2644 4088 2780 4128 nova
2831 4079 3098 4142 praecepta
3137 4070 3309 4136 dedit,
3339 4081 3394 4128 et

1812 4166 1994 4220 multis
2015 4180 2139 4220 eum
2169 4165 2401 4220 erudivit
2425 4165 2708 4230 doctrinis,
2733 4173 2786 4219 et
2816 4165 3048 4222 instituit
3076 4163 3390 4234 disciplinis,

1813 4274 1935 4312 cum
1960 4273 2066 4327 quo
2095 4265 2312 4327 pactum
2348 4256 2652 4314 testamenti
2683 4255 2827 4318 fecit,
2861 4265 2915 4309 et
2940 4255 3157 4325 quodin
3187 4255 3392 4314 semine

1811 4350 1927 4419 ejus
1951 4348 2256 4404 benedictio
2280 4347 2519 4404 omnium
2557 4348 2796 4416 gentium
2827 4346 3006 4407 futura
3035 4354 3200 4411 essen
3228 4346 3390 4400 etiam

1813 4455 1936 4497 cum
1978 4440 2288 4510 juramento
2326 4439 2581 4498 ﬁrmavit.
2625 4437 2717 4498 Sic
2747 4438 2891 4507 quod
2931 4452 3076 4501 eum,
3111 4444 3165 4490 et
3204 4451 3392 4490 ornues

1812 4532 2003 4586 Patres
2049 4538 2102 4586 ct
2134 4530 2473 4598 patriarchas
2497 4571 2510 4590 ,
2565 4529 2657 4600 qui
2703 4544 2768 4582 eo
2804 4528 3023 4584 fuerut
3061 4529 3114 4582 in
3153 4537 3393 4598 mmporc

136 4619 195 4673 ita
216 4620 602 4695 Christusper
625 4621 722 4676 has
767 4622 1004 4691 quinque
1046 4629 1251 4686 aetates,
1279 4636 1343 4675 ac
1393 4621 1439 4676 si
1463 4635 1560 4690 per
1583 4622 1710 4675 toti~
1734 4610 1788 4669 D
1815 4634 1983 4688 usque
2029 4619 2096 4672 ad
2135 4616 2384 4689 Moysen,
2430 4617 2515 4671 vel
2549 4616 2742 4678 melius
2784 4632 2952 4687 usque
2981 4618 3046 4672 ad
3083 4617 3293 4684 David,
3340 4618 3394 4670 in

136 4712 238 4768 dem
263 4715 464 4782 horas,
491 4715 643 4780 exiit,
673 4729 795 4768 cum
826 4715 895 4769 sit
923 4715 1120 4783 ubique
1167 4720 1337 4779 totus,
1381 4714 1505 4770 dum
1565 4714 1706 4782 seip-

133 4818 233 4858 surn
257 4805 614 4877 manifestius
645 4805 899 4864 innotuit.
923 4814 978 4860 et
1017 4805 1229 4874 legibus
1275 4807 1389 4861 suis
1438 4821 1532 4861 eos
1557 4804 1712 4860 insti-

135 4901 292 4962 tuens,
313 4896 800 4964 venitcoodueere
851 4897 1128 4965 operarios
1163 4899 1218 4950 in
1275 4897 1484 4950 vineam
1535 4911 1710 4960 suam,

132 4984 208 5050 qui
237 5002 334 5041 nos
351 5001 466 5059 per
509 4985 608 5044 hos
651 4985 893 5056 quinque
928 5001 1118 5040 sensus
1172 4985 1312 5040 male
1340 4986 1406 5038 ad
1441 4985 1712 5040 exteriora

133 5074 360 5153 diﬂ'usgs,
397 5078 550 5134 intus
575 5078 641 5148 ad
671 5093 729 5133 se
767 5077 1149 5148 benignissime
1205 5085 1505 5141 revocaret,
1535 5091 1601 5130 ne
1627 5075 1709 5134 f0-

131 5171 374 5244 rasrnale
406 5168 675 5238 prolapsa:
723 5169 918 5223 anima;
966 5168 1183 5238 penitus
1225 5168 1547 5237 deperirent.
1600 5166 1712 5222 Hoc

130 5258 313 5328 quippe
362 5260 544 5328 eam:
583 5257 707 5330 ςςιιὶι,
772 5274 895 5314 cum
939 5274 1041 5330 per
1082 5258 1318 5326 aliquam
1370 5255 1710 5322 eﬂicientiam

129 5362 238 5401 cum
269 5350 489 5426 sanctis
546 5349 834 5416 Patribus,
890 5365 1028 5408 nova
1072 5350 1310 5421 linstituit
1347 5349 1492 5417 jura,
1539 5359 1714 5420 etpa-

129 5441 200 5493 ris
255 5442 473 5500 {rudera
530 5446 870 5515 repromisit;
913 5445 994 5512 ita
1037 5453 1095 5498 ut
1133 5443 1324 5500 visibili
1383 5444 1553 5504 forma
1599 5443 1714 5504 eiss-

129 5529 241 5586 dem
283 5534 519 5606 sanctis,
563 5550 628 5606 eo
654 5535 707 5589 in
746 5544 988 5604 tempore
1033 5543 1332 5604 appareret.
1383 5533 1516 5588 Nam
1545 5533 1714 5602 primo

126 5637 274 5686 mane
303 5628 464 5692 exiit,
495 5629 711 5698 quando
737 5643 859 5683 cum
889 5629 1060 5684 Adam
1117 5628 1449 5698 protoplasto
1486 5641 1612 5682 suas
1631 5626 1712 5682 le-

125 5728 212 5779 ges
233 5716 482 5771 instituit
505 5726 560 5773 et
577 5728 846 5789 praecepta
873 5718 1050 5782 dedit;
1075 5734 1234 5789 quem
1261 5718 1440 5787 posuit
1477 5718 1528 5770 in
1555 5732 1712 5785 para-

128 5807 237 5862 diso
293 5819 356 5864 ut
384 5820 702 5881 operaretur
757 5820 810 5866 et
867 5812 1160 5876 custodiret
1199 5811 1382 5874 illum;
1440 5825 1561 5864 cum
1607 5824 1713 5877 quo

1813 4711 2027 4768 vineam
2061 4725 2212 4764 suam
2245 4709 2428 4772 misit,
2476 4724 2584 4764 non
2615 4717 2673 4761 ιιι
2707 4709 2816 4762 otio
2848 4709 2901 4764 in
2931 4725 2992 4764 ea
3019 4708 3178 4764 locati
3213 4717 3390 4776 torpe-

1816 4811 1958 4866 rent,
1992 4802 2085 4855 sed
2116 4783 2174 4854 ιιί
2199 4799 2509 4854 laborarent
2536 4811 2592 4854 et
2617 4801 2927 4856 excolerent
2957 4816 3099 4857 eam.
3133 4800 3334 4856 Deinde
3360 4816 3392 4875 a

1818 4893 2020 4964 Moyse,
2044 4892 2126 4946 vel
2157 4909 2185 4945 a
2224 4893 2413 4956 David,
2465 4891 2619 4959 cujus
2655 4894 2722 4949 de
2765 4896 2973 4952 semine
3014 4905 3067 4950 et
3103 4894 3171 4949 de
3213 4893 3391 4947 fructu

1818 4989 2022 5045 ventris
2043 4985 2160 5055 ejus
2189 4985 2547 5055 repromissus
2575 4994 2659 5043 est
2685 4987 2950 5052 Christus,
2982 5001 3076 5044 eos
3113 4995 3167 5041 et
3206 4999 3394 5042 omnes

1816 5076 2049 5132 cultores
2084 5075 2204 5130 fidei
2234 5117 2248 5140 ,
2295 5091 2360 5132 ac
2386 5075 2432 5129 si
2459 5076 2756 5146 operarios,
2785 5077 2900 5146 ipse
2927 5078 2979 5138 in
3007 5077 3212 5148 vineam
3239 5091 3393 5132 suam

1816 5167 2090 5222 conduxit.
2124 5165 2253 5233 Quae
2287 5167 2460 5236 vinea,
2505 5175 2642 5228 teste
2685 5166 2980 5236 Propheta,
3013 5166 3202 5226 domus
3229 5163 3394 5224 Israel

1816 5267 1932 5312 erat
1949 5272 2012 5311 ex
2039 5257 2270 5328 Egypto
2294 5257 2552 5313 translata
2575 5268 2628 5312 et
2655 5259 3066 5328 transplantata,
3091 5274 3210 5327 quae
3235 5257 3391 5313 vinea

1816 5351 2108 5405 vocabatur
2157 5348 2376 5414 Soreclt,
2419 5349 2470 5403 id
2497 5358 2580 5404 est
2607 5349 2790 5402 electa.
2830 5349 2886 5402 In
2918 5364 3022 5416 qua
3052 5348 3210 5417 plane
3237 5347 3394 5404 vinea

1823 5442 1998 5498 omnis
2037 5439 2126 5494 ille
2154 5440 2408 5509 antiquus
2449 5449 2504 5495 et
2541 5440 2834 5496 llebraicus
2864 5439 2956 5496 Dei
2985 5439 3211 5509 populus
3243 5438 3392 5494 labo-

1825 5533 1994 5596 ravit;
2049 5546 2183 5599 quos
2209 5531 2325 5609 ipse
2358 5529 2746 5599 paterfamilias
2771 5570 2786 5593 ,
2815 5528 3066 5586 Christus
3102 5529 3392 5596 videlicet,

1823 5622 1891 5676 ab
1918 5624 2032 5692 ipso
2064 5621 2244 5674 mundi
2286 5621 2507 5675 exordio
2542 5619 2735 5690 elegit,
2791 5629 2951 5690 atque
2981 5621 3213 5675 instituit
3241 5621 3307 5684 ad
3336 5620 3398 5681 ii:-

1822 5715 1962 5768 dem.
1991 5713 2057 5767 Et
2079 5712 2236 5782 quasi
2265 5720 2442 5768 erecta
2473 5711 2650 5776 linea,‘
2677 5729 2773 5782 pcr
2800 5730 2988 5772 omnes
3011 5715 3200 5772 Patres
3219 5723 3275 5771 et
3302 5730 3398 5786 pa-

1825 5806 2090 5861 triarchas
2114 5821 2282 5874 usque
2312 5804 2378 5858 ad
2407 5804 2654 5860 eumdem
2681 5805 3175 5870 Christutn,eorntn
3198 5823 3396 5879 genea-
