4008 6354
637 403 739 458 679

1446 401 1504 452 S.
1550 398 1902 455 PASCHASII
1939 394 2284 453 RADBERTI
2321 392 2611 451 ABBATIS
2649 391 3106 450 CORBEIENSIS

3722 405 3799 459 680

634 514 829 585 logiatn
853 511 1066 568 erudire
1095 518 1149 565 et
1172 511 1452 566 instituere
1479 513 1546 566 ad
1581 512 1738 568 fidem
1770 529 1874 568 non
1907 512 2134 577 destitit,
2155 520 2208 566 et
2235 513 2287 572 Α
2310 511 2483 565 cedem
2507 525 2678 572 suam,
2705 509 2955 578 incipiens
2982 525 3014 560 a
3041 507 3325 561 novissimis
3356 525 3503 579 usque
3536 512 3595 564 ad
3629 518 3796 585 primos'

635 620 731 676 per
759 605 975 660 eosdem
1003 602 1282 667 laborare,
1314 602 1588 667 excolere,
1634 604 1876 658 eamdem
1918 603 2084 673 826
2124 602 2206 655 vi-

638 711 794 751 neam
818 693 1041 749 minime
1064 693 1318 749 cessavit.
1355 691 1436 746 Ad
1472 692 1801 746 undecimam
1826 708 1964 756 vero,
2002 691 2116 758 jam
2145 691 2212 745 ad

639 795 826 858 gentes
851 785 1150 843 secundum
1173 784 1693 856 Scripturaesanctm
1727 783 2172 854 repromissiones
2195 823 2210 848 ,

639 881 950 936 incarnatus
977 878 1151 944 exiit,
1191 885 1247 934 et
1281 877 1428 931 venit
1479 877 1532 932 in
1584 879 1874 944 mundum,
1916 877 2216 932 conducere

638 970 917 1041 operarios
970 969 1026 1025 in
1077 968 1321 1025 eamdem
1366 968 1579 1023 vineam
1638 968 1860 1023 electam
1902 982 2062 1036 quam
2113 965 2213 1022 sibi

642 1061 929 1131 acquisivit
958 1060 1013 1115 in
1041 1058 1266 1114 brachio
1289 1058 1620 1113 fortitudinis
1651 1067 1865 1123 suae,.ct
1893 1074 1954 1112 ex
1983 1057 2216 1127 Ailgypto

642 1150 870 1206 educere
890 1149 1118 1214 curavit,
1144 1156 1206 1202 ut
1231 1164 1337 1203 una
1376 1156 1521 1203 esset
1561 1147 1714 1203 vinea
1739 1189 1752 1211 ,
1783 1148 2022 1216 sociique
2048 1145 2217 1200 culto-

645 1257 732 1297 res
766 1241 821 1295 in
855 1240 988 1306 fide,
1028 1247 1084 1295 et
1111 1239 1538 1312 .comparticipes
1577 1239 1782 1308 praemii
1827 1238 1985 1294 sicuti
2036 1246 2090 1292 et
2139 1236 2218 1291 la-

641 1333 811 1388 boris.
849 1331 932 1387 Ad
980 1339 1116 1400 quas
1154 1345 1275 1386 cum
1317 1329 1556 1386 venisset
1589 1329 1730 1384 Deus
1783 1329 1944 1385 homo
2001 1328 2176 1382 factus
2200 1368 2215 1392 ,

644 1421 851 1479 invenit
870 1435 962 1476 eos
986 1420 1052 1476 de
1075 1420 1324 1492 gentibus
1344 1428 1548 1476 stantes
1572 1427 1726 1474 extra
1756 1419 1993 1473 vineam.
2013 1418 2218 1483 Quibus

644 1512 821 1566 dicit:
856 1510 995 1577 Quid
1025 1511 1108 1565 hic
1135 1512 1285 1565 statis
1335 1520 1442 1564 tota
1485 1510 1570 1564 die
1618 1510 1824 1563 otiosi?
1869 1508 2218 1578 Nequaquam

645 1601 900 1657 sectanda
936 1609 1061 1657 sunt
1098 1601 1449 1658 deliramenta
1486 1601 1864 1656 haereticorum
1893 1601 1983 1669 qui
2012 1599 2218 1664 dicunt,

644 1691 788 1761 quod
842 1690 964 1746 ideo
1006 1691 1181 1761 parati
1227 1690 1474 1746 dicantur
1507 1699 1653 1745 stare
1693 1691 1761 1744 ad
1803 1705 1936 1759 opus
1980 1697 2091 1743 tota
2137 1689 2222 1742 die

644 1782 833 1847 otiosi,
872 1797 938 1838 eo
978 1783 1120 1852 quod
1166 1782 1221 1836 in
1260 1779 1569 1838 caelestibus
1609 1781 1802 1835 animae
1852 1788 2073 1836 remotae
2115 1794 2220 1833 non

645 1875 860 1930 fuerant
886 1874 1166 1948 conductae
1194 1873 1248 1927 in
1273 1871 1456 1928 labore
1482 1871 1683 1941 operis,
1715 1871 1807 1926 sed
1833 1879 2036 1939 paratas
2065 1879 2123 1922 ut
2151 1868 2218 1922 ad
2249 1859 2296 1919 B

645 1964 872 2038 corpora
894 1967 1162 2021 venirent.
1195 1963 1344 2019 Unde
1369 1964 1468 2029 ita,
1492 1963 1764 2033 inquiunt,
1788 1961 2025 2030 loquitur
2042 1961 2216 2014 Evan-
2252 1995 2253 1998 η

647 2059 864 2130 gelium,
892 2056 1044 2128 quasi
1066 2054 1284 2126 plurimi
1309 2061 1491 2110 essent
1515 2052 1607 2122 qui
1642 2052 2090 2115 conducerentur,
2116 2065 2218 2104 non

646 2157 826 2203 autem
877 2155 932 2201 et
978 2147 1071 2216 qui
1121 2145 1500 2200 conducerent.
1542 2141 1707 2197 Multa
1746 2141 1963 2211 quidem
1997 2155 2064 2194 ex
2118 2139 2220 2193 hoc

647 2239 901 2312 parabola
931 2237 1008 2292 illi
1049 2237 1129 2293 sic
1157 2237 1269 2292 suis
1297 2233 1642 2306 allegorizant
1689 2232 1934 2287 sensibus
1957 2271 1972 2295 ,
2011 2238 2068 2284 ut
2117 2230 2220 2284 mi-

647 2341 835 2389 sceant
879 2346 1007 2386 suos
1041 2344 1255 2386 errores
1305 2327 1500 2383 divinis
1551 2324 1940 2396 aenigmatibus.
1986 2323 2090 2377 Sed
2124 2337 2222 2377 nos

647 2442 740 2481 eos
780 2435 893 2481 tota
937 2425 1023 2480 die
1063 2424 1266 2479 otiosos
1303 2421 1533 2477 stetisse
1559 2420 1814 2484 dicimus,
1858 2419 1980 2488 quia
2021 2433 2127 2472 non
2168 2417 2219 2471 in

646 2518 830 2575 labore
855 2517 989 2589 legis
1015 2515 1252 2580 fuerunt,
1281 2530 1390 2570 non
1420 2515 1474 2570 in
1497 2514 1678 2584 aliqua
1719 2513 1816 2568 Dei
1848 2513 2090 2578 cultura,
2128 2510 2221 2566 sed
2261 2547 2267 2552 -

646 2611 785 2667 male
821 2608 1227 2665 stabantcotiosi
1259 2606 1370 2661 suis
1409 2605 1622 2676 juribus
1667 2604 2028 2668 decertantes,
2058 2601 2223 2658 erecti

645 2710 832 2759 contra
857 2702 1026 2757 Deum
1057 2715 1124 2756 ne
1155 2699 1456 2755 crederent.
1503 2696 1732 2752 Stabant
1761 2704 1940 2750 autem
1977 2710 2040 2749 ac
2071 2694 2116 2749 si
2148 2693 2225 2746 la-

644 2794 797 2864 pides
831 2793 1042 2857 erecti,
1087 2807 1224 2862 quos
1263 2790 1564 2845 adorabant
1604 2788 1659 2843 in
1699 2788 1858 2852 deos,
1902 2785 2105 2841 similes
2145 2784 2226 2839 eis

645 2885 810 2950 facti;
845 2900 944 2940 nec
970 2883 1473 2955 proficiscebantur,
1505 2881 1599 2935 sed
1625 2879 2017 2950 permanebant
2041 2877 2226 2930 immo-

646 2975 780 3032 biles
813 2984 922 3031 tota
948 2976 1054 3040 die,
1083 2991 1148 3030 ac
1175 2974 1219 3029 si
1243 2974 1310 3028 ab
1342 2971 1496 3026 initio
1533 2970 1711 3026 saeculi
1754 2983 1920 3039 usque
1951 2969 2004 3022 in
2049 2966 2226 3022 novis-

648 3068 844 3123 simum
895 3075 1106 3136 tempus
1139 3065 1401 3120 adventus
1422 3061 1647 3116 Christi.
1679 3060 1833 3116 Unde
1861 3067 1916 3113 et
1942 3057 2178 3113 Joannes
2209 3075 2222 3110 :

649 3158 850 3224 Filioli,
884 3159 1160 3213 novissima
1195 3157 1326 3210 liora
1361 3164 1434 3210 est
1480 3153 1531 3226 (1
1561 3154 1720 3208 Joan.
1758 3169 1833 3218 ιι,
1884 3151 1992 3215 18).
2033 3151 2089 3205 In
2119 3165 2224 3220 qua

650 3253 694 3308 si
713 3249 928 3321 quidem
943 3250 1076 3304 hora
1103 3254 1414 3303 constanter
1433 3214 1785 3315 interroganti
1810 3242 1895 3298 vel
1924 3214 2222 3310 increpa-nti
2251 3214 2298 3277 δ

649 3343 872 3408 dicunt,
927 3341 1054 3411 quia
1098 3356 1247 3394 nemo
1278 3354 1369 3392 nos
1413 3335 1680 3390 conduxit.
1724 3334 1911 3389 Nullus
1935 3335 2130 3402 quippe
2159 3332 2226 3385 ad

650 3455 742 3496 eos
782 3437 1111 3510 patriarcha,
1159 3434 1336 3489 nullus
1364 3428 1626 3502 propheta
1655 3437 1914 3494 venerat,
1945 3426 2228 3495 nullusque

650 3533 840 3588 doctor
884 3530 1030 3596 vitae,
1072 3527 1249 3582 nullus
1276 3525 1596 3597 prcedicator
1647 3521 1856 3576 salutis.
1911 3519 2049 3586 Quid
2099 3532 2228 3586 ergo

649 3632 731 3679 est
762 3622 942 3679 dicere
973 3640 986 3676 :
1029 3620 1196 3674 Nemo
1225 3633 1317 3672 nos
1343 3616 1592 3671 conduxit
1618 3615 1643 3667 ?
1671 3614 1775 3669 nisi
1806 3613 1930 3683 quia
1962 3613 2085 3666 vitae
2117 3611 2232 3664 vias

650 3730 807 3772 nemo
864 3713 1021 3769 nobis
1074 3708 1406 3782 praedicavit.
1448 3708 1516 3761 Et
1568 3706 1868 3762 notandum
1910 3705 2055 3775 quod
2090 3717 2230 3756 unus

650 3804 1036 3878 paterfamilias
1061 3811 1165 3866 est,
1189 3800 1280 3870 qui
1306 3815 1404 3870 per
1431 3814 1593 3854 omne
1628 3806 1838 3866 tempus
1871 3795 2051 3851 saeculi
2073 3794 2232 3864 quin-

650 3899 804 3967 quies
832 3905 916 3951 est
957 3907 1238 3965 egressus,
1281 3900 1336 3946 et
1381 3891 1435 3944 in
1477 3889 1770 3945 novissima
1810 3888 1928 3942 vice
1973 3895 2143 3942 totum
2174 3899 2232 3938 se

651 3987 898 4043 exhibuit
931 3994 992 4040 ut
1020 3985 1197 4039 fuerat
1231 3981 1592 4051 repromissus
1623 3981 1765 4035 Deus
1801 3980 1963 4034 homo
2010 3979 2185 4032 factus
2215 4015 2230 4041 ,

652 4091 715 4138 ut
745 4078 1150 4136 inconfusibiles
1175 4074 1453 4146 operarios
1476 4075 1696 4130 doceret
1713 4073 1936 4127 verbum
1963 4069 2230 4134 veritatis,

653 4181 709 4228 et
753 4170 991 4225 mitteret
1042 4167 1096 4221 in
1143 4166 1356 4220 vineam
1400 4177 1553 4217 suam
1582 4202 1597 4228 ,
1628 4162 1743 4230 ipse
1778 4160 1904 4216 vitis
1939 4175 2067 4214 vera
2090 4198 2104 4224 ,
2137 4174 2234 4228 pro

654 4260 907 4318 mercede
956 4257 1165 4314 denarii
1213 4255 1609 4320 mercenarios,
1648 4263 1709 4307 ut
1733 4268 1828 4324 per
1864 4268 2026 4323 opera
2061 4251 2234 4307 vinem

656 4352 756 4421 ipsi
786 4350 1079 4404 transirent
1107 4349 1162 4402 in
1196 4345 1539 4416 adoptionem
1569 4344 1799 4399 filiorum
1822 4342 1942 4409 Dei,
1966 4353 2020 4398 et
2043 4343 2234 4399 fierent

655 4455 752 4511 per
785 4456 930 4505 eum,
963 4439 1054 4508 qui
1090 4453 1250 4494 verus
1298 4453 1363 4493 ac
1406 4437 1655 4508 proprius
1694 4444 1776 4492 est
1808 4436 1952 4491 ﬁlius
1976 4479 1990 4501 ,
2044 4437 2232 4492 aeterni

2313 601 2606 658 Considera
2631 601 2757 670 quia
2786 617 2902 654 sero
2930 600 3144 664 dicitur,
3182 615 3298 654 cum
3339 600 3452 656 linis
3477 603 3540 656 sit
3563 605 3704 674 ipsius
3722 611 3797 665 diei

2314 709 2417 763 qua
2461 693 2612 748 missi
2645 701 2772 747 sunt
2807 691 3042 762 operarii
3077 691 3131 745 in
3161 691 3366 746 vineam
3391 733 3405 757 ,
3435 703 3484 747 et
3512 710 3606 750 non
3642 698 3687 752 in
3723 701 3800 757 alio

2316 800 2490 838 inane.
2541 783 2693 839 Unde
2728 784 2784 837 in
2811 783 2927 852 ipso
2967 780 3262 850 eademque
3296 782 3398 836 fine
3425 786 3667 854 temporis,
3689 800 3801 846 ante.

2315 889 2475 945 quam
2509 873 2600 928 illa
2629 874 2788 929 beata
2818 873 3096 929 illucescat
3141 872 3274 936 dies,
3314 871 3558 939 judicium
3593 888 3662 932 est
3697 878 3803 934 fulu-

2316 979 2455 1019 rum.
2506 963 2574 1018 Et
2618 963 2956 1020 discernendi
3004 969 3129 1018 sunt
3169 960 3298 1030 justi
3324 978 3352 1016 a
3377 966 3733 1033 peccatoribus,
3763 982 3805 1024 ut

2318 1055 2533 1112 tollatur
2562 1055 2760 1124 impius
2782 1053 2865 1125 [ne
2903 1054 3088 1110 videat
3129 1053 3348 1124 gloriam
3389 1055 3496 1110 Dei.
3523 1056 3576 1111 In
3599 1072 3688 1126 quo
3715 1075 3805 1128 pro-

2319 1148 2459 1202 fecto
2478 1146 2698 1215 judicio,
2727 1146 2925 1217 singuli
2954 1149 3070 1202 'sua
3117 1146 3372 1215 recipient
3413 1164 3525 1218 quae
3550 1160 3805 1219 gesserunt,

2319 1242 2524 1298 scilicet
2548 1241 2783 1311 operarii
2812 1240 3002 1305 vineas,
3028 1239 3112 1294 vel
3151 1239 3344 1309 singuli
3369 1240 3600 1309 palmites
3625 1241 3805 1296 fructum

2318 1334 2518 1390 laboris
2544 1334 2657 1404 qui'
2677 1342 2991 1388 manserunt
3021 1332 3076 1386 in
3105 1333 3236 1398 vite,
3267 1333 3456 1402 quibus
3478 1334 3732 1389 reddendus
3749 1346 3807 1389 est

2319 1424 2592 1488 denarius,
2623 1422 2677 1477 id
2701 1433 2785 1478 est
2823 1422 2912 1477 illa
2953 1431 3156 1477 aeterna
3203 1422 3334 1487 vita,
3365 1423 3601 1491 quoniam
3637 1422 3726 1491 ipsa
3749 1434 3808 1478 est

2321 1529 2530 1570 merces
2566 1513 2875 1580 beatorum,
2907 1527 3026 1580 qua:
3056 1512 3308 1567 omnibus
3336 1527 3398 1567 ac
3435 1511 3638 1582 singulis
3667 1528 3748 1566 una
3773 1523 3810 1566 et

2322 1605 2652 1675 sempiterna
2679 1605 2803 1660 erit.
2851 1602 2959 1659 Sed
2995 1603 3049 1658 in
3082 1618 3145 1659 ea
3187 1603 3383 1659 diversi
3427 1604 3606 1672 gradus
3645 1603 3806 1657 merito-

2325 1713 2465 1766 rum,
2492 1702 2714 1766 propter
2741 1694 2871 1749 illud
2899 1694 3043 1763 quod
3071 1693 3288 1757 dicitur,
3328 1693 3449 1763 quia
3467 1693 3642 1748 reddet
3663 1694 3811 1748 unicui-

2323 1805 2427 1858 que
2448 1787 2600 1856 juxta
2630 1803 2791 1857 opera
2823 1802 2937 1842 sua.
2972 1786 3299 1841 Procurator
3329 1795 3498 1840 autem
3520 1785 3627 1855 quis
3657 1787 3729 1850 sit,
3750 1787 3808 1839 cui

2322 1878 2457 1935 dicit
2503 1878 2928 1949 paterfamilias:
2967 1877 3106 1933 Voca
3137 1879 3421 1949 operarios,
3450 1887 3502 1932 et
3527 1877 3717 1946 reliqua,
3741 1892 3810 1930 non

2322 1971 2592 2026 immerito
2635 1971 2915 2040 quaeritur.
2959 1969 3269 2024 Praesertim
3310 1984 3428 2024 cum
3466 1968 3631 2022 Ariani
3655 1981 3708 2020 ex
3743 1966 3811 2019 hoc

2321 2063 2438 2117 loco
2465 2062 2710 2116 laborent
2735 2077 2888 2117 suum
2919 2059 3138 2115 firmare
3165 2075 3434 2125 errorem,
3461 2059 3674 2114 dicentes
3693 2057 3809 2112 alium

2320 2162 2722 2225 procuratorem
2747 2154 2915 2224 ipsius
2936 2151 3195 2222 Spiritum
3218 2162 3494 2218 sanctum;
3522 2168 3580 2207 eo
3600 2151 3714 2220 quod
3737 2165 3810 2203 non

2323 2244 2502 2309 unius,
2535 2244 2802 2313 inquiunt,
2851 2243 3165 2317 substantiae
3205 2251 3436 2311 possunt
3480 2257 3607 2307 esse,
3641 2256 3720 2295 nec
3743 2254 3816 2293 una

2323 2349 2572 2404 persona,
2609 2351 2781 2405 neque
2826 2335 2906 2390 eis
2935 2349 3042 2388 una
3087 2339 3171 2388 est
3201 2333 3458 2404 dignitas.
3494 2333 3544 2388 Si
3574 2341 3734 2392 autem,
3765 2331 3816 2382 in—

2323 2430 2536 2498 quiunt,
2571 2429 2709 2484 alter
2752 2430 3144 2499 paterfamilias
3167 2440 3278 2495 est,
3319 2438 3373 2484 et
3396 2428 3523 2482 alter
3557 2434 3815 2498 procurator.

2329 2535 2436 2573 non
2483 2529 2567 2575 est
2613 2521 2691 2575 eis
2727 2521 3005 2590 mqualitas
3036 2538 3157 2578 cum
3201 2522 3397 2586 Patre,
3439 2520 3615 2590 quibus
3640 2534 3717 2573 nec
3747 2533 3817 2569 una

2326 2609 2624 2665 substantia
2663 2620 2764 2666 est.
2802 2613 2868 2666 Et
2897 2613 3016 2668 ideo
3057 2615 3239 2669 minor
3289 2613 3453 2668 Filius
3493 2627 3634 2682 quam
3673 2609 3816 2668 Pater.

2326 2699 2504 2755 minor
2527 2701 2689 2754 etiam
2731 2711 2784 2756 et
2824 2701 3057 2771 Spiritus
3085 2712 3311 2760 sanctus
3349 2718 3500 2773 quam
3549 2702 3646 2771 ipse
3682 2698 3815 2752 Filius.

2326 2790 2467 2846 Proh
2523 2792 2706 2847 dolor!
2765 2808 2927 2862 quam
2983 2804 3173 2864 parata
3228 2805 3317 2851 est
3372 2793 3604 2850 haeretica
3646 2789 3820 2862 pravitas

2327 2898 2538 2952 semper
2581 2901 2701 2954 qua:
2740 2893 2888 2940 recta
2930 2894 3055 2940 sunt
3090 2889 3414 2956 depravare,
3452 2895 3503 2941 et
3528 2884 3654 2940 veris
3671 2895 3819 2936 venena

2329 2972 2583 3029 falsitatis
2624 2975 2872 3032 miscere.
2927 2977 2995 3030 Et
3057 2977 3178 3032 ideo
3241 2978 3538 3050 diligentius
3583 2973 3820 3046 perquirere

2328 3074 2575 3134 oportet,
2636 3067 2736 3122 iste
2765 3068 2886 3136 quis
2931 3069 3000 3123 sit
3041 3078 3369 3138 procurator
3393 3111 3406 3135 ,
3463 3084 3606 3139 quem
3632 3064 3823 3120 Dominus

2331 3155 2500 3210 vinea:
2535 3170 2600 3210 ac
2639 3157 2682 3210 si
2725 3157 3025 3227 subjectum
3064 3167 3248 3226 vocat,
3283 3175 3351 3215 ne
3379 3158 3511 3215 forte
3533 3159 3580 3213 in
3608 3154 3821 3212 Trinitate,

2329 3263 2447 3316 quae
2476 3247 2618 3302 Deus
2669 3257 2784 3314 est,
2825 3251 3022 3319 gradus
3059 3251 3228 3322 (quod
3282 3253 3441 3323 absit)
3481 3261 3539 3306 ut
3576 3247 3730 3304 Ariani
3759 3259 3822 3295 vo-

2329 3337 2467 3401 lunt,
2498 3338 2583 3392 vel
2614 3338 2718 3392 ulla
2741 3338 3043 3394 differentia
3070 3339 3310 3412 fingatur
3330 3341 3492 3412 828
3516 3341 3638 3394 inter
3652 3336 3823 3390 Patrem.

2330 3436 2384 3483 et
2413 3427 2629 3492 Filium,
2661 3436 2716 3483 et
2746 3427 3005 3498 Spiritum
3031 3439 3305 3496 sanctum,
3332 3447 3452 3486 cum
3487 3430 3552 3485 sit
3577 3444 3667 3482 una
3690 3423 3825 3480 deitas.

2329 3534 2437 3573 una
2462 3519 2785 3584 substantia,
2818 3519 2999 3586 Pater,
3033 3529 3089 3576 et
3112 3520 3307 3585 Filius,
3341 3531 3395 3577 et
3417 3521 3632 3592 Spiritus
3650 3521 3823 3572 sanctus.

2330 3626 2547 3680 unaque
2570 3611 2871 3680 aequalitas.
2901 3611 3244 3683 Quapropter
3274 3614 3402 3669 licet
3431 3613 3644 3683 Spiritus
3665 3616 3824 3663 sanctus

2325 3701 2449 3771 jure
2475 3702 2582 3757 dici
2615 3702 2787 3771 possit
2823 3712 3163 3772 procurator,
3191 3707 3354 3761 'sicut
3382 3713 3437 3762 et
3461 3701 3753 3760 consolator,
3775 3703 3826 3746 la-

2332 3807 2456 3846 nien
2481 3791 2779 3846 absolutius
2799 3791 2888 3846 ille
2908 3793 3044 3849 ordo
3065 3793 3348 3863 angelicus
3368 3801 3664 3864 procurator
3677 3785 3829 3844 dicitur.

2333 3884 2426 3953 qui
2453 3899 2640 3939 curam
2656 3885 2793 3956 gerit
2821 3885 3188 3942 Ecclesiarum
3219 3889 3342 3945 Dei.
3372 3888 3639 3956 Quoniam,
3661 3883 3765 3937 sicut
3781 3875 3830 3928 ait

2333 3977 2642 4047 Apostolus,
2659 3988 2860 4049 quanto
2881 3991 3123 4051 tempore
3142 3981 3324 4039 hazres
3344 3981 3590 4054 parvulus
3610 3986 3698 4039 est,
3716 3982 3832 4039 υεφιε

2335 4069 2400 4122 ad
2430 4069 2754 4138 praefinitum
2785 4080 2996 4142 tempus
3037 4087 3069 4126 a
3099 4080 3256 4142 patre
3303 4075 3405 4130 sub
3435 4069 3679 4128 tutoribus
3709 4073 3770 4118 es!
3797 4067 3831 4112 ει

2334 4161 2694 4227 curatoribus,
2748 4163 2821 4216 ita
2867 4171 2922 4218 et
2971 4162 3210 4218 Ecclesia
3270 4163 3474 4220 Christi
3546 4160 3637 4218 sub
3688 4153 3834 4211 eisdem

2334 4255 2777 4324 procuratoribus
2836 4264 3086 4310 servatur
3135 4257 3459 4326 Spiritibus,
3510 4254 3595 4325 qui
3629 4241 3836 4308 constituli

2335 4352 2459 4398 sunt
2488 4359 2518 4398 a
2547 4345 2764 4400 Christo
2795 4346 2850 4404 in
2879 4347 3183 4402 ministerio
3227 4357 3564 4413 sanctorum,
3601 4357 3716 4416 quos
3735 4349 3838 4392 teco-

2335 4451 2524 4490 nomos
2557 4436 2681 4506 jure
2727 4453 3014 4504 vocamus,
3051 4448 3276 4510 propter
3298 4456 3393 4497 eos
3433 4440 3524 4512 qui
3548 4433 3838 4494 haereditate!"

657 4533 835 4588 Patris
866 4530 979 4586 filii.
1011 4532 1118 4586 Nec
1156 4529 1425 4585 immerito
1459 4531 1623 4601 827
1662 4529 1824 4600 igitur
1856 4545 1954 4599 per
1988 4529 2230 4600 singulos
2257 4569 2308 4630 Β
2335 4531 2608 4599 accepturi
2635 4539 2761 4586 sunt
2789 4531 2994 4587 salutis.
3035 4531 3143 4587 Nec
3181 4533 3426 4600 mireris,
3473 4533 3513 4588 si
3553 4545 3677 4588 unus
3708 4532 3843 4579 eorum
3930 4581 3931 4592 χ

657 4622 793 4703 dies,
816 4623 1008 4676 harum
1035 4622 1310 4688 horarum,
1333 4620 1574 4676 Ecclesia
1600 4619 1824 4687 Christi,
1855 4622 2004 4690 quasi
2033 4621 2087 4674 in
2118 4636 2230 4676 me-

658 4714 906 4777 moriam,
934 4712 1117 4767 laudes
1143 4713 1252 4767 Deo
1273 4710 1630 4776 concelebrat,
1657 4720 1716 4765 ut
1738 4725 1796 4767 se
1819 4720 2034 4780 revocet
2070 4712 2137 4765 ad
2167 4720 2247 4767 ea

658 4819 779 4873 qua:
806 4804 952 4858 intus
979 4810 1135 4868 sunt,
1163 4809 1219 4858 et
1238 4802 1305 4856 ad
1333 4802 1495 4856 Deum
1524 4817 1677 4856 mens
1712 4810 1823 4856 tota
1848 4805 2054 4857 redeat.
2083 4802 2233 4857 Unde

658 4893 826 4963 primo
849 4909 1000 4946 mane
1028 4901 1140 4948 tota
1163 4891 1429 4962 colligitur
1459 4891 1513 4945 in
1557 4891 1804 4946 laudibus
1829 4931 1842 4956 ,
1876 4892 2090 4961 quando
2117 4906 2234 4945 ma-

663 4984 862 5041 tutinos
907 4985 1085 5041 dicere
1117 4987 1344 5055 hymnos
1385 4985 1701 5048 consuevit,
1755 4999 1877 5038 cum
1924 4984 2238 5054 eisdemque

660 5080 883 5148 primani
924 5077 1155 5150 jungens
1181 5119 1197 5145 ,
1238 5085 1295 5132 se
1326 5086 1490 5133 totam
1529 5077 1639 5132 Deo
1689 5085 1986 5133 consecrat.
2039 5077 2236 5146 Sicque

661 5170 889 5235 tertiam,
919 5179 967 5224 ct
1007 5179 1228 5236 sextam,
1278 5186 1569 5240 nonamque
1612 5185 1875 5240 peragens
1901 5211 1914 5234 ,
1972 5170 2236 5238 passionis

661 5257 862 5315 Christi
894 5276 1175 5316 recurrens
1202 5262 1448 5332 vestigia,
1479 5261 1802 5330 vespertinis
1833 5261 2079 5316 laudibus
2104 5302 2118 5325 ,
2172 5277 2237 5315 ac

658 5349 706 5405 si
733 5351 784 5405 in
815 5351 1104 5406 novissima
1133 5352 1265 5406 hora
1294 5352 1397 5405 diei
1422 5392 1435 5415 ,
1478 5350 1776 5418 quinariam
1808 5350 2106 5404 vocationis
2134 5367 2233 5406 no~

660 5450 787 5496 stne
832 5441 1059 5496 formam
1113 5443 1164 5496 in
1217 5443 1465 5496 laudibus
1517 5439 1724 5508 explet;
1781 5449 1837 5493 ut
1886 5456 1981 5511 per
2023 5441 2126 5496 hoc
2168 5443 2235 5496 ad

660 5533 874 5590 laudem
904 5550 967 5589 ac
992 5533 1219 5605 gloriam
1244 5531 1520 5588 Creatoris
1548 5531 1628 5586 sui
1672 5532 2037 5600 unusquisque
2060 5547 2120 5588 se
2146 5547 2232 5587 re-

661 5622 817 5679 ferat.

735 5714 865 5770 Cum
887 5735 1002 5773 sero
1022 5729 1193 5774 autem
1223 5723 1420 5788 factum
1455 5729 1607 5783 esset,
1651 5694 1781 5772 dicit
1808 5717 2047 5772 dominus
2077 5721 2235 5774 vinea:

662 5810 991 5862 brocuratori
1026 5826 1120 5864 suo
1150 5822 1166 5860 .'
1218 5806 1352 5862 Voca
1392 5809 1674 5877 operarios,
1710 5817 1755 5861 ct
1787 5807 1940 5863 redde
1969 5807 2072 5864 illis
2099 5826 2234 5864 mer-

2333 4637 2431 4692 pro
2458 4622 2639 4678 multis
2659 4623 2928 4680 introduci
2939 4631 3024 4679 tur
3034 4634 3381 4695 procurator,
3399 4624 3640 4694 quoniam
3660 4627 3706 4674 et
3720 4616 3762 4670 in
3777 4623 3844 4665 sat-

2335 4711 2604 4766 cularibus
2626 4712 2844 4780 litteris,
2869 4730 3032 4784 quam
3055 4731 3197 4786 sarpe
3220 4732 3367 4772 unus
3383 4731 3483 4786 pro
3514 4711 3680 4769 multis
3695 4701 3846 4773 tl'oli'loc

2337 4803 2552 4858 dicitur.
2581 4805 2679 4859 Cui
2702 4805 2920 4873 dicitur,
2955 4805 3094 4861 Voca
3116 4811 3411 4878 operarios,
3444 4793 3846 4878 quoniaminlulla

2342 4895 2472 4960 Dei,
2514 4904 2567 4950 et
2604 4897 2659 4950 in
2710 4913 2842 4953 voce
2879 4898 3223 4970 archangeli,
3260 4899 3466 4955 mortui
3489 4897 3578 4968 qui
3616 4895 3665 4949 in
3690 4885 3848 4946 Christi)

2342 4999 2487 5054 sunt,
2519 4976 2804 5061 resurgent
2828 4993 3011 5061 primi,
3041 4993 3184 5062 quod
3211 5003 3295 5047 est
3323 5008 3448 5048 sero
3472 5001 3655 5045 vocare
3677 4981 3731 5037 ad
3753 4990 3848 5046 prii"

2342 5083 2527 5137 mium.
2552 5083 2789 5150 Quorum
2813 5084 2988 5139 ofﬁcio
3017 5085 3182 5140 etiam
3206 5094 3259 5139 et
3289 5101 3457 5150 nunc,
3487 5078 3685 5154 quando
3709 5069 3850 5128 animae

2340 5181 2648 5226 sanctorum
2683 5173 2749 5227 ad
2780 5174 3021 5243 requiem
3063 5174 3406 5240 deferuntur,
3447 5169 3656 5228 denario
3691 5168 3851 5219 aeterna:

2337 5264 2461 5319 vitae
2489 5274 2918 5321 remunerantur.
2956 5264 3063 5321 Sed
3085 5281 3182 5336 per
3203 5267 3425 5322 eosdem
3448 5261 3670 5337 angelos,
3685 5253 3851 5327 iube“te

2338 5355 2620 5423 Domino,a
2639 5357 2947 5413 novissimis
2966 5358 3082 5414 haec
3103 5358 3472 5414 remuneratio
3493 5351 3749 5423 incipitur;
3763 5338 3850 5409 qui“

2343 5447 2551 5516 priores
2575 5447 2702 5504 facti
2727 5456 2870 5515 sunt,
2895 5449 2987 5518 qui
3017 5449 3117 5505 sub
3137 5450 3309 5520 gratia
3343 5445 3628 5502 novissime
3651 5430 3852 5492 venerum

2344 5539 2410 5593 ad
2428 5540 2656 5606 vineam,
2672 5557 2832 5611 quam
2855 5541 2945 5610 qui
2969 5542 3068 5596 sub
3090 5540 3205 5611 lege
3217 5555 3385 5612 onera
3404 5540 3536 5610 legis
3547 5530 3850 5606 portaverant,

2343 5637 2398 5684 et
2437 5633 2671 5701 propriis
2713 5633 3043 5689 desudarunt
3078 5633 3369 5690 laboribus.
3406 5629 3658 5699 Quoniam
3697 5615 3853 5701 111³10τέ

2345 5729 2469 5776 sunt
2514 5722 2652 5777 dona
2687 5723 2920 5789 Christi,
2974 5739 3134 5794 quam
3181 5738 3392 5779 merces
3431 5721 3663 5792 legis;ct
3689 5713 3786 5766 ideo
3805 5699 3853 5752 ab

2344 5813 2597 5884 Apostolo
2621 5815 3018 5873 inaestimabiles
3041 5816 3240 5874 divitiae
3267 5807 3472 5873 Christi
3508 5813 3732 5870 dicuntur
3749 5799 3852 5854 doni
