4008 6354
151 389 232 448 681
882 383 1244 443 EXPOSITIO
1283 384 1350 440 IN
1391 382 1828 440 MA'I‘TILEUM.
1871 414 1939 423 —
1978 383 2106 438 LIB.
2147 381 2240 448 IX,
2281 380 2437 436 CAP.
2480 379 2594 434 XX.

3310 372 3416 428 682

151 498 532 559 misericordiae
553 507 610 554 et
648 492 910 554 boriitatis
930 497 1066 567 ejus.
1095 496 1232 553 Nam
1255 513 1464 554 merces
1493 513 1562 554 ex
1589 498 1731 552 dono
1759 500 1809 560 Α
1837 503 1944 552 tem
1975 495 2104 560 diei,
2134 502 2300 551 aestus
2326 509 2392 550 ac
2430 490 2688 565 ponderis
2711 497 3083 562 portaverunt,
3119 489 3416 560 unusquis-

151 594 280 653 nulla
311 601 420 658 est,
447 591 574 662 quia
595 590 825 647 debetur
843 605 913 647 ex
937 606 1132 662 opere;
1162 590 1256 646 sed
1292 590 1580 662 gratuitam
1603 606 1729 662 gra-

151 687 262 741 tiam
293 685 444 739 Deus
463 681 718 737 omnibus
743 695 811 737 ex
839 681 966 745 lide,
995 690 1051 736 et
1067 679 1516 748 justiticationem
1544 679 1728 745 dedit,

149 786 194 833 et
215 791 324 832 non
361 790 431 831 ex
459 773 712 832 mercede
751 772 888 844 legis
929 779 1163 827 tantum.
1196 771 1265 827 Et
1294 771 1418 827 ideo
1439 772 1566 842 quia
1609 787 1725 828 cre-

150 868 270 926 didit
301 866 594 923 Abraham
621 867 756 932 Deo,
798 871 1110 936 reputatum
1139 873 1226 920 est
1251 864 1302 920 ei
1331 864 1399 920 ad
1437 862 1728 933 justitiam.

150 962 393 1026 Attende,
440 975 648 1032 quaeso,
692 972 856 1028 quam
899 955 1162 1013 naturalis
1205 957 1342 1013 ratio
1374 956 1729 1028 praetexitur,

151 1068 256 1108 cum
297 1051 372 1107 ab
419 1049 506 1106 his
544 1048 803 1120 incipitur
835 1047 1241 1114 remuneratio,
1281 1047 1374 1116 qui
1419 1047 1522 1103 sub
1558 1046 1732 1118 gratia

149 1149 450 1198 versantur.
483 1137 714 1209 Semper
737 1137 882 1194 enim
909 1136 1167 1194 libentius
1190 1137 1383 1193 damus
1407 1136 1610 1209 aliquid
1653 1137 1734 1193 eis

151 1236 333 1306 quibus
377 1248 481 1304 pro
510 1232 626 1289 solo
651 1231 858 1289 honore
894 1240 952 1285 et
990 1230 1232 1287 bonitate
1272 1241 1460 1288 nostra
1499 1229 1692 1286 damus
1715 1271 1730 1296 ,

150 1343 296 1398 quam
336 1325 427 1382 his
471 1324 672 1396 quibus
696 1330 924 1395 cogente
953 1323 1204 1380 mercede
1226 1323 1502 1394 quidpiam
1549 1322 1734 1379 reddi-

150 1436 273 1476 mus.
299 1418 444 1474 Nam
468 1431 657 1473 omnes
679 1415 774 1486 qui
796 1423 924 1470 ante
944 1415 1234 1471 adventum
1261 1414 1466 1470 Christi
1490 1413 1732 1480 fuerunt,

149 1511 290 1585 quasi
312 1527 385 1568 ex
407 1509 670 1581 Operibus
707 1507 864 1579 legis,
901 1506 1065 1562 etiam
1107 1506 1165 1563 in
1201 1505 1306 1561 fide
1339 1504 1542 1561 Christi
1576 1503 1737 1572 justi-

149 1606 398 1660 licantur.
441 1600 650 1657 Gentes
694 1612 824 1654 vero
870 1613 970 1669 pro
1035 1596 1150 1653 sola
1201 1595 1574 1653 misericordia
1641 1596 1736 1651 Dei

165 1697 288 1750 lona
351 1701 710 1764 perceperunt
771 1687 984 1745 salutis.
1050 1687 1204 1744 Unde
1266 1688 1344 1743 ait
1395 1687 1733 1760 Apostolus:

149 1783 330 1839 Gentes
373 1793 553 1838 autem
610 1797 770 1851 super
807 1779 1224 1835 misericordiam
1261 1780 1522 1835 honorare
1567 1778 1738 1834 Deum

1834 603 1938 655 que
1973 596 2134 659 prout
2174 595 2398 642 vocatus
2441 593 2546 651 est,
2578 583 2874 640 secundum
2919 598 3229 658 mensuram
3257 584 3418 640 hora-

1834 693 1954 734 rum
1975 685 2032 732 et
2056 677 2233 749 spatia
2261 675 2537 748 temporis.
2566 673 2635 731 Et
2662 673 2782 730 ideo
2807 673 2900 744 qui
2930 673 3094 745 primi
3127 685 3415 741 venerunt,

1835 783 1957 824 cum
1981 769 2180 840 quibus
2205 767 2497 824 conventio
2517 765 2660 822 facta
2689 774 2777 821 est
2800 779 2868 822 ex
2901 764 3143 830 denario,
3171 779 3419 821 murmu-

1835 876 1986 917 rasse
2030 860 2312 927 dicuntur;
2356 858 2602 932 quamvis
2645 856 2826 914 nullus
2844 856 3013 930 830
3050 872 3420 924 murmurans,

1835 960 1928 1006 aut
1955 952 2190 1018 invidus,
2219 966 2443 1024 regnum
2479 950 2742 1008 caelorum
2775 949 3026 1021 accipere
3057 949 3251 1021 possit.
3280 949 3420 1018 Quia

1834 1050 1890 1098 et
1919 1043 2023 1099 ista
2052 1044 2240 1115 itaque
2275 1043 2656 1108 murmuratio,
2684 1029 2794 1098 non
2821 1042 2888 1098 de
2905 1041 3144 1111 justitia,
3174 1041 3270 1097 sed
3296 1056 3424 1113 pro-
3453 1117 3456 1120 ἢ

1837 1135 1981 1192 lecto
2021 1149 2089 1192 ex
2136 1135 2343 1191 invidia
2384 1135 2660 1202 nascitur;
2699 1150 2766 1191 eo
2805 1135 2950 1206 quod
3000 1133 3286 1190 novissimi
3324 1147 3420 1190 co-

1835 1238 2122 1298 aequantur
2136 1227 2216 1282 eis
2240 1227 2295 1282 in
2312 1228 2554 1298 praemio,
2567 1227 2660 1298 qui
2679 1227 2855 1298 prima
2872 1228 3005 1282 hora
3027 1226 3283 1283 conducti
3303 1225 3421 1282 fue-
3500 1243 3503 1305 ί

1836 1328 1981 1385 rant,
2006 1319 2134 1376 licet
2151 1320 2254 1392 ipsi
2278 1320 2590 1393 acceperint
2631 1321 2934 1387 denarium,
2965 1321 3033 1377 de
3059 1335 3168 1391 quo
3189 1335 3425 1378 conven‘
3485 1305 3517 1346 λ

1839 1411 1914 1465 tio
1936 1411 2078 1467 facta
2104 1411 2303 1469 fuerat.
2333 1413 2392 1468 ln
2431 1413 2630 1483 quibus
2651 1413 2895 1484 profecto
2919 1413 3083 1468 rebus
3118 1427 3182 1468 ac
3217 1411 3422 1479 verbis,
3501 1449 3517 1499 ι,

1837 1499 2006 1555 nimia
2035 1502 2345 1559 obscuritas
2373 1511 2477 1570 est,
2514 1504 2620 1559 nisi
2665 1503 2976 1576 diligentius
3004 1505 3139 1572 haec,
3168 1513 3230 1559 ut
3257 1520 3422 1576 para-
3507 1501 3518 1569 ἶ

1837 1590 1960 1646 bola
1982 1591 2325 1650 discutiatur.
2349 1593 2614 1662 Quoniam
2644 1611 2751 1650 non
2779 1610 3134 1666 personarum
3157 1597 3424 1667 acceptio,

1838 1684 1931 1739 sed
1962 1691 2073 1739 tota
2097 1685 2310 1756 justitia
2341 1695 2443 1750 est,
2482 1702 2605 1742 cum
2651 1688 2744 1742 uni
2771 1687 3010 1744 reddidit
3037 1690 3183 1760 quod
3212 1689 3423 1756 debuit,

1837 1784 1892 1830 et
1926 1775 2082 1831 alteri
2108 1777 2331 1833 donavit
2357 1779 2502 1849 quod
2527 1779 2726 1846 voluit;
2760 1789 2816 1835 et
2842 1781 2945 1837 hoc
2964 1790 3048 1837 est
3066 1781 3213 1852 juste
3241 1782 3425 1839 facere

148 1873 322 1946 (Rom.
370 1890 440 1929 xv
465 1913 482 1940 ,
521 1872 612 1944 9).
649 1871 719 1928 Et
761 1872 883 1928 ideo
927 1871 1147 1943 quidem
1205 1871 1272 1927 ad
1332 1887 1447 1928 rem
1497 1871 1733 1943 pertinet
1761 1870 1808 1930 B
1836 1867 1980 1937 quod
2001 1867 2142 1923 volo.
2172 1867 2445 1941 Utrosque
2490 1878 2673 1927 tamen
2708 1871 2880 1942 gratis
2907 1873 3142 1938 vocavit,
3167 1881 3222 1930 et
3263 1873 3316 1928 in
3349 1873 3428 1928 la-

146 1965 399 2022 bouitatis
444 1963 589 2031 Dei,
638 1971 700 2018 ut
739 1962 1019 2019 novissimi
1059 1963 1352 2035 gratuitam
1392 1963 1735 2034 perciperent

146 2059 395 2128 gratiam,
439 2057 567 2113 dum
606 2055 742 2112 nihil
779 2055 1051 2126 prioribus
1088 2056 1143 2111 in
1182 2055 1352 2128 829
1378 2055 1471 2111 illo
1517 2057 1734 2112 defrau-

146 2150 326 2217 datur,
371 2150 459 2206 vel
523 2149 788 2206 minuitur
828 2164 1058 2205 merces.
1112 2149 1256 2221 Ergo
1309 2159 1371 2204 ut
1423 2151 1736 2206 ostenderet

145 2241 278 2298 Deus
335 2240 774 2298 inaestimabilem
827 2240 1254 2296 misericordiam
1303 2256 1492 2308 suam,
1544 2251 1602 2297 et
1650 2242 1734 2298 di-

145 2336 295 2391 vitias
328 2334 594 2390 bonitatis
622 2349 766 2399 suae,
805 2333 1054 2390 ordinem
1096 2350 1203 2389 non
1248 2334 1461 2405 aspexit
1487 2335 1737 2390 humanae

143 2426 597 2498 praesumptionis.
651 2425 804 2482 Unde
850 2440 975 2481 cum
1013 2424 1289 2480 venissent
1331 2425 1528 2496 primi,
1567 2434 1623 2480 et
1653 2426 1735 2481 vi-

146 2520 351 2576 dissent
395 2534 492 2575 eos
528 2518 621 2589 qui
671 2518 818 2574 circa
873 2517 1215 2572 undecimam
1257 2525 1540 2584 venerant,
1594 2517 1739 2572 acci-

143 2628 269 2683 pere
309 2611 552 2683 singulos
594 2610 874 2676 denarios,
909 2609 1153 2664 arbitrati
1194 2620 1314 2664 sunt
1339 2610 1478 2681 quod
1510 2609 1628 2682 plus
1657 2627 1738 2666 es-

143 2716 250 2761 sent
286 2705 570 2776 accepturi,
615 2719 726 2760 non
768 2703 1131 2773 recogitantes
1168 2718 1237 2758 ex
1275 2702 1634 2757 conventione
1670 2701 1738 2756 de

147 2796 372 2852 denario
404 2795 476 2850 ad
509 2809 605 2851 eos
634 2785 800 2860 facta,
827 2808 952 2848 cum
989 2791 1252 2848 vidissent
1274 2791 1569 2848 bonitatem
1598 2791 1736 2862 ejus,

146 2888 232 2958 qui
287 2884 529 2958 singulos
563 2885 784 2956 quando
811 2884 982 2940 voluit
1031 2883 1388 2940 conduxerat.
1435 2882 1544 2940 Nec
1591 2883 1738 2940 enim

147 2986 500 3042 considerant
526 2998 634 3055 qua
663 2981 906 3038 bonitate
935 2981 1052 3047 Dei,
1077 2994 1254 3051 quave
1293 2980 1645 3051 dispositione
1683 2989 1740 3036 et

148 3087 416 3148 potestate
445 3075 704 3132 conducti
736 3082 865 3130 sunt
893 3072 1122 3145 singuli;
1157 3072 1286 3143 quia
1321 3087 1429 3128 non
1465 3072 1520 3127 in
1546 3087 1740 3128 eorum

147 3167 249 3224 fuit
281 3168 512 3224 arbitrio
538 3173 602 3222 ut
642 3165 804 3237 primi
854 3173 1233 3229 nascerentur,
1278 3164 1420 3219 sicut
1461 3179 1564 3220 nec
1607 3165 1740 3220 isto-

1838 1959 1973 2016 bore
2000 1960 2263 2032 praefecit,
2310 1970 2371 2016 ut
2399 1971 2740 2019 mererentur
2764 1963 3030 2034 accipere.
3069 1964 3167 2021 Ubi
3196 1973 3306 2021 tota
3333 1964 3430 2022 Ju-

1836 2052 1991 2109 daica
2018 2053 2188 2119 natio,
2224 2068 2346 2123 quae
2374 2061 2566 2108 vocata
2593 2062 2675 2110 est
2703 2069 2801 2125 per
2828 2055 2928 2110 hos
2955 2055 3193 2125 quinque
3228 2057 3429 2127 gradus

1835 2146 1904 2201 ad
1933 2146 2202 2201 culturam
2228 2145 2422 2211 vinem,
2449 2145 2609 2200 simul
2643 2145 2971 2217 depingitur,
2995 2161 3061 2200 ac
3097 2146 3141 2202 si
3171 2162 3280 2202 uno
3309 2161 3430 2202 cor-

1835 2250 1993 2307 pore,
2033 2237 2087 2290 in
2132 2251 2241 2306 quo
2275 2244 2330 2289 et
2375 2245 2781 2290 murmurantes
2807 2235 2999 2302 fuisse,
3042 2236 3175 2292 nulli
3205 2236 3428 2293 dubium

1836 2337 1941 2394 est,
1974 2337 2138 2398 atque
2179 2329 2408 2384 invidos.
2442 2327 2544 2396 Qui
2592 2329 2746 2399 quasi
2783 2331 2969 2386 senior
2993 2329 3182 2396 frater,
3220 2345 3288 2386 ex
3322 2331 3431 2386 alia

1836 2420 2096 2492 parabola
2127 2420 2181 2474 in
2213 2434 2346 2490 agro
2385 2419 2595 2490 positus
2619 2429 2675 2474 et
2703 2420 2910 2486 labore,
2955 2435 3171 2492 semper
3201 2436 3260 2476 se
3303 2437 3428 2476 cum

1837 2520 1994 2581 patre
2023 2509 2192 2566 fuisse
2229 2519 2511 2577 causatur,
2548 2520 2604 2567 et
2648 2527 2927 2580 nunquam
2967 2513 3283 2568 mandatum
3314 2513 3433 2584 ejus

1837 2602 2167 2672 praeterisse.
2207 2600 2316 2658 Sed
2362 2602 2491 2672 quia
2509 2602 2696 2673 junior
2739 2602 2932 2669 frater,
2982 2619 3108 2659 cum
3154 2605 3258 2660 iste
3299 2604 3433 2659 foris

1839 2701 2009 2759 esset,
2051 2693 2198 2749 intus
2224 2692 2525 2750 clementer
2551 2710 2584 2748 a
2610 2703 2765 2764 patre
2806 2694 3091 2766 recipitur,
3120 2695 3280 2767 eique
3302 2710 3432 2751 con-

1840 2786 2043 2841 vivium
2073 2795 2318 2858 paratur,
2351 2787 2455 2842 iste
2477 2787 2766 2858 indignans
2796 2787 3004 2843 intrare
3027 2789 3328 2844 contemnit
3367 2805 3432 2846 ac

1841 2890 2146 2938 murmurat
2172 2881 2375 2937 invidia
2419 2890 2720 2953 permotus.
2750 2873 2868 2937 Non
2897 2883 3042 2952 quod
3086 2892 3243 2953 pater
3267 2882 3435 2940 nollet

1841 2961 1965 3029 eum
1992 2974 2270 3045 suscipere
2296 2974 2439 3029 inter
2478 2973 2666 3046 epulas
2693 2983 2749 3028 et
2789 2973 3007 3046 gaudia,
3059 2976 3155 3030 sed
3196 2976 3320 3046 quia
3345 2973 3436 3045 ju-

1841 3064 1964 3119 nior
1998 3064 2191 3130 frater,
2234 3064 2288 3118 id
2334 3073 2417 3120 est
2442 3063 2739 3120 novissima
2777 3065 3074 3136 gentilitas,
3101 3075 3433 3138 coaequatur.

1844 3157 2052 3213 intrare
2079 3157 2268 3212 noluit.
2296 3156 2525 3228 Propter
2559 3159 2702 3228 quod
2733 3167 2790 3214 et
2818 3161 2922 3216 hoc
2947 3159 3066 3216 loco
3089 3161 3232 3216 idem
3265 3177 3437 3233 popu-

147 3273 269 3316 rum
312 3269 371 3314 ut
417 3257 724 3314 novissimi.
781 3255 848 3310 Et
885 3255 1008 3311 ideo
1047 3269 1156 3309 non
1187 3253 1336 3325 juste
1377 3263 1741 3320 murmurant,
1771 3247 1819 3310 C
1847 3249 1950 3315 lus,
1997 3249 2139 3306 forte
2186 3248 2515 3320 parabolice,
2548 3265 2898 3306 murmurans
2941 3250 3325 3319 introducitur,
3367 3268 3436 3308 ex

149 3356 274 3425 quia
309 3361 362 3408 et
393 3359 728 3422 acceperunt
768 3347 874 3419 ipsi
901 3347 1144 3420 singulos
1173 3347 1446 3402 denarios.
1487 3347 1742 3418 Alioquin

154 3444 199 3499 si
233 3445 293 3498 in
321 3443 558 3498 hominis
578 3449 726 3497 esset
752 3446 1021 3510 potestate
1045 3437 1263 3508 quando
1289 3445 1626 3504 nasceretur,
1658 3438 1744 3494 vel

148 3550 263 3604 quo
291 3534 475 3588 ordine
496 3532 563 3587 ad
583 3531 804 3587 vineam
825 3529 1028 3586 Christi
1057 3528 1270 3599 Operari
1279 3544 1341 3584 us
1363 3530 1608 3607 veniret;
1633 3528 1746 3584 for-

153 3625 324 3680 tassis
351 3624 560 3696 exigere
599 3625 828 3681 deberet
865 3632 926 3678 ut
951 3622 1136 3694 priora
1175 3623 1466 3693 acciperet,
1497 3622 1590 3693 qui
1635 3623 1744 3694 pri-

149 3733 281 3774 mus
311 3718 365 3772 in
391 3731 550 3788 opere
567 3717 738 3774 vinea:
763 3716 1022 3773 venisset.
1057 3715 1444 3771 Verumtamen
1467 3715 1570 3770 etsi
1600 3730 1742 3771 unus

147 3810 405 3866 omnibus
444 3810 688 3867 redditur
729 3808 1002 3875 denarius,
1050 3808 1105 3863 in
1146 3823 1256 3878 quo
1283 3806 1498 3863 cunctis
1539 3807 1746 3863 Christi

148 3905 329 3976 imago
357 3903 689 3969 ostenditur,
726 3911 783 3957 et
807 3901 919 3955 vita
954 3907 1250 3971 praestatur
1279 3907 1516 3965 aeterna;
1559 3898 1745 3969 profe-

147 4004 233 4049 cto
259 3999 320 4076 in
344 3996 460 4066 ipsa
487 3995 793 4065 eademque
813 3993 924 4048 vita
952 4002 1157 4049 aeterna
1179 3992 1411 4048 diversae
1439 4000 1567 4048 sunt
1592 4008 1746 4048 man-

145 4089 352 4156 siones,
382 4089 687 4145 secundum
711 4088 902 4144 merita
928 4087 1284 4159 singulorum.
1319 4087 1388 4143 Et
1414 4087 1743 4143 ideo-atten-

146 4182 274 4240 dere
304 4193 521 4255 oportet
555 4197 678 4252 quae
719 4182 856 4238 dixit
901 4181 1164 4237 Dominus
1191 4181 1365 4236 vinea:
1402 4181 1745 4252 procuratori

143 4289 266 4342 suo,
303 4283 367 4330 ut
389 4275 662 4346 inciperet
697 4288 729 4327 a
774 4271 1108 4334 novissimis,
1155 4271 1344 4340 sicque
1377 4271 1742 4338 ascendendo,

143 4383 432 4438 quousque
468 4364 782 4437 perveniret
821 4364 888 4418 ad
937 4363 1176 4434 primos;
1220 4369 1279 4416 ut
1314 4362 1478 4432 primi
1525 4361 1742 4432 quidem

140 4461 420 4533 accipiant
445 4459 540 4530 qui
565 4458 713 4514 circa
746 4457 1088 4512 undecimam
1129 4463 1256 4511 sunt
1289 4455 1566 4522 conducti,
1604 4455 1745 4511 sicut

143 4553 284 4610 latro
334 4553 424 4609 ille
471 4553 539 4609 de
569 4566 766 4617 cruce;
820 4549 1043 4606 secundi
1079 4559 1284 4616 autem,
1313 4549 1406 4620 qui
1447 4551 1594 4604 circa
1641 4563 1740 4604 no-

1848 3357 2000 3398 more
2026 3343 2200 3414 magis
2225 3358 2413 3397 eorum
2444 3341 2537 3412 qui
2568 3357 2782 3413 semper
2812 3343 2866 3398 in
2891 3343 3008 3414 lege
3038 3344 3434 3414 gloriabantur,

1847 3448 1903 3494 et
1934 3437 2342 3494 arbitrabantur
2381 3452 2441 3492 se
2485 3436 2737 3492 meliores
2767 3438 2979 3493 cunctis
3018 3439 3292 3509 gentibus,
3328 3456 3436 3495 non

1847 3531 2023 3602 gratia
2052 3529 2170 3595 Dei,
2200 3530 2295 3586 sed
2322 3530 2436 3585 suis
2475 3531 2752 3599 operibus.
2797 3529 2949 3586 Unde
2975 3541 3030 3586 et
3070 3533 3127 3587 hi
3153 3550 3218 3587 ex
3239 3535 3320 3590 eis
3344 3537 3438 3605 qui

1849 3622 2132 3679 salvantur
2159 3636 2268 3677 non
2291 3621 2465 3678 solum
2490 3635 2557 3676 ex
2588 3621 2849 3702 operibus
2877 3622 3032 3693 legis,
3061 3638 3250 3680 verum
3271 3625 3436 3681 etiam

1849 3729 1914 3769 ex
1964 3712 2070 3769 fide
2092 3711 2401 3782 iustiﬁcati,
2434 3728 2556 3767 cum
2607 3711 2754 3768 fideli
2792 3713 3101 3784 patriarcha
3135 3716 3437 3782 Abraham,

1850 3802 2124 3858 interdum
2161 3801 2266 3858 etsi
2311 3816 2689 3858 murmurasse
2727 3803 2983 3858 dicuntur
3026 3820 3178 3860 more
3224 3810 3439 3878 generis

1850 3905 2127 3962 notantur,
2173 3911 2282 3952 non
2337 3896 2459 3953 ideo
2500 3905 2685 3953 tamen
2728 3897 2802 3952 ita
2847 3897 3225 3970 accipiendum
3253 3910 3338 3956 est
3381 3914 3444 3956 ut

1849 4005 2198 4046 murmurans
2218 3997 2315 4044 aut
2351 3988 2586 4055 invidus,
2617 3998 2677 4044 ut
2699 3989 2962 4060 prtemisi,
2989 3990 3186 4062 aliquis
3212 4008 3439 4063 regnum

1850 4082 1945 4139 Dei
1974 4082 2204 4138 introire
2231 4080 2426 4138 debeat
2451 4096 2467 4135 :
2489 4081 2585 4138 sed
2613 4096 2988 4138 murmurasse
3015 4097 3204 4138 eorum
3231 4069 3334 4139 fuit
3362 4086 3443 4141 di-

1849 4175 2110 4232 lationem
2157 4174 2224 4230 ad
2272 4188 2500 4246 regnum
2538 4189 2712 4246 usque
2762 4175 2830 4231 ad
2869 4174 3075 4231 Christi
3125 4176 3440 4245 adventum,

1851 4268 2008 4339 longe
2047 4267 2248 4338 diuque
2269 4266 2438 4322 multo
2459 4282 2584 4323 cum
2613 4266 2885 4324 desiderio
2911 4269 3256 4328 sustinuisse.

1921 4359 2039 4426 Qua
2069 4358 2136 4414 de
2181 4372 2345 4415 causa
2374 4358 2747 4427 quaerendum,
2778 4374 2950 4430 quare
2989 4375 3098 4416 non
3138 4362 3208 4418 ad
3251 4379 3443 4422 omnes

1850 4451 1940 4522 qui
1973 4450 2131 4522 primi
2162 4460 2450 4516 venerunt,
2489 4457 2545 4505 et
2581 4450 2990 4508 aestimaverunt
3017 4455 3160 4523 quod
3202 4456 3322 4526 plus
3363 4477 3442 4515 es-

1852 4551 1974 4600 sent
2016 4543 2317 4614 accepturi,
2348 4550 2503 4613 pater
2544 4541 2780 4598 familias
2825 4545 3186 4615 responderit,
3232 4564 3354 4605 cum
3386 4559 3442 4606 et

141 4659 306 4711 nam;
338 4643 508 4709 tertii,
533 4642 627 4714 qui
655 4641 802 4698 circa
823 4648 1071 4706 sextam;
1101 4639 1303 4711 quarti,
1330 4618 1427 4710 qui
1453 4639 1601 4694 circa
1643 4647 1748 4694 ter-
1775 4618 1826 4680 1)
1853 4650 2229 4692 murmurasse
2260 4633 2550 4690 dicantur?
2576 4632 2684 4690 Sed
2712 4634 2802 4689 uni
2829 4649 3018 4692 eorum
3043 4635 3182 4694 dixit
3201 4659 3215 4694 ε
3234 4640 3442 4708 Amice,

141 4739 314 4804 tiam;
347 4736 633 4794 novissimi
663 4749 811 4801 vero,
845 4735 938 4806 qui
979 4748 1158 4789 mane.
1190 4732 1307 4789 Hoc
1350 4732 1496 4788 enim
1523 4732 1750 4790 dederat
1852 4747 1954 4786 non
1981 4729 2120 4799 facio
2145 4728 2239 4782 tibi
2263 4727 2540 4797 injuriam,
2568 4743 2627 4781 eo
2657 4727 2798 4797 quod
2822 4744 2888 4784 ea:
2910 4729 3128 4785 denario
3155 4736 3440 4789 convenisti

140 4847 210 4886 ex
239 4847 316 4888 eo
341 4829 491 4902 quod
525 4829 679 4895 dicit,
713 4826 898 4883 Redde
925 4826 1034 4881 illis
1067 4826 1377 4892 mercedem,
1423 4825 1680 4896 incipiens
1715 4843 1748 4879 η
1850 4837 2073 4877 mecum.
2108 4819 2235 4884 Ubi,
2267 4826 2529 4886 quantum
2569 4817 2702 4873 mibi
2731 4818 2967 4887 videtur,
3021 4821 3122 4877 etsi
3172 4838 3310 4880 unus
3339 4840 3441 4895 pro

139 4927 453 4982 novissimis
481 4941 644 4996 usque
681 4924 752 4978 ad
774 4922 994 4994 primos,
1031 4923 1126 4994 qui
1155 4929 1358 4992 quanto
1383 4920 1750 4993 proximiores
1852 4912 2105 4969 omnibus
2135 4910 2454 4981 accipiatur,
2480 4909 2630 4980 prior
2650 4910 2785 4965 ordo
2805 4911 3141 4984 designatur,
3168 4912 3294 4969 licet
3323 4929 3440 4970 om-

137 5020 342 5088 gratia:
367 5016 758 5086 redemptionis
785 5024 1007 5081 nostrae,
1038 5022 1190 5070 tanto
1226 5015 1438 5086 priores
1479 5013 1751 5084 accipiant
1854 5021 1953 5063 nes
1980 5003 2149 5060 Judaei
2179 5001 2520 5074 portaverint
2539 5016 2708 5056 onera
2735 5000 2887 5073 legis,
2911 5012 2965 5058 et
2986 5007 3198 5075 pondus
3223 5021 3442 5063 omnes-

139 5109 492 5179 pereasdem
514 5109 685 5164 lineas
711 5108 1011 5164 vocationis
1034 5108 1304 5163 humanae.
1333 5106 1439 5162 Per
1460 5121 1596 5176 quas
1621 5122 1737 5162 sant

1855 5112 1961 5167 que
2000 5095 2162 5167 83],
2207 5101 2372 5149 astus
2429 5091 2995 5163 concupiscentiarum
3035 5109 3278 5152 suarum.
3328 5097 3438 5154 Soli

137 5199 326 5257 lineas
358 5208 420 5256 οι
447 5200 702 5255 horarum
731 5198 934 5270 spatia,
986 5206 1046 5253 ut
1072 5212 1236 5268 supra
1273 5196 1392 5268 jam
1428 5197 1562 5263 dixi,
1595 5197 1752 5268 quasi
1855 5204 1962 5244 non
1997 5186 2320 5258 injuriarum
2342 5183 2420 5240 illi
2449 5192 2505 5240 et
2536 5182 2820 5240 denarium
2847 5185 3120 5256 accipiunt
3146 5191 3440 5260 repromis-

138 5308 290 5348 nova
328 5291 424 5347 lux
452 5300 644 5347 exorta
670 5298 794 5362 post
822 5289 1078 5346 tenebras
1105 5288 1368 5346 caecitatis
1403 5289 1656 5344 humanae
1681 5289 1749 5343 ad
1855 5299 1974 5340 sum
1997 5295 2096 5353 pro
2126 5279 2404 5336 laboribus
2433 5278 2548 5335 suis
2567 5277 2750 5349 justis,
2785 5279 2877 5348 qui
2907 5291 3222 5337 manserunt
3244 5283 3299 5337 in
3322 5284 3442 5339 uni-

133 5397 241 5438 nos
264 5381 463 5444 exivit,
501 5389 560 5436 ut
587 5382 921 5437 conduceret
945 5379 1226 5452 operarios
1261 5379 1319 5434 in
1347 5379 1564 5436 vineam
1586 5394 1748 5450 quam
1856 5382 1970 5428 tate
2000 5371 2124 5427 fidei
2154 5369 2359 5427 Christi
2389 5385 2514 5426 cum
2560 5369 2816 5425 Patribus
2855 5378 2910 5423 et
2937 5370 3286 5440 patriarchis,
3314 5377 3437 5446 qni—

132 5477 422 5547 phmavi;
452 5479 672 5533 dextera
711 5491 830 5533 sua,
862 5476 970 5533 Sed
1006 5491 1116 5533 non
1168 5492 1362 5533 omnes
1394 5486 1750 5548 poruverunt
1855 5466 1958 5522 bus
1982 5462 2130 5520 nulla
2161 5461 2312 5518 illata
2339 5470 2424 5518 est
2449 5460 2726 5530 iujustitiae
2753 5459 2971 5531 injuria,
3007 5478 3131 5518 cum
3160 5467 3440 5538 reciproco

131 5569 362 5640 pondus
392 5569 500 5624 diei
522 5579 570 5624 et
599 5578 780 5634 testas,
805 5577 863 5624 et
891 5569 1013 5625 ideo
1047 5584 1156 5625 non
1186 5584 1378 5626 omnes
1407 5583 1737 5625 murmurant

1857 5558 2027 5631 gradu
2052 5565 2106 5613 et
2132 5556 2264 5627 ipsis
2285 5555 2478 5611 collata
2507 5561 2594 5608 est
2617 5553 2794 5624 gratia
2819 5552 3046 5622 Christi,
3072 5559 3197 5627 quia
3225 5574 3441 5634 ex,ope-

129 5665 426 5721 adversus
449 5663 918 5735 patremfamilias.
951 5661 1068 5720 Non
1112 5663 1189 5719 illi
1222 5664 1316 5734 qui
1342 5663 1490 5720 circa
1532 5664 1750 5720 tertiam
1859 5653 2009 5708 ribus
2029 5649 2186 5721 ἰθείεν
2211 5655 2348 5704 “ista
2373 5643 2650 5715 Αβοειοίου
2681 5642 3264 5714 υθηὶοὶυειίίὶθθδίιυν·
3286 5649 3444 5718 Quod

128 5768 193 5816 et
220 5767 479 5825 sextam,
516 5772 694 5831 neque
722 5757 802 5812 illi
836 5756 931 5829 qui
959 5756 1105 5813 circa
1151 5772 1372 5822 nonam,
1396 5755 1653 5827 quoniam
1692 5755 1750 5812 hi
1855 5744 2098 5818 profecto
2119 5740 2333 5812 pondus
2363 5746 2418 5793 et
2445 5744 2612 5793 metus
2640 5736 2749 5792 diei
2779 5746 3050 5808 portasse,
3076 5756 3188 5797 non
3231 5739 3334 5798 deo
3359 5745 3441 5800 di-

129 5866 255 5906 non
296 5851 468 5906 totius
495 5849 602 5906 diei
639 5851 852 5922 pondus
895 5849 1287 5909 sustinuerunt.
1323 5848 1431 5908 Sed
1458 5848 1598 5906 forte
1624 5865 1750 5921 par-
1855 5850 2074 5903 cuntur.
2107 5835 2261 5908 quasi
2309 5833 2507 5904 aliquis
2537 5847 2726 5888 corum
2761 5848 2859 5903 per
2897 5847 3056 5888 omne
3090 5834 3190 5889 hoc
3230 5844 3445 5912 tempus

523 5947 797 6006 Panos.
845 5942 1043 6006 CXX.

1868 6003 1876 6007 η
1943 5995 1945 5998 ⁴
2141 5996 2170 6007 ,ι
2936 5929 3013 5986 2:2
