4008 6354
577 353 682 414 683

1383 352 1438 406 S.
1481 349 1838 407 I’ASCHASll
1876 347 2224 405 llADBlill’l‘l
2265 349 2554 404 ABBATIS
2595 344 3045 404 CORIlEIENSlS
3685 361 3766 418 (itii

574 476 709 544 legis
729 471 920 543 jugum
939 475 995 524 et
1025 467 1496 538 concupiscendus
1525 465 1834 537 pertulerit,
1867 466 2064 536 quibus
2091 465 2164 519 al-
2191 469 2239 528 Α
2266 473 2389 519 sunt
2433 467 2623 530 vocati,
2649 465 2806 533 pauci
2831 479 2949 519 vero
2988 464 3157 519 electi.
3188 464 3336 521 Unde
3378 467 3643 537 fatendum,
3677 477 3770 545 quia

574 565 850 630 tertiatim,
882 557 1021 617 Caro
1044 560 1363 631 concupiscit
1396 559 1645 613 adversus
1673 557 1939 628 spiritum,
1973 563 2021 612 et
2060 557 2166 626 spi-

576 659 707 712 ritus
747 654 995 709 adversus
1032 658 1244 705 carnem
1267 645 1469 721 (σαῖσι.
1506 657 1560 713 v,
1600 645 1711 716 i7).
1749 645 1858 703 Sed
1896 646 2022 708 quia
2051 659 2168 700 om-

575 739 660 805 nis
700 737 788 802 illa
823 745 994 810 n‘at‘io,
1025 735 1197 799 (lance
1241 740 1444 796 Christi
1488 740 1665 812 gratia
1700 737 2049 811 refrigeravit
2076 753 2167 794 eo-

575 841 694 894 rum
724 831 970 901 'ardo‘re‘s,
1000 841 1056 891 et
1102 831 1364 888 relevat'it
1411 833 1652 902 pondera
1686 829 2034 896 delictorum,
2068 829 2167 884 im-

574 929 778 989 mensis
823 923 1048 1000 fatigata
1083 934 1166 982 est
1215 926 1780 996 concupiscentiarutn
1827 921 2074 988 aestibus,
2115 929 2171 977 et

571 1026 829 1097 depressa
881 1028 1228 1093 peccatorum
1282 1017 1556 1072 oneribus.
1616 1015 1771 1072 Unde
1811 1014 2065 1071 Salvator
2101 1013 2169 1068 ad

572 1108 666 1176 eos
699 1119 775 1173 ait
803 1136 815 1172 :
852 1109 1036 1170 Venite
1059 1113 1128 1168 ad
1164 1127 1244 1167 me
1268 1127 1446 1167 omnes
1470 1113 1561 1180 qui
1586 1109 1843 1166 laboratis
1889 1121 1935 1164 et
1963 1107 2171 1164 onerati

571 1213 717 1279 estis,
744 1221 791 1266 et
814 1227 907 1281 ego
935 1210 1169 1279 reﬁciam
1193 1219 1278 1262 vos
1304 1201 1520 1276 (Matth.
1557 1222 1635 1270 χι,
1664 1205 1772 1277 18).
1798 1204 2066 1274 Quoniam
2091 1211 2172 1259 to-

575 1305 682 1360 tius
708 1302 813 1359 diei
837 1301 1078 1372 pendera
1111 1298 1353 1371 graviter
1375 1297 1631 1362 tulerant,
1666 1311 1790 1367 qua:
1814 1311 1913 1352 nec
1945 1297 2046 1365 ipsi
2070 1309 2172 1349 nec

573 1406 759 1469 patres
802 1399 990 1450 eorum
1038 1401 1258 1463 portare
1310 1397 1601 1461 poterant:
1634 1382 1758 1445 ideo
1786 1398 1840 1443 et
1885 1389 1985 1459 ipsi
2029 1387 2169 1458 grati

572 1510 694 1551 esse
724 1489 1025 1547 debuerant
1055 1489 1226 1560 magis
1258 1499 1420 1558 quam
1450 1489 1671 1558 ingrati,
1701 1496 1768 1542 eo
1792 1486 1937 1556 quod
1960 1494 2016 1540 et
2038 1485 2170 1555 ipsis

575 1585 750 1658 gratia
791 1581 1022 1638 dabatur
1065 1595 1182 1651 quae
1215 1589 1270 1635 et
1311 1579 1586 1651 gentibus,
1639 1589 1697 1633 ut
1745 1593 1933 1634 omnes
1964 1593 2073 1632 non
2103 1577 2171 1633 de

573 1678 685 1733 suis
715 1675 946 1740 meritis,
975 1673 1069 1729 sed
1099 1673 1164 1728 de
1185 1673 1428 1728 bonitate
1453 1669 1550 1726 Dei
1579 1675 1988 1740 priesumerent.
2016 1667 2170 1725 Unde

573 1769 650 1822 ait
676 1781 741 1820 ac
765 1767 809 1820 si
840 1763 1024 1820 invido
1057 1782 1069 1816 :
1095 1763 1173 1817 An
1196 1762 1379 1817 oculus
1399 1771 1519 1814 tuus
1548 1771 1768 1830 nequam
1795 1769 1893 1825 est,
1923 1760 2047 1830 quia
2077 1774 2170 1830 ego

573 1859 736 1913 bonus
760 1874 874 1912 sum
893 1851 922 1911 ἵ
947 1848 1176 1926 Semper
1205 1869 1438 1925 namque
1465 1851 1680 1907 invitius
1701 1853 1868 1915 dolet,
1896 1852 2052 1923 quasi
2081 1859 2165 1909 to-
2196 1831 2246 1892 Β

575 1961 689 2007 tum
718 1949 821 2006 sibi
872 1951 946 2005 sit
974 1949 1315 2004 subtractum
1347 1943 1609 2016 quidquid
1652 1945 1808 2000 alteri
1848 1953 1933 1999 est
1976 1959 2166 2015 snper-

574 2041 838 2098 additum.
875 2038 1072 2094 Totum
1105 2046 1260 2108 putat
1302 2039 1404 2092 sibi
1458 2037 1626 2092 minui
1673 2051 1795 2092 cum
1828 2035 2027 2091 viderit
2072 2035 2169 2090 ali-

571 2148 732 2202 qnetn
759 2148 816 2188 se
847 2131 964 2185 ﬁeri
1005 2129 1291 2194 ditiorem;
1324 2128 1407 2182 vel
1433 2127 1598 2183 etiam
1632 2127 1676 2181 si
1719 2128 1918 2183 viderit
1940 2125 2169 2198 quemli-

573 2225 663 2278 bet
713 2223 816 2279 sibi
844 2221 1136 2292 coaaquari.
1167 2220 1233 2274 Et
1275 2221 1376 2274 hoc
1424 2227 1593 2273 totum
1627 2221 1675 2272 ei
1707 2235 1773 2274 ex
1817 2229 1957 2273 vana
1996 2217 2166 2288 gloria

573 2323 834 2371 nascitur.
861 2313 939 2371 Ac
963 2330 1061 2386 per
1091 2315 1195 2368 hoc
1219 2313 1392 2384 magis
1415 2329 1481 2367 ex
1513 2327 1665 2367 more
1696 2319 1749 2368 ct
1778 2312 2167 2367 consuetudine

570 2423 756 2462 eorum
790 2407 1050 2477 loquitur,
1082 2405 1173 2474 qui
1205 2403 1500 2458 carnaliter
1531 2404 1582 2456 in
1627 2403 1744 2472 lege
1769 2401 2164 2474 gloriabantur,

569 2511 730 2564 quam
782 2511 849 2549 ex
897 2494 1091 2550 all'ectu
1143 2494 1358 2549 illorum
1410 2495 1504 2566 qui
1552 2504 1991 2558 remunerantur,
2038 2493 2167 2549 licet

569 2594 685 2655 post
716 2586 928 2657 longam
965 2581 1303 2642 dilationem.
1337 2583 1428 2640 Sic
1456 2594 1629 2650 erunt,
1663 2585 1860 2655 inquit,
1896 2585 2168 2640 novissimi

565 2678 742 2744 primi,
765 2687 811 2732 et
839 2677 996 2747 primi
1020 2677 1308 2732 novissimi.
1335 2675 1552 2747 Repetit
1573 2676 1819 2732 eamdem
1843 2693 2008 2748 quam
2034 2693 2167 2748 prin-

568 2771 714 2825 misit
743 2771 1092 2837 sententiam,
1128 2772 1194 2827 de
1232 2771 1432 2826 Judaﬁs
1464 2779 1520 2825 et
1562 2772 1846 2841 gentibus;
1873 2772 1998 2840 quia
2039 2770 2166 2826 licet

565 2860 737 2917 Judaei
772 2862 825 2916 in
852 2862 1028 2931 primo
1054 2861 1174 2916 loco
1218 2862 1327 2916 sint
1354 2861 1530 2916 vocati
1577 2868 1702 2916 ante
1731 2869 1942 2932 gentes,
1975 2868 2163 2931 gentes

571 2963 751 3009 tamen
782 2954 980 3023 quibus
1019 2959 1102 3008 est
1140 2952 1502 3021 repromissus
1539 2967 1664 3005 eum
1700 2958 2078 3021 susceperunt,
2110 2957 2167 3004 et

568 3049 695 3103 facti
726 3055 852 3102 sunt
874 3048 927 3101 in
945 3048 1118 3119 gratia
1151 3047 1332 3116 primi.
1364 3045 1431 3101 Et
1457 3062 1580 3102 cum
1615 3045 1896 3116 plenitudo
1920 3046 2161 3117 gentium

568 3140 866 3206 introierit,
899 3147 1014 3194 tum
1056 3141 1272 3194 demum
1320 3137 1492 3194 Judaei
1543 3139 1826 3194 novissimi
1874 3138 2165 3194 salvabun-

568 3244 677 3297 tur,
709 3231 800 3303 qui
849 3241 1006 3287 erant
1055 3231 1183 3287 olim
1228 3232 1407 3304 primi.
1453 3229 1578 3288 llzec
1616 3233 1818 3303 quippe
1869 3243 1957 3288 est
1999 3233 2164 3288 totius

567 3321 839 3394 parabolae
866 3337 1108 3389 summa;
1141 3324 1256 3378 haec
1272 3323 1450 3378 omnis
1481 3324 1597 3394 ejus
1617 3322 1907 3378 absolutio.
1932 3323 2164 3395 Propter

567 3415 707 3484 quod
750 3421 804 3470 et
850 3414 1130 3470 novissimi
1158 3423 1486 3486 acceperunt
1531 3413 1838 3483 denarium,
1871 3415 1963 3485 qui
2006 3425 2165 3472 erant

566 3504 750 3577 primi.
785 3503 948 3561 Forte
972 3522 1078 3561 non
1124 3519 1182 3561 ut
1207 3506 1486 3562 novissimi
1515 3507 1818 3562 sanctiores
1863 3519 1927 3563 ac
1949 3508 2161 3580 dignio-

566 3609 655 3652 res
682 3595 975 3651 credantur
1004 3592 1281 3661 Palribus,
1326 3594 1418 3651 sed
1467 3603 1527 3650 ut
1565 3606 1918 3667 cniequentur
1956 3597 2010 3652 in
2057 3614 2163 3654 una

564 3703 662 3760 spe
691 3687 1014 3754 vocationis,
1043 3688 1170 3758 quia
1219 3686 1422 3741 nullam
1468 3685 1829 3743 diﬂ‘erentiam
1859 3686 1992 3744 facit
2022 3698 2162 3744 tem—

565 3782 713 3854 poris
731 3795 921 3847 causa,
953 3789 1048 3837 sed
1073 3779 1393 3835 meritorum
1426 3778 1621 3851 gratia.
1649 3777 1804 3834 Unde
1825 3793 2015 3834 omnes
2037 3795 2164 3834 san-

567 3873 640 3928 cti
671 3872 823 3942 quasi
865 3885 1066 3926 corona
1112 3879 1239 3926 sunt
1268 3871 1324 3926 in
1373 3885 1536 3925 manu
1564 3869 1692 3936 Dei;
1723 3869 1889 3942 832
1919 3886 1988 3926 eo
2017 3871 2164 3942 quod

566 3965 709 4020 sicut
747 3965 799 4017 in
844 3975 1065 4025 corona,
1094 3975 1214 4032 quae
1241 3959 1396 4031 quasi
1426 3961 1610 4033 cyclus
1647 3961 1702 4015 in
1741 3975 1878 4033 gyro
1908 3961 2158 4027 volvitur,

571 4053 704 4109 nihil
734 4053 977 4109 invenies
1008 4051 1152 4123 quod
1179 4052 1489 4107 inveniatur
1520 4053 1778 4123 primum,
1831 4061 1924 4106 aut
1961 4054 2163 4109 habere

569 4148 781 4204 initium
814 4147 895 4202 vel
932 4145 1092 4202 tinem
1125 4165 1138 4200 :
1165 4146 1244 4202 sic
1268 4153 1325 4202 et
1357 4146 1500 4208 inter
1529 4153 1769 4207 sanctos,
1801 4155 2062 4215 quantum
2092 4148 2162 4203 ad

571 4249 784 4309 tempus
822 4244 1032 4309 spectat
1079 4237 1132 4291 in
1181 4233 1274 4291 illo
1303 4233 1520 4300 saeculo,
1550 4242 1606 4289 et
1648 4234 1736 4288 illa
1761 4235 1873 4289 vita
1908 4250 2027 4305 quae
2066 4252 2164 4307 per

570 4327 850 4383 denarium
882 4328 1168 4400 ﬁguratur,
1195 4339 1358 4381 nemo
1387 4324 1718 4381 novissimus
1752 4325 1971 4391 dicitur,
2002 4340 2161 4382 nemo

568 4423 800 4494 primus.
832 4419 900 4477 Et
923 4421 1046 4477 ideo
1073 4435 1238 4493 quam
1271 4421 1528 4476 decenter
1568 4420 1660 4490 qui
1707 4421 1860 4491 prius
1891 4424 2001 4476 nati
2034 4432 2162 4479 sunt

509 4513 517 4534 ‘
570 4521 628 4569 et
655 4512 853 4579 vocati,
895 4512 1187 4568 novissime
1209 4519 1658 4577 remunerantur;
1691 4522 1744 4566 et
1764 4513 1855 4582 qui
1879 4513 2159 4569 novissimi

569 4612 701 4663 Iunt
744 4603 918 4660 renati
951 4603 1004 4658 in
1046 4585 1264 4658 Christo
1305 4602 1490 4673 primi,
1536 4602 1762 4656 denario
1799 4603 1922 4658 vitae
1959 4612 2016 4658 et
2059 4604 2161 4674 ipsi

573 4703 1011 4751 remunerantur.
1060 4691 1129 4748 Ut
1177 4692 1250 4748 illi
1299 4694 1533 4763 primum
1574 4693 1806 4763 gratiam
1859 4695 2160 4761 habentes,

570 4787 693 4844 istis
721 4800 819 4857 per
866 4787 1006 4840 hanc
1045 4793 1414 4854 coaequentur,
1467 4784 1604 4838 sicut
1633 4792 1688 4838 et
1716 4783 1802 4837 isti
1851 4798 1948 4853 per
1993 4785 2163 4855 ipsam

571 4883 819 4937 eamdem
849 4879 1052 4937 Christi
1079 4880 1308 4950 gratiam
1333 4878 1635 4943 novissimi,
1665 4886 1723 4932 ut
1752 4880 1912 4949 primi
1948 4878 2080 4934 ﬁant
2109 4880 2166 4935 iu

571 4973 790 5030 Christo
815 4980 1296 5044 concorporantur.
1345 4971 1449 5026 Sed
1495 4971 1620 5040 quia
1650 4980 1757 5024 tam
1783 4973 1993 5041 priores
2032 4985 2164 5042 ope-

573 5063 704 5118 rarii
729 5079 892 5136 quam
936 5062 1238 5129 novissimi,
1267 5077 1454 5118 omnes
1489 5063 1542 5116 in
1572 5063 1784 5117 vineam
1830 5063 2161 5134 patrisfami‘

573 5153 695 5218 lias,
721 5154 786 5209 ad
817 5153 1166 5209 excolendam
1190 5167 1309 5209 eam
1337 5162 1463 5209 sunt
1489 5154 1760 5218 conducti,
1789 5169 1893 5208 non
1927 5166 2052 5209 sunt
2072 5170 2165 5209 au-

2269 572 2374 613 non
2405 557 2699 613 secundum
2720 557 3002 612 electionis
3031 557 3256 628 gratiam
3279 560 3442 615 vocati
3465 571 3579 619 sunt
3600 579 3773 634 orntus;

2270 663 2444 718 neque
2490 663 2700 714 omnes,
2748 649 2843 704 sed
2897 648 3050 704 multi
3090 649 3261 705 vocati
3311 660 3452 718 sunt,
3503 662 3552 708 et
3585 669 3644 710 ex
3679 659 3778 728 ipsis

2268 742 2424 813 pauci
2464 741 2644 796 electi.
2684 740 2951 809 Quoniam
2980 751 3036 796 et
3072 739 3240 798 hilari
3267 757 3448 799 omnes
3483 746 3546 800 ad
3569 747 3781 805 culturam

2271 833 2441 887 vinea:
2468 831 2646 888 vocati
2677 840 2823 897 sunt,
2849 841 2906 888 et
2938 840 3120 888 tamen
3147 833 3270 902 quia
3306 843 3408 889 non
3435 847 3785 905 pemanserunt

2272 922 2324 976 in
2351 922 2455 977 ﬁde
2482 923 2919 993 patriarcharum
2942 921 3240 987 Abraham,
3281 921 3428 978 Isaac
3450 933 3504 978 et
3535 924 3786 991 Jacob,ne-

2271 1028 2377 1082 que
2413 1013 2466 1067 in
2503 1014 2924 1082 repromissione
2948 1024 3072 1084 quae
3095 1014 3166 1068 ad
3195 1027 3290 1070 eos
3331 1015 3472 1070 facta
3509 1026 3601 1083 est,
3633 1017 3788 1074 ideoct

2272 1107 2374 1177 ipsi
2400 1107 2598 1177 repulsi
2621 1115 2769 1174 sunt,
2797 1116 2850 1163 et
2882 1121 3078 1164 omnes
3111 1110 3203 1179 qui
3227 1118 3332 1166 non
3357 1117 3729 1181 perseverarunt
3747 1117 3787 1171 in

2271 1200 2538 1256 culturam
2566 1202 2761 1267 vincar,
2790 1212 2851 1256 ut
2875 1209 3257 1274 permanerent
3288 1203 3341 1258 in
3370 1203 3472 1260 ﬁde
3505 1205 3678 1261 Christi
3703 1224 3792 1278 quae

2272 1311 2371 1367 per
2397 1295 2740 1351 dilectionem
2763 1304 3040 1366 operatur.
3073 1296 3282 1352 Idcirco
3309 1309 3417 1353 non
3437 1298 3504 1354 de
3529 1300 3643 1355 solis
3660 1305 3793 1372 genti-

2273 1391 2374 1445 bus
2408 1389 2462 1443 id
2486 1387 2862 1458 accipiendurn
2888 1395 2992 1453 est,
3024 1395 3083 1442 ut
3109 1387 3214 1460 ipsi
3243 1388 3430 1444 volunt
3461 1390 3694 1455 haeretici,
3726 1394 3794 1448 sed

2273 1482 2340 1537 de
2365 1481 2512 1536 omni
2561 1480 2845 1536 vocatione
2883 1482 3128 1550 quinque
3165 1479 3441 1547 horarum,
3483 1489 3544 1536 ex
3575 1483 3738 1552 quibus
3755 1492 3797 1538 et

2275 1575 2498 1646 reprobi
2525 1573 2896 1639 inveniuntur,
2921 1581 2978 1628 et
3007 1572 3193 1629 ﬁdeles
3217 1577 3382 1643 atque
3405 1573 3575 1630 eiecti.
3613 1575 3798 1644 quuod

2273 1683 2434 1723 nemo
2457 1666 2855 1724 mercenarium
2880 1667 2946 1721 ad
2966 1681 3104 1736 opus
3129 1667 3387 1722 conducit
3409 1673 3603 1720 tantum
3622 1674 3672 1720 ut
3689 1681 3797 1720 uian-

2273 1757 2434 1814 ducet
2459 1767 2514 1813 et
2537 1757 2683 1813 bibat
2717 1765 2880 1827 atque
2912 1763 3124 1828 torpeat
3163 1757 3300 1821 otio,
3347 1757 3442 1812 sed
3472 1762 3531 1811 ut
3563 1756 3736 1812 laboret
3763 1765 3802 1810 et

2272 1851 2487 1907 excolat
2515 1851 2658 1921 quod
2712 1850 2760 1905 ei
2792 1849 3097 1920 injunctunt
3137 1857 3243 1906 est.
3278 1848 3415 1904 Nam
3455 1848 3508 1904 in
3537 1849 3658 1914 fore,
3683 1849 3804 1904 idest

2274 1947 2326 2000 in
2354 1945 2588 2017 negotiis
2620 1942 2780 2015 hujus
2806 1943 3007 2008 swculi,
3033 1959 3061 1998 τι
3085 1952 3195 2012 quo
3217 1941 3397 2000 vocatl
3430 1947 3570 2009 sunt,
3594 1941 3722 1997 inuiti
3739 1949 3806 1996 aut

2273 2039 2473 2092 mortui
2526 2043 2692 2102 sunt,
2745 2041 2839 2090 aut
2899 2036 3012 2091 otio
3065 2043 3304 2105 torpent.
3376 2034 3434 2090 in
3481 2035 3672 2091 cultura
3713 2047 3806 2087 vero

2271 2129 2444 2184 vincte
2499 2128 2702 2185 Christi
2760 2141 2919 2183 nemo
2963 2126 3174 2182 otiosus
3239 2137 3364 2182 esse
3406 2125 3590 2190 debet,
3649 2126 3689 2180 si
3728 2124 3810 2179 Vult

2271 2233 2492 2275 manere
2542 2221 2596 2274 itt
2648 2220 2780 2274 vite.
2828 2218 3080 2288 Alioquin
3126 2225 3185 2273 et
3236 2218 3354 2285 ipse
3403 2213 3679 2280 exeidetur,
3717 2215 3810 2270 licet

2269 2311 2477 2381 palmes
2524 2325 2644 2366 esse
2670 2311 2947 2374 videatur,
2988 2317 3045 2365 et
3093 2310 3150 2364 in
3193 2309 3382 2381 ignem
3423 2310 3682 2372 mittetur,
3721 2307 3812 2377 quia

2270 2404 2493 2476 negligit
2530 2402 2673 2460 terre
2723 2402 2957 2458 fructum
3003 2402 3130 2457 boni
3179 2402 3387 2472 operis.
3444 2402 3639 2457 idcirco
3680 2402 3811 2471 prima

2270 2495 2389 2551 laus
2430 2506 2513 2551 est
2563 2495 2875 2551 Christiano
2927 2494 3163 2550 alienum
3216 2508 3346 2551 esse
3399 2509 3430 2549 a
3483 2495 3628 2560 foro,
3665 2501 3711 2550 ct
3749 2506 3817 2548 ne-

2270 2589 2431 2659 gotiis
2469 2588 2629 2660 hujus
2676 2590 2880 2652 seculi,
2925 2603 2988 2643 ac
3032 2587 3355 2654 fraudibus;
3411 2588 3609 2643 nullam
3644 2597 3816 2642 causam

2267 2676 2432 2749 833
2465 2678 2665 2732 habere
2693 2693 2817 2733 cum
2842 2676 2950 2732 ullo
2976 2678 3172 2749 litigio,
3223 2681 3358 2749 Quia
3401 2681 3576 2735 nullus
3624 2681 3670 2734 in
3713 2677 3818 2742 loro,

2269 2771 2372 2826 nisi
2406 2771 2539 2853 lucri
2565 2783 2753 2835 causa,
2778 2772 3048 2835 decertat,
3082 2785 3114 2825 a
3147 2785 3264 2842 quo
3291 2783 3486 2829 omnes
3509 2783 3563 2827 ut
3589 2781 3821 2842 Opereer

2271 2865 2447 2920 vocati
2473 2875 2680 2919 sumus.
2710 2861 2816 2920 Sed
2846 2865 2972 2934 quia
3018 2868 3204 2921 omnis
3235 2866 3356 2923 haec
3391 2865 3641 2938 parabola
3659 2860 3826 2920 harct‘r

2269 2969 2458 3010 corum
2492 2954 2775 3011 fraudibus
2802 2961 2888 3010 est
2928 2957 3262 3025 depravata,
3301 2958 3544 3014 cavenda
3588 2965 3829 3013 esteorum

2271 3045 2631 3117 intelligentia
2661 3061 2766 3117 qua
2819 3046 3038 3114 dicunt;
3087 3056 3378 3119 quotquot
3403 3048 3577 3105 vocati
3601 3045 3836 3103 suntinth

2269 3136 2549 3207 cperarios
2595 3137 2790 3201 vineae,
2845 3152 2952 3192 non
3008 3140 3470 3196 uumerabuntur
3521 3140 3585 3194 ad
3609 3137 3833 3209 praemittat

2271 3228 2415 3282 inter
2435 3241 2529 3282 eos
2561 3227 2605 3282 si
2637 3227 2879 3298 prolapsi
2902 3228 3034 3294 sint,
3061 3237 3115 3283 et
3140 3231 3374 3302 egressi
3405 3231 3478 3286 de
3498 3231 3670 3292 Vinea,
3687 3238 3734 3284 et
3751 3235 3839 3279 ruri

2272 3333 2365 3375 sua
2389 3319 2458 3373 ad
2486 3317 2666 3373 torum
2710 3319 2968 3376 redierint
3011 3319 3162 3376 lucra
3205 3323 3516 3394 voluptatis
3541 3335 3647 3378 sua
3667 3326 3838 3376 sectan-

2270 3419 2391 3477 tes;
2432 3425 2534 3466 nec
2561 3419 2722 3481 posse
2768 3423 2960 3468 rursus
3008 3413 3166 3483 quasi
3232 3415 3578 3484 pte-nitentes
3623 3413 3685 3469 ab
3722 3407 3842 3466 initio

2268 3503 2488 3558 vineam
2524 3503 2764 3573 operari.
2799 3503 2939 3570 Quia
2963 3517 3072 3561 non
3101 3514 3352 3576 possunt
3375 3505 3498 3578 jam
3520 3507 3690 3562 dicere
3713 3500 3840 3572 palu-

2268 3596 2526 3662 l‘amilias,
2569 3597 2699 3667 quia
2749 3611 2903 3651 nemo
2954 3611 3050 3653 nos
3096 3601 3399 3657 conduxit.
3442 3599 3697 3658 Conducti
3734 3595 3844 3653 αιὶτιι

2268 3687 2485 3743 fuerant
2511 3689 2812 3744 secundum
2858 3697 3070 3761 tempus
3091 3692 3379 3761 primum,
3413 3694 3629 3763 quando
3649 3697 3756 3746 sunt
3773 3701 3843 3739 vo-

2268 3780 2376 3836 cati
2428 3781 2496 3835 ad
2547 3779 2730 3837 ﬁdem.
2787 3780 2894 3836 Sed
2946 3793 3123 3854 neque
3191 3785 3427 3841 dicetur
3478 3784 3581 3850 eis,
3626 3779 3846 3852 inquiunt.

2269 3871 2412 3938 Quid
2431 3871 2515 3927 hic
2536 3872 2690 3927 statis
2714 3881 2826 3927 tota
2855 3872 2942 3927 die
2963 3873 3118 3928 otiosi
3131 3871 3155 3927 2
3185 3875 3522 3933 Pmsertim
3545 3874 3847 3946 quitiam—

2268 3971 2377 4019 tem
2408 3963 2645 4036 prolapsi
2677 3971 2824 4031 sunt,
2870 3965 3119 4021 nolentes
3160 3968 3315 4024 illud
3347 3970 3718 4033 considerem,
3741 3957 3849 4035 quot

2267 4055 2312 4110 si
2346 4055 2562 4126 regredi
2605 4053 2876 4111 voluerint
2905 4064 2961 4112 et
2987 4071 3227 4129 surgere
3256 4061 3398 4116 inde
3444 4059 3538 4116 ubi
3561 4059 3848 4116 conualui.

2265 4147 2484 4217 quodin
2506 4147 2828 4219 Apocalypsi
2864 4149 3070 4204 dictum
3119 4149 3383 4224 legimus
3412 4171 3427 4208 :
3465 4151 3718 4210 Montano
3748 4142 3853 4201 ηάε

2265 4237 2542 4302 cecideris,
2567 4248 2616 4292 et
2638 4254 2735 4309 age
2779 4239 3158 4308 paenitentiam,
3208 4253 3264 4296 et
3296 4246 3496 4313 priora
3523 4256 3676 4315 Opere
3697 4251 3774 4295 tua
3790 4237 3854 4307 [tu

2267 4327 2453 4396 (Apoc.
2497 4342 2557 4391 ιι,
2586 4327 2664 4396 5).
2700 4326 2806 4383 Seu
2833 4338 2887 4383 et
2912 4329 2966 4384 in
2993 4331 3450 4402 quamplurimis
3487 4335 3608 4391 alit
3635 4325 3859 4396 Ιοόίνυὶιί

2264 4417 2690 4488 benignissimus
2721 4419 2975 4474 Salvator
3004 4428 3126 4491 post
3180 4423 3398 4496 culpas
3423 4427 3500 4482 ad
3525 4425 3728 4482 veniant
3759 4417 3862 4474 invi-

2269 4520 2363 4566 tat.
2397 4511 2552 4579 Quod
2599 4513 2644 4567 si
2691 4513 2778 4568 cui
2809 4513 3018 4584 prolixa
3066 4513 3189 4570 haec
3219 4519 3525 4590 expositio
3553 4510 3862 4589 displiceant

2269 4603 2500 4674 accipiat
2516 4605 2761 4676 singulas
2779 4614 2971 4662 aetates
2993 4607 3260 4664 humanae
3289 4611 3457 4678 vita;
3481 4622 3539 4668 et
3558 4613 3737 4683 prima:
3749 4608 3864 4662 hom

2267 4702 2550 4772 operarios
2607 4702 2872 4771 intelligat
2953 4702 3327 4774 Samuelem,
3397 4705 3704 4767 laetitiam
3737 4745 3751 4770 ,
3791 4707 3866 4756 se!

2267 4793 2529 4849 Joannem
2556 4794 2879 4864 Baptistam,
2912 4796 2997 4850 vel
3022 4795 3162 4851 tales
3190 4796 3543 4869 huiusmodi
3567 4803 3658 4873 qui
3683 4799 3870 4870 possunt

2269 4882 2452 4936 dicere
2507 4899 2520 4934 :
2567 4882 2652 4937 Ea:
2708 4894 2854 4938 utero
2900 4886 3090 4938 matris
3140 4901 3294 4944 mea:
3352 4890 3515 4948 Deus
3567 4905 3711 4946 mm
3751 4902 3798 4942 ιι
3828 4893 3868 4937 tl

2271 4971 2447 5043 (Paul.
2476 4987 2602 5037 uit,
2629 4974 2706 5042 7).
2737 4975 2934 5030 Tertia:
2959 4990 3092 5032 vero
3119 4977 3292 5035 hora
3324 4985 3590 5052 operarii
3609 4989 3777 5043 erunt,
3800 4975 3871 5044 qui

2270 5079 2300 5117 a
2341 5065 2628 5134 pubertate
2676 5065 2787 5119 Deo
2816 5069 3026 5122 servire
3069 5083 3416 5139 coeperunt.
3471 5073 3662 5131 Sexta
3697 5076 3876 5145 qm!“

2268 5156 2416 5211 item
2467 5165 2594 5212 sunt
2633 5157 2690 5210 lii
2723 5157 2837 5226 qui,
2881 5156 2996 5226 jam
3043 5162 3309 5229 perfecta
3365 5176 3570 5234 aetate,
3604 5168 3663 5222 id
3699 5174 3792 5222 est.
3835 5161 3875 5212 in

573 5248 754 5303 dientii
808 5247 1066 5313 haeretici,
1099 5247 1416 5303 Jovinianus
1457 5247 1663 5303 scilicet
1714 5256 1769 5302 et
1821 5248 2024 5314 caeteri,
2069 5248 2162 5318 qui
2259 5245 2568 5317 juventute,
2596 5259 2953 5320 susceperunt
2991 5252 3188 5322 jngum
3247 5256 3507 5316 Cinis“.
3558 5259 3729 5317 Porro
3753 5265 3880 5310 non:

574 5342 772 5397 nullam
794 5344 936 5399 inter
957 5357 1051 5398 eos
1084 5341 1445 5397 dillerentiam
1471 5339 1658 5393 volunt
1691 5340 1896 5404 haberi,
1927 5355 1992 5394 eo
2019 5339 2162 5409 quod

2267 5340 2418 5394 horae
2465 5341 2703 5409 cperarii
2749 5356 2850 5396 nec
2900 5343 3179 5398 inmerito
3235 5350 3643 5420 accipiuntur,
3673 5349 3881 5418 quicull

569 5449 761 5490 omnes
792 5436 846 5489 in
867 5436 1080 5490 vineam
1111 5435 1220 5490 sint
1244 5432 1545 5488 transmissi
1571 5442 1624 5486 et
1649 5432 1716 5485 ad
1744 5433 2012 5487 culturam
2034 5447 2166 5488 con-
2261 5430 2378 5501 jatn
2401 5430 2676 5486 declinare
2707 5432 2958 5487 videntur
2975 5434 3046 5488 ad
3083 5448 3500 5508 senectutem»,
3541 5443 3616 5498 ad
3645 5440 3798 5496 ﬁdem
3812 5447 3885 5490 ve-

572 5528 737 5582 tlucti.
775 5527 928 5584 Unde
954 5535 1009 5582 et
1029 5543 1152 5584 sero
1175 5543 1340 5582 unum
1370 5541 1561 5582 omnes
1587 5525 1888 5591 denarium,
1915 5528 2032 5583 sine
2056 5528 2161 5584 ulla

572 5620 890 5689 exceptione
932 5620 1222 5690 accipiunt,
1276 5629 1327 5675 et
1375 5633 1533 5674 nemo
1571 5633 1757 5674 eorum
1789 5618 2092 5674 excluditur
2131 5635 2162 5676 a

571 5713 795 5782 prteuiio
818 5714 836 5784 (
843 5723 896 5769 ut
931 5716 1028 5785 ipsi
1054 5713 1261 5784 volunt)
1293 5714 1601 5784 quicunque
1626 5711 1801 5768 vocati
1833 5723 1976 5768 sunt.
2007 5714 2162 5783 Quod

573 5805 732 5864 valde
749 5808 862 5864 haec
884 5809 1147 5864 sententia
1173 5805 1516 5870 contradicit,
1543 5821 1664 5860 cum
1695 5805 1770 5859 ait
1795 5822 1806 5858 :
1840 5804 1977 5871 Quia
2008 5807 2158 5862 multi

2268 5525 2450 5578 niunt.
2487 5524 2688 5596 Sicque
2708 5525 2903 5581 deinde
2925 5527 3074 5583 liora
3103 5530 3456 5591 undecima.
3500 5534 3745 5608 operarii
3766 5532 3816 5585 in
3841 5539 3888 5580 η

2267 5622 2360 5675 illa
2387 5622 2750 5692 accipiuntur,
2782 5623 2874 5694 qui
2915 5625 3071 5679 valde
3121 5639 3310 5685 senes
3362 5642 3532 5703 suist,
3575 5621 3890 5706 ᾳιθοηιί

2269 5730 2374 5770 non
2427 5716 2793 5788 presbyteros,
2837 5719 2932 5773 sed
2980 5720 3278 5790 gerundae
3315 5737 3563 5793 vocant,
3601 5729 3658 5783 id
3677 5717 3894 5781 attnui-

2271 5819 2382 5863 tum
2412 5808 2718 5893 decrepitos
2748 5829 2758 5863 :
2789 5820 2842 5866 et
2871 5821 3050 5867 tamen
3083 5827 3304 5872 omnes
3365 5831 3606 5879 :eteruae
3635 5819 3756 5876 vit:e
3779 5810 3897 5870 acd-
