4012 6362
965 389 1327 448 εχροειτιο
1361 389 1428 446 ιΝ
1468 384 1905 446 ΜΛΤΊῊΕυυ.
1940 413 2013 430 -ι
2049 385 2176 442 LIB.
2217 384 2308 448 IX,
2348 385 2502 441 CAP.
2538 383 2658 440 IX.

3359 386 3465 444 686

171 511 336 583 piant
358 509 664 580 praemium,
715 509 966 579 quamvis
995 511 1188 564 harum
1228 511 1488 566 horarum
1522 507 1774 564 diversus
1800 504 1852 564 Α
1875 507 1936 553 ut
1963 515 2088 554 cum
2117 499 2310 554 timore
2339 509 2394 554 et
2437 506 2674 553 tremore
2701 504 2938 552 nostram
2987 497 3220 554 salutem
3261 497 3467 572 iugiter

172 601 254 658 sit
276 601 451 657 labor.
491 600 546 655 in
572 615 680 670 qua
711 599 972 656 nimirum
998 601 1110 657 vita
1139 607 1197 656 et
1221 602 1268 656 si
1304 609 1408 656 una
1433 611 1648 670 semper
1666 599 1784 662 erit

170 694 482 757 ctenim,
511 693 726 750 diversa
747 701 929 750 taon
953 694 1276 749 meritorum
1300 693 1551 760 eiarits;
1573 700 1628 747 et
1649 692 1773 750 ideo

173 786 540 852 remorati,
567 786 628 841 in
651 786 802 842 nullo
828 787 1026 860 ingrati
1048 803 1169 845 esse
1195 787 1421 852 debent,
1431 789 1575 844 sicut
1595 798 1772 859 pater

169 876 420 934 familias
459 880 518 934 in
545 879 804 936 militis
851 879 1092 936 clemens
1138 896 1260 937 esse
1305 880 1588 952 probatur,
1627 889 1684 937 et
1717 881 1770 935 in

169 971 330 1028 nullo
381 970 634 1040 iniustus.
684 972 842 1040 Quod
865 973 910 1028 si
943 973 998 1029 in
1045 973 1225 1044 aliquo
1253 972 1640 1042 paterfamilias
1667 973 1771 1028 ini-

171 1079 320 1136 quus
343 1072 512 1130 eaet,
553 1077 664 1120 non
688 1065 744 1121 in
768 1076 900 1132 Ino,
931 1065 1026 1122 sed
1065 1066 1120 1122 in
1165 1065 1419 1121 omnibus
1442 1065 1660 1135 iniquus
1679 1081 1770 1120 es-

168 1165 282 1212 set.
326 1155 488 1212 Unde
509 1163 660 1212 recte
683 1156 951 1226 probatur
979 1157 1147 1228 quod,
1206 1167 1314 1212 non
1341 1155 1434 1212 ulli
1481 1171 1544 1211 ex
1575 1158 1772 1212 merito
1831 1229 1834 1234 _

170 1249 384 1320 operis,
415 1248 516 1304 sed
541 1261 612 1303 es
639 1248 818 1320 gratia
842 1247 1072 1314 Christi,
1109 1249 1324 1304 cunctis
1341 1249 1453 1305 vita
1482 1255 1772 1319 [instatur

169 1351 406 1398 aeterna.
963 1365 968 1370 “

247 1437 550 1492 Asc-endem
597 1446 776 1491 autem
799 1435 960 1491 Iesus
1013 1434 1466 1504 Hierosolymam,
1489 1438 1772 1507 assumpsit

166 1529 455 1584 duodecim
475 1527 766 1600 discipulos
793 1537 1012 1593 secreto,
1043 1537 1094 1581 et
1122 1528 1196 1582 ait
1224 1528 1334 1583 illis
1371 1541 1392 1580 :
1423 1526 1564 1584 Ecce
1582 1545 1767 1584 ascen-

166 1621 364 1676 dimus
386 1620 808 1692 Hierosolymam
837 1630 886 1674 et
906 1619 1054 1690 ﬁlius
1071 1619 1242 1692 83‘,
1279 1619 1508 1676 hominis
1530 1623 1771 1676 tradetur

165 1716 504 1787 principibus
550 1715 888 1771 sacerdotum
919 1723 968 1770 et
1011 1713 1232 1781 Scribis,
1274 1721 1324 1769 et
1351 1715 1770 1771 condemnabam

163 1822 298 1862 eam
326 1817 510 1871 morte,
539 1811 591 1862 et
617 1807 828 1861 tradem
853 1815 971 1861 eam
1029 1805 1272 1878 genetivus
1305 1806 1380 1860 ad
1415 1803 1767 1869 “ludendum,

1873 605 2178 662 operemur.
2210 590 2280 648 Et
2300 590 2597 646 notandum
2619 587 2762 662 quod
2792 588 2896 644 hac
2926 591 3041 646 vice
3066 605 3226 646 nemo
3247 602 3464 662 aposto-

1874 682 2051 739 lorum
2085 681 2289 753 aliquid
2322 679 2637 752 respondit;
2687 695 2862 750 neque
2911 678 3126 746 Petrus,
3157 681 3249 751 qui
3303 697 3466 752 supra

1873 789 1997 830 eum
2026 774 2424 844 increpaverat,
2455 786 2630 842 neque
2682 770 2880 842 aliquis
2921 785 3110 850 eorum
3157 772 3248 842 qui
3279 773 3465 830 Domi-

1873 881 2004 920 num
2029 879 2153 920 eum
2189 864 2560 936 increpantem
2609 863 2914 920 audierant.
2945 861 3082 931 Quia
3131 879 3470 936 consequens

1872 965 2010 1022 erat,
2040 965 2102 1010 ut
2129 955 2551 1036 recordarentur
2581 968 2704 1024 quat
2741 953 3004 1010 Dominus
3046 941 3469 1038 Pétrodixerat

1875 1058 2040 1122 atque
2067 1050 2436 1112 observarent,
2470 1063 2539 1104 ne
2567 1045 2709 1104 forte
2725 1062 2767 1102 .a
2799 1048 2888 1118 pio
2937 1056 2993 1102 et
3044 1047 3470 1106 clementissimo

1877 1144 2137 1216 Magistro
2165 1143 2380 1199 acriora
2406 1141 2847 1218 reprehensionis
2869 1141 3122 1198 audirent
3148 1142 3332 1198 verba.

1948 1235 2094 1291 Tunc
2135 1235 2354 1292 accessit
2395 1233 2466 1289 ad
2514 1229 2699 1288 Iesum
2726 1242 2894 1288 mater
2937 1232 3172 1303 ﬁliorum
3227 1231 3469 1289 Zebcda'i

1875 1346 1996 1384 cum
2019 1328 2148 1398 ﬁliis
2164 1330 2298 1394 suis,
2316 1328 2546 1383 adorans
2568 1337 2616 1382 et
2642 1336 2818 1398 petens
2860 1325 3063 1400 aliquid
3099 1328 3162 1381 ab
3191 1311 3270 1384 eo.
3302 1326 3468 1394 Tunc,

1875 1421 2196 1492 quod'dicit,
2225 1421 2280 1477 id
2306 1429 2390 1478 est
2421 1421 2475 1476 in
2510 1421 2618 1487 via,
2649 1421 2866 1490 quando
2905 1420 3040 1474 dixit
3079 1419 3240 1490 .lesus
3271 1422 3474 1478 duodeq

1875 1517 1981 1573 cim
2004 1515 2288 1588 discipulis
2311 1515 2464 1574 suis:
2493 1515 2631 1570 Ecce
2650 1516 2985 1570 ascendimus
3020 1505 3468 1587 Hierosolymam.

1877 1607 1985 1664 Sed
2031 1609 2246 1665 Marcus
2299 1624 2410 1665 non
2462 1617 2695 1664 matrem
2743 1608 3043 1663 accessisse
3087 1615 3142 1662 et
3169 1607 3472 1678 postulasse

1875 1717 1996 1773 qua:
2048 1701 2338 1758 Mattheus
2385 1709 2596 1767 narrat,
2623 1708 2682 1756 et
2707 1699 3008 1767 adorasse,
3049 1701 3144 1756 sed
3189 1700 3327 1756 lilios
3353 1700 3471 1770 ejus

1873 1793 2160 1863 quasilper
2203 1807 2266 1849 se
2313 1790 2891 1861 accessisseexponit.
2937 1790 3090 1847 Unde
3123 1791 3469 1847 manifestum

161 1907 219 1954 et
246 1897 651 1970 ﬂagellauduns,
682 1906 732 1954 et
758 1893 1194 1969 cruciﬁgendum,
1224 1905 1274 1952 οι
1299 1898 1456 1954 τοκῆα
1495 1897 1580 1951 (ηε
1603 1909 1778 1952 τισιν.
1802 1901 1850 1964 Β
1877 1893 1963 1940 est
2010 1886 2154 1942 hanc
2197 1886 2389 1942 eadem
2417 1884 2720 1956 postulasse
2749 1899 2870 1954 qua:
2907 1899 2938 1938 a
2981 1883 3106 1938 ﬁliis
3132 1883 3246 1940 suis
3267 1884 3317 1938 ei
3344 1899 3470 1956 per-

161 2001 273 2064 get.
332 1989 522 2046 Tertio
544 1992 664 2064 jam
692 1987 796 2047 hoc
841 1992 1018 2062 ipsum
1041 1989 1320 2062 discipulis
1347 1990 1593 2061 replicat,
1624 1991 1770 2061 quod

159 2089 226 2138 et
250 2095 352 2137 nos
378 2095 544 2153 supra
564 2083 882 2154 exposuisse
923 2082 1299 2145 meminimus;
1339 2083 1442 2138 nisi
1465 2081 1610 2152 quod
1638 2081 1770 2149 illic,

159 2182 386 2229 tantum
409 2174 744 2240 occidendus
767 2173 990 2240 dicitur,
1019 2173 1110 2228 hic
1133 2182 1318 2229 autem
1345 2181 1401 2229 et
1421 2174 1631 2244 species
1649 2173 1770 2244 ipsa

156 2265 468 2322 occisionis
487 2263 607 2334 eius
631 2264 980 2322 manifestius
1028 2265 1358 2331 declaratur,
1387 2280 1512 2321 cum
1538 2265 1668 2322 dicit
1711 2275 1772 2321 se

157 2355 627 2431 accingendum,
657 2371 726 2413 ne
753 2357 859 2412 ulla
894 2357 965 2414 de
1007 2363 1181 2414 morte
1212 2371 1308 2416 sua
1352 2355 1620 2414 dubitatio
1641 2369 1771 2430 apo-

156 2448 334 2505 stolis
355 2457 688 2505 remanent.
718 2447 787 2504 Et
816 2449 940 2506 ideo
957 2450 1090 2520 quia
1111 2449 1302 2506 multis
1318 2450 1375 2504 in
1390 2450 1570 2506 medio
1593 2450 1771 2522 dispu-

153 2545 325 2611 tatis,
376 2551 563 2616 postea
608 2545 752 2616 quod
801 2546 1110 2612 audierant,
1163 2553 1380 2618 poterat
1427 2562 1457 2600 a
1511 2545 1770 2600 memoria

153 2638 456 2702 recedere,
482 2637 660 2693 iturus
695 2635 1141 2710 Hierosolymam,
1191 2643 1246 2695 et
1289 2651 1476 2695 secum
1512 2638 1771 2692 ducturus

151 2729 465 2802 apustolos,
492 2731 560 2785 ad
589 2730 938 2786 teutationem
967 2741 1061 2786 eos
1090 2735 1268 2801 parat,
1294 2737 1350 2786 et
1378 2727 1678 2786 introducit
1702 2730 1771 2783 ad

152 2823 495 2896 mysterium
547 2823 746 2888 crucis,
800 2837 868 2877 ne
917 2835 1042 2877 cum
1088 2822 1302 2878 venerit
1353 2822 1659 2894 persecutio
1717 2829 1772 2876 et

155 2917 358 2974 crucis
385 2915 704 2986 ignominia,
735 2912 1174 2971 scandalizentur
1199 2913 1382 2970 subito
1415 2927 1614 2986 pavore
1644 2927 1769 2984 per-

152 3011 331 3068 culsi.
359 3009 518 3068 Unde
547 3007 826 3082 signanter
855 3008 933 3064 ait
966 3025 982 3064 :
1014 3006 1156 3065 Ecce
1189 3009 1526 3064 ascendimus
1575 3008 1770 3063 Hiero.-

152 3102 432 3174 solymrmt
446 3119 466 3169 ;
499 3117 626 3158 nam
646 3115 782 3168 ecce,
809 3104 912 3160 hoc
931 3103 1053 3160 loco
1075 3103 1434 3159 contestsutis
1462 3109 1546 3157 est
1567 3115 1769 3167 sermo,

154 3208 228 3252 ut
270 3196 592 3252 memoriam
645 3197 1001 3267 praescientite
1047 3196 1207 3267 hujus
1253 3198 1306 3252 in
1355 3196 1612 3253 cordibus
1657 3197 1772 3252 suis

1876 1993 2038 2035 suasa
2090 1989 2238 2046 sunt,
2285 1988 2342 2035 et
2382 1979 2506 2036 ideo
2547 1977 2704 2050 quasi
2738 1978 2840 2049 ipsi
2878 1993 2975 2048 per
3001 1993 3060 2033 se
3085 1986 3468 2044 accesserunt;

1874 2092 1998 2132 cum
2020 2091 2210 2133 eorum
2239 2075 2518 2149 suggestio
2563 2074 2668 2131 fuit
2715 2083 2775 2131 ut
2795 2085 2974 2132 mater
2995 2087 3096 2145 pro
3123 2073 3258 2144 ipsis
3302 2075 3467 2130 inter-

1873 2172 2114 2227 cederet.
2162 2167 2318 2236 Quod
2365 2168 2534 2224 etiam
2579 2181 2645 2224 ex
2691 2166 2905 2248 Domini
2949 2167 3132 2223 verbis
3174 2167 3471 2237 intelligere

1873 2277 2184 2335 possumus,
2213 2261 2415 2331 quibus
2445 2274 2553 2316 non
2579 2259 2736 2330 quasi
2777 2260 2848 2315 ad
2881 2259 3168 2314 mulierem
3194 2268 3468 2332 petentem

1873 2356 2177 2427 respondit,
2227 2354 2325 2410 sed
2351 2353 2507 2422 quasi
2534 2353 2602 2408 ad
2650 2351 2792 2408 filios
2817 2367 2886 2408 ea
2920 2351 3038 2422 ipsa
3057 2352 3466 2412 submittentes.

1877 2446 2130 2511 Nescitis,
2161 2445 2358 2516 inquit,
2379 2442 2507 2515 quid
2528 2445 2739 2513 petatis.
2768 2440 3008 2498 ΔΞκὶωο
3033 2442 3181 2501 enim
3209 2443 3352 2512 quod
3392 2444 3468 2504 lii.

1875 2554 1998 2594 cum
2026 2538 2309 2594 audissent
2333 2534 2650 2600 Dominum,
2676 2535 2744 2590 de
2771 2533 3026 2604 passione
3047 2549 3148 2590 sua
3170 2536 3368 2604 smptus
3405 2551 3472 2591 ac

1877 2629 2280 2685 resurrectione
2317 2641 2416 2682 sua
2473 2626 2910 2696 prophetantem,
2939 2633 2996 2681 et
3021 2640 3146 2682 eam
3203 2625 3471 2698 intelligo-

1875 2729 1994 2777 rent
2037 2735 2136 2776 sua
2162 2728 2354 2789 sponte
2383 2733 2692 2789 passurum,
2725 2727 3012 2788 cmperunt
3037 2719 3282 2791 cogitare
3317 2719 3468 2776 intra

1877 2825 1956 2879 se,
1992 2828 2115 2869 cum
2135 2820 2324 2869 essent
2341 2810 2456 2882 jam
2487 2813 2548 2867 in
2569 2811 2675 2867 ﬁde
2704 2811 2904 2868 devoti.
2934 2812 3073 2869 Ecce
3098 2812 3222 2882 Rea
3235 2814 3474 2870 caelestia

1879 2905 2147 2971 ascendit,
2196 2914 2256 2960 ut
2309 2920 2475 2977 regna
2528 2904 2745 2970 mortis,
2798 2919 3092 2976 regemque
3145 2913 3202 2961 et
3245 2915 3470 2977 regnum

1877 3000 2128 3056 destruat
2181 2997 2508 3054 inferorum.
2544 2996 2686 3066 Quid
2713 2996 2861 3052 aliud
2914 3006 3108 3065 restat,
3145 3013 3270 3054 cum
3299 3000 3468 3056 victor

1877 3091 2188 3147 ascenderit
2212 3091 2280 3148 de
2300 3089 2465 3158 bello,
2489 3090 2596 3144 nisi
2623 3099 2682 3144 ut
2718 3089 2871 3160 regni
2898 3088 3069 3161 gloria
3091 3091 3468 3164 subsequatur.

1875 3183 2187 3240 Pmsertim
2209 3199 2276 3240 eo
2299 3185 2444 3254 quod
2465 3182 2772 3246 audierant,
2788 3181 2898 3252 iam
2919 3199 3081 3253 supra
3105 3184 3446 3256 pollicentem

157 3287 564 3354 reconderem;
627 3295 884 3360 tanquam
931 3289 976 3344 si
1025 3287 1272 3344 diceret:
1302 3287 1446 3345 Ecce
1476 3285 1590 3358 jam
1622 3303 1767 3344 nunc

1877 3277 1944 3332 In
1984 3279 2395 3348 regeneratione,
2433 3291 2554 3331 cum
2595 3277 2788 3332 sederit
2820 3277 2968 3347 ﬁlius
3011 3279 3238 3334 hominis
3269 3281 3326 3334 in
3349 3281 3472 3336 sede

161 3380 338 3437 tertia
367 3375 506 3444 vice,
533 3388 626 3433 aut
654 3395 721 3436 eo
743 3379 996 3452 amplius,
1025 3381 1262 3450 prtedico
1282 3380 1437 3436 Vobis
1452 3379 1770 3454 mysterium

159 3470 448 3543 passionis
494 3485 650 3537 meae,
704 3477 874 3527 testor
917 3472 1076 3528 vobis
1117 3481 1176 3528 ut
1231 3474 1591 3545 cognoscatis.
1635 3471 1773 3541 Quid

164 3567 328 3620 enim
357 3566 580 3636 putatis,
605 3563 826 3631 fratres,
856 3566 900 3621 si
926 3567 977 3620 in
1011 3563 1099 3621 illa
1130 3567 1263 3622 llOl'a
1285 3567 1550 3636 passionis
1570 3565 1773 3622 Christi

166 3657 321 3713 fides
354 3657 716 3728 apostolorum
754 3656 972 3723 defecit,
1000 3665 1055 3713 et
1106 3658 1552 3730 pratpamtionent
1579 3658 1775 3713 animae

170 3747 464 3808 absorbuit
521 3753 684 3808 timor
740 3749 996 3818 carnalis,
1031 3752 1108 3807 ita
1153 3761 1214 3807 ut
1249 3751 1440 3808 relicto
1484 3761 1552 3807 eo
1586 3767 1776 3807 omnes

165 3848 462 3918 fugerent;
485 3837 619 3918 quid
661 3845 865 3917 putatis
903 3855 1103 3917 quanta
1135 3854 1284 3902 esset
1312 3845 1642 3915 desperatio,
1669 3843 1773 3900 nisi

169 3937 528 4010 prazscientia
559 3935 678 4004 Dei,
706 3945 761 3993 et
782 3935 1035 3994 voluntas
1063 3935 1334 4008 passionis
1361 3935 1500 4008 eius,
1523 3933 1578 3989 in
1610 3947 1776 3989 causa

170 4029 585 4087 esset?Etldeo
612 4039 719 4085 tam
753 4043 895 4101 saepe
917 4029 1165 4100 prmdicit
1193 4029 1247 4084 in
1277 4043 1335 4085 se
1361 4028 1503 4098 quod
1535 4027 1772 4083 futurum

167 4135 284 4184 est,
323 4131 379 4177 ιιι
421 4137 484 4179 ex
512 4123 851 4196 prtescientia
879 4121 1179 4178 divinitatis
1204 4121 1340 4192 ejus,
1379 4123 1540 4193 plene
1581 4121 1778 4178 intelli-
1811 4148 1822 4172 ι

168 4230 380 4292 gatur,
435 4225 489 4274 et
542 4217 906 4274 consideratio
969 4217 1266 4274 divinitatis
1319 4215 1480 4273 tidem
1513 4217 1772 4288 ipsorum

167 4311 417 4381 amplius
456 4311 771 4367 corroboret
799 4319 856 4367 et
877 4310 1161 4366 conﬁrmet
1188 4309 1243 4364 in
1277 4317 1518 4380 tempore
1561 4310 1773 4382 passio-

169 4403 301 4467 nis;
351 4411 410 4458 ut
459 4409 632 4457 totum
658 4402 802 4472 quod
833 4400 1142 4473 patiebatur
1167 4399 1556 4472 dispensationi
1586 4399 1775 4457 volun-

167 4493 312 4548 tatis
335 4494 454 4564 ejus
477 4492 769 4564 applicent,
786 4507 892 4549 non
921 4491 1264 4548 necessitatis
1291 4502 1517 4548 natura.
1544 4487 1774 4564 Propter

163 4585 491 4657 ququuia
525 4599 778 4656 magnum
805 4592 923 4640 erat
947 4593 1510 4652 sacramentunt,cum
1540 4584 1770 4655 plurima

168 4679 342 4734 turba
381 4687 700 4747 sequeretur
729 4691 873 4742 eum,
929 4674 1029 4730 hos
1056 4675 1338 4733 duodecim
1369 4675 1513 4732 solos
1561 4683 1772 4732 secreto

165 4769 326 4834 tulit,
383 4777 438 4822 et
494 4765 600 4822 illis
652 4763 1024 4821 tantummodo
1079 4765 1209 4821 solis
1255 4766 1465 4836 plenius
1503 4767 1773 4836 expressit

163 4860 501 4932 mysterium
548 4856 820 4928 passionis
855 4871 999 4922 suae;
1039 4857 1167 4926 quia
1220 4871 1433 4926 semper
1484 4855 1771 4926 pretiosior

165 4952 471 5006 thesaurus
496 4958 550 5004 et
577 4949 863 5014 sacratior,
899 4948 1231 5005 ﬁdelioribus
1259 4947 1564 5004 credendus
1586 4957 1688 5014 est,
1717 4955 1770 5003 et

161 5045 226 5097 in
261 5039 416 5094 vasis
449 5039 863 5110 pretiosioribus
892 5041 1287 5098 recondendus.
1319 5037 1426 5097 Sed
1471 5041 1638 5097 miser
1675 5039 1766 5098 Ju-

161 5135 296 5197 das,
335 5131 428 5203 qui
457 5133 633 5189 adhuc
657 5133 822 5188 etiam
857 5133 1002 5188 inter
1022 5131 1302 5188 duodecim
1326 5143 1772 5202 connumeratus,

162 5233 364 5279 tantos
412 5221 477 5278 de
519 5223 858 5294 praascientia
911 5221 1007 5279 Dei
1061 5223 1242 5279 haurit
1293 5225 1596 5290 thesauros,
1653 5239 1773 5296 quae

161 5316 366 5372 futura
391 5324 516 5371 sunt
544 5331 643 5387 per
690 5316 866 5387 ipsum
909 5315 1180 5383 nesciens,
1209 5329 1314 5372 non
1365 5315 1614 5381 attendit,
1649 5334 1771 5373 cum

161 5413 229 5466 in
285 5407 440 5463 nullo
483 5407 748 5464 hactenus
795 5425 823 5464 a
867 5409 1097 5465 Domino
1125 5411 1195 5465 sit
1246 5410 1558 5474 denotatus,
1593 5410 1685 5464 sed
1719 5409 1770 5463 in

155 5501 434 5560 omnibus
462 5509 610 5557 retro
635 5517 737 5558 una
767 5515 890 5560 cum
921 5504 1134 5560 cmteris
1155 5503 1417 5575 apostolis
1449 5491 1772 5558 annumera-

159 5603 288 5656 tus,
326 5602 380 5648 et
411 5593 612 5650 missus
636 5593 703 5649 ad
731 5593 1154 5666 praedicandum.
1201 5593 1444 5651 Nondum
1491 5597 1634 5651 enim
1667 5595 1770 5650 mi-

153 5689 332 5742 serat
360 5683 608 5741 diabolus
653 5687 706 5742 in
737 5702 832 5742 cor
873 5687 988 5758 ejus
1033 5699 1087 5742 ut
1121 5689 1359 5746 traderet
1386 5705 1530 5742 eum.
1561 5686 1628 5742 Et
1653 5686 1774 5742 ideo

155 5778 309 5851 quia
335 5778 607 5834 nescimus
630 5779 696 5835 de
722 5779 880 5835 nobis
905 5779 1031 5850 quid
1064 5777 1239 5835 futura
1279 5779 1451 5852 pariet
1480 5779 1616 5846 dies,
1647 5794 1772 5834 cono

156 5869 476 5926 sideranda
506 5881 586 5926 cst
630 5871 719 5928 illa
743 5873 1011 5929 sententia
1036 5867 1198 5945 835
1242 5889 1475 5944 semper,
1521 5870 1764 5945 apostoli,

1805 4635 1854 4698 ι)

1877 3368 2168 3440 majestatis
2190 3385 2326 3433 sure,
2353 3369 2596 3423 sedebitis
2616 3383 2775 3439 super
2803 3369 2956 3423 sedes
2995 3369 3298 3435 duodecim,
3317 3370 3474 3441 judi-

1876 3471 2051 3516 cantes
2086 3461 2365 3516 duodecim
2417 3461 2584 3516 tribus
2629 3459 2828 3516 Israel.
2863 3460 3015 3516 Unde
3055 3461 3212 3517 valde
3238 3465 3472 3532 permoti

1877 3553 1946 3607 ad
1967 3553 2218 3624 gloriam,
2249 3552 2386 3607 satis
2405 3560 2564 3607 acute
2603 3559 2766 3622 atque
2822 3552 3102 3621 ingeniose
3150 3553 3475 3612 submittunt

1878 3655 2110 3700 matrem
2131 3645 2198 3700 ad
2225 3645 2630 3714 deprecandum
2650 3659 2752 3714 pro
2778 3658 2858 3700 se.
2889 3645 3056 3700 Forte
3075 3661 3146 3702 ne
3165 3646 3272 3701 ulla
3290 3649 3470 3720 suspi-

1877 3738 1964 3794 cio
1989 3738 2134 3806 quod
2161 3737 2262 3807 ipsi
2285 3737 2390 3792 hoc
2405 3737 2681 3806 petierunt
2697 3745 3044 3803 nasceretur;
3070 3751 3246 3809 neque
3272 3738 3470 3795 invidia

1879 3830 2022 3884 inter
2048 3829 2450 3898 condiscipulos
2475 3827 2620 3899 quod
2646 3827 2746 3899 ipsi
2769 3829 2873 3884 hoc
2896 3838 3178 3901 appeteret
3199 3830 3470 3896 oriretur;

1878 3932 1932 3978 et
1959 3924 2004 3979 si
2035 3922 2392 3994 reprehensio
2403 3923 2796 3994 qualiscunque
2815 3937 2940 3980 esse
2963 3933 3168 3995 posset,
3203 3925 3471 3983 femineus

1878 4033 2036 4073 error
2062 4017 2235 4073 levius
2255 4013 2514 4073 ferretur.
2550 4015 2686 4072 Nam
2712 4017 2830 4088 ipse
2855 4031 3041 4085 sexus,
3065 4019 3196 4090 quia
3216 4019 3477 4090 proclivis

1877 4118 1982 4176 est,
2013 4123 2174 4166 suum
2197 4117 2426 4165 excusat
2449 4123 2712 4166 errorem.
2748 4109 2816 4164 Et
2847 4109 2893 4165 si
2921 4110 3307 4181 importunitas
3330 4113 3474 4170 ultra

1878 4199 2158 4272 quidpiam
2212 4200 2573 4272 applauserit,
2641 4200 2890 4257 blandius
2948 4211 3217 4273 portatur.
3283 4203 3474 4279 Magna
3525 4247 3534 4251 -

1880 4295 2148 4364 siquidem
2171 4294 2254 4350 vis
2279 4294 2484 4351 amoris
2505 4293 2560 4350 in
2583 4293 2879 4361 matribus;
2907 4302 2962 4350 et
2981 4295 3108 4352 ideo
3127 4295 3266 4352 forte
3286 4298 3474 4354 crede-

1878 4386 1977 4442 bat
1995 4387 2142 4458 quod
2172 4386 2459 4452 Dominus,
2487 4387 2582 4457 qui
2612 4395 2896 4443 maternos
2925 4388 3138 4443 animos
3179 4389 3236 4444 in
3285 4399 3476 4446 amore

1881 4479 2114 4536 ﬁliorum
2139 4479 2482 4550 impleverat,
2510 4478 2726 4534 facilius
2745 4479 2868 4550 eius
2891 4481 3179 4536 exaudiret
3225 4479 3472 4548 amotus,

1879 4570 2006 4643 quia
2040 4587 2148 4627 non
2179 4571 2353 4628 solum
2378 4571 2454 4626 illi
2484 4585 2586 4642 pro
2625 4571 2852 4628 Christo
2879 4573 3214 4645 reliqueram
3242 4583 3473 4646 patrem,

1878 4663 2048 4736 εδδ
2071 4678 2262 4718 verum
2283 4664 2450 4719 etiam
2474 4663 2588 4733 ipsa
2617 4663 2814 4732 virum,
2833 4672 2888 4721 et
2907 4675 3088 4722 secuta
3115 4666 3295 4724 fuerat
3314 4669 3474 4724 Citri-

1877 4765 2022 4811 stum
2069 4772 2173 4812 una
2201 4771 2326 4812 cum
2357 4756 2512 4822 ﬁliis;
2560 4765 2616 4811 et
2644 4758 2766 4814 ideo
2795 4757 2938 4815 forte
2984 4762 3307 4831 promptior,
3347 4762 3474 4832 quia

1876 4849 2059 4904 vivum
2107 4861 2208 4920 pro
2265 4848 2358 4904 illo
2402 4849 2699 4920 reliquerat
2741 4853 2938 4920 virum,
2971 4855 3110 4911 sicut
3140 4855 3473 4927 evangelista

1876 4942 2236 5009 demonstrat,
2287 4943 2380 4999 ubi
2428 4943 2506 4999 ait
2563 4945 2707 5015 quod
2748 4947 2823 5002 illi
2882 4947 3202 5019 reliquerint
3257 4957 3468 5018 patrem

1877 5047 2036 5088 suum
2062 5032 2383 5089 Zebedteum
2407 5033 2462 5090 in
2493 5035 2618 5090 navi
2664 5049 2792 5091 cum
2824 5036 3197 5102 mercenariis,
3221 5045 3275 5092 et
3300 5037 3472 5091 secuti

1879 5136 2004 5182 sunt
2024 5125 2231 5184 Iesum.
2255 5125 2366 5183 Nisi
2390 5127 2532 5185 forte
2552 5130 2680 5201 quis
2705 5129 2875 5197 dicat,
2903 5130 3046 5202 quod
3078 5129 3286 5186 interea
3329 5143 3475 5183 mor-

1880 5229 2004 5276 tuus
2028 5219 2191 5277 fuerit
2219 5221 2333 5289 ille,
2377 5222 2564 5294 sicque
2610 5222 2698 5279 illa
2727 5223 2944 5280 demum
2973 5231 3160 5281 secuta
3197 5223 3270 5278 sit
3315 5222 3475 5278 Citri-

1878 5323 2042 5371 stum.
2092 5315 2297 5373 Tamen
2352 5325 2537 5374 secuta
2565 5327 2668 5382 est,
2717 5331 2819 5373 nec
2847 5327 2968 5372 eam
3019 5317 3150 5372 vicit
3205 5314 3474 5372 maritalis

1878 5409 2123 5467 allectus.
2153 5411 2413 5481 Quamvis
2437 5413 2634 5484 aliquis
2662 5413 2830 5479 dicat,
2871 5411 3015 5482 quod
3048 5411 3151 5468 hoc
3175 5411 3295 5468 loco
3319 5421 3472 5465 reve-

1879 5503 2110 5557 rentiam
2150 5503 2447 5574 spiritalem
2479 5505 2534 5559 in
2561 5501 2780 5559 Christo
2809 5503 3006 5559 vicerit
3034 5517 3188 5560 amor
3213 5501 3467 5570 carnalis,

1880 5605 2002 5647 cum
2030 5594 2294 5664 spiritalia
2322 5595 2430 5650 sint
2451 5595 2629 5650 adhuc
2651 5594 2902 5650 nesciens
2927 5609 3049 5666 qua:
3093 5595 3359 5667 deposcit,
3384 5593 3473 5651 cui

1878 5685 2036 5743 Jesus
2090 5688 2164 5742 ait
2196 5701 2210 5741 :
2241 5687 2384 5754 Quid
2434 5687 2550 5742 vis?
2601 5685 2957 5759 Nequaquam
3007 5687 3131 5744 ideo
3175 5689 3473 5758 interrogat

1879 5781 2032 5850 quasi
2066 5781 2336 5846 nesciens,
2369 5787 2428 5835 ut
2456 5779 2638 5835 audiat
2669 5779 2797 5852 quid
2820 5781 2982 5848 velit;
3029 5780 3126 5838 sed
3155 5789 3217 5837 ut
3237 5781 3328 5837 illa
3373 5793 3462 5852 pc.-

1882 5882 2050 5942 tente,
2085 5871 2428 5931 manifestam
2461 5873 2664 5933 faceret
2689 5876 3117 5935 irrationabilem
3153 5875 3471 5948 petitionem
