4008 6354
608 349 714 409 687

1389 355 1449 411 S.
1473 351 1846 413 'PASCHASII
1884 349 2233 411 RADBEBTI
2266 340 2559 410 ABBATIS
2595 300 3049 424 CORDEIENSIS
3704 365 3786 425 εδδ

607 480 800 522 eorum
822 464 916 537 qui
937 465 1216 538 petebant,
1265 467 1420 537 quasi
1446 457 1683 541 religiOsi
1713 477 1770 523 et
1811 465 2186 538 etelestis'glo-
2209 476 2264 538 Α
2293 465 2436 522 enim
2492 480 2647 521 suam
2707 465 2940 537 denegat
2995 461 3244 520 Christus
3293 472 3584 536 potestatein
3634 473 3786 541 dandi,

609 557 710 614 ria)
732 563 1237 624 amatores,‘tamen
1259 573 1368 614 non
1403 559 1556 626 quasi
1589 559 1871 615 scientiam
1910 559 2188 614 habentes.

607 647 678 704 Et
729 647 852 704 ideo
885 663 1008 704 cum
1037 647 1128 704 illa
1153 649 1402 722 poposcit
1446 645 1462 703 τ’
1511 649 1611 704 Dic
1645 659 1702 704 ut
1739 650 1953 705 sedeant
2000 650 2054 703 Iri
2083 649 2191 703 duo

605 741 709 811 ﬁlii
731 742 858 809 mei,
879 758 1019 797 unus
1043 741 1374 797 ad-dextram
1391 753 1534 797 tuam
1556 744 1612 797 in
1648 759 1804 815 regno
1839 753 1951 808 tuo,
1983 751 2031 797 et
2053 740 2191 796 alius

605 835 676 890 ad
693 835 986 892 sinistram.
1005 835 1262 904 Quamvis
1289 837 1369 894 eis
1401 837 1638 893 coelestia
1661 839 1928 908 petiisset,
1956 837 2192 893 caelestis

605 927 814 984 arbiter
845 942 955 984 non
981 929 1049 983 ad
1083 930 1248 984 verba
1281 927 1545 994 mulieris,
1573 929 1667 984 sed
1712 929 1779 984 ad
1823 928 2106 984 consilium
2136 938 2193 983 et

605 1017 1005 1090 suggestionem
1054 1019 1289 1074 filiorum
1335 1019 1616 1094 respondit
1645 1009 1938 1087 :‘Nescitis,
1993 1020 2186 1090 inquit,

602 1111 730 1182 quid
749 1112 958 1182 petatis.
982 1111 1061 1167 Ac
1080 1111 1126 1166 si
1149 1111 1373 1176 diceret,
1395 1110 1646 1182 Nunquid
1668 1127 1776 1166 non
1799 1111 2026 1167 audistis
2046 1111 2191 1181 quod

603 1201 697 1273 qui
737 1217 772 1256 a
817 1201 1056 1258 sinistris
1100 1212 1262 1258 erunt
1307 1202 1575 1258 maledicti
1624 1211 1784 1258 erunt
1832 1212 1888 1258 et
1935 1203 2191 1275 reprobi?

600 1279 811 1349 Idcirco
836 1307 934 1349 vos
952 1293 1140 1349 vocavi
1161 1293 1229 1349 de
1249 1293 1487 1349 sinistris
1511 1294 1580 1349 ad
1605 1294 1874 1360 dextram,
1895 1303 1954 1348 ut
1975 1308 2190 1364 semper

601 1384 660 1440 in
685 1384 894 1440 dextris
919 1384 1307 1455 permaneatis.
1357 1384 1427 1439 Et
1453 1384 1582 1455 quid
1610 1393 1694 1440 est
1719 1384 1864 1455 quod
1882 1399 1978 1440 vos
2006 1393 2189 1439 vestro

601 1476 828 1534 consilio
857 1491 1048 1532 rursus
1095 1491 1378 1532 recurrere
1415 1476 1577 1532 vultis
1602 1477 1669 1532 ad
1693 1477 2004 1532 sinistram?
2025 1475 2188 1530 Forte

600 1567 846 1625 diabolus
871 1583 969 1640 per
999 1568 1281 1625 mulierem
1323 1569 1393 1625 ad
1442 1578 1702 1625 consueta
1741 1569 1975 1625 recurrit
2010 1583 2182 1631 arma,

599 1669 660 1714 ut
686 1675 784 1731 per
799 1660 1092 1716 muliebres
1111 1661 1336 1716 affectus
1363 1660 1542 1716 locum
1565 1660 1809 1716 inveniat
1832 1676 2009 1716 error.
2035 1659 2183 1714 Alias

598 1761 800 1820 autem,
843 1752 973 1824 quia
1015 1752 1296 1823 proprium
1323 1761 1408 1807 est
1446 1754 1607 1807 unico
1654 1751 1752 1807 Dei
1800 1751 1939 1807 Filio
1967 1752 2185 1808 Christo

2297 559 2545 630 quamvis
2592 557 2830 614 haeresis
2865 555 3140 611 Feliciana
3195 555 3423 627 gaudens
3466 559 3546 616 hic
3599 577 3794 638 assurgat

2296 658 2484 708 contra
2530 649 2690 705 fidem
2727 648 3086 714 catholicam;
3121 648 3274 718 quasi
3314 649 3433 718 quia
3473 657 3792 725 nuncupatim

2295 748 2414 796 erat
2435 739 2530 795 Dei
2575 738 2746 795 Filius
2787 738 2874 794 vel
2921 737 3205 809 adoptivus
3234 739 3510 795 secundum
3533 743 3791 804 hominem:

2294 832 2416 888 ideo
2461 833 2606 888 dicat
2637 850 2651 886 :
2683 829 2810 887 Non
2849 839 2925 886 est
2957 847 3131 886 meum
3170 830 3297 886 dare
3336 831 3501 898 vobis,
3529 847 3636 890 cum
3675 837 3795 908 longe

2293 921 2453 977 aliter
2489 921 2604 992 ipse
2647 920 2793 977 dicat
2825 938 2838 975 :
2875 919 3000 974 Non
3055 928 3132 975 est
3185 935 3373 975 meum.
3397 920 3472 976 Ac
3511 923 3554 977 si
3597 925 3792 982 diceret:

2295 1013 2409 1070 Mea
2443 1014 2617 1071 forma
2664 1013 2719 1069 in
2743 1029 2850 1084 qua
2892 1013 3056 1069 homo
3097 1028 3242 1079 sum,
3273 1021 3335 1068 ut
3359 1028 3453 1070 vos
3481 1017 3689 1084 creditis,
3715 1036 3794 1077 non

2294 1117 2378 1164 est
2401 1121 2535 1164 mea:
2567 1105 2942 1178 possibilitatis
2990 1107 3122 1162 dare
3150 1121 3272 1178 quae
3314 1108 3540 1178 poscitis.
3563 1109 3683 1181 Ergo
3703 1127 3796 1168 cum

2293 1200 2368 1256 ita
2396 1200 2471 1255 sit
2499 1199 2932 1272 intelligendum,
2960 1213 3067 1254 non
3099 1198 3328 1254 attendit
3354 1215 3492 1256 caeca
3517 1205 3798 1274 prasumptio

2292 1307 2514 1348 causam
2559 1306 2657 1347 cur
2692 1291 2795 1347 hoc
2834 1289 3033 1346 dixerit
3073 1288 3342 1357 Salvator,
3377 1291 3460 1347 cui
3503 1293 3657 1347 omnia
3693 1293 3796 1347 dedit

2293 1383 2456 1438 Pater
2487 1385 2544 1438 in
2574 1399 2765 1438 manus
2794 1381 2978 1454 (Joan.
3010 1397 3131 1448 xm,
3161 1380 3240 1454 3).
3275 1379 3388 1438 Non
3432 1383 3567 1438 enim
3591 1384 3693 1438 ideo
3721 1400 3796 1439 non

2291 1484 2412 1530 erat
2443 1489 2600 1530 suum
2647 1474 2799 1539 dare,
2829 1487 2897 1528 eo
2925 1472 3069 1543 quod
3099 1486 3206 1528 non
3243 1472 3434 1544 possit,
3465 1473 3551 1529 sed
3586 1474 3691 1543 quia
3723 1472 3797 1543 ipsi

2289 1564 2433 1620 male
2460 1565 2738 1634 petebant.
2763 1562 2902 1619 Hinc
2927 1578 3142 1634 quoque
3165 1563 3411 1635 protinus
3435 1578 3632 1620 causam
3665 1565 3799 1620 intulit

2289 1652 2648 1710 manifestius.
2681 1652 2933 1720 Nescitis,
2962 1653 3159 1724 inquit,
3181 1654 3308 1726 quid
3333 1656 3530 1726 petatis.
3559 1654 3666 1711 Haec
3685 1671 3797 1710 nam-

2289 1762 2395 1818 que
2421 1762 2584 1803 causa
2616 1746 3070 1818 impossibilitatis
3095 1745 3217 1811 fuit,
3249 1756 3306 1803 et
3332 1762 3438 1804 non
3464 1747 3547 1802 illa
3573 1763 3707 1818 quam
3729 1748 3800 1801 istc

595 1838 828 1906 Jesu,ut
849 1844 1035 1898 sedeat
1064 1842 1181 1912 ipse
1210 1843 1278 1897 ad
1307 1841 1554 1897 dextram
1569 1840 1664 1896 Dei
1691 1841 1891 1907 Patris,
1913 1842 2183 1912 quomodo
2212 1837 2260 1896 B
2288 1839 2454 1893 miser
2503 1839 2558 1892 in
2603 1837 2944 1907 adoptionem
2971 1836 3094 1892 Filii
3136 1836 3232 1892 Dei
3272 1839 3488 1894 retorsit
3528 1838 3589 1893 de
3616 1837 3798 1898 Christo,

596 1933 812 1989 sederet
832 1933 1028 2004 aliquis
1052 1950 1240 1989 eorum
1262 1935 1331 1989 ad
1358 1934 1639 1990 sinistram
1674 1934 1820 2000 Filii,
1848 1935 1949 1989 nisi
1973 1935 2182 1990 medius

597 2025 812 2082 sederet
836 2018 979 2082 inter
990 2025 1208 2080 Patrem
1227 2034 1284 2081 et
1304 2023 1522 2091 Filium,
1539 2024 1682 2095 quod
1707 2023 1858 2080 nefas
1871 2035 1955 2081 est
1975 2026 2180 2092 dicere,

596 2132 662 2174 ac
688 2108 988 2190 proximior
1015 2117 1141 2174 illo?
1180 2117 1248 2173 Et
1296 2117 1420 2174 ideo
1464 2116 1714 2174 Salvator
1754 2132 1902 2183 mox,
1930 2117 2176 2183 Nescitis,

594 2207 792 2278 inquit,
849 2208 978 2280 quid
1027 2209 1235 2279 petatis.
1287 2207 1441 2264 Licet
1488 2209 1634 2264 enim
1687 2209 1888 2264 bonum
1931 2207 2181 2263 videatur

593 2299 960 2366 desiderium,
1013 2302 1109 2357 sed
1161 2301 1564 2358 inconsiderata
1606 2310 1692 2357 est
1724 2301 1936 2372 petitio,
1988 2316 2180 2372 quam-

591 2390 677 2445 vis
733 2389 802 2446 de
836 2404 1020 2446 amore
1077 2390 1293 2446 Domini
1340 2399 1467 2446 nata
1514 2399 1758 2462 putatur,
1787 2400 1843 2446 et
1889 2399 2178 2462 propterea

590 2497 699 2539 non
756 2483 1112 2552 voluntatem,
1161 2499 1272 2542 non
1321 2485 1680 2557 propositum,
1724 2483 1866 2541 forte
1917 2483 2176 2554 culpavit,

587 2575 685 2630 sed
737 2573 1101 2647 ignorantiam
1161 2574 1460 2646 petitionis.
1519 2574 1676 2632 Unde
1723 2590 1832 2630 non
1886 2573 2176 2630 confundi-

587 2672 710 2729 tur,
748 2678 852 2720 nec
903 2666 1262 2721 exacerbatur
1317 2665 1549 2730 mulier,
1601 2665 1698 2720 sed
1754 2673 2042 2720 revocatur
2090 2678 2177 2718 er-

586 2770 702 2822 ror,
750 2765 806 2812 et
850 2755 1156 2829 ignorantia
1211 2757 1648 2828 reprelienditur.
1679 2753 1938 2821 Potestis,
1976 2755 2174 2827 inquit,

587 2849 802 2904 calicem
857 2849 1048 2916 bibere,
1106 2867 1260 2922 quem
1297 2867 1390 2921 ego
1437 2850 1693 2904 bibitqu
1745 2852 1903 2905 sum?
1937 2849 2061 2906 ideo
2095 2851 2175 2905 in-

587 2949 869 3009 terrogat,
919 2949 980 2996 ut
1037 2954 1104 2996 ex
1168 2956 1264 2996 ore
1322 2941 1680 2998 confessionis
1737 2957 1926 2998 eorum
1985 2957 2174 3012 perse-

584 3032 954 3103 quaturqutid
977 3031 1217 3088 futurum
1246 3041 1393 3098 erat;
1431 3048 1496 3088 ac
1543 3034 1588 3089 si
1628 3033 1833 3090 diceret
1865 3052 1878 3088 :
1908 3033 2022 3091 Nisi
2049 3050 2172 3090 eum

585 3121 766 3192 parati
826 3121 944 3177 sitis
994 3123 1312 3194 Suscipere,
1365 3131 1420 3178 et
1470 3124 1838 3178 consummari
1889 3125 2171 3197 martyrio,

2288 1933 2432 2002 quod
2468 1945 2734 2000 nusquam
2763 1939 2818 1986 et
2847 1945 3123 2001 nunquam
3154 1930 3306 2001 legit.
3337 1929 3658 2002 Nequaquam
3683 1929 3804 1997 igitur

2285 2039 2412 2082 cum
2446 2023 2672 2079 dixisset
2698 2040 2712 2076 :
2747 2020 2871 2077 Non
2896 2033 2970 2076 est
2997 2039 3170 2077 meum
3193 2023 3324 2078 dare
3345 2023 3506 2090 vobis,
3529 2022 3744 2078 continuo
3761 2028 3802 2072 ut

2285 2131 2623 2186 consequens
2652 2122 2792 2178 erat,
2829 2114 3107 2185 subjunxit
3138 2132 3152 2169 :
3185 2112 3292 2169 Sed
3325 2115 3507 2185 quibus
3539 2113 3680 2168 Pater
3698 2128 3803 2166 nteus

2286 2211 2432 2266 dabit
2461 2208 2618 2274 illud,
2663 2223 2846 2263 eorum
2883 2207 3002 2261 erit.
3033 2205 3220 2276 Neque
3256 2207 3334 2262 ita
3394 2207 3472 2262 sic
3512 2206 3706 2269 diceret,
3734 2217 3804 2276 per

2285 2300 2626 2372 adoptionem
2679 2296 2876 2353 Filium
2923 2296 3018 2352 Dei
3064 2295 3243 2353 Patris
3283 2312 3402 2354 esse
3448 2312 3505 2353 se
3538 2297 3803 2354 ostenderet.

2283 2402 2490 2464 quanto
2515 2391 2690 2462 magis
2729 2405 2873 2446 nunc
2905 2405 3030 2446 cum
3057 2389 3137 2445 ait
3168 2408 3182 2444 :
3225 2389 3332 2446 Sed
3370 2391 3549 2463 quibus
3574 2389 3716 2460 838
3740 2404 3805 2457 pa-

2283 2494 2458 2538 ratum
2481 2493 2556 2538 est
2577 2501 2610 2537 a
2632 2480 2798 2538 Patre
2817 2498 2965 2548 meo;
2995 2496 3064 2538 ex
3088 2496 3196 2551 quo
3217 2482 3462 2538 insinuat
3481 2480 3603 2537 nihil
3624 2482 3666 2536 ei
3685 2478 3808 2532 fuisse

2284 2572 2644 2644 impossibile,
2688 2587 2863 2643 neque
2906 2573 2962 2627 in
2999 2572 3175 2628 dando
3223 2572 3458 2637 difﬁcile,
3495 2571 3582 2627 sed
3629 2568 3807 2640 qualitas

2281 2664 2557 2736 petitionis
2608 2661 2974 2720 difﬁcultatem
3022 2664 3209 2736 genuit
3264 2663 3621 2733 poscentibus.
3654 2659 3809 2714 idcirco

2283 2757 2635 2830 quaerendum
2672 2757 2825 2829 prius
2867 2766 2953 2812 est
2992 2757 3046 2812 in
3085 2757 3364 2822 omnibus,
3396 2764 3570 2812 utrum
3608 2761 3730 2810 recte
3760 2765 3808 2803 an

2283 2866 2388 2910 non
2436 2860 2586 2910 recte
2628 2849 2771 2923 quod
2811 2849 3002 2907 salutis
3030 2856 3112 2904 est
3148 2857 3325 2920 petas.
3358 2845 3601 2918 Alioquin
3626 2855 3755 2899 nemo
3772 2839 3812 2894 in

2279 2945 2500 3003 nomine
2535 2943 2835 3000 Saluatoris
2872 2943 3028 3013 petit,
3064 2942 3119 2997 ni
3147 2941 3244 3013 qui
3277 2942 3425 3013 quod
3464 2938 3639 2996 salutis
3669 2942 3751 2998 est,
3773 2941 3811 2986 et

2278 3038 2422 3109 quod
2451 3043 2685 3108 oportet,
2717 3042 2774 3091 et
2802 3045 2964 3106 prout
2991 3040 3227 3104 oportet,
3260 3034 3420 3104 petit.
3453 3030 3545 3087 Sin
3575 3028 3710 3091 alias,
3734 3037 3811 3077 non

2279 3136 2365 3184 est
2388 3127 2506 3198 ejus
2537 3126 2670 3182 dare
2709 3124 2783 3180 illi
2827 3124 2921 3194 qui
2972 3123 3115 3180 male
3148 3124 3312 3194 petit.
3359 3122 3428 3178 Et
3462 3121 3574 3176 ideo
3609 3113 3813 3171 Dominus

587 3214 656 3268 ad
711 3216 958 3271 dextram
1010 3231 1187 3272 meam
1218 3216 1442 3272 minime
1471 3214 1662 3270 sedere
1712 3218 1960 3286 potestis.
2018 3219 2172 3285 Quod
2201 3201 2247 3265 Ο
2279 3234 2387 3274 non
2412 3217 2742 3290 generaliter
2764 3217 2830 3271 de
2855 3214 3106 3271 omnibus
3131 3206 3294 3280 diXit,
3323 3213 3419 3285 qui
3439 3225 3595 3282 quam
3616 3207 3813 3277 frequen-

567 3305 841 3362 ‘orunibus
893 3321 1214 3363 conoessum
1258 3317 1342 3363 est
1385 3307 1710 3380 generaliter
1757 3317 1819 3363 ut
1866 3309 1920 3364 in
1965 3309 2172 3365 dextris

587 3398 731 3466 sint,
792 3398 920 3455 licet
977 3399 1081 3455 hoc
1141 3399 1295 3455 vobis
1349 3398 1653 3470 specialiter
1709 3399 1988 3456 vindicare
2040 3400 2171 3455 veli-

585 3491 675 3556 tis,
699 3490 863 3562 837
901 3501 959 3544 ut
990 3490 1044 3546 in
1080 3491 1276 3546 throno
1325 3491 1558 3546 sedeatis
1587 3490 1708 3558 soli,
1738 3491 1831 3548 ubi
1857 3492 1912 3547 in
1937 3492 2169 3548 circuitu

585 3583 758 3654 angeli
787 3590 970 3638 astare
997 3583 1273 3639 dicuntur.
1306 3581 1534 3638 Calicem
1568 3584 1779 3655 quidem
1815 3601 1989 3640 meum
2025 3585 2166 3640 bibe-

583 3676 672 3740 tis,
699 3674 880 3729 sedere
900 3685 1077 3730 autem
1101 3675 1172 3730 ad
1199 3675 1441 3729 dextram
1465 3690 1635 3729 meam
1663 3673 1739 3730 vel
1763 3675 2032 3731 sinistram
2065 3693 2166 3730 non

580 3775 657 3820 est
683 3782 858 3821 meum
884 3765 1013 3820 dare
1047 3765 1212 3832 vobis,
1241 3765 1331 3820 sed
1365 3765 1554 3837 quibus
1578 3776 1824 3836 paratum
1847 3777 1923 3826 est
1945 3785 1977 3822 a
2009 3766 2170 3823 Patre

582 3873 716 3912 meo.
763 3854 1025 3911 Mirabilis
1062 3857 1381 3926 responsio!
1427 3855 1682 3928 Nunquid
1730 3874 1837 3913 non
1869 3858 2029 3916 habet
2069 3874 2166 3930 po-

582 3955 834 4004 testatem
861 3954 1118 4017 praestare
1158 3946 1288 4002 illud
1323 3947 1412 4003 cui
1442 3948 1589 4004 vult?
1615 3947 1756 4016 Quid
1791 3958 1875 4005 est
1913 3951 2057 4020 quod
2083 3949 2168 4004 di-

581 4037 676 4101 cit,
709 4035 834 4090 Non
870 4044 946 4090 est
983 4037 1196 4092 meum?
1222 4035 1473 4106 Nunquid
1515 4053 1621 4093 non
1664 4036 1826 4093 Pater
1862 4037 2037 4110 diligit
2073 4037 2166 4093 Fi-

578 4129 742 4195 lium,
763 4129 996 4192 utkalibi
1028 4128 1242 4185 aitzEt
1289 4130 1471 4186 omnia
1511 4131 1660 4186 dedit
1704 4130 1760 4185 in
1807 4147 1971 4186 manu
2017 4129 2170 4201 ejus?

580 4219 690 4276 Sed
714 4228 771 4275 et
797 4220 915 4291 ipse
946 4221 1014 4276 de
1037 4236 1096 4277 se
1122 4219 1294 4277 Filius
1324 4238 1337 4274 :
1364 4219 1557 4276 Omnia
1594 4221 1792 4287 Patris,
1823 4222 2018 4292 inquit,
2051 4238 2169 4280 mea

581 4323 726 4371 sunt.
758 4313 915 4383 Quod
961 4315 1006 4370 si
1048 4315 1231 4371 omnia
1263 4313 1381 4384 ejus
1425 4323 1574 4381 sunt,
1603 4315 1873 4386 quomodo
1913 4332 2019 4373 non
2051 4316 2170 4387 ejus

580 4413 685 4474 est,
714 4416 777 4462 ut
810 4406 902 4463 det
929 4407 1120 4464 sedere
1166 4407 1220 4462 in
1271 4407 1464 4462 throno
1504 4421 1602 4462 suo
1632 4407 1700 4462 ad
1731 4407 1975 4463 dextram
2015 4425 2168 4465 suam

519 4475 530 4564 ἶ
578 4500 664 4557 vel
700 4500 978 4557 sinistram
1010 4499 1276 4564 cuivult?
1300 4497 1434 4554 Nam
1458 4500 1562 4556 etsi
1604 4509 1853 4569 paratum
1889 4509 1973 4556 est
2003 4517 2034 4556 a
2060 4501 2166 4557 Pa-

2276 3321 2363 3367 ter
2391 3318 2542 3366 recte
2566 3308 2700 3365 satis
2722 3316 2884 3379 prout
2909 3314 3124 3376 oportet
3148 3314 3368 3376 petunt,
3399 3314 3460 3360 ut
3482 3304 3672 3359 diceret
3696 3316 3707 3351 :
3728 3293 3812 3350 Non

2274 3413 2360 3461 est
2377 3419 2560 3460 meum
2588 3403 2720 3458 dare
2747 3401 2970 3456 cuilibet
2998 3400 3308 3465 hominum,
3333 3399 3431 3456 sed
3466 3398 3720 3468 signanter
3743 3401 3814 3441 vo-

2273 3498 2382 3553 bis.
2402 3495 2483 3552 Ac
2510 3495 2556 3552 si
2584 3499 2835 3565 patenter
2863 3492 3068 3548 diceret
3095 3509 3108 3545 :
3139 3489 3314 3548 Vobis
3338 3491 3547 3562 utique,
3572 3487 3654 3557 qui
3680 3478 3814 3539 nesci-

2274 3591 2346 3646 tis
2371 3589 2499 3659 quid
2521 3597 2709 3660 petere
2734 3585 2819 3643 vel
2850 3585 3120 3657 quomodo
3149 3594 3344 3656 petere
3365 3584 3634 3648 debeatis;
3658 3577 3735 3650 Qui
3755 3587 3817 3630 me

2274 3685 2454 3740 adhuc
2507 3681 2734 3738 nescitis
2781 3688 2945 3752 prout
2993 3687 3232 3750 oportet,
3264 3680 3414 3751 apud
3453 3692 3606 3748 quem
3649 3667 3813 3743 petatis-

2274 3775 2462 3846 Neque
2503 3773 2583 3830 sic
2631 3771 2899 3829 conclusit
2943 3770 3275 3828 sententiam
3323 3769 3610 3827 locutionis
3647 3765 3818 3826 suam“

2275 3867 2380 3924 sibi
2407 3867 2704 3937 abnegaret
2731 3865 2871 3919 hanc
2900 3871 3248 3932 potestatem,
3273 3865 3374 3920 sed
3404 3861 3642 3918 addidit:
3665 3854 3818 3922 Quibus

2273 3968 2520 4030 paratum
2569 3968 2642 4012 est
2693 3974 2726 4012 a
2770 3955 2928 4012 Patre
2966 3973 3098 4012 meo.
3140 3957 3222 4012 Ac
3269 3958 3318 4014 si
3363 3958 3571 4014 diceret
3601 3973 3613 4008 :
3638 3950 3731 4007 illis
3761 3953 3822 4001 est

2274 4067 2454 4108 meum
2483 4053 2634 4114 dare,
2659 4050 2860 4120 quibus
2888 4057 2972 4104 est
2998 4057 3250 4118 paratum
3283 4066 3315 4105 a
3346 4050 3532 4114 Patre,
3560 4054 3613 4101 ut
3639 4058 3714 4099 me
3737 4052 3822 4094 cre-

2275 4142 2406 4199 dant
2431 4149 2489 4198 et
2515 4140 2819 4212 intelligant
2849 4139 3111 4212 aequalem
3141 4141 3255 4196 Deo
3283 4140 3468 4207 Patri,
3491 4136 3676 4210 quibus
3699 4131 3822 4188 Pater

2273 4247 2430 4288 meus
2468 4232 2675 4288 revelat
2713 4231 2854 4288 sicut
2881 4230 3061 4298 Petro,
3111 4241 3169 4286 ut
3204 4232 3578 4289 confiteantur
3605 4242 3682 4284 me
3703 4221 3826 4279 Chri-

2273 4332 2418 4380 stum
2457 4323 2553 4380 Dei
2588 4324 2696 4378 vivi
2725 4322 2944 4389 Filium,
2975 4323 3102 4394 quia
3145 4332 3288 4396 tunc
3331 4326 3444 4382 erit
3475 4336 3650 4381 meum
3681 4325 3727 4374 et
3747 4313 3826 4372 illis

2273 4415 2429 4482 dare,
2453 4414 2595 4470 sicut
2625 4414 2744 4470 dedi
2777 4423 2832 4469 et
2871 4399 3034 4470 Petro
3074 4414 3483 4472 beatitudinem
3529 4423 3758 4470 aeternam
3787 4412 3825 4458 et

2273 4506 2454 4564 claves
2478 4505 2629 4575 regni
2656 4505 2938 4560 caelorum.
2965 4504 3171 4572 Quibus
3192 4521 3330 4577 ergo
3353 4516 3517 4579 parat
3536 4504 3687 4560 Pater
3704 4511 3826 4555 men-

579 4603 684 4658 tre,
711 4601 772 4648 ut
791 4593 1015 4649 sedeant
1038 4592 1113 4649 ibi
1134 4594 1228 4665 qui
1252 4595 1454 4652 sessuri
1483 4603 1634 4662 sunt,
1655 4597 1842 4667 utique
1870 4607 1927 4653 et
1955 4598 2024 4653 ab
2051 4599 2168 4670 ipso
2196 4569 2248 4629 Ῑ)
2275 4607 2375 4661 tes,
2405 4604 2467 4652 ut
2514 4569 2755 4666 perfecte
2801 4569 3026 4651 credant
3081 4605 3136 4650 et
3184 4569 3338 4654 recte
3357 4569 3609 4669 -petant,
3641 4593 3734 4647 illis
3767 4593 3830 4642 est

579 4685 694 4742 filio
731 4685 846 4758 ipsa
873 4695 1097 4759 paratur
1124 4688 1314 4744 sessio.
1346 4689 1489 4745 Dicit
1526 4690 1672 4744 enim
1711 4690 1878 4746 alibi:
1911 4690 1980 4745 In
2013 4692 2168 4746 domo

579 4777 760 4833 Patris
810 4779 911 4833 mei
951 4781 1245 4835 mansiones
1280 4778 1462 4834 multa:
1506 4771 1694 4848 θωπί
1720 4792 1768 4836 et
1805 4783 1851 4836 si
1889 4784 2166 4853 quominus

578 4870 828 4926 dixissent
856 4870 1034 4936 vobis;
1076 4873 1207 4926 vado
1242 4889 1434 4942 parare
1463 4873 1606 4929 vobis
1638 4873 1810 4929 locant
1841 4873 2024 4945 (Joan.
2052 4887 2163 4941 xw,

577 4959 654 5032 2).
697 4961 1036 5034 Quapropter
1086 4962 1202 5033 ipse
1244 4961 1416 5029 locus,
1450 4963 1535 5019 vel
1583 4965 1775 5030 sessio,
1813 4979 1907 5019 seu
1958 4964 2167 5020 mansio

578 5053 934 5124 singulorum,
959 5062 1045 5111 est
1066 5055 1180 5124 jam
1215 5055 1284 5110 ab
1312 5055 1467 5110 initio
1496 5057 1550 5111 in
1578 5057 1915 5128 praescientia
1942 5056 2036 5112 Dei
2064 5072 2162 5127 pa-

578 5152 696 5200 rata
727 5143 973 5218 singulis,
1009 5153 1066 5200 et
1100 5153 1324 5216 paratur
1356 5147 1596 5215 quotidie
1646 5162 1744 5219 per
1779 5148 1941 5203 fidem
1974 5162 2164 5203 eorum

578 5239 673 5312 qui
710 5241 940 5296 credunt
964 5247 1023 5295 ut
1049 5240 1390 5310 perveniant.
1417 5239 1486 5294 Et
1510 5239 1633 5296 ideo
1666 5249 1814 5296 recte
1841 5239 1973 5295 dicit
2021 5239 2166 5308 quod

576 5345 690 5387 non
725 5339 811 5388 est
855 5347 1011 5388 suum
1061 5330 1210 5397 dare,
1238 5332 1333 5387 sed
1374 5346 1563 5388 eorum
1606 5340 1690 5388 est
1734 5331 2035 5402 promereri
2069 5346 2173 5406 per)

575 5423 764 5494 ﬁdem,
788 5427 882 5497 qui
935 5425 1207 5498 accepturi
1255 5434 1399 5489 sunt,
1431 5423 1576 5495 quod
1626 5423 1707 5478 eis
1749 5424 1862 5494 jam
1908 5432 2158 5495 paratum

577 5522 666 5571 est
712 5531 746 5572 a
796 5516 990 5583 Patre,
1045 5524 1100 5572 et
1148 5516 1391 5588 quotidie
1445 5523 1666 5587 paratur
1710 5516 1871 5572 etiam
1925 5518 1992 5573 ab
2042 5517 2158 5588 ipso

575 5603 736 5664 Filio.
770 5607 924 5665 Unde
963 5609 1207 5664 dicturus
1270 5608 1466 5680 legitur
1525 5607 1579 5663 in
1643 5608 1934 5665 novissimo
1987 5625 2002 5664 :
2055 5609 2155 5666 Ve-

578 5697 710 5764 nite,
731 5697 982 5754 benedicti
1004 5696 1183 5753 Patris
1203 5699 1324 5764 mei,
1351 5700 1596 5768 percipite
1622 5716 1837 5770 regnum
1859 5701 1996 5772 quod
2017 5701 2156 5756 vobis

579 5796 824 5858 paratum
849 5799 922 5843 est
943 5789 1007 5842 ab
1039 5789 1237 5860 origine
1274 5790 1456 5844 mundi
1492 5788 1704 5859 (Matth.
1739 5807 1866 5856 xxv,
1895 5791 2003 5861 54).
2040 5791 2153 5847 Non

2279 4687 2404 4743 Filii
2430 4687 2562 4743 dare
2585 4702 2810 4758 regnum
2826 4687 3108 4744 caelorum.
3134 4687 3272 4755 Quia
3289 4705 3460 4746 nemo
3487 4689 3692 4744 Patrem
3715 4687 3829 4737 recte

2270 4778 2446 4835 credit
2495 4778 2612 4833 sine
2653 4777 2811 4843 Filio,
2851 4794 3028 4849 neque
3073 4777 3272 4834 Filium
3334 4781 3463 4836 sine
3509 4780 3680 4834 Patre.
3713 4771 3832 4828 Unde

2269 4870 2406 4926 dicit
2433 4870 2549 4941 ipse
2578 4868 2805 4940 loquens
2833 4871 2900 4925 ad
2933 4869 3152 4926 Patrem
3180 4890 3193 4926 :
3219 4870 3359 4927 Haec
3400 4881 3478 4927 est
3515 4873 3617 4926 vita
3651 4876 3828 4922 retenta.

2267 4972 2326 5015 ut
2358 4961 2576 5016 credant
2624 4971 2673 5016 te
2719 4961 2887 5016 solum
2927 4979 3103 5016 verum
3147 4963 3358 5029 Deum,
3406 4974 3459 5019 et
3499 4978 3647 5035 quem
3679 4955 3832 5012 mitis"

2267 5051 2452 5106 Iesum
2493 5050 2762 5106 Christum
2798 5051 2984 5124 (Joan.
3026 5069 3168 5119 xvu,
3208 5055 3288 5126 ὅ).
3360 5054 3482 5110 Hoc
3523 5052 3708 5124 quippe
3753 5046 3832 5100 i510

2268 5141 2394 5210 quia
2422 5157 2526 5196 non
2555 5142 2831 5208 credebat,
2850 5142 2989 5197 male
3008 5143 3241 5216 desipuit
3263 5153 3324 5199 et
3347 5146 3734 5202 condemnatus
3751 5145 3831 5191 est.

2269 5229 2380 5286 Nec
2407 5247 2539 5303 ergo
2588 5231 2660 5286 illi
2692 5231 2940 5287 Christus
2986 5233 3054 5288 ad
3096 5233 3317 5290 Patrem
3359 5227 3836 5294 ascenderat,sicut

2270 5338 2370 5377 nec
2395 5321 2606 5388 Mariae;
2659 5332 2714 5378 et
2757 5324 2878 5379 ideo
2920 5327 3350 5395 nuncupativum
3398 5342 3527 5382 cum
3555 5325 3649 5380 Dei
3674 5319 3835 5377 Filium

2269 5412 2497 5477 dicebat,
2542 5413 2625 5469 vel
2677 5415 3008 5485 adoptivum.
3068 5414 3176 5472 Nec
3227 5416 3383 5472 enim
3441 5418 3690 5488 tetigerat
3737 5418 3837 5464 eum

2265 5499 2500 5570 (infelix)
2533 5517 2628 5572 per
2659 5503 2842 5570 Iidem,
2864 5519 3026 5574 quem
3053 5519 3153 5560 nec
3173 5520 3304 5560 vere
3331 5505 3540 5572 Deum,
3571 5519 3670 5560 nec
3692 5495 3839 5554 omni-

2263 5602 2536 5664 potentem
2572 5596 2848 5663 credebat,
2873 5597 2967 5653 sed
3001 5597 3273 5655 dividebat
3322 5616 3501 5655 unum
3542 5598 3636 5652 Dei
3671 5590 3836 5648 Filiqu

2263 5695 2318 5750 in
2357 5696 2509 5752 duos.
2540 5696 2717 5753 Unum
2751 5699 3018 5769 siquidem
3057 5700 3243 5758 dicens
3287 5703 3605 5774 proprium,
3641 5707 3692 5753 et
3733 5692 3844 5748 alte-

2266 5810 2382 5849 rum
2428 5794 2767 5866 adoptivum;
2815 5806 2871 5851 ut
2907 5796 3018 5868 jam
3066 5817 3170 5856 nou
3221 5798 3477 5856 Trinitas
3522 5801 3660 5854 Deus
3697 5796 3837 5850 ess”.
