4008 6354
168 397 278 476 'sss

966 413 1328 470 EXPOSITIO
1364 413 1428 468 IN
1465 412 1906 470 narramus.
1939 368 2020 455 ’-
2061 415 2184 468 un.
2227 413 2319 480 ix,
2361 413 2515 469 esp.
2557 413 2675 469 xx.

3353 413 3458 471 690

179 531 264 592 sed
316 530 693 602 quaternitas;
757 527 902 598 quod
955 528 1049 597 qui
1109 525 1282 599 sapit,
1342 534 1486 581 totus
1537 524 1756 596 desipit.
1788 537 1842 599 Α
1866 541 1930 581 ac
1969 526 2149 582 czeteri
2187 527 2529 593 erudiantur,
2551 535 2608 582 et
2637 527 2780 584 inter
2807 529 3008 586 fratres
3041 529 3374 589 unanimitas
3403 541 3466 590 et

237 625 368 682 Haec
407 623 618 680 idcirco
640 621 906 693 prolixius
939 620 1192 686 dixerim,
1221 627 1280 674 ut
1310 621 1546 691 prudens
1573 619 1766 684 lector,

185 730 284 775 tam
312 717 370 773 in
399 716 506 772 hoc
536 715 656 770 loco
691 728 856 785 quam
887 712 941 767 in
973 711 1094 767 aliis
1119 711 1569 783 quamplurimis,’
1599 711 1771 767 haere—

185 812 406 868 ticorum
466 821 668 863 venena
712 804 919 877 fugiat;
970 813 1026 861 et
1065 819 1187 874 qua:
1224 803 1453 874 petenda
1498 812 1646 868 sunt,
1685 802 1772 858 vel

184 903 470 976 quomodo,
492 899 581 956 vel
603 899 742 970 apud
765 914 951 968 quem,
974 898 1206 968 petenda
1231 905 1376 962 sunt,
1404 904 1554 951 caste
1581 895 1773 950 intelli-

183 1005 262 1068 gat
291 1003 349 1049 et
378 993 577 1049 devote
597 1001 824 1062 quaerat.
851 989 987 1058 Quia
1020 989 1075 1043 in
1114 989 1218 1044 hae
1265 989 1496 1043 duorum
1522 987 1770 1058 fratrum

171 1089 469 1162 petitione,
499 1085 742 1140 omnium
775 1082 890 1139 fere
912 1097 1019 1138 non
1051 1089 1198 1136 recte
1224 1081 1523 1152 petentium
1557 1093 1770 1136 summa

185 1180 445 1244 cansistit,
464 1187 518 1234 et
537 1175 902 1247 repercutitur
920 1173 1274 1246 praesumptio
1291 1172 1432 1229 male
1445 1174 1766 1244 petentium.

181 1273 338 1348 839
361 1261 644 1329 Celsitudo
669 1283 884 1340 quoque
918 1267 1221 1324 divinitatis
1254 1265 1371 1336 ejus
1413 1274 1766 1334 monstratur,

185 1383 293 1424 cum
324 1365 596 1436 aqualem
634 1379 693 1420 se
731 1363 880 1418 Patri
917 1362 1036 1417 vult
1063 1361 1336 1427 conﬁteri,
1369 1361 1494 1416 dum
1525 1361 1658 1417 istos
1686 1376 1772 1417 re-

183 1462 342 1535 pellit,
373 1461 466 1530 qui
500 1459 658 1530 quasi
689 1459 966 1514 hominem
989 1455 1367 1512 tantummodo
1390 1455 1561 1511 Deum
1587 1455 1768 1526 sapie-

183 1557 336 1622 bant;
367 1554 567 1626 quibus
599 1552 755 1624 juxta
792 1552 975 1608 cordis
1006 1551 1361 1607 intentionem
1399 1564 1512 1605 sua!
1546 1563 1770 1620 respon-

189 1648 378 1712 sionis,"
416 1646 682 1718 sapientia
725 1646 820 1700 Dei
861 1645 1041 1700 Patris
1082 1645 1162 1700 sic
1198 1641 1520 1715 temperavit
1563 1657 1772 1698 sermo-

189 1753 325 1804 nem,
356 1746 498 1794 utex
529 1739 634 1794 hoc
668 1738 842 1808 magis
867 1737 1038 1792 Deum
1083 1735 1468 1807 intelligerent.
1497 1735 1577 1791 Ae
1613 1735 1658 1790 si
1690 1736 1770 1790 di-

185 1843 318 1890 ceret
356 1833 534 1901 :Quia
581 1849 681 1889 vos
734 1848 822 1888 me
859 1832 1136 1888 hominem
1182 1831 1392 1898 adhuc,
1431 1841 1486 1888 et
1527 1831 1768 1888 nondum

1874 635 2129 690 germana
2157 621 2397 675 Charitas
2441 635 2549 674 non
2593 630 2994 693 corrumpatur.
3023 623 3105 677 Ad
3132 623 3236 678 hoc
3263 623 3465 696 quippe

1872 713 2035 767 etiam
2063 728 2224 784 supra
2251 713 2574 785 interrogat,
2591 712 2818 769 Potestis
2851 714 3022 769 bibere
3047 713 3282 780 calicem,
3309 733 3465 787 quem

1871 823 1964 876 ego
1985 805 2248 861 bibiturus
2267 823 2383 862 sum
2399 808 2425 862 .9
2447 807 2518 862 Ut
2537 807 2642 862 illis
2668 809 3118 880 respondentibus
3133 811 3258 880 quia
3272 827 3462 878 possu-

1871 913 2007 964 mus,
2040 897 2262 953 audiant
2289 906 2343 953 et
2373 898 2558 954 caeteri
2602 913 2667 955 ac
2705 899 3113 970 conquiescant.
3151 900 3463 972 intelligen-

1873 997 1955 1045 tes
1981 989 2123 1060 quod
2153 991 2200 1046 si
2229 998 2286 1046 et
2333 990 2436 1062 ipsi
2471 991 2649 1061 parati
2685 990 2795 1046 sint
2827 992 2964 1047 mori
2995 1006 3094 1062 pro
3113 990 3352 1058 Christo,
3384 991 3466 1047 ui-

1841 1087 2164 1153 ,hilominus
2216 1095 2442 1159 possunt
2498 1095 2555 1143 et
2594 1087 2696 1158 ipsi
2731 1087 2888 1159 juxta
2929 1085 3206 1143 Christum
3250 1087 3463 1151 sedere.

1871 1195 2215 1251 nequaquam
2246 1179 2450 1236 exclusi
2479 1195 2579 1251 pro
2605 1180 2830 1237 duobus.
2861 1180 2968 1237 Sed
2992 1181 3132 1236 sicut
3167 1180 3465 1251 repromis-

1872 1286 1992 1326 sum
2035 1279 2120 1326 est
2163 1286 2263 1341 per
2301 1270 2628 1341 Prophetam
2657 1285 2724 1326 ex
2753 1285 2986 1342 persona
3017 1271 3234 1326 Domini
3264 1288 3278 1325 :
3311 1269 3468 1327 Oculi

1870 1364 1972 1418 mei
2000 1363 2070 1417 ad
2098 1362 2280 1432 ﬁdeles
2313 1373 2468 1419 terra
2499 1373 2556 1418 ut
2589 1365 2803 1418 sedeant
2830 1375 3032 1419 mecum
3059 1361 3234 1436 (Psal.
3282 1380 3335 1428 c,
3385 1361 3465 1434 6).

1877 1455 1980 1511 Ubi
1998 1457 2348 1527 quaarendum
2377 1457 2507 1528 quid
2533 1457 2606 1514 sit
2631 1456 2774 1528 quod
2808 1457 3020 1514 Marcus
3045 1472 3166 1513 cum
3198 1455 3464 1513 dixisset:

1843 1545 2098 1624 _Potestis
2150 1548 2320 1604 bibere
2372 1549 2590 1606 calicem
2625 1567 2776 1622 quem
2815 1567 2909 1621 ego
2947 1550 3083 1615 bibo,
3116 1549 3366 1605 addidit:
3397 1547 3467 1604 Et

1855 1638 2126 1710 baptismo
2165 1657 2269 1711 quo
2312 1657 2405 1712 ego
2445 1642 2674 1712 baptizo,
2707 1641 3010 1713 baptizari?
3037 1639 3234 1713 (Marc.
3261 1657 3318 1707 x,
3350 1640 3468 1711 59.)

1873 1731 2025 1798 Quod
2074 1731 2360 1789 Matthteus
2407 1734 2628 1789 omnino
2667 1733 3036 1804 praetermisit.
3069 1732 3137 1788 Et
3175 1731 3468 1789 videndum
3522 1750 3532 1757 ·

1873 1839 1943 1878 ne
1969 1821 2110 1878 forte
2136 1833 2365 1896 uterque
2391 1839 2586 1882 sensus
2623 1825 2678 1881 in
2713 1826 2818 1880 hac
2843 1839 2952 1880 una
2981 1823 3248 1880 sententia
3297 1821 3469 1894 expli-

182 1926 411 1998 perfecte
439 1925 681 1990 creditis,
711 1941 821 1980 non
862 1933 949 1981 es;
990 1939 1191 1987 meum,
1217 1924 1269 1979 id
1309 1931 1395 1978 εει
1427 1937 1533 1978 non
1557 1932 1644 1978 es;
1670 1925 1767 1979 hu-
1799 1907 1845 1967 Β
1873 1917 2014 1971 citus
2041 1915 2307 1979 videatur,
2341 1931 2504 1986 quem
2534 1915 2748 1973 Marcus
2776 1917 2831 1972 in
2864 1916 3074 1974 duabus
3099 1915 3340 1986 apertius
3373 1929 3468 1970 ex-

183 2033 347 2073 mante
378 2016 690 2087 potestatis,
717 2031 895 2086 neque
924 2016 1175 2071 humana:
1198 2024 1408 2071 naturae
1427 2015 1614 2080 solius,
1641 2014 1772 2070 illud
1849 2007 2130 2078 .pliCUisse
2166 2007 2446 2079 probatur.
2501 2007 2638 2064 Nam
2679 2007 2820 2064 calix
2857 2022 2964 2064 non
3008 2007 3280 2064 immerito
3337 2005 3470 2063 dioi-

182 2109 315 2164 dare.
356 2105 469 2163 Sed
500 2106 627 2178 quia
653 2106 811 2162 simul
839 2107 982 2163 Deus
1012 2115 1068 2163 et
1092 2107 1256 2162 homo
1281 2121 1402 2162 sum
1434 2105 1490 2160 in
1515 2121 1622 2160 una
1649 2120 1774 2176 per—
1879 2110 1990 2164 tur,
2017 2097 2170 2154 dolor
2194 2097 2280 2154 vel
2303 2098 2486 2170 passio
2510 2114 2631 2171 quae
2654 2098 2714 2154 lit
2735 2108 2862 2155 ante
2883 2107 3145 2165 mortem;
3172 2097 3472 2170 baptismus

180 2214 325 2265 sona,
353 2212 542 2254 meum
573 2205 660 2253 est
690 2198 849 2265 dare;
877 2197 973 2253 sed
1007 2196 1203 2267 quibus
1238 2205 1486 2267 paratum
1528 2213 1558 2253 a
1587 2197 1770 2262 Patre,
1857 2205 2007 2264 vero
2046 2191 2161 2261 ipsa
2205 2206 2374 2258 mors,
2406 2207 2505 2263 per
2533 2207 2694 2263 quam
2733 2191 3040 2248 renascitur
3073 2191 3256 2247 anima
3291 2191 3346 2246 in
3384 2205 3471 2246 sa-

180 2299 228 2346 at
252 2291 328 2346 ita
376 2290 612 2346 credant
654 2297 711 2345 et
755 2299 906 2346 recte
953 2297 1160 2360 petant.
1204 2287 1312 2345 Sed
1359 2290 1489 2360 quia
1531 2304 1671 2360 pene
1717 2290 1774 2344 in
1879 2283 2066 2338 lulem.
2113 2283 2326 2340 Dicitur
2359 2293 2542 2339 autem
2580 2285 2858 2358 βᾶπτισμα
2887 2284 3094 2350 Graece,
3118 2283 3312 2342 Latine
3341 2297 3472 2342 vero

179 2383 426 2439 omnibus
478 2380 890 2453 Scripturarum
938 2380 1093 2448 locis,
1137 2381 1380 2436 haeretici
1427 2397 1526 2439 sua
1566 2397 1775 2438 venena

181 2473 504 2540 diffundunt,
536 2473 775 2529 maxime
802 2472 894 2527 ubi
938 2471 1006 2528 de
1037 2471 1176 2528 Filio
1218 2472 1535 2543 loquuntur,
1563 2487 1779 2545 semper

179 2567 521 2623 observanda
553 2575 639 2622 est
665 2565 932 2622 catholica
973 2565 1130 2632 fides,
1163 2566 1622 2636 quemadmodum
1662 2568 1778 2638 ipsa

180 2657 459 2729 Scriptura
489 2657 695 2723 divina,
719 2657 862 2712 sicut
884 2655 1084 2713 Paulus
1110 2655 1179 2712 de
1201 2672 1260 2712 se
1298 2673 1360 2710 ae
1387 2657 1453 2712 de
1484 2658 1599 2714 suis
1626 2657 1777 2715 dice-

179 2752 297 2806 bat:
333 2748 486 2805 alius
526 2758 612 2804 est
653 2747 787 2803 odor
813 2748 932 2802 vita:
977 2750 1046 2802 ad
1089 2748 1271 2813 vitam,
1295 2756 1351 2803 et
1379 2748 1517 2805 alius
1540 2757 1625 2805 est
1649 2749 1782 2804 odor

182 2846 353 2898 mortis
398 2843 471 2897 ad
513 2851 733 2897 mortem
766 2839 856 2913 (II
882 2837 1007 2896 Cor.
1035 2856 1099 2906 tt,
1133 2840 1257 2910 16);
1294 2843 1420 2912 quia
1447 2850 1596 2898 recte
1624 2842 1782 2898 intel-

182 2934 471 3007 ligentibus
513 2933 684 2988 vitam
726 2940 949 3004 praestat
989 2941 1283 2997 aaternam,
1335 2925 1782 3003 depravatoribus

183 3037 352 3085 autem
409 3027 528 3084 suis
570 3035 627 3082 et
669 3025 810 3081 male
857 3025 1282 3096 intelligentibus
1329 3035 1560 3082 mortem
1618 3025 1783 3082 infert

183 3131 524 3193 perpetuam.
552 3118 612 3174 In
642 3118 894 3174 omnibus
924 3125 1107 3174 tamen
1135 3119 1528 3174 sententiarum
1558 3135 1782 3176 suarum

185 3214 354 3280 dictis,
385 3211 597 3269 bonum
640 3226 709 3267 ex
739 3211 872 3276 Deo,
899 3211 1056 3267 bonis
1097 3220 1152 3266 et
1198 3212 1364 3267 rectis
1404 3212 1592 3278 corde,
1622 3213 1689 3268 de
1723 3228 1782 3269 se
1817 3215 1822 3222 ’

1851 2376 2092 2450 .tinctio,
2149 2377 2446 2432 secundum
2501 2375 2909 2438 similitudinem
2956 2376 3095 2432 lanae
3148 2377 3364 2444 tinctae,
3410 2385 3472 2434 ut

1880 2474 2006 2536 puta
2032 2466 2335 2522 naturalem
2364 2467 2570 2522 habens
2596 2466 2834 2522 colorem
2866 2481 2991 2522 eum
3023 2466 3250 2538 tingitur
3267 2476 3325 2522 et
3351 2481 3473 2523 ver-

1856 2561 2014 2635 titur
2048 2562 2103 2617 in
2134 2577 2454 2633 purpuram,
2493 2561 2576 2616 vel
2612 2561 2838 2632 alicujus
2865 2562 3065 2620 coloris
3091 2563 3365 2636 accipiens
3391 2563 3474 2620 di-

1881 2653 2140 2724 gnitalem
2171 2671 2184 2708 :
2215 2653 2294 2709 sie
2318 2662 2374 2709 et
2408 2669 2530 2710 cum
2563 2654 2723 2710 homo
2745 2669 2867 2709 cum
2889 2653 3107 2710 Christo
3138 2656 3192 2710 in
3239 2661 3471 2710 mortem

1882 2744 2110 2810 venerit,
2143 2744 2244 2799 etsi
2293 2743 2458 2801 fuerit
2506 2744 2688 2816 aliquo
2741 2743 2976 2801 infectus
3031 2743 3214 2801 colore
3258 2743 3473 2815 peccati

1859 2837 1964 2909 vel
2011 2838 2398 2908 corruptionis,
2440 2846 2586 2894 totus
2624 2839 2693 2894 ad
2739 2837 3014 2894 Christum
3065 2836 3264 2893 transit
3311 2852 3471 2892 mun-

1883 2933 2013 2998 dus,
2068 2942 2122 2988 et
2163 2933 2481 3000 innovatus,
2532 2935 2646 3005 jam
2708 2933 2970 3004 spiritalis
3025 2931 3279 2999 elfectus,
3331 2921 3475 2990 sicut

1883 3025 1961 3081 ait
1985 3025 2279 3097 Apostolus
2323 3044 2336 3080 :
2379 3025 2686 3083 Seminatur
2728 3027 2783 3082 in
2826 3026 3162 3097 inﬁrmitate,
3206 3027 3371 3098 surgit
3418 3027 3476 3081 in

1884 3118 2109 3183 virtute;
2147 3119 2438 3174 seminatur
2477 3120 2533 3175 in
2576 3118 2928 3190 ignobilitate,
2973 3120 3139 3190 surgit
3181 3119 3239 3174 in
3273 3118 3476 3190 gloria,

1883 3211 2176 3265 seminatur
2189 3227 2376 3281 corpus
2403 3210 2653 3278 animale,
2677 3211 2843 3282 surgit
2881 3211 3120 3282 spiritale
3155 3210 3207 3285 (1
3228 3209 3352 3268 Cor.
3382 3227 3472 3278 xv,

183 3307 383 3376 praebet
418 3305 648 3361 odorem
690 3322 703 3359 :
746 3311 802 3359 et
843 3319 952 3360 non
997 3304 1140 3360 sicut
1173 3303 1360 3360 Ariani
1406 3306 1652 3377 garriunt
1679 3307 1784 3363 hoc
1809 3283 2113 3376 (1.45.44).
2136 3302 2555 3374 Omnisquidem
2586 3319 2754 3371 mors,
2779 3305 2966 3376 utique
2990 3283 3235 3362 habetin
3267 3321 3326 3362 se
3353 3319 3477 3377 pas-

173 3395 298 3452 loco
322 3397 504 3453 Filius
532 3395 715 3451 minor
741 3394 906 3452 Patre
940 3395 1297 3467 praedicatur;
1335 3397 1430 3452 sed
1460 3396 1540 3452 sic
1575 3406 1782 3467 tempe-

187 3489 322 3543 ravit
349 3488 779 3560 benignissimus
808 3487 1061 3561 Magister
1087 3489 1411 3544 sententiam
1441 3504 1617 3552 suam,
1647 3498 1704 3544 ut
1729 3499 1787 3546 et

193 3579 470 3634 stultitiam
497 3595 687 3636 eorum
721 3580 1056 3647 retunderet,
1086 3589 1143 3636 et
1168 3581 1248 3637 eis
1273 3596 1394 3652 quae
1421 3582 1710 3652 petierant,
1736 3583 1786 3637 si

193 3685 418 3742 operam
464 3672 840 3744 impenderent
896 3673 1047 3738 ﬁdei,
1101 3688 1209 3728 non
1263 3681 1508 3745 negaret.
1561 3673 1630 3727 Et
1675 3687 1785 3728 non

188 3765 360 3820 solum
396 3774 628 3823 caeteros
651 3765 817 3821 etiam
845 3766 1264 3836 condiscipulos,
1291 3780 1480 3822 verum
1509 3775 1564 3821 et
1593 3780 1785 3822 omnes

180 3856 496 3932 quicunque
523 3874 624 3930 per
645 3859 804 3915 fidem
835 3859 1136 3925 salvantur,
1164 3858 1420 3930 egregius
1446 3857 1705 3930 Magister
1730 3858 1786 3912 in

181 3952 279 4009 hac
300 3953 690 4024 responsione,
715 3971 783 4008 ne
804 3953 944 4009 ullus
967 3952 1325 4009 seandalizari
1352 3962 1534 4024 posset
1557 3953 1624 4008 de
1653 3951 1787 4008 duo-

180 4045 276 4102 bus
298 4047 598 4112 fratribus,
616 4045 776 4102 simul
799 4046 1036 4117 collegit,
1060 4056 1117 4101 et
1138 4047 1320 4102 docuit
1341 4062 1409 4102 ne
1431 4045 1572 4102 ullus
1596 4061 1788 4127 eorum

178 4139 301 4196 illud
345 4142 514 4196 vanis
564 4148 845 4212 appeteret
892 4140 1134 4195 ausibus.
1184 4139 1241 4194 Si
1284 4139 1427 4196 enim
1473 4139 1788 4212 competitio

175 4248 360 4291 eorum
412 4250 535 4290 non
585 4241 670 4288 est
711 4240 960 4303 suscepta
1007 4247 1037 4285 a
1066 4227 1322 4296 Domino,
1362 4232 1612 4302 quamvis
1644 4233 1786 4288 bona

175 4324 270 4379 sibi
301 4333 598 4397 peterent,
633 4323 817 4379 cteleri
866 4323 1096 4393 apostoli
1134 4322 1400 4395 indignati
1442 4331 1592 4389 sunt,
1619 4339 1788 4394 quare

175 4416 250 4470 vel
281 4417 390 4474 hoc
425 4416 544 4489 ipsi
575 4415 629 4470 id
658 4424 843 4485 petere
882 4415 999 4470 ausi
1037 4423 1184 4480 sunt,
1213 4422 1416 4486 quanto
1454 4417 1628 4488 magis
1668 4415 1786 4473 fue-

171 4517 287 4564 rant
315 4507 724 4572 conturbandi,
749 4508 796 4563 si
822 4509 1013 4579 petitio
1040 4523 1228 4562 eorum
1258 4522 1290 4563 a
1318 4507 1548 4565 Domino
1574 4524 1791 4582 suscep-
1827 4564 1835 4574 ,

173 4607 217 4650 ta
245 4597 476 4655 fuisset.
522 4595 660 4652 Nam
684 4597 731 4652 si
760 4611 950 4652 eorum
992 4597 1274 4652 temeritas
1310 4596 1397 4653 vel
1437 4600 1789 4670 praesumptio
1819 4605 1844 4670 _‘

1887 3394 2116 3456 sionem,
2147 3410 2251 3450 non
2264 3403 2320 3450 et
2343 3403 2524 3451 tamen
2555 3395 2718 3451 habet
2739 3403 2970 3452 mortem
3001 3396 3058 3450 in
3086 3396 3335 3453 seomnis
3353 3411 3480 3469 pas-

1888 3485 1992 3541 sio.
2025 3485 2177 3541 Mnlti
2220 3487 2485 3558 siquidem
2515 3486 2734 3542 fuerunt
2773 3487 2865 3557 qui
2903 3487 3050 3558 passi
3097 3495 3245 3556 sunt,
3277 3496 3334 3545 et
3366 3503 3478 3544 non

1888 3585 2015 3632 sunt
2035 3577 2219 3639 occisi,
2255 3578 2443 3648 quales
2466 3576 2685 3634 fuerunt
2708 3578 2862 3634 multi
2883 3577 3226 3636 confessores
3249 3578 3477 3647 Christi,

1866 3671 1982 3740 qui
2013 3686 2204 3726 omnes
2245 3671 2466 3728 calicem
2518 3671 2732 3728 Domini
2768 3671 3040 3736 biberunt,
3079 3673 3353 3744 baptismo
3383 3691 3480 3729 au-

1868 3774 1998 3834 ,tem
2024 3764 2160 3834 ejus,
2183 3765 2237 3820 id
2266 3774 2351 3820 est
2374 3765 2564 3821 mortis
2590 3780 2699 3820 non
2726 3765 2987 3836 baptizati
3018 3774 3164 3831 sunt,
3194 3765 3298 3821 nisi
3329 3765 3384 3822 in
3411 3780 3478 3822 eo

1889 3871 1999 3928 quo
2043 3858 2195 3928 prius
2239 3857 2412 3914 renati
2456 3866 2602 3912 sunt.
2639 3856 2706 3912 Et
2757 3857 2878 3913 ideo
2911 3855 3164 3921 Joannes,
3202 3854 3328 3914 licet
3371 3871 3480 3913 non

1867 3952 1963 4006 .sit
1990 3966 2087 4022 per
2123 3959 2354 4008 mortem
2401 3951 2579 4007 carnis
2630 3951 2893 4022 martyrio
2937 3961 3364 4019 consummatus,
3396 3961 3481 4008 ta-

1892 4057 2019 4098 men
2041 4041 2266 4098 calicem
2297 4041 2513 4097 Domini
2540 4040 2696 4107 bibit,
2723 4057 2845 4097 cum
2871 4041 2925 4096 in
2951 4040 3138 4098 multis
3162 4049 3246 4098 est
3266 4056 3481 4112 passus.

1893 4130 2002 4188 Sed
2030 4140 2087 4188 et
2116 4133 2233 4204 ipsa
2264 4147 2412 4188 mors
2443 4147 2551 4189 non
2586 4132 2862 4190 immerito
2890 4132 3032 4188 calix
3060 4131 3382 4204 appellatur,
3417 4134 3485 4190 de

1893 4241 2000 4294 qua
2029 4223 2288 4281 Dominus
2315 4239 2440 4280 cum
2471 4223 2538 4281 ad
2566 4225 2758 4280 horam
2780 4225 3049 4296 passionis
3077 4225 3338 4292 venisset,
3366 4226 3484 4282 ait:

1895 4315 2077 4383 Pater,
2103 4317 2148 4372 si
2167 4316 2413 4389 possibile
2437 4326 2536 4383 est,
2563 4326 2797 4373 tremeat
2821 4317 2964 4374 calix
2985 4319 3082 4374 iste
3105 4335 3138 4373 a
3161 4335 3243 4374 me
3264 4317 3484 4392 (Matth.

1894 4424 2051 4474 xxvn,
2087 4409 2212 4480 59),
2261 4417 2322 4464 ut
2357 4417 2688 4466 monstraret
2723 4410 2838 4468 suis
2875 4411 3025 4482 quia,
3079 4412 3184 4469 etsi
3242 4409 3486 4468 dolorem

1891 4501 2052 4576 841
2092 4503 2257 4560 habet
2299 4503 2511 4574 passio,
2549 4517 2806 4575 magnum
2835 4511 3018 4560 tamen
3046 4505 3298 4560 timorem
3328 4504 3490 4560 aﬂ'ert

1896 4595 2124 4651 tentatio
2153 4593 2369 4651 mortis.
2402 4593 2574 4662 Quem
2618 4593 2759 4651 forte
2807 4594 3059 4652 timorem
3106 4595 3283 4652 adhuc
3331 4595 3486 4651 inex-

170 4689 349 4745 andita
396 4696 582 4754 esset,
624 4687 717 4759 qui
749 4686 874 4743 talia
913 4687 1032 4743 sine
1061 4687 1264 4742 auxilio
1291 4687 1378 4743 vel
1407 4664 1578 4759 gratia
1615 4664 1785 4760 spiri-
1814 4664 1870 4726 Ῑ)
1894 4687 2034 4760 perti
2079 4695 2238 4743 erant
2272 4687 2384 4753 isti,
2426 4695 2482 4742 et
2529 4685 2652 4742 ideo
2710 4694 2819 4743 tam
2869 4687 3039 4745 libere
3069 4687 3389 4761 interrogati
3441 4688 3489 4745 si

171 4792 252 4840 tus
291 4786 490 4842 sancti
540 4775 856 4855 poscebant,
885 4785 1066 4840 caeteri
1107 4786 1286 4841 adhuc
1324 4786 1452 4856 quia
1493 4787 1786 4846 carnaliter

169 4877 506 4948 sapiebant,
552 4885 806 4946 poterant
849 4876 1022 4946 magis
1066 4875 1456 4942 seandalizari,
1493 4877 1538 4932 si
1579 4877 1789 4935 duobus

169 4971 609 5035 concederetur,
658 4968 802 5040 quod
844 4968 1098 5024 omnibus
1144 4968 1462 5037 debebatur,
1507 4979 1563 5025 et
1600 4985 1789 5028 omnes

170 5076 401 5131 sperare
442 5059 746 5119 debebant.
787 5059 987 5115 Verum
1015 5059 1160 5130 quod
1188 5059 1441 5117 omnibus
1467 5062 1617 5133 regni
1647 5062 1788 5119 illius

171 5155 432 5225 facultas,
473 5163 541 5212 et
563 5154 734 5227 gloria
762 5153 937 5214 danda
971 5163 1055 5210 est
1089 5153 1473 5220 communiter,
1517 5163 1573 5210 et
1609 5171 1717 5210 non
1757 5171 1788 5211 a

171 5253 387 5309 duobus
422 5248 807 5322 subripienda.
843 5248 1054 5304 Idcirco
1091 5247 1358 5319 sapientia
1382 5262 1544 5318 quam
1572 5248 1790 5319 sapien-

170 5355 254 5403 ter
299 5348 420 5405 illis
473 5345 836 5417 respondeat,
877 5342 1027 5414 pium
1075 5349 1162 5398 est
1211 5342 1470 5412 cogitare.
1510 5340 1602 5398 Sic
1646 5342 1789 5397 enim

171 5441 530 5497 sententiam
586 5444 884 5508 temperat,
920 5444 982 5490 ut
1021 5433 1225 5490 nullum
1274 5432 1548 5490 offendere
1596 5433 1790 5505 possit.

171 5530 291 5589 Non
337 5533 514 5590 enim
551 5529 730 5586 dixit:
761 5527 929 5602 850
965 5526 1251 5597 Nunquam
1300 5527 1374 5583 ibi
1415 5526 1694 5592 sedebitis,
1727 5543 1796 5583 ne

169 5626 308 5680 duos
339 5621 752 5688 confunderet;
791 5633 967 5689 neque
999 5619 1271 5674 concessit
1295 5626 1357 5674 ut
1383 5616 1610 5684 diceret,
1642 5619 1792 5674 sede-

164 5716 323 5786 bitis,
362 5733 443 5773 ne
490 5722 722 5770 caeteros
763 5711 1004 5767 irritaret
1044 5709 1111 5764 ad
1152 5709 1486 5766 scandalum.
1528 5708 1634 5765 Sed
1667 5709 1797 5780 quid

167 5810 338 5868 dicit:
383 5809 529 5866 Non
553 5817 625 5862 est
653 5822 826 5862 meum
856 5805 984 5859 dare
1005 5803 1185 5858 vobis?
1206 5801 1299 5858 Sic
1333 5816 1566 5871 namque
1604 5800 1794 5872 benig-

167 5907 457 5972 nissimus
490 5901 750 5976 Magister
774 5901 998 5976 provide
1022 5900 1203 5963 omnia
1235 5898 1489 5974 disponit,
1519 5906 1580 5961 ut
1607 5906 1664 5953 et
1697 5895 1801 5970 ipsi

1891 4790 2118 4853 possent
2143 4779 2333 4838 bibere
2372 4781 2548 4849 illum,
2582 4782 2982 4854 responderunt
3007 4801 3306 4858 possumus.
3336 4784 3489 4842 Felix

1891 4890 2071 4942 error,
2097 4883 2158 4930 ut
2180 4875 2256 4930 ita
2285 4875 2488 4943 dicam,
2515 4875 2767 4946 istorum,
2796 4879 2889 4950 qui
2919 4887 3127 4935 tantum
3157 4896 3188 4936 a
3217 4879 3487 4936 credenti-

1889 4968 1993 5024 bus
2025 4966 2164 5024 tollit
2180 4966 2598 5036 errorem.Quia
2623 4969 2728 5026 nisi
2750 4969 2841 5026 isti
2865 4980 3162 5039 errassent,
3191 4985 3299 5028 non
3323 4980 3483 5042 pote-

1895 5075 2079 5116 ramus
2103 5073 2430 5131 cognoscere
2455 5061 2600 5130 quod
2628 5075 2736 5117 non
2765 5077 2929 5118 omne
2953 5062 3093 5133 quod
3137 5062 3355 5119 videtur
3381 5060 3482 5118 bo-

1898 5169 2026 5209 num
2075 5161 2278 5208 temere
2327 5153 2687 5223 appetendum
2747 5164 2848 5212 est.
2899 5155 3166 5224 Quoniam
3211 5149 3488 5214 aliud'est

1895 5261 2032 5317 opus
2065 5247 2290 5313 bonum,
2323 5245 2468 5302 aliud
2504 5247 2773 5318 primatus
2814 5249 3056 5317 honoris,
3089 5263 3251 5321 quem
3288 5262 3487 5305 concu-

1895 5339 2110 5410 piscere
2145 5337 2356 5393 vanitas
2378 5346 2481 5393 est.
2528 5337 2679 5394 Unde
2718 5337 3048 5410 Apostolus:
3087 5339 3193 5407 Qui
3215 5339 3486 5410 episcopa-

1899 5440 2032 5497 tum,
2065 5430 2260 5501 inquit,
2291 5429 2574 5494 desiderat,
2603 5430 2794 5485 bonum
2819 5448 2950 5502 opus
2974 5432 3241 5488 desiderat
3262 5430 3316 5504 (Ι
3349 5429 3487 5488 Tim.

1899 5539 1982 5589 tu,
2020 5523 2106 5596 l);
2137 5523 2265 5592 quia
2286 5521 2404 5577 vult
2425 5529 2485 5576 ut
2505 5535 2613 5576 non
2639 5521 2926 5589 honorem,
2955 5523 3051 5579 sed
3078 5533 3137 5580 ut
3160 5537 3296 5595 opus
3320 5523 3492 5578 hono-

1901 5616 1977 5671 ris
2018 5616 2140 5686 quis
2185 5613 2408 5669 ambiat.
2450 5611 2586 5680 Quia
2626 5612 2730 5668 hoc
2772 5614 2974 5670 bonum
3023 5614 3252 5689 implere
3291 5623 3491 5671 nostra!

1901 5707 2196 5762 voluntatis
2223 5711 2306 5760 est
2333 5717 2365 5757 a
2389 5703 2501 5759 Deo
2537 5716 2844 5771 concessae,
2892 5707 3174 5778 nostrique
3207 5706 3389 5778 operis
3426 5719 3492 5760 ac

1902 5797 2136 5862 laboris;
2162 5794 2449 5866 primatum
2475 5799 2656 5848 autem
2685 5796 2945 5867 consequi
2974 5797 3028 5852 in
3056 5797 3153 5854 Dei
3181 5812 3303 5854 esse
3331 5795 3494 5851 debet

1901 5889 2127 5973 judicio,
2149 5894 2205 5942 et
2243 5899 2351 5942 non
2386 5883 2441 5940 in
2478 5891 2665 5941 nostro
2688 5885 2980 5950 desiderio.
3012 5885 3172 5953 Unde
3205 5887 3490 5973 sequitur:
