4008 6354
516 320 609 379 691

1290 313 1348 368 S.
1387 308 1744 367 PASCHASII
1782 307 2131 368 RADBERTI
2166 305 2458 367 ABBATIS
2496 303 2946 365 COBBEIENSIS

3674 303 3783 373 ω

588 435 653 490 Et
680 434 939 513 aduocans
987 429 1142 486 Jecur
1190 426 1463 483 duodecim
1491 423 1796 496 discipulos,
1824 425 1902 478 ait
1945 418 2052 478 illis
2074 439 2094 479 :
2123 432 2169 486 Α
2200 424 2608 481 condemnatur.
2650 420 2991 493 Quapmpter
3017 420 3139 492 quis
3165 429 3249 479 est
3298 420 3391 495 qui
3441 420 3575 480 velit
3601 436 3785 489 saecu-

518 530 675 584 Scitis
713 526 852 598 quod
878 523 1137 595 principes
1183 521 1412 591 gentium
1441 518 1778 572 dominantur
1803 532 1980 571 eorum
2000 558 2014 580 ,
2042 524 2092 571 et

515 622 603 693 qui
626 619 853 690 majores
882 624 1004 671 sunt
1027 621 1329 685 potestatem
1358 618 1596 665 exercent
1633 609 1691 662 in
1728 624 1834 662 eos.
1863 603 1988 660 Non
2017 606 2094 659 ita

516 716 612 769 en‘t
640 716 775 769 inter
795 727 901 766 vos.
930 707 1035 764 Sed
1056 707 1350 779 quicunque
1379 702 1601 758 voiuerit
1640 702 1778 755 inter
1798 716 1889 755 vos
1918 699 2098 768 major

517 806 653 876 ﬁeri,
680 804 776 858 erit
811 800 1043 855 omnium
1083 796 1348 862 minister;
1386 806 1432 850 et
1457 794 1548 865 qui
1576 790 1791 859 voluerit
1834 792 1968 846 inter
2006 805 2094 844 vos

516 898 715 968 primus
742 909 871 955 esse,
892 891 990 944 erit
1010 898 1173 944 vester
1202 902 1397 941 servus.
1430 883 1665 939 Revocat
1689 890 1866 937 autem
1909 895 2002 936 eos
2029 881 2098 936 ad

520 984 841 1041 humilitatis
869 978 1321 1040 satisfactionem,
1343 990 1464 1030 cum
1504 973 1746 1029 fructum
1772 971 2098 1028 humilitatis

519 1077 699 1147 posuit
728 1074 1016 1145 primatum
1045 1068 1322 1124 caelestem
1348 1085 1361 1121 :
1384 1066 1525 1147 sicut
1564 1073 1621 1120 et
1649 1066 1703 1119 in
1729 1065 1963 1136 primatu
1991 1072 2099 1119 ter-

521 1142 638 1226 reni
694 1142 916 1223 honoris
979 1163 1214 1217 fructum
1269 1142 1508 1215 ostendit
1558 1155 1930 1213 confusionem
1989 1168 2101 1211 cte-

521 1261 731 1317 iestem.
766 1258 836 1315 Ut
873 1256 1180 1326 quicunque
1233 1250 1509 1333 desiderat
1557 1249 1875 1319 dignitatem
1932 1247 2099 1304 cccle-

523 1363 683 1412 stem,
730 1355 988 1417 sequatur
1016 1342 1383 1401 humilitatem
1417 1360 1431 1395 :
1473 1347 1527 1395 et
1576 1339 1884 1410 quicunque
1929 1337 2103 1408 magis

520 1441 800 1512 quasierit
846 1440 1080 1494 honores
1115 1434 1296 1491 saeculi
1340 1434 1395 1488 in
1427 1440 1595 1499 terra,
1622 1440 1679 1487 et
1704 1428 1995 1494 dominari,
2022 1428 2106 1482 in-

524 1534 703 1587 veniet
726 1530 1096 1588 confusionem
1116 1528 1175 1583 in
1222 1525 1383 1582 cmlo.
1418 1526 1488 1580 Et
1530 1524 1653 1580 ideo
1692 1524 1920 1579 advocat
1946 1521 2107 1576 simul

523 1635 716 1677 omnes
738 1619 1046 1684 duodecim,
1074 1631 1144 1672 ne
1188 1625 1280 1671 aut
1308 1615 1430 1670 illos
1470 1614 1606 1669 duos
1644 1612 1980 1669 solummodo
2021 1627 2108 1667 ar-

523 1711 737 1781 guendo
763 1707 1116 1765 confunderet
1155 1721 1255 1776 pro
1284 1705 1554 1761 desiderio
1576 1711 1633 1759 et
1659 1703 1978 1774 cupiditate,
1999 1716 2108 1775 qua

2195 515 2378 571 lariter
2403 523 2655 587 appetere
2710 530 2832 586 quae
2870 513 3128 573 Dominus
3170 522 3229 573 et
3263 512 3452 585 iudex.
3483 514 3636 581 ultor
3666 530 3784 572 om-

2194 606 2364 672 nium,
2395 606 2668 677 prohibet,
2697 606 2800 662 nisi
2826 603 2920 681 qui
2964 604 3231 677 judicium
3250 620 3351 676 pro
3398 606 3484 667 his
3535 605 3786 679 futurum

2194 713 2301 754 non
2327 696 2543 753 credit?
2586 696 2791 753 Idcirco
2833 711 2992 755 nemo
3031 697 3098 753 de
3123 712 3181 759 se
3217 708 3511 769 praesumat
3538 699 3784 767 incaute,

2195 790 2295 846 etsi
2312 798 2529 845 sanctus
2556 789 2821 845 videatur.
2838 788 2973 856 Quia
2996 789 3097 844 etsi
3114 788 3470 859 differentiam
3486 791 3639 857 inter
3658 807 3791 861 san-

2197 894 2313 940 ctos
2337 897 2535 956 negare
2562 898 2666 939 non
2686 898 2973 953 possumus
2999 892 3055 953 et
3074 882 3314 953 plebeios
3333 924 3348 950 ,
3388 893 3568 945 tanton
3605 893 3670 943 ut
3697 900 3792 941 co—

2198 985 2423 1051 gnoscat
2445 991 2504 1032 se
2540 976 2936 1049 unusquisque,
2980 985 3162 1037 utrum
3207 976 3401 1035 melior
3429 978 3504 1035 sit
3528 992 3605 1045 an
3634 978 3795 1037 detn-

2200 1069 2313 1125 rior
2353 1069 2495 1145 apud
2546 1068 2753 1135 Deum,
2806 1068 3009 1123 nemini
3040 1075 3123 1127 est
3165 1083 3506 1135 concessum.
3563 1069 3635 1133 Et
3669 1070 3792 1129 ideo

2202 1160 2501 1217 audiendus
2533 1167 2619 1215 est
2655 1159 3074 1232 benignissimus
3118 1161 3375 1217 Dominus
3406 1170 3461 1215 et
3503 1160 3792 1235 Magister,

2202 1254 2294 1337 qui
2343 1268 2450 1310 non
2480 1250 2627 1307 venit
2666 1251 2720 1306 in
2766 1248 2939 1306 forma
2971 1251 3111 1306 servi
3160 1251 3460 1315 ministrari
3496 1252 3796 1327 (quamvis

2204 1346 2380 1418 angeli
2409 1345 2854 1401 ministraverunt
2879 1343 2962 1417 ei)
2984 1385 3000 1406 ,
3026 1337 3119 1399 sed
3150 1345 3460 1411 ministrare
3495 1355 3552 1405 et
3577 1347 3796 1407 servire

2205 1439 2347 1504 suis;
2377 1437 2612 1502 animam
2635 1450 2849 1509 quoque
2879 1450 3030 1491 suam
3060 1435 3190 1489 dare
3218 1450 3318 1517 pro
3342 1436 3525 1497 multis
3554 1437 3618 1497 in
3654 1451 3801 1497 mos»

2208 1536 2340 1595 tem,
2370 1527 2512 1599 quod
2535 1541 2694 1582 nemo
2718 1525 2857 1580 alter
2876 1524 3005 1591 fecit
3018 1526 3196 1599 justus
3218 1541 3318 1597 pro
3345 1526 3580 1605 injustis.
3608 1526 3801 1599 Neque
3842 1583 3858 1619 δ

2208 1619 2353 1675 enim
2381 1619 2512 1674 dicit
2552 1633 2651 1689 pro
2680 1618 2956 1681 omnibus,
2985 1618 3079 1675 sed
3107 1634 3207 1689 pro
3251 1616 3471 1685 multis;
3530 1619 3666 1697 quia
3697 1618 3799 1676 etsi

2210 1724 2313 1781 pro
2334 1710 2583 1765 omnibus
2610 1724 2802 1779 passus
2845 1718 2949 1775 est,
2980 1717 3041 1763 ut
3086 1709 3340 1765 omnibus
3368 1710 3522 1775 daret
3553 1711 3798 1778 veniam,

527 1818 680 1861 suam
730 1809 1079 1859 excesserant
1127 1813 1479 1865 mensuram,
1532 1806 1593 1853 ut
1644 1797 1745 1854 soli
1792 1803 2107 1875 appeterent
2133 1790 2314 1856 Bnou
2337 1814 2525 1855 omnes
2570 1814 2691 1854 eam
2739 1806 3063 1870 receperunt
3094 1797 3356 1869 perfecte,
3386 1800 3529 1856 sicut
3571 1816 3681 1856 nec
3707 1798 3799 1858 Ju-

526 1896 670 1967 qued
686 1895 942 1951 omnibus
964 1892 1291 1963 parabatur;
1320 1899 1416 1945 aut
1440 1897 1590 1945 certe
1633 1888 1869 1959 reliquos
1894 1888 2102 1952 decem,

526 2003 629 2058 pro
670 1985 1036 2056 indignatione
1072 1992 1129 2040 et
1159 1983 1366 2049 livore,
1409 1982 1596 2038 durius
1628 1994 1858 2053 arguere
1895 1977 2109 2035 videba-

531 2085 622 2134 tur
638 2077 724 2141 vel
747 2078 1046 2148 increpare.
1087 2073 1238 2130 Unde
1263 2072 1685 2144 benignissimus
1722 2070 1980 2142 Magister
2001 2068 2109 2125 tale

532 2168 1154 2243 proposuitesemplum,
1169 2176 1279 2239 quo
1299 2168 1492 2222 doceat
1516 2165 1665 2220 illum
1684 2178 1808 2219 esse
1823 2161 2104 2232 majorem,

532 2269 624 2338 qui
652 2283 753 2339 pro
796 2265 1100 2322 humilitate
1154 2265 1411 2320 minimus
1462 2277 1585 2319 esse
1614 2260 1869 2325 voluerit,
1902 2266 1957 2314 et
2010 2271 2112 2328 pro

535 2358 794 2430 religione
820 2357 1020 2413 Christi
1064 2372 1171 2412 non
1206 2355 1485 2419 Dominus,
1516 2353 1611 2409 sed
1652 2351 1894 2408 omnium
1923 2362 2113 2405 servus

534 2452 721 2507 fuerit.
752 2451 831 2506 Ac
855 2452 900 2506 si
936 2451 1140 2505 diceret
1170 2467 1183 2503 :
1215 2447 1332 2504 Non
1373 2448 1475 2503 hoc
1502 2442 1610 2501 erit
1649 2445 1794 2501 inter
1824 2459 1944 2509 vos,
1969 2443 2113 2513 quod

536 2547 677 2600 inter
701 2543 971 2614 principes
1009 2542 1247 2613 gentium
1272 2580 1287 2606 ,
1329 2539 1456 2610 quia
1482 2538 1557 2594 illi
1606 2536 1816 2593 nonnisi
1847 2532 2114 2589 dominari

535 2637 787 2707 gaudent,
823 2644 879 2691 et
915 2643 1237 2705 potestatem
1279 2646 1555 2687 exercere.
1604 2630 1730 2685 Ideo
1774 2627 1975 2683 frustra
2020 2634 2116 2682 aut

541 2729 592 2782 hi
620 2727 726 2785 alta
758 2741 852 2781 seu
876 2726 1226 2780 immoderata
1256 2732 1529 2793 quaerunt,
1570 2729 1664 2776 aut
1682 2734 1780 2775 vos
1808 2719 1926 2774 sine
1951 2731 2116 2773 causa

536 2832 637 2887 pro
659 2817 743 2872 his
764 2814 1126 2888 indignemini
1155 2828 1254 2883 pro
1285 2812 1537 2882 superbia
1564 2810 1815 2874 duorum,
1840 2807 1981 2877 quod
2010 2806 2116 2877 ipsi

541 2902 601 2964 se
628 2906 837 2977 majora
872 2915 1091 2976 petant,
1132 2920 1254 2963 cum
1293 2918 1401 2959 non
1446 2902 1515 2957 ad
1555 2901 1922 2956 summitatem
1954 2900 2118 2953 virtu-

538 3011 673 3063 tum,
705 3014 880 3069 neque
903 2998 972 3053 ad
999 2997 1210 3052 culmen
1252 2996 1363 3051 veri
1392 2993 1648 3059 honoris,
1681 3006 1779 3064 per
1820 2990 2117 3063 potentiam

2207 1893 2335 1958 das,
2373 1891 2463 1962 qui
2506 1891 2649 1946 inter
2692 1907 2807 1957 eos,
2840 1892 3055 1962 quando
3083 1893 3198 1948 haec
3246 1892 3569 1975 loquebatur
3618 1892 3798 1961 Jesus,

2208 2000 2348 2039 unus
2371 1999 2436 2039 ex
2467 1982 2747 2040 duodecim
2777 1981 2941 2069 853
2973 1992 3108 2039 erat.
3143 1983 3277 2049 Erat
3324 1984 3546 2058 quidem
3594 1986 3653 2040 in
3704 2002 3799 2041 uu-

2209 2093 2381 2144 mero,
2410 2077 2503 2133 sed
2536 2092 2642 2132 non
2685 2086 2804 2132 erat
2853 2077 2907 2132 in
2950 2077 3165 2143 merito.
3217 2077 3370 2149 Sicut
3419 2087 3473 2147 et
3512 2080 3567 2149 hi
3618 2079 3797 2150 quiin

2209 2170 2466 2243 gradibus
2491 2168 2743 2225 Ecclesia:
2786 2178 2950 2247 sunt,
3001 2170 3125 2240 quia
3171 2170 3319 2237 lucra
3368 2171 3539 2249 magis
3581 2158 3799 2235 sectan-

2211 2272 2301 2318 tur
2342 2271 2397 2318 et
2448 2263 2682 2318 honores
2742 2278 2904 2347 quam
2952 2263 3181 2325 salutem
3226 2264 3530 2335 animarmn
3554 2305 3572 2333 ,
3627 2266 3797 2338 magis

2210 2355 2530 2410 mercenarii
2577 2362 2839 2419 vocantur
2878 2368 2907 2413 a
2956 2354 3045 2431 pio
3080 2352 3305 2423 judice,
3346 2364 3402 2419 et
3441 2354 3585 2439 lupi.
3639 2372 3795 2427 quam

2211 2457 2477 2519 pastores.

2286 2540 2684 2611 Egredientibus
2739 2550 2913 2595 autem
2943 2539 3047 2595 illis
3094 2540 3158 2599 ab
3205 2540 3456 2608 Iericho,
3505 2551 3689 2599 secuta
3727 2550 3797 2597 est

2214 2632 2369 2701 turba
2398 2632 2587 2687 multa.
2620 2631 2689 2686 Et
2716 2648 2832 2687 ecce
2851 2632 2956 2686 duo
2990 2631 3136 2707 ca'ci,
3169 2632 3403 2701 sedentes
3447 2648 3600 2697 secus
3643 2633 3795 2698 trium,

2215 2727 2496 2781 audieram
2530 2727 2656 2796 quia
2695 2722 2851 2793 Iesus
2898 2725 3146 2795 transiret
3168 2765 3183 2790 ,
3229 2733 3277 2778 et
3321 2723 3684 2791 clamauerunt
3724 2722 3802 2787 di-

2215 2828 2385 2873 centes
2421 2816 2707 2881 :Domine,
2747 2800 2991 2885 miserere
3032 2818 3217 2887 nostri,
3264 2815 3344 2886 ﬁli
3386 2815 3577 2881 David.
3606 2814 3808 2885 Quaeso

2216 2910 2463 2965 intendat
2511 2910 2740 2982 diligens
2795 2909 3046 2972 auditor,
3092 2908 3273 2977 divina
3316 2908 3583 2983 sapientia
3641 2923 3808 2981 quam

2216 3003 2439 3074 provide
2460 3011 2656 3058 cuncta
2687 3001 2983 3077 dispensat.
3022 2999 3156 3054 Nam
3184 3015 3347 3077 supra
3375 3000 3587 3067 dixerat
3623 3016 3637 3052 :
3672 2994 3812 3065 Ecce

543 3099 600 3147 et
641 3088 971 3152 dominium,
1017 3086 1110 3141 sed
1140 3100 1236 3155 per
1278 3084 1641 3140 humilitatem
1670 3090 1726 3138 et
1755 3079 2121 3136 mansuetudi-

2223 3094 2554 3163 ascendimus
2583 3092 3033 3165 Hierosolymam,
3064 3102 3114 3153 et
3144 3090 3288 3163 ﬁlius
3315 3090 3543 3161 hominis
3564 3092 3813 3159 tradetur

551 3199 672 3243 nent
714 3181 1046 3271 pervenitur.
1093 3179 1160 3235 Et
1178 3179 1306 3271 ideo
1347 3177 1715 3271 nrt-videretur
1955 3173 2115 3271 alicui
2145 3147 2190 3211 ρ
2222 3147 2543 3271 principibus
2575 3147 2905 3251 sacerdottim
2951 3147 2998 3238 et
3018 3147 3235 3239 'Scribis
3255 3152 3281 3248 ,ἢ
3317 3199 3383 3253 ac
3424 3147 3813 3267 regliq‘ug,qu¢

550 3274 858 3335 mandatum
904 3270 1221 3341 huiusmodi
1256 3268 1609 3335 humilitatis,
1666 3269 1810 3323 inter
1863 3283 1976 3332 eos,
2027 3267 2119 3338 qui

2227 3295 2332 3335 non
2360 3267 2551 3350 parum
2587 3278 2698 3353 jam
2729 3278 2888 3335 tertio
2919 3277 3126 3332 animos
3152 3275 3539 3351 discipulorum
3568 3290 3813 3347 patrimo-

544 3367 792 3423 videntttr
834 3379 954 3421 esse
998 3371 1236 3419 rectores
1272 3360 1638 3417 Ecclesiarum
1665 3376 1731 3417 ac
1766 3361 2041 3432 principes
2066 3369 2122 3415 et

548 3440 809 3531 magistri,
835 3456 1189 3528 impossibile,
1219 3454 1565 3524 semetipsum
1585 3454 1839 3524 proponit
1858 3453 1912 3508 in
1941 3468 2125 3509 exem-

542 3552 691 3622 plum
727 3574 737 3607 :
772 3549 924 3605 Sicut
964 3548 1110 3619 ﬁlius
1157 3548 1403 3614 heminis,
1456 3547 1652 3618 inquit,
1694 3563 1803 3602 non
1851 3548 1986 3602 venit
2024 3546 2125 3601 mi-

546 3646 779 3708 aistrari,
811 3645 902 3705 sed
947 3644 1266 3708 ministrare,
1309 3652 1355 3695 et
1404 3642 1639 3696 animant
1667 3656 1819 3694 suam
1850 3640 1980 3694 dare
2029 3655 2124 3710 pro

545 3738 742 3797 inultis.
772 3736 851 3793 Ac
888 3750 984 3806 per
1006 3737 1110 3790 hoc
1148 3735 1239 3804 qui
1268 3733 1381 3788 vult
1422 3734 1680 3804 magister
1703 3746 1826 3788 esse
1850 3732 1905 3787 in
1937 3731 2125 3787 schola

549 3827 1046 3896 tlirtntum,‘prius
1101 3834 1317 3897 appetat
1367 3825 1615 3880 nrinister
1677 3825 1860 3895 operis
1906 3823 2024 3880 ﬁeri
2069 3830 2127 3878 et

545 3933 759 3983 servus,
812 3917 864 3973 in
900 3931 963 3971 ea
991 3915 1188 3971 virtute
1236 3930 1357 3984 quae
1401 3930 1501 3984 per
1547 3914 1890 3970 (“lectionem
1934 3928 2127 3984 opera-

550 4018 637 4064 tur
662 4026 676 4063 z
700 4016 764 4067 ut
786 4020 852 4062 ea
890 4004 1144 4074 deinceps
1181 4003 1373 4059 doceat
1399 4004 1465 4059 de
1503 4019 1581 4067 se,
1608 4019 1731 4073 qua:
1753 4004 2009 4057 Salvator
2030 4016 2129 4071 per

550 4114 708 4163 suum
748 4097 936 4159 docuit
968 4097 1362 4167 magisterium.
1394 4096 1487 4151 Ait
1532 4110 1766 4166 namque
1811 4113 1824 4148 :
1875 4094 2068 4148 Discite
2097 4111 2129 4147 a

556 4204 636 4243 me
661 4188 785 4260 quia
813 4187 952 4247 mitis
992 4202 1111 4247 sum
1134 4198 1185 4243 et
1213 4186 1429 4240 hastilia
1456 4185 1611 4240 corde
1636 4183 1856 4256 (Matth.
1906 4199 1982 4248 XI,
2010 4184 2125 4256 29).

554 4262 704 4345 lianc
730 4278 928 4349 illiilli”
952 4277 1182 4340 inﬁtiata
1211 4276 1468 4334 exhibere
1492 4280 1560 4332 de
1602 4292 1664 4333 se
1690 4278 1919 4348 quisque
1947 4278 2128 4344 debet,

556 4369 649 4442 qui
677 4369 792 4440 jam
822 4369 879 4433 in
906 4369 1144 4437 Ecclesia
1182 4368 1390 4427 Christi
1434 4369 1613 4423 locum
1642 4369 1921 4437 regiminis
1956 4378 2126 4436 tenet,

2230 3388 2353 3428 vere
2382 3381 2648 3443 poterant.
2695 3372 2764 3427 Et
2800 3387 2926 3427 ecce
2965 3386 3112 3443 mox,
3158 3386 3318 3440 quam
3367 3370 3572 3440 divina,
3631 3371 3811 3441 prius-

2225 3479 2386 3538 quam
2419 3463 2639 3536 impleat
2667 3479 2787 3545 qute
2816 3463 3096 3535 proponit,
3146 3478 3417 3547 quamque
3451 3462 3644 3533 deiﬁca
3684 3478 3817 3533 ope-

2227 3565 2379 3612 ratur
2416 3555 2607 3611 salutis
2660 3556 2926 3611 humanm.
2981 3553 3178 3624 Sicque
3224 3553 3464 3621 futuram
3514 3554 3815 3623 introducit

2225 3655 2457 3702 mortem
2472 3658 2647 3711 suam,
2671 3654 2799 3700 utse
2823 3659 3037 3731 semper
3050 3644 3215 3699 Demn
3233 3644 3494 3711 declaret,
3522 3653 3578 3698 et
3602 3645 3815 3713 animos

2229 3742 2612 3812 discipulorum
2644 3743 2710 3804 ad
2751 3752 3090 3799 sacramenta
3144 3743 3532 3817 redemptionis
3561 3742 3814 3803 humanae

2230 3834 2560 3901 introducat,
2589 3841 2645 3888 et
2683 3848 2778 3889 eos
2804 3834 2950 3905 ipsos
2978 3835 3042 3888 ad
3078 3832 3245 3889 Deum
3276 3834 3467 3905 erigat.
3503 3833 3679 3903 Unde
3714 3835 3813 3891 etsi

2230 3928 2381 3996 prius
2399 3926 2739 3983 formidanda
2754 3914 2894 3982 dese
2910 3927 3200 4004 promittit,
3217 3942 3340 3996 mox
3354 3927 3538 3983 divina
3555 3929 3813 3997 αειβηίϋι,

2230 4031 2287 4077 ct
2322 4023 2459 4077 mira
2503 4022 2813 4093 conjungit;
2842 4029 2899 4077 et
2929 4020 3296 4093 superioribus
3326 4020 3657 4107 posteriora,
3684 4031 3742 4075 ut
3762 4021 3814 4077 in

2231 4115 2484 4170 cordibus
2506 4112 2892 4185 apostolorum,
2920 4113 3061 4183 Deus
3087 4124 3142 4168 et
3172 4111 3356 4181 homo,
3386 4128 3528 4177 unus
3564 4112 3817 4185 idemque

2231 4210 2496 4264 formetur
2518 4206 2785 4273 Christus,
2818 4215 2871 4265 et
2898 4206 3143 4263 ﬁrmetur
3182 4206 3317 4277 fides
3342 4205 3568 4277 alternis
3596 4222 3817 4267 succes-

2232 4301 2406 4367 sibus,
2438 4308 2496 4354 ut
2524 4309 2632 4356 tota
2673 4299 2984 4355 humanitas
3008 4300 3063 4355 in
3094 4299 3386 4361 Divinitate
3422 4314 3522 4371 sua
3564 4301 3821 4363 credatur

2231 4413 2352 4475 qua:
2382 4396 2560 4451 divina
2593 4403 2719 4463 sunt
2746 4394 2980 4475 operari,
3004 4395 3142 4457 sicut
3170 4404 3226 4459 et
3248 4394 3514 4463 Divinites
3541 4395 3597 4465 in
3632 4395 3819 4463 huma~

555 4471 613 4564 et
648 4462 1180 4564 antequamaseedat
1202 4461 1269 4522 ad
1295 4462 1525 4533 gratiam
1544 4501 1560 4527 ,
1586 4470 1817 4523 vocante
1846 4461 1974 4524 Deo,
2006 4478 2128 4523 eam

2236 4461 2403 4543 nitate
2429 4503 2550 4552 sua,
2573 4461 2693 4557 qua:
2714 4461 2947 4555 humana
2975 4493 3099 4543 sunt
3122 4485 3251 4559 pati.
3291 4461 3683 4555 Verumtamen
3711 4499 3820 4540 non

556 4553 771 4626 plenius
814 4552 1059 4617 enutrirc
1116 4562 1349 4624 oportet.
1394 4552 1648 4623 Alioquin
1692 4552 1985 4623 primatum
2032 4554 2130 4609 ho-

558 4646 710 4701 noris
744 4645 803 4703 in
830 4643 1073 4710 Ecclesia
1100 4659 1345 4714 querere
1368 4644 1452 4700 vel
1484 4645 1887 4715 concupissem,
1914 4659 2015 4700 nec
2044 4659 2131 4699 ra-

556 4740 635 4811 iii?
650 4749 759 4811 ﬁsi:
793 4753 896 4809 μεθ
942 4752 1140 4807 Quid.
1171 4738 1221 4795 si
1246 4738 1404 4807 aliter
1447 4738 1741 4808 quatitur;
1776 4737 1907 4808 quia
1956 4752 2132 4809 neque

549 4827 755 4907 justum
782 4844 905 4893 esse
930 4835 1128 4900 potest,
1150 4843 1254 4884 nec
1269 4828 1424 4895 utile.
1450 4827 1606 4896 Quod
1628 4826 1768 4883 forte
1797 4827 2131 4897 principibus

558 4921 760 4989 articuli,
790 4930 841 4993 et
876 4922 924 4979 si
970 4924 1111 4989 ratio
1158 4937 1263 4985 non
1297 4930 1383 4983 est
1422 4920 1764 4985 solummodo
1816 4918 2127 4982 dominari,

556 5020 749 5091 saltem
769 5019 876 5089 illis
902 5033 1064 5085 causa
1088 5026 1175 5079 est
1198 5014 1312 5071 sola
1343 5015 1610 5079 voluntas,
1650 5015 1753 5070 etsi
1784 5012 1991 5082 justum
2023 5026 2131 5066 non

557 5121 665 5179 est,
694 5113 775 5177 vel
801 5111 933 5169 utile
964 5111 1070 5171 illis
1102 5109 1347 5175 videtur;
1384 5109 1526 5178 quod
1574 5105 1705 5163 nulli
1739 5104 1971 5176 sapienti
2010 5103 2135 5171 jure

558 5218 682 5273 esse
698 5210 893 5274 potest,
925 5216 985 5257 se
1011 5200 1155 5269 pune
1178 5198 1434 5271 periculis
1471 5196 1741 5266 subjicere
1774 5196 1963 5252 aliene
1989 5193 2128 5256 vitae,

559 5293 653 5367 qui
667 5309 820 5361 snam
847 5292 1023 5353 nescit
1044 5290 1345 5356 moderari;
1378 5288 1623 5346 servituti
1653 5287 1769 5343 sine
1788 5285 1965 5342 fructu
1988 5298 2134 5338 mer-

560 5386 708 5455 cedis
727 5401 788 5442 se
812 5385 1087 5453 addicere,
1102 5385 1378 5445 laboribus
1399 5392 1458 5438 et
1482 5381 1756 5437 doloribus
1784 5397 1843 5436 se
1871 5380 2130 5444 miseere;

560 5478 793 5551 etquod
838 5478 1014 5549 majus
1048 5483 1167 5543 est,
1208 5473 1550 5544 dispendium
1578 5472 1701 5527 vita
1740 5486 1850 5527 sua:
1897 5470 2135 5539 quotidie

556 5569 849 5637 sustinere,
897 5568 1052 5639 quasi
1081 5582 1181 5638 pro
1226 5565 1378 5623 omni
1407 5563 1678 5628 Ecclesia,
1722 5578 1846 5619 cum
1873 5563 1985 5632 ipse
2014 5576 2139 5617 reus

558 5664 812 5734 habetur,
839 5669 965 5738 quia
996 5676 1141 5725 nocte
1171 5683 1276 5729 non
1306 5668 1661 5737 principatur,
1703 5665 1999 5721 secundum
2029 5665 2138 5720 for-

561 5782 707 5831 mam
755 5768 865 5823 veri
896 5770 1178 5841 magistri,
1226 5770 1370 5823 unde
1412 5770 1466 5823 in
1516 5764 1692 5838 capite
1720 5782 1750 5822 a
1792 5782 1923 5823 vero
1956 5768 2137 5843 judice

2233 4578 2663 4650 commistionerp
2700 4592 2924 4655 passus,
2984 4591 3158 4647 neque
3202 4576 3466 4635 divisione
3512 4575 3819 4649 sejunctas,

2233 4672 2327 4727 sed
2358 4672 2413 4725 in
2452 4670 2658 4724 Imitate
2688 4684 2931 4740 personae
2976 4684 3116 4723 unus
3145 4677 3230 4735 est
3266 4667 3536 4735 (Sinistus.
3587 4667 3656 4725 Et
3698 4668 3822 4725 ideo

2235 4771 2345 4817 tota
2391 4762 2558 4825 series
2590 4760 3024 4833 Evangeliorum,
3055 4768 3108 4825 et
3139 4759 3453 4825 vicissitudo
3498 4775 3817 4823 causarum,

2233 4862 2289 4908 et
2338 4861 2624 4907 contextus
2653 4851 3067 4919 sententiarum,
3108 4851 3186 4906 sic
3230 4850 3540 4913 alternatim
3572 4851 3821 4920 ponitur,

2236 4954 2296 4998 ut
2322 4953 2432 4999 tota
2476 4944 2738 5011 Divinitas
2762 4943 2899 5013 ejus,
2929 4943 2980 4996 in
3026 4957 3135 5009 uno
3172 4942 3472 5029 eodemque
3498 4940 3725 4999 Christo
3748 4942 3825 4999 ine

2238 5034 2461 5090 confusa
2494 5034 2764 5101 credatur,
2813 5034 2951 5088 sicut
2979 5042 3032 5088 et
3075 5042 3182 5095 tota
3226 5033 3537 5105 humanitas
3579 5033 3633 5086 in
3670 5033 3820 5088 Divi-

2240 5127 2406 5181 nitate
2433 5142 2527 5180 sua
2549 5125 2817 5181 catholico
2847 5124 3059 5179 counita
3082 5124 3441 5207 personaliter
3464 5123 3818 5203 praedicatur.

2241 5219 2438 5289 Sicque
2469 5218 2670 5273 factum
2697 5226 2781 5272 est
2811 5226 2869 5271 ut
2919 5217 2985 5272 sit
3025 5215 3288 5275 Mediator
3316 5213 3411 5269 Dei
3452 5225 3498 5289 et
3546 5214 3823 5283 hominum

2241 5311 2292 5383 (1
2325 5310 2459 5364 Tim.
2493 5327 2550 5373 ll,
2584 5310 2671 5381 5),
2706 5308 3001 5381 jungatque
3047 5307 3205 5361 simul
3254 5305 3305 5360 in
3358 5321 3415 5361 se
3462 5321 3583 5375 quae
3640 5304 3821 5359 divina

2237 5414 2364 5462 sunt
2395 5405 2677 5469 humanis,
2717 5412 2771 5457 et
2803 5417 2924 5472 qua:
2967 5402 3200 5469 humana
3250 5408 3377 5471 sunt
3411 5398 3626 5459 divinis.
3671 5396 3824 5455 Unde

2239 5514 2400 5569 quam
2432 5497 2655 5571 provide
2702 5512 2821 5552 cum
2852 5494 3197 5567 egrederetur
3231 5494 3299 5548 ab
3345 5491 3583 5556 Iericho,
3617 5492 3729 5545 duo
3775 5488 3821 5544 ei

2239 5589 2293 5643 in
2327 5587 2407 5640 via
2441 5581 2529 5641 isti
2556 5593 2907 5641 occurrerunt
2936 5586 3096 5649 cruci;
3126 5600 3353 5657 quorum
3385 5584 3437 5637 in
3468 5583 3651 5656 Specie
3676 5596 3827 5636 mon—

2241 5679 2512 5735 strabatur
2540 5677 2681 5747 quod
2732 5676 2968 5731 futurum
2995 5684 3114 5730 erat
3145 5677 3197 5731 in
3225 5676 3369 5730 omni
3401 5689 3621 5747 genere,
3673 5680 3735 5726 ut
3773 5676 3822 5725 el

2246 5770 2377 5825 fides
2410 5770 2718 5823 firmaretur
2764 5784 2827 5823 ex
2868 5767 3148 5834 miraculo,
3179 5776 3233 5821 et
3263 5767 3315 5821 in
3356 5765 3536 5853 specie
3566 5762 3827 5845 praedica-
