4008 6354
605 317 715 375 895

1394 309 1452 364 S.
1491 307 1846 366 PASCIIASII
1884 305 2232 362 RADBERTI
2269 305 3054 384 ABBATISﬁORBElENSlS
3496 300 3502 308 ’
3713 327 3790 383 ωδ

608 446 742 502 ergo
790 437 875 485 est
923 406 1116 489 natura
1155 423 1319 491 'ﬁdei;
1351 422 1492 479 unde
1528 432 1585 479 et
1633 424 1689 478 in
1731 420 2202 493 persecutionibus
2227 424 2282 486 Α
2305 421 2371 477 de
2395 423 2640 493 utrisque
2668 423 2834 493 dicat,
2861 426 3175 497 egrediente
3200 425 3345 496 Jesu,
3371 432 3501 502 quod
3523 448 3582 491 eo
3613 438 3660 494 in
3693 449 3794 500 tem.

608 523 909 580 Ecclesiam
922 519 1126 576 Christi
1153 518 1328 589 magis
1352 518 1592 573 crevisse
1617 515 1999 587 cognoscimus
2025 532 2038 568 :
2065 528 2201 583 quo-

609 612 760 668 niam
783 609 996 681 quanto
1017 607 1192 680 magis
1243 605 1600 678 aﬁligebatur,
1632 613 1787 662 tanto
1838 604 2071 675 amplius
2116 614 2204 659 est

606 698 997 774 intussemper
1045 715 1312 756 accensa:
1348 709 1403 756 et
1433 699 1554 755 ideo
1601 699 1654 754 in
1711 697 1859 753 nullo
1900 706 1984 754 est
2031 695 2196 762 victa,

607 797 702 852 sed
731 797 874 851 inter
898 795 1014 865 ipsa
1041 792 1280 863 pericula
1307 790 1431 848 ﬁdei
1461 791 1642 847 calore
1675 777 2052 846 corfohorata.
2100 787 2196 842 Di-

605 871 832 951 latatur,
862 898 963 940 nec
986 883 1225 938 vincitur
1249 881 1571 937 terroribus.
1600 880 1808 947 Quibus
1844 878 2002 935 Jesus
2049 885 2201 934 stans

602 980 769 1051 jussit
789 993 885 1034 eos
915 977 1103 1032 venire
1128 976 1197 1032 ad
1226 990 1315 1042 se;
1345 991 1454 1045 quo
1470 973 1700 1043 iubente
1721 973 1900 1029 nullus
1910 973 2200 1045 prohibere

607 1056 842 1143 poterat.
873 1069 943 1125 Et
967 1069 1090 1126 ideo
1114 1077 1262 1124 recte
1289 1069 1504 1123 stetisse
1551 1064 1774 1132 dicitur,
1802 1081 1872 1120 ne
1912 1065 2072 1120 turba
2105 1079 2201 1121 eos

604 1166 912 1238 prohibeat.
941 1162 1102 1232 Quia,
1133 1172 1194 1218 ut
1222 1161 1355 1228 dixi,
1403 1169 1554 1217 stare
1600 1159 1719 1228 ejus
1766 1158 2067 1214 divinitatis
2092 1167 2198 1223 est,

603 1260 695 1316 cui
730 1258 874 1313 nulla
903 1257 986 1312 vis
1020 1254 1229 1311 inimici
1256 1261 1434 1325 potest
1483 1241 1759 1307 resistere.
1801 1249 1873 1304 Et
1905 1251 2199 1320 interroga-

607 1350 697 1405 lmt
724 1341 849 1422 quid
893 1348 1101 1404 vellent.
1155 1346 1508 1419 Nequaquam
1562 1345 1727 1417 igitur
1751 1343 2009 1410 dixerim,
2053 1345 2199 1414 quod

598 1441 725 1500 lucc
757 1443 1113 1514 interrogatio
1139 1442 1206 1498 de
1257 1440 1566 1513 ignorantia
1621 1438 1854 1504 venerit,
1903 1452 2027 1492 cum
2083 1438 2200 1506 ipsa

602 1533 826 1594 caecitas
851 1537 906 1592 in
933 1547 1125 1608 aperto
1145 1544 1288 1602 erat,
1310 1536 1406 1592 sed
1418 1549 1484 1590 ex
1500 1532 1906 1604 dispensatione
1926 1533 2198 1603 mysterii,

603 1641 666 1685 ut
699 1631 834 1687 ﬁdes
882 1630 1116 1702 amplior
1152 1629 1495 1702 praedicetur.
1554 1627 1658 1684 Ubi
1702 1625 1816 1695 jam
1868 1642 1976 1684 non
2029 1626 2200 1682 ﬁlium

601 1722 797 1800 David,
821 1723 915 1778 sed
946 1722 1286 1778 solummodo
1333 1719 1624 1777 Dominum
1673 1726 1892 1774 vocant.
1952 1718 2197 1784 Domine,

2305 533 2439 591 pore
2465 519 2542 574 ita
2581 520 2635 575 in
2664 521 2752 575 via
2775 520 2980 577 factum
3007 531 3093 577 est
3120 531 3180 576 ut
3210 532 3467 581 narratur.
3493 527 3625 596 Quod
3660 535 3698 590 si
3719 536 3795 593 ali-

2305 611 2392 665 cui
2417 611 2520 666 hoc
2541 611 2722 668 minus
2746 626 3047 684 congruere
3074 613 3306 680 videtur,
3331 616 3455 673 nihil
3476 618 3668 692 impedit
3684 627 3721 682 si
3740 639 3798 685 tot

2305 716 2428 758 esse
2479 703 2746 770 dicantur,
2801 714 3010 760 tantum
3055 714 3114 760 ut
3143 705 3459 766 illuminatos
3481 728 3566 768 eos
3586 729 3685 772 esse
3704 733 3800 775 con-

2305 795 2491 861 cedat;
2521 810 2644 851 cum
2672 797 2727 851 in
2756 796 2930 870 ﬁgura
2954 813 3145 854 eorum
3191 807 3248 854 et
3283 800 3334 854 in
3365 803 3545 871 specie,
3569 814 3708 862 totum
3730 825 3799 880 ge-

2305 901 2407 942 nus
2433 887 2730 943 humanum
2759 904 2791 942 a
2836 889 3066 946 Domino
3116 899 3358 946 sanatum
3411 908 3521 948 esse
3571 899 3798 957 credimus.

2305 979 2489 1036 Potest
2521 991 2699 1037 tamen
2731 991 2878 1038 recte
2904 984 3184 1049 aestimari,
3217 986 3454 1054 quamvis
3483 987 3802 1048 illesecundum

2304 1073 2509 1130 Lucam
2542 1075 2679 1131 alius
2707 1076 2889 1142 fuerit,
2915 1085 2973 1133 et
3002 1077 3110 1133 alio
3133 1078 3188 1132 in
3227 1087 3478 1150 tempore,
3518 1088 3573 1136 ut
3597 1098 3711 1140 unus
3730 1087 3804 1142 iste

2302 1181 2465 1238 quem
2495 1167 2708 1225 Marcus
2736 1170 2905 1241 ponit;
2935 1171 3080 1240 quod
3100 1170 3264 1227 fuerit
3302 1172 3481 1229 Timaei
3512 1173 3651 1242 ﬁlius,
3669 1177 3803 1234 Batti-

2304 1277 2472 1318 maeus
2494 1263 2732 1328 nomine,
2784 1263 2900 1333 ipse
2948 1263 3020 1319 sit
3061 1279 3202 1320 unus
3248 1279 3314 1320 ex
3346 1265 3542 1322 duobus
3577 1269 3806 1338 quosllat-

2303 1354 2477 1411 thaeus
2503 1365 2708 1411 narrat.
2725 1355 2834 1412 Sed
2863 1356 3104 1412 Marcum
3122 1357 3242 1414 ideo
3272 1359 3414 1414 hunc
3432 1360 3589 1416 solum
3603 1363 3806 1433 posuisse,

2301 1449 2560 1517 quoniam
2590 1449 2705 1518 ipse
2725 1449 2906 1520 noﬁor
2932 1456 3052 1505 erat
3097 1457 3155 1505 et
3192 1448 3589 1518 famosissimas,
3613 1453 3726 1509 sicut
3757 1471 3805 1510 ex

2299 1540 2471 1614 848
2507 1543 2726 1599 nomine
2756 1543 3086 1610 declaratur,
3126 1553 3188 1600 ut
3240 1547 3448 1602 dicatur
3487 1547 3614 1603 ﬁlius
3650 1548 3806 1615 Timai,

2302 1633 2430 1704 quia
2457 1633 2568 1688 Bar
2595 1634 2648 1690 in
2678 1633 2907 1692 Hebraeo
2927 1650 3179 1692 sermone
3211 1637 3298 1693 vel
3337 1637 3472 1709 Syro
3493 1639 3622 1708 ﬁlius
3645 1639 3806 1696 dicitur.

2304 1723 2458 1781 Unde
2506 1725 2711 1781 factum
2758 1735 2843 1783 est
2875 1729 3009 1785 satis
3062 1728 3344 1795 decenter,
3378 1738 3438 1786 ut
3479 1731 3563 1788 hic
3583 1735 3810 1804 composite

603 1797 878 1882 inquiunt,
902 1821 958 1865 ut
985 1812 1295 1893 aperiantur
1322 1809 1462 1866 oculi
1491 1810 1680 1864 nostri.
1737 1808 1874 1877 Quia
1924 1823 2196 1866 caecorum
2224 1796 2272 1857 Β
2297 1819 2407 1876 Βαι-
2457 1820 2668 1878 ιίηιωυε
2709 1836 2741 1876 a
2781 1830 2936 1892 parte
2956 1823 3022 1877 sit
3056 1832 3301 1880 vocatus,
3329 1823 3525 1881 Tamen
3543 1836 3593 1882 ει
3630 1796 3810 1900 ἱειίηςε.

600 1903 789 1961 oculos
817 1905 1048 1974 aperire,
1083 1903 1252 1958 solius
1290 1901 1603 1957 Divinitatis
1648 1909 1751 1964 est,
1796 1910 1852 1956 et
1895 1915 2005 1956 non
2057 1901 2198 1957 sicut

595 1989 823 2068 quidam
846 1996 1114 2068 garriunt,
1160 1991 1384 2048 larvalis
1410 1992 1659 2063 quadam
1689 1991 1922 2060 curatio,
1953 1994 2048 2048 sed
2079 1994 2195 2065 ple-

598 2093 670 2145 ’na
699 2088 1056 2145 sacramentis
1076 2085 1173 2141 Dei
1199 2092 1255 2140 et
1275 2083 1514 2140 hominis
1539 2082 1742 2139 Christi
1788 2081 1917 2139 Jesu
1965 2084 2195 2157 mystica

599 2192 656 2239 et
683 2183 899 2254 gemina
943 2181 1206 2252 operatio.
1261 2178 1332 2235 Et
1380 2178 1502 2235 ideo
1551 2179 1720 2250 tangit
1776 2179 1965 2236 oculos
2005 2196 2194 2236 corum

601 2274 761 2345 quasi
797 2273 982 2338 homo,
1014 2281 1070 2328 et
1110 2265 1392 2334 curat‘eos
1435 2271 1640 2326 virtute
1673 2284 1770 2325 sua
1815 2271 1972 2342 quasi
2026 2272 2189 2326 Deus.

598 2365 787 2436 Neque
801 2366 944 2420 enim
963 2366 1124 2420 homo
1138 2363 1390 2420 Christus
1412 2362 1530 2418 sine
1553 2360 1666 2418 Deo
1684 2361 1892 2433 aliquid
1911 2373 2189 2432 operatur,

595 2475 771 2530 neque
799 2460 940 2515 Deus
967 2459 1220 2515 Christus
1241 2459 1358 2514 sine
1379 2457 1621 2512 homine.
1651 2456 1730 2512 Ac
1756 2471 1856 2528 per
1903 2458 2007 2512 hoc
2048 2457 2192 2514 Deus

592 2560 650 2607 et
671 2552 834 2606 homo
865 2566 1005 2605 unus
1024 2559 1109 2606 est
1132 2549 1416 2615 Christus;
1443 2564 1582 2605 unus
1627 2548 1880 2620 idemque
1926 2559 2011 2606 est
2047 2551 2192 2606 ﬁlius

592 2643 762 2698 David
782 2650 838 2697 et
863 2641 956 2697 Dei
984 2641 1171 2698 Filius.
1219 2642 1298 2697 Ac
1347 2656 1446 2712 per
1492 2641 1600 2697 hoc
1637 2640 1898 2698 Dominus
1947 2650 2002 2697 et
2049 2642 2191 2700 ﬁlius

578 2733 782 2800 'David,
812 2749 921 2790 non
947 2733 1073 2800 duo,
1107 2731 1203 2788 sed
1223 2747 1365 2788 unus
1393 2739 1477 2787 est
1501 2731 1775 2797 Christus,
1807 2744 1968 2802 quem
1999 2731 2189 2802 depre-

588 2834 784 2881 cantur
801 2826 931 2881 caeci
953 2832 1016 2879 ut
1038 2838 1229 2879 eorum
1255 2824 1603 2878 misereatur.
1626 2821 1685 2876 In
1712 2823 1815 2877 hac
1838 2822 2039 2893 quippe
2058 2823 2184 2888 ﬁde,

588 2929 782 2972 omnes
808 2913 1098 2969 illuminati
1127 2920 1254 2968 sunt
1282 2912 1373 2982 qui
1395 2911 1656 2968 sedebant
1675 2910 1840 2984 847
1857 2913 1910 2967 ἱη
1925 2912 2186 2978 tenebris,

592 3013 649 3065 in
680 3011 873 3066 umbra
898 3011 1112 3065 mortis.
1139 3007 1265 3064 ldeo
1293 3009 1494 3080 quippe
1515 3008 1828 3075 illuminati,
1859 3017 1922 3065 ut
1968 3009 2183 3080 possint

592 3104 744 3158 exire
769 3103 836 3158 de
854 3100 1096 3168 Jericho,
1135 3116 1243 3172 quo
1272 3099 1456 3156 multaa
1506 3099 1678 3154 fovea:
1731 3107 1876 3165 sunt,
1925 3099 2188 3170 multique

594 3193 796 3264 laquei,
822 3205 878 3249 et
906 3195 1059 3265 sequi
1090 3192 1365 3250 Christum
1389 3193 1458 3247 ad
1478 3191 1626 3249 illam
1660 3191 1935 3248 caelestem
1960 3192 2182 3250 Jerusa-

577 3283 698 3338 ‘lem
723 3300 737 3349 ;
765 3301 871 3340 non
893 3285 961 3340 ad
977 3285 1124 3341 illam
1139 3299 1301 3356 quam
1322 3285 1438 3354 ipse
1467 3298 1595 3340 mox
1616 3285 1882 3340 ruituram
1902 3284 2181 3355 deplorat,

590 3369 790 3434 sed'ad
829 3378 976 3432 illam
1012 3393 1134 3449 quae
1158 3393 1378 3434 sursum
1400 3386 1565 3433 estet
1611 3385 1694 3434 est
1721 3386 1900 3433 mater
1942 3379 2183 3434 omnium

587 3467 907 3523 electorum.
931 3466 1102 3534 Quem
1127 3483 1260 3525 sane
1278 3467 1458 3524 locum
1486 3467 1699 3525 Marcus
1721 3481 1778 3524 et
1821 3468 1999 3525 Lucas
2027 3469 2185 3540 longe

590 3560 754 3616 aliter
799 3570 1134 3631 posuerunt:
1163 3560 1239 3616 ita
1290 3568 1352 3616 ut
1397 3561 1695 3616 secundum
1731 3560 1995 3630 quosdam
2042 3561 2184 3615 hanc

585 3653 875 3708 videantur
893 3666 1167 3723 exponere
1189 3651 1475 3709 historiam
1498 3669 1512 3718 ;
1546 3651 1844 3708 secundum
1869 3652 2007 3707 alios
2029 3665 2180 3718 vero,

585 3733 816 3800 alteram
849 3754 1036 3801 texere
1067 3733 1080 3800 Ξ
1110 3745 1184 3799 ita
1210 3753 1272 3799 ut
1300 3743 1658 3814 corporaliter
1683 3729 1971 3799 diversitas
2000 3751 2182 3815 gesto-

589 3853 711 3893 rum
735 3837 1084 3909 intelligenda
1111 3837 1206 3901 sit,
1235 3836 1362 3892 dum
1388 3836 1494 3891 alia
1523 3836 1644 3892 vice
1670 3836 1805 3891 duos
1844 3836 1977 3892 istos
2005 3851 2180 3892 caecos

587 3940 812 3988 sanatos
841 3931 1030 3987 dicunt
1074 3946 1104 3985 a
1154 3928 1396 3987 Christo.
1445 3929 1564 3983 Alia
1608 3937 1792 3984 autem
1834 3945 2001 3984 unum
2028 3929 2180 3985 illum

586 4039 749 4096 quem
773 4022 990 4079 Marcus
1016 4022 1220 4094 posuit,
1273 4030 1505 4077 exeunte
1552 4020 1782 4076 Domino
1828 4021 1897 4075 ab
1935 4019 2176 4087 Jericho,

581 4117 640 4171 in
672 4115 757 4170 via
782 4113 960 4169 solum
991 4126 1251 4178 sanasse;
1281 4109 1440 4179 cujus
1479 4119 1535 4165 et
1556 4125 1755 4166 nomen
1809 4110 1944 4167 dicit
1990 4119 2046 4166 et
2088 4127 2180 4182 pa-

584 4218 725 4263 trem
750 4207 1009 4262 insinuat.
1061 4205 1243 4260 Tertia
1267 4218 1397 4260 vero
1439 4205 1579 4270 vice,
1610 4220 1736 4260 eum
1779 4219 1940 4275 quem
1991 4205 2181 4261 scribit

583 4296 781 4362 Lucas,
809 4296 886 4351 ita
911 4295 1098 4351 dicens
1121 4311 1136 4348 :
1172 4294 1243 4348 Et
1270 4293 1473 4364 factum
1498 4303 1596 4361 est,
1625 4295 1822 4365 inquit,
1851 4312 1970 4350 cum
1988 4313 2178 4367 appro-

580 4387 859 4459 pinquaret
889 4384 1129 4452 Iericho,
1169 4401 1340 4440 cwcus
1364 4385 1580 4457 quidam
1621 4385 1832 4442 sedebat
1856 4402 2006 4440 secus
2033 4387 2176 4441 uiam

583 4479 907 4534 mendicans.
942 4477 1044 4536 Ubi
1072 4480 1177 4536 etsi
1201 4479 1417 4536 diverso
1448 4479 1666 4536 videtur
1689 4488 1914 4536 curatus
1953 4481 2006 4536 in
2040 4489 2176 4538 tem-

582 4585 744 4642 pore;
773 4585 881 4626 uno
908 4580 1092 4627 tamen
1116 4571 1256 4636 loco,
1280 4572 1334 4628 id
1358 4583 1441 4629 est
1471 4587 1630 4630 secus
1677 4572 1845 4640 viam,
1895 4587 2004 4642 quo
2033 4581 2090 4628 et
2117 4573 2173 4627 in
2199 4551 2254 4614 Ῐ)

581 4664 760 4721 tribus
782 4679 870 4721 res
898 4675 1050 4737 gesta
1071 4667 1306 4722 videtur.
1347 4666 1453 4722 Sed
1476 4674 1532 4722 et
1560 4664 1847 4722 Matthazus
1874 4674 1932 4721 et
1960 4664 2173 4722 Marcus

581 4757 895 4830 egrediente
918 4757 1047 4816 Jesu
1075 4760 1142 4816 de
1162 4759 1380 4817 Jericho
1408 4761 1513 4817 hoc
1541 4759 1745 4816 factum
1772 4759 1981 4825 dicunt,
1997 4758 2174 4814 Lucas

581 4863 712 4904 vero
737 4849 1093 4922 ingrediente.
1123 4851 1278 4908 Unde
1304 4859 1482 4922 potest
1510 4851 1649 4918 ﬁeri,
1680 4850 1807 4922 quia
1839 4847 2014 4906 Lucas
2039 4850 2174 4908 dicit

580 4939 1186 5012 appropinquantelesu
1201 4938 1431 5025 Jerichq
1451 4955 1652 4996 caecum
1667 4948 1942 5006 curatum,
1959 4949 2016 4997 et
2029 4941 2172 4997 Mar-

491 5029 494 5032 ’
580 5044 678 5085 cus
698 5030 1009 5102 egrediente
1028 5029 1120 5086 illo
1147 5029 1396 5086 similiter
1427 5029 1595 5085 alium
1640 5043 1763 5085 esse
1790 5038 2062 5094 curatum,
2109 5038 2170 5085 ut

581 5123 718 5179 duos
747 5122 881 5179 istos
910 5137 1084 5179 caecos
1113 5121 1398 5178 Matthteus
1437 5123 1492 5177 in
1529 5135 1636 5177 una
1667 5121 2003 5187 narratione,
2037 5136 2166 5194 pro—
2255 5131 2258 5134 ’

580 5222 703 5284 pter
735 5214 1116 5286 compendium
1162 5214 1466 5279 brevitatis,
1509 5213 1670 5270 simul
1707 5214 2008 5287 colligeret,
2045 5229 2168 5270 cum

581 5314 810 5378 uterque
827 5321 1016 5364 eorum
1044 5322 1201 5365 secus
1228 5309 1373 5363 viam
1397 5322 1575 5362 czecus
1615 5307 1822 5363 sedisse
1867 5307 2088 5374 dicitur,
2115 5315 2172 5363 et

581 5399 869 5456 clamasse.
898 5399 1060 5456 Forte
1086 5399 1231 5471 quod
1263 5414 1404 5456 unus
1425 5398 1755 5470 evangelista
1794 5400 1891 5457 ait:
1922 5400 2163 5467 Domine,

582 5489 741 5555 alter,
801 5489 987 5558 Rabbi,
1017 5492 1162 5562 quod
1207 5491 1369 5548 simul
1391 5492 1500 5548 dici
1544 5499 1740 5562 potest,
1772 5490 2030 5547 Miserere
2063 5493 2167 5548 Do-

583 5581 732 5638 mine
756 5581 1025 5649 Rabboni,
1071 5583 1148 5638 ﬁli
1191 5582 1394 5650 David;
1426 5584 1569 5639 sicut
1592 5597 1903 5654 quamsaepe
1944 5583 2165 5650 faciunt,

583 5686 728 5756 quod
755 5701 896 5741 unus
921 5686 1222 5757 praemittit,
1247 5694 1310 5740 ut
1333 5685 1472 5740 alter
1508 5684 1638 5742 illud
1664 5667 1958 5741 describat.
1983 5685 2168 5757 Neque

586 5787 859 5870 discrepat
878 5805 909 5844 a
927 5805 1058 5845 vero
1073 5788 1228 5865 juxta
1254 5789 1469 5862 modum
1498 5788 1804 5862 locutionis,
1828 5788 1872 5844 si
1887 5783 2168 5871 Matthaaus

2300 1913 2440 1968 terio
2461 1913 2594 1969 nihil
2623 1914 2789 1970 distat
2807 1929 2840 1970 a
2861 1930 3009 1982 vero,
3035 1917 3081 1972 si
3110 1931 3210 1987 per
3231 1917 3379 1974 hunc
3406 1933 3563 1974 unum
3590 1919 3730 1991 ﬁgura
3755 1929 3812 1975 to-

2296 2008 2407 2064 tius
2439 2008 2660 2063 humani
2685 2010 2899 2081 generis
2921 2010 3243 2081 accipiatur.
3274 2010 3412 2080 Quia
3439 2013 3572 2070 sicut
3591 2013 3697 2069 huic
3718 2029 3814 2085 prae-

2295 2102 2435 2158 stitit
2459 2101 2730 2169 Salvator,
2763 2119 2886 2174 quae
2908 2111 3102 2160 natura
3132 2120 3242 2162 non
3267 2106 3507 2173 dederat,
3529 2107 3603 2162 vel
3626 2108 3814 2178 perdide-

2295 2201 2383 2247 rat
2430 2193 2680 2249 debilitas
2715 2211 2728 2248 ;
2766 2194 2844 2250 ita
2895 2197 3168 2252 concessit
3223 2197 3475 2253 omnibus
3515 2212 3604 2269 per
3643 2198 3814 2268 gratiam

2294 2283 2557 2354 ampliora
2591 2284 2803 2350 salutis,
2835 2285 2964 2341 dum
2992 2287 3203 2358 culpam
3239 2288 3476 2355 remisit,
3506 2289 3635 2344 dona
3656 2288 3815 2358 praesti-

2293 2376 2377 2430 tit.
2406 2375 2638 2432 Tantum
2669 2378 2736 2443 si,
2780 2379 3091 2456 egrediente
3120 2379 3211 2436 illo
3245 2383 3319 2437 ab
3346 2380 3577 2448 Iericho,
3608 2396 3697 2435 una
3729 2395 3815 2434 cum

2293 2467 2398 2523 illis
2427 2469 2519 2540 qui
2551 2485 2675 2525 cum
2704 2485 2770 2527 eo
2788 2471 2857 2527 ad
2887 2471 3034 2527 illam
3062 2473 3348 2530 caelestem
3383 2472 3664 2530 Jerusalem
3684 2473 3817 2543 quoti-

2291 2558 2379 2613 die
2399 2560 2749 2628 comitantur,
2777 2563 2932 2632 sequi
2965 2562 3237 2630 volumus,
3281 2573 3347 2620 ut
3375 2566 3443 2620 ad
3469 2579 3582 2621 eam
3611 2579 3712 2619 cum
3735 2562 3817 2617 lau-

2291 2647 2446 2703 dibus
2469 2647 2702 2704 feliciter
2741 2652 3028 2720 pervenire
3049 2653 3348 2722 possimus.
3381 2652 3535 2720 Nam,
3564 2653 3821 2709 ascendente

2291 2754 2358 2796 eo
2378 2741 2446 2796 de
2478 2739 2718 2808 Jericho,
2743 2743 2798 2799 id
2824 2755 2909 2800 est
2934 2745 3000 2801 de
3024 2745 3252 2814 mundo,
3305 2762 3404 2818 per
3432 2746 3818 2804 resurrectionem

2288 2838 2344 2886 et
2407 2834 2780 2890 ascensionem
2831 2836 2899 2892 ad
2953 2836 3143 2904 caelos,
3191 2848 3500 2911 sequuntur
3547 2854 3661 2895 eum
3694 2839 3823 2893 turba:

2287 2923 2492 2991 multae,
2516 2926 2643 2997 quia
2667 2927 3013 2985 crediderunt
3035 2930 3092 2985 in
3119 2946 3249 2987 eum
3278 2949 3407 2990 mox
3459 2933 3627 3004 populi
3653 2941 3699 2988 et
3728 2945 3820 3002 gen-

2291 3025 2395 3072 tes.
2426 3016 2495 3072 Et
2537 3017 2658 3073 ideo
2687 3018 2969 3076 Matthaeus
2999 3024 3297 3094 (quotquot
3319 3023 3539 3099 fuerint)
3573 3025 3694 3080 bene
3725 3021 3824 3077 duos

2291 3123 2464 3166 caecos
2527 3112 2778 3169 sedentes
2818 3112 2975 3183 juxta
3031 3117 3174 3172 viam
3217 3129 3458 3194 narrat,
3496 3117 3732 3192 signiﬁcat
3779 3116 3825 3168 de

2291 3210 2522 3273 utroque
2545 3205 2746 3275 populo
2769 3207 3032 3277 quosdam
3063 3208 3178 3279 jam
3209 3212 3554 3268 cohaerentes
3577 3207 3826 3282 dispositio-

2288 3293 2344 3348 ni
2372 3295 2655 3366 temporali
2695 3312 2792 3367 per
2839 3298 3021 3366 ﬁdem,
3071 3304 3378 3360 secundum
3431 3320 3586 3375 quam
3633 3302 3826 3358 Christus

2288 3388 2444 3444 nobis
2470 3389 2557 3443 via
2577 3398 2680 3444 est.
2715 3390 2783 3446 Et
2808 3392 2935 3448 inde
2958 3403 3064 3460 est,
3092 3397 3240 3466 quod
3274 3397 3644 3454 desiderantes
3668 3393 3823 3452 illumi-

2287 3481 2426 3547 nari,
2460 3483 2510 3536 id
2541 3492 2623 3539 est
2663 3485 2866 3556 aliquid
2901 3487 2968 3543 de
3013 3490 3131 3560 ejus
3175 3493 3495 3548 aeternitate
3524 3503 3581 3548 et
3601 3490 3738 3546 Verbi
3768 3488 3823 3542 in-

2286 3575 2600 3632 carnatione
2643 3577 2964 3650 intelligere,
3010 3581 3353 3640 clamabant.
3405 3584 3541 3653 Quia
3571 3589 3830 3639 transeunte

2284 3665 2411 3723 Jesu
2451 3663 2746 3726 secundum
2777 3673 3172 3731 humanitatem
3230 3678 3537 3751 impetrare
3564 3675 3829 3750 gaudebant,

2285 3761 2339 3817 id
2379 3772 2463 3818 est
2512 3779 2610 3833 per
2632 3765 2888 3822 meritum
2931 3767 3079 3835 ﬁdei,
3131 3785 3239 3840 qua
3293 3773 3541 3829 creditur
3584 3769 3730 3828 Filius
3763 3764 3832 3819 Dei

2283 3856 2459 3912 factus
2484 3857 2668 3924 homo,
2702 3867 2862 3915 natus
2900 3876 2968 3917 ex
2998 3863 3211 3919 semine
3237 3865 3442 3934 David,
3472 3878 3527 3923 et
3556 3878 3725 3938 passus
3742 3873 3832 3931 pm-

2283 3957 2404 4020 pter
2428 3965 2548 4015 nos,
2576 3951 2820 4007 ascendit
2848 3949 3264 4027 Jerosolymam,
3293 3958 3350 4013 id
3383 3967 3470 4014 est
3493 3958 3562 4014 ad
3588 3953 3751 4020 c0310?»
3765 3963 3834 4022 l‘e'

2282 4056 2444 4110 quam
2465 4041 2925 4111 dispensationem
2953 4046 3109 4115 quasi
3137 4049 3345 4104 transit
3368 4049 3551 4114 Iesus,
3588 4047 3702 4117 quia
3746 4041 3835 4097 talis

2282 4135 2422 4190 actio
2444 4136 2758 4207 temporalis
2790 4137 2909 4193 fuit.
2948 4137 3100 4196 Unde
3136 4143 3416 4213 oportuit,
3445 4156 3504 4199 et
3529 4155 3726 4212 semper
3748 4149 3840 4208 pet-

2283 4227 2653 4283 nccessarium
2677 4237 2784 4294 est,
2813 4237 2874 4284 ut
2905 4239 3112 4286 tantum
3145 4232 3355 4291 clamet
3393 4235 3747 4303 unusquisque
3765 4241 3840 4281 n0-

2281 4330 2477 4388 strum,
2508 4322 2681 4378 donec
2694 4323 3007 4380 resistentis
3033 4325 3136 4381 sibi
3167 4328 3349 4399 turba;
3375 4329 3662 4398 strepitum
3679 4323 3841 4381 vincat.

2281 4414 2334 4469 id
2360 4422 2585 4470 esttam
2619 4424 3037 4484 perseveranter
3092 4417 3349 4475 intendat
3401 4421 3608 4483 animo,
3662 4409 3841 4470 orando.

2280 4503 2593 4575 quaerendo,
2621 4511 2676 4559 et
2704 4504 2772 4558 ad
2816 4519 2940 4560 eum
2976 4505 3266 4577 pulsando,
3324 4521 3618 4580 quousque
3662 4514 3845 4560 consue-

2280 4595 2524 4651 tudinem
2550 4594 2940 4651 desideriorum
2967 4581 3299 4665 carnalium,
3335 4615 3466 4670 qua:
3489 4608 3733 4668 tanquam
3759 4600 3846 4644 tur-

2279 4688 2348 4743 ba
2398 4685 2664 4757 obstrepit
2716 4687 3111 4744 intentionibus
3163 4693 3381 4746 nostris
3423 4699 3483 4746 et
3531 4683 3844 4747 clamoribuS.

2277 4778 2452 4834 lucem
2479 4776 2725 4833 veritatis
2758 4787 2977 4834 atteram
3026 4778 3212 4836 videre
3255 4796 3557 4847 conemur,
3611 4780 3848 4850 ipsum]ue

2278 4868 2512 4937 turbam,
2544 4884 2638 4926 seu
2662 4869 2943 4926 hominum
2971 4870 3299 4939 carnalium,
3339 4888 3444 4928 seu
3479 4869 3848 4942 cogitationum.

2276 4977 2371 5017 seu
2394 4962 2977 5032 concupiscentiarum,
3009 4961 3326 5020 fortissima
3363 4965 3676 5022 intentione
3703 4961 3851 5015 vincat

2277 5072 2416 5112 mus.
2447 5057 2633 5128 Itaque
2649 5057 3071 5129 benignissimus
3088 5057 3248 5115 Jesus
3269 5068 3502 5127 noster,
3523 5059 3619 5130 qui
3647 5057 3718 5112 ait
3742 5071 3754 5106 :
3774 5048 3850 5103 Pe-

2275 5149 2368 5202 tite
2401 5157 2449 5202 et
2478 5149 2765 5217 accipietis,
2790 5149 3011 5219 quwrite
3041 5159 3090 5204 et
3117 5151 3426 5217 invenietis,
3455 5152 3665 5222 pulsate
3690 5157 3734 5202 et
3757 5158 3852 5212 apt“-

2276 5239 2443 5294 rietur
2458 5239 2619 5304 vobis,
2644 5239 2924 5296 venientes
2936 5241 3004 5296 ad
3037 5256 3115 5309 se,
3141 5241 3359 5298 scilicet
3391 5243 3598 5299 ardore
3614 5232 3851 5297 desiderii.

2276 5339 2331 5387 et
2358 5331 2737 5402 pervenientes
2782 5331 2852 5388 ad
2881 5331 2935 5387 id
2957 5333 3102 5402 quod
3151 5334 3302 5389 intus
3350 5344 3517 5391 recte
3554 5332 3850 5389 desiderant.

2278 5424 2538 5481 continuo
2565 5434 2737 5490 stans,
2772 5425 2948 5497 tangit
2967 5425 3153 5483 oculos
3197 5427 3395 5483 cordis
3430 5428 3630 5493 nostri,
3669 5433 3721 5479 et
3761 5418 3855 5475 illu-

2277 5514 2451 5570 minat
2477 5532 2490 5567 :
2516 5530 2624 5569 non
2653 5515 2822 5582 enim,
2853 5524 2912 5570 ut
2933 5515 3063 5580 dixi,
3097 5516 3237 5572 sicut
3259 5515 3360 5573 illa
3390 5516 3730 5590 dispensatio
3747 5522 3856 5567 tem-

2275 5605 2478 5676 poralis
2510 5606 2726 5674 transit,
2749 5608 2823 5663 ita
2848 5609 3011 5664 etiam
3037 5607 3208 5681 849
3229 5609 3397 5664 verbi
3425 5609 3726 5673 aeternitas,
3759 5612 3855 5672 qua!

2275 5698 2330 5752 in
2368 5698 2546 5769 seipsa
2578 5714 2822 5766 manens,
2855 5701 3078 5755 innovat
3105 5699 3318 5755 omnia.
3355 5699 3713 5772 Quapropter
3751 5691 3856 5764 quia

2275 5790 2411 5846 ﬁdes
2432 5792 2820 5867 incarnationis
2844 5791 3046 5861 Christi
3096 5792 3431 5862 temporalis
3473 5794 3544 5848 ad
3584 5784 3856 5858 asternain-
