4008 6354
246 335 343 393 697

1041 329 1400 389 EXPOSlTIO
1439 331 1504 386 ΙΝ
1545 329 1984 388 ΜΑΤΤΗΛΕΠΜ.
2011 361 2081 372 -—
2117 331 2245 387 LIB.
2286 333 2379 399 lX,
2417 332 2568 389 CAP.
2624 333 2762 388 XXI.

3416 336 3522 394 698

241 444 531 519 telligenda
551 459 651 500 nos
681 450 950 515 praeparat
978 450 1291 498 transeunte
1320 440 1471 507 Jesu,
1516 451 1569 496 et
1617 456 1716 496 nos
1741 441 1835 496 ad—
1863 443 1910 503 Α
1940 455 2068 494 num
2130 441 2439 508 cruciﬁxit,
2487 456 2792 499 sermonem
2842 457 2998 499 suum
3037 443 3247 518 dirigit,
3308 447 3404 503 sed
3452 447 3521 505 ad

241 539 430 595 moniti
459 553 649 594 sumus
670 546 728 590 ut
755 536 1143 590 illuminemur.
1171 534 1250 590 Ac
1279 549 1376 605 per
1404 535 1522 598 hoc,
1549 533 1674 604 quia
1698 542 1832 589 tem-

235 630 446 703 poralia
477 637 679 685 cuncta
711 636 1011 691 transeunt,
1041 634 1096 682 et
1116 635 1317 682 :eterna
1347 633 1513 690 stant,
1539 639 1832 695 sequamur

234 722 420 780 Jesum
455 738 632 795 usque
655 721 722 777 ad
747 720 1051 778 Jerusalem
1096 733 1204 790 quo
1251 719 1474 774 festinat
1513 717 1826 784 ascendere,

237 827 290 872 ut
314 834 345 872 a
371 825 559 872 stante
583 816 736 872 invia
755 814 1140 878 illuminemur,
1161 821 1216 868 ct
1241 827 1362 868 cum
1393 827 1460 869 eo
1486 811 1610 868 illuc
1640 827 1828 868 ascen-

236 909 440 974 dendo,
471 907 800 979 quantocius
828 905 1232 978 perveniamus.

296 999 456 1071 (CAP.
493 998 664 1069 XXI.)
714 998 783 1052 Et
832 1015 950 1052 cum
995 997 1463 1068 appropinquasset
1515 995 1827 1069 Hierosoly-

233 1093 350 1156 mis,
390 1101 444 1146 et
473 1093 729 1147 venissent
775 1089 1074 1160 Bethphage
1099 1088 1168 1142 ad
1204 1098 1430 1144 montem
1462 1087 1670 1155 Oliveti,
1702 1097 1827 1144 tunc

231 1183 384 1239 Iesus
411 1183 557 1238 misit
585 1183 717 1237 duos
763 1180 1048 1252 discipulos
1087 1197 1230 1246 suos,
1264 1189 1312 1235 et
1357 1181 1433 1234 ait
1474 1180 1622 1235 illis:
1652 1180 1734 1236 Ite
1771 1181 1826 1236 in

233 1273 510 1329 castellum
538 1273 676 1341 quod
707 1282 890 1326 contra
912 1287 998 1326 vos
1025 1279 1122 1336 est,
1152 1280 1200 1324 et
1224 1272 1399 1324 statim
1424 1271 1693 1326 invenietis
1714 1271 1823 1325 asi-

233 1383 351 1420 nam
403 1365 705 1436 alligatam,
747 1374 796 1418 et
831 1362 1036 1434 pullum
1085 1380 1204 1417 cum
1247 1380 1330 1417 ea.
1377 1362 1508 1418 Post
1554 1363 1824 1419 mirabilia

232 1456 539 1512 Salvatoris
561 1466 618 1511 et
649 1471 813 1528 opera
851 1455 1110 1527 gloriosa,
1141 1470 1247 1509 non
1287 1454 1492 1524 absque
1522 1470 1714 1526 magno
1741 1465 1826 1512 est

232 1557 600 1613 sacramento,
637 1547 779 1618 quod
803 1547 1161 1620 Evangelistae
1189 1556 1299 1601 tam
1333 1546 1622 1619 diligenter
1641 1547 1825 1604 volue-

234 1650 365 1695 runt
414 1639 722 1696 describere
769 1639 837 1694 de
876 1639 1029 1694 asina
1055 1645 1112 1694 et
1140 1637 1309 1708 pullo,
1339 1653 1434 1694 seu
1467 1639 1534 1694 de
1576 1638 1662 1693 his
1704 1652 1825 1708 quae

231 1745 382 1806 gesta
409 1743 536 1790 sunt
555 1733 642 1789 vel
663 1733 807 1789 dicta
837 1732 1228 1804 Hierosolymis
1247 1747 1372 1788 cum
1399 1732 1824 1803 appropinquas-

225 1835 327 1880 set.
363 1823 503 1879 Nam
555 1824 681 1880 licet
707 1822 1022 1893 frequenter
1049 1836 1170 1878 eam
1215 1821 1476 1877 intrasset
1518 1822 1814 1888 civitatem,
1845 1806 1894 1866 Β

225 1933 509 1989 nunquam
567 1927 748 1973 tamen
801 1916 1029 1986 legimus
1080 1914 1330 1971 vehiculo
1368 1915 1550 1985 aliquo
1609 1915 1821 1986 eguisse

223 2025 400 2080 neque
430 2009 713 2080 quaesisse,
752 2007 856 2063 etsi
890 2007 1067 2063 lassus
1096 2021 1163 2062 ex
1190 2007 1404 2071 itinere,
1432 2007 1517 2064 vel
1564 2007 1821 2080 fatigatus

222 2099 435 2155 sedisse
462 2113 625 2170 super
651 2106 872 2168 puteum
919 2097 1167 2169 legatur;
1221 2098 1315 2168 qui
1352 2112 1568 2170 semper
1594 2097 1822 2168 pedibus

222 2192 410 2250 omnia
473 2190 742 2246 circuibat
789 2188 1012 2244 castella
1039 2228 1056 2256 ,
1111 2189 1250 2244 sicut
1304 2187 1498 2244 fecisse
1549 2189 1816 2261 legimus,

218 2285 445 2356 quando
480 2283 551 2338 ab
598 2282 989 2354 Hierosolymis
1041 2282 1313 2337 transiens
1366 2296 1463 2352 per
1511 2281 1819 2337 Samariam

220 2379 332 2434 ibat
360 2379 419 2433 in
453 2375 752 2432 Galilaeam.
785 2375 924 2444 Quid
970 2383 1152 2429 autem
1179 2373 1323 2445 quod
1353 2388 1498 2428 nunc
1523 2373 1639 2444 ipse
1663 2372 1822 2429 Jesus

221 2479 328 2524 tam
361 2468 784 2540 diligentissime
824 2468 1033 2523 asinam
1080 2477 1135 2522 et
1172 2465 1377 2538 pullum
1421 2466 1524 2522 sibi
1558 2466 1817 2522 exhibere

213 2559 399 2630 jubet;
433 2563 685 2616 etiam-et
713 2559 936 2631 ligatam
961 2573 1082 2614 eam
1108 2557 1320 2614 solvere
1354 2557 1612 2613 mandat?
1644 2550 1814 2612 Nuin-

220 2653 349 2722 quid
369 2661 481 2706 tam
504 2651 730 2706 hebetes
757 2658 915 2705 erant
949 2648 1223 2720 discipuli,
1259 2664 1382 2705 cum
1434 2648 1655 2720 ligatam
1697 2664 1817 2704 eam

221 2755 534 2812 cernerent,
562 2745 689 2815 quia
714 2743 876 2799 aliter
905 2758 1013 2799 non
1037 2753 1290 2814 poterant
1310 2743 1599 2809 adducere,
1622 2752 1684 2797 ut
1708 2757 1818 2797 non

225 2840 375 2909 prius
397 2853 525 2894 eam
574 2836 885 2892 solverent?
918 2834 1146 2907 Insuper
1169 2843 1225 2889 et
1265 2833 1420 2902 jubet
1442 2833 1643 2890 dicenti
1691 2833 1816 2900 sibi,

224 2945 391 3000 quare
431 2927 670 2993 solvitis,
710 2926 1022 2999 ut.dicant,
1070 2924 1210 2991 Quia
1255 2923 1514 2979 Dominus
1553 2925 1635 2979 his
1685 2939 1816 2994 opus

223 3024 391 3078 habet.
426 3022 588 3078 Patet
606 3019 871 3093 profecto,
901 3021 1028 3092 quia
1069 3019 1191 3074 talis
1216 3025 1482 3090 tantaque
1506 3034 1596 3074 res
1639 3028 1814 3091 gesta,

223 3118 418 3173 divinis
451 3116 613 3188 plena
663 3125 748 3172 est
797 3113 1174 3180 sacramentis,
1222 3115 1525 3184 praesertim
1575 3126 1698 3166 cum
1749 3111 1816 3166 de

222 3207 324 3263 hac
346 3224 404 3263 re
423 3207 726 3262 Zacharias
752 3205 909 3278 longe
929 3213 1055 3260 ante
1076 3202 1410 3275 praedixerit,
1437 3200 1622 3256 Gaude
1641 3200 1816 3267 valde,

218 3298 334 3367 ﬁlia
370 3298 526 3365 Sion,
568 3297 784 3368 jubila,
830 3295 945 3365 [ilia
985 3293 1306 3350 Jerusatem.
1357 3291 1496 3348 Ecce
1543 3291 1657 3346 Rea:
1693 3299 1816 3345 tuus

215 3392 383 3446 ueniet
407 3392 503 3446 tibi
526 3391 714 3462 justus
753 3399 802 3445 et
835 3387 1102 3453 Salvator,
1144 3389 1253 3459 ipse
1298 3401 1499 3457 pauper
1537 3393 1586 3440 et
1635 3400 1818 3439 ascen-

211 3483 350 3536 dens
399 3499 556 3553 super
601 3483 812 3537 asinam
861 3490 910 3535 et
969 3495 1126 3549 super
1176 3477 1377 3550 pullum
1421 3477 1591 3548 ﬁlium
1629 3475 1813 3531 asina.

216 3571 336 3627 Ubi
381 3572 729 3645 Septuaginta
783 3570 1120 3644 subjugalem
1169 3570 1482 3640 dixerunt,
1514 3576 1570 3623 et
1611 3566 1816 3640 pullum

213 3662 347 3734 ejus
365 3663 650 3720 novellum.
688 3663 798 3721 Sed
826 3662 1132 3728 Matthaeus,
1172 3676 1274 3717 nec
1324 3659 1622 3716 secundum
1669 3657 1816 3730 quod

213 3753 274 3809 in
314 3754 542 3822 Hebraeo
574 3766 680 3822 est,
709 3757 815 3813 hoc
849 3755 1154 3826 exemplum
1183 3755 1387 3824 posuit,
1418 3767 1520 3808 nec
1567 3753 1710 3808 sicut
1759 3751 1816 3806 in

215 3848 598 3921 Septuaginta.
626 3844 765 3918 Quia
793 3865 900 3905 non
918 3857 1001 3905 est
1031 3849 1173 3905 idem
1196 3848 1398 3914 dicere,
1424 3847 1610 3903 Gaude
1637 3845 1812 3912 valde,

221 3940 334 3997 filia
356 3941 509 4007 Sion,
528 3942 729 4014 jubila,
759 3956 855 3998 seu
896 3941 1154 4013 prmdica,
1182 3939 1294 3996 filia
1315 3939 1638 4004 Jerusalem,
1673 3937 1817 4008 quod

222 4045 306 4088 est
331 4035 531 4100 dicere,
567 4035 765 4101 Dicite,
795 4033 919 4089 filiae
964 4032 1116 4099 Sion,
1164 4031 1268 4098 vel,
1296 4029 1417 4087 Noli
1462 4030 1676 4104 timere,
1708 4027 1816 4082 lilia

226 4124 506 4192 Siou,,seu
537 4127 763 4192 caetera,
793 4141 914 4196 quae
935 4125 1095 4197 longe
1123 4124 1285 4179 aliter
1312 4123 1476 4179 etiam
1501 4130 1560 4177 et
1581 4121 1818 4178 Joannes

225 4220 420 4289 posuit,
450 4229 664 4276 tantum
687 4219 1018 4274 mentionem
1063 4214 1223 4286 hujus
1247 4214 1546 4286 prophetia:
1572 4211 1814 4280 faciens;

223 4311 364 4367 sicut
393 4321 452 4368 et
476 4310 785 4377 Matthaeus,
813 4310 906 4381 qui
934 4323 1156 4366 sensum
1194 4307 1538 4364 solummodo
1575 4305 1816 4377 collegit,

221 4402 387 4474 850
411 4410 468 4458 et
497 4402 624 4458 ideo
654 4416 757 4457 nec
776 4400 954 4472 ipsum
984 4400 1305 4472 prophetam
1332 4397 1657 4454 Zachariam
1678 4411 1817 4468 prae-

1889 537 1892 540 ’
1935 530 2082 587 illam
2113 534 2390 590 caelestem
2437 533 2759 602 Jerusalem,
2813 549 2935 606 quae
2971 533 3312 594 crucifixum.
3337 540 3522 598 Domi-

1934 638 2062 678 num
2120 624 2507 682 venerabiliter
2553 618 2797 695 gaudens
2840 629 3096 699 suscepit.
3127 630 3204 686 De
3242 646 3347 700 qua
3391 633 3522 690 dicit

1929 717 2222 788 Apostolus
2251 720 2316 775 ad
2343 719 2597 776 Hebraeos
2621 735 2635 774 :
2660 719 2767 777 Sed
2795 723 3088 777 accessistis
3118 724 3188 778 ad
3211 723 3342 780 Sion
3366 743 3519 782 mon-

1930 819 2054 874 tem,
2083 819 2133 864 et
2161 797 2420 866 civitaiem
2450 811 2548 866 Dei
2571 813 2691 878 vivi,
2724 811 3022 868 Jerusalem
3053 813 3305 870 caelestem
3327 815 3514 888 (Hebr.

1931 916 2032 967 xu,
2065 901 2182 974 22).
2207 903 2344 971 Quia
2384 905 2538 973 juxta
2577 906 2827 959 eumdem
2877 905 3358 976 Apostolum,.llla
3402 926 3520 980 qua:

1928 1013 2138 1050 sursum
2164 1006 2239 1052 est
2265 995 2565 1054 Jerusalem
2595 999 2759 1054 libera
2788 1009 2886 1066 est,
2934 1017 3051 1071 quae
3094 1010 3170 1056 est
3208 1012 3378 1056 mater
3419 1019 3517 1058 no-

1927 1098 2038 1143 stra
2070 1087 2214 1160 (Gal.
2249 1105 2322 1157 tv,
2365 1082 2593 1162 26),'¢ui
2621 1091 2804 1146 omnia
2843 1104 3146 1163 congruunt
3173 1093 3289 1150 haec
3316 1102 3521 1166 myste-

1928 1181 2009 1235 ria
2057 1180 2378 1238 Salvatoris.
2440 1183 2508 1238 Et
2562 1183 2681 1239 ideo
2730 1194 2859 1240 ante
2906 1185 3215 1254 passionem
3273 1185 3517 1255 Christi,

1928 1277 2138 1334 duabus
2168 1278 2236 1333 de
2271 1279 2450 1335 causis
2491 1269 2616 1335 talis
2646 1294 2752 1336 non
2797 1281 2894 1336 abs
2939 1296 3018 1345 re,
3065 1289 3358 1351 tantusque
3400 1279 3517 1350 ejus

1927 1369 2232 1425 celebratur
2287 1372 2628 1450 triumphus.
2664 1373 2906 1440 Quarum
2956 1389 3062 1428 una
3125 1382 3210 1429 est
3258 1373 3347 1428 illa
3400 1389 3520 1443 qua:

1927 1464 2180 1519 deorsum
2209 1473 2293 1521 est
2316 1465 2534 1532 ancilla,
2570 1474 2627 1522 et
2660 1466 2831 1522 servit
2873 1482 2998 1522 cum
3050 1466 3176 1522 filiis
3222 1467 3336 1522 suis
3366 1467 3517 1538 (quia

1927 1559 2457 1629 tetnpus'passibnis
2500 1560 2618 1631 ejus
2660 1559 3003 1632 imminebat)
3033 1561 3260 1616 audiens
3309 1569 3518 1614 tantam

1926 1649 2153 1721 gloriam
2212 1659 2499 1721 tantasque
2545 1650 2732 1707 laudes
2790 1651 2857 1706 ad
2909 1649 3026 1720 ejus
3071 1651 3410 1722 ingressum,
3459 1658 3522 1711 ω

1925 1741 2159 1812 amplius
2194 1741 2408 1798 illorum
2439 1743 2702 1798 adversus
2748 1757 2826 1809 se,
2869 1742 2983 1813 jam
3008 1742 3231 1813 jamque
3255 1742 3518 1798 excitaret

1922 1832 2138 1888 invidiae
2161 1833 2390 1899 rabiem,
2421 1834 2549 1904 quia
2567 1831 2682 1903 jam
2713 1843 2924 1904 tempus
2952 1834 3191 1889 instabat
3217 1831 3512 1903 passionis,

1922 1932 1982 1979 ut
2007 1923 2331 1994 perficerent
2356 1926 2500 1996 quod
2528 1934 2657 1980 ante
2679 1924 2864 1980 multis
2889 1924 3253 1980 moliebantur
3278 1923 3511 1980 insidiis.

1920 2017 2069 2072 Alias
2102 2024 2281 2071 autem
2309 2015 2468 2073 Jesus
2495 2015 2810 2087 frequenter
2846 2025 3071 2071 venerat
3095 2016 3148 2070 in
3187 2013 3511 2081 Jerusalem,

1922 2117 1982 2163 ut
2007 2108 2137 2173 dixi,
2168 2123 2446 2179 nunquam
2475 2107 2578 2163 sibi
2629 2107 2874 2163 adhibuit
2911 2106 3214 2162 ministeria
3237 2105 3512 2177 jumento-

1923 2216 2076 2266 rum;
2111 2215 2212 2256 nec
2245 2200 2540 2255 virentium
2579 2199 2725 2255 circa
2755 2215 2814 2256 se
2857 2207 3180 2255 ornamenta
3210 2197 3510 2263 constituit,

1920 2309 2023 2350 nec
2045 2293 2276 2349 terribili
2318 2293 2478 2348 laude
2523 2293 2822 2348 divinitatis
2850 2308 2962 2349 suae
3001 2294 3216 2348 animos
3249 2291 3512 2348 excitavit

1921 2386 2382 2444 concurrentium.
2419 2384 2573 2452 Quod
2606 2384 2726 2439 ideo
2754 2400 2861 2439 non
2894 2383 3129 2439 absurde
3157 2383 3417 2447 creditur,
3447 2390 3508 2437 ut

1920 2477 2178 2544 diximus,
2220 2475 2447 2541 factum,
2485 2484 2546 2531 ut
2582 2475 2854 2530 relaxaret
2885 2475 3079 2530 noxios
3121 2472 3235 2544 jam
3269 2472 3336 2528 ad
3367 2487 3512 2526 mor-

1921 2579 2032 2626 tem
2060 2585 2238 2636 suam,
2268 2578 2330 2624 ut
2356 2575 2580 2640 possent
2624 2565 2806 2622 facere
2830 2564 2976 2636 quod
3009 2565 3162 2634 prius
3182 2577 3345 2635 quam
3367 2577 3511 2634 saepe

1920 2664 2225 2720 voluerant.
2258 2662 2466 2731 Quibus
2493 2676 2638 2717 nunc
2672 2675 2796 2716 cum
2841 2658 3123 2730 impletum
3149 2666 3233 2714 est
3269 2666 3509 2728 tempus,

1920 2756 2136 2827 quando
2167 2755 2236 2815 ab
2266 2754 2405 2826 ipso,
2435 2762 2496 2808 ut
2523 2751 2703 2817 fieret,
2732 2751 2862 2807 olim
2901 2751 3183 2806 decretum
3214 2755 3316 2813 est,
3355 2749 3513 2804 datur

1921 2848 2153 2904 facultas
2203 2855 2262 2902 ut
2309 2847 2587 2913 facerent;
2644 2859 2744 2901 nec
2793 2851 3037 2900 mutatur
3076 2842 3358 2906 voluntas,
3405 2855 3509 2896 nec

1920 2940 2214 3012 impellitur
2257 2939 2326 2994 ad
2359 2940 2592 3005 facinus,
2636 2937 2741 2993 nisi
2787 2944 3049 3008 quantum
3101 2949 3133 2989 a
3159 2933 3378 3006 propria
3406 2931 3509 3002 ipsi

1920 3032 2326 3090 inflammantur
2369 3032 2573 3088 invidia
2632 3040 2686 3088 et
2733 3031 2858 3088 odio
2881 3029 3185 3101 pravitatis.
3229 3027 3350 3082 Alia
3380 3041 3512 3082 vero

1920 3142 2084 3184 causa
2113 3137 2218 3193 est,
2241 3125 2571 3182 ascendente
2597 3124 2760 3197 851
2795 3124 2886 3179 illo
2911 3124 2978 3179 de
2997 3121 3216 3178 Jericbo
3246 3120 3301 3176 in
3346 3118 3507 3176 Jeru-

1921 3221 2111 3288 salem,
2156 3221 2302 3292 quod
2350 3236 2474 3276 cum
2522 3226 2673 3274 tanto
2714 3217 2960 3274 ascendit
3013 3215 3307 3286 triumpho,
3354 3230 3419 3270 ac
3462 3212 3510 3270 si

1921 3334 2043 3376 cum
2076 3316 2270 3387 palmis
2297 3314 2542 3371 victoriae
2569 3321 2626 3369 et
2668 3311 2944 3376 laudibus,
2971 3318 3033 3365 ut
3078 3308 3227 3364 illam
3269 3306 3510 3363 declaret

1921 3409 2324 3473 ascensionem,
2371 3406 2590 3477 quando
2623 3405 2739 3476 jam
2781 3403 2995 3459 devicto
3037 3402 3239 3457 mundo
3268 3399 3335 3455 ad
3364 3399 3513 3455 illam

1919 3503 2216 3562 Jerusalem
2257 3502 2432 3556 victor
2477 3500 2722 3555 ascendit
2762 3513 2883 3569 quae
2919 3511 3133 3554 sursum
3161 3503 3259 3551 est.
3291 3493 3358 3551 Et
3385 3495 3511 3550 ideo

1925 3594 2053 3666 quia
2087 3592 2272 3663 passio
2307 3590 2532 3656 Christi,
2583 3589 2890 3660 triumphus
2929 3586 3172 3644 victoriae
3205 3585 3323 3655 ejus
3367 3595 3508 3650 erat,

1924 3685 2005 3742 sic
2031 3683 2278 3740 ascendit
2330 3684 2398 3738 ad
2449 3683 2780 3753 passionem,
2822 3690 2881 3737 ut
2928 3682 2982 3736 in
3031 3682 3146 3752 ipsa
3189 3679 3506 3736 ascensione

1923 3776 2106 3833 omnia
2150 3782 2533 3846 praemonstret
2577 3774 2770 3846 signis,
2809 3787 2930 3844 quae
2974 3771 3155 3828 futura
3182 3781 3339 3828 erant
3385 3781 3511 3842 post

1924 3867 2403 3929 resurrectionem,
2443 3867 2662 3938 quando
2706 3866 2820 3937 jam
2870 3865 3046 3920 victor
3079 3864 3503 3935 gloriosissimus

1923 3959 2170 4017 ascendit
2193 3958 2262 4013 ad
2286 3958 2473 4014 caelos.
2506 3956 2642 4013 Nam
2675 3957 2877 4013 terreni
2903 3971 3060 4028 reges
3083 3956 3314 4012 devictis
3336 3955 3506 4012 hosti-

1922 4054 2025 4110 bus
2053 4053 2405 4110 victoriarum
2439 4067 2659 4108 suarum
2684 4052 2990 4124 triumphos
3011 4052 3246 4124 erigunt,
3276 4066 3510 4122 suasque

1923 4147 2110 4202 laudes
2127 4145 2511 4202 concelebrare
2546 4145 2803 4216 gaudent.
2832 4145 2904 4200 At
2941 4159 3086 4217 vero.
3113 4143 3381 4211 Christus,
3414 4159 3510 4199 cu-

1917 4239 2008 4310 jus
2037 4240 2264 4296 victoria
2285 4245 2372 4295 est
2413 4239 2467 4294 in
2510 4253 2608 4294 sua
2653 4246 2955 4309 potestate;
2983 4239 3074 4310 qui
3118 4245 3264 4292 uocat
3308 4253 3370 4293 ea
3394 4252 3513 4309 quis

1923 4346 2028 4384 non
2049 4338 2192 4396 sunt,
2220 4339 2475 4400 tanquam
2501 4345 2563 4383 ea
2597 4343 2718 4399 qute
2742 4339 2862 4384 sunt
2887 4326 3065 4401 (Rom.
3099 4343 3176 4394 tv,
3213 4325 3326 4399 l8),
3357 4335 3510 4382 ante-
3581 4371 3586 4378 .

1924 4436 2086 4492 quam
2117 4419 2554 4477 monomachiam
2581 4419 2884 4492 intrepidus
2903 4434 3004 4490 pro
3036 4417 3292 4475 omnibus
3331 4418 3507 4475 susci-

223 4491 449 4557 notavit,
486 4490 585 4545 sed
623 4497 859 4556 tantum,
899 4489 1045 4560 quod
1074 4488 1279 4543 dictum
1309 4495 1395 4542 est
1440 4501 1538 4557 per
1580 4486 1818 4556 prophe-

600 4578 750 4599 mj-
807 4593 1042 4599 MM---
1101 4586 1307 4599 μμ.-.
1377 4592 1532 4599 ___-_-
1584 4576 1814 4599 ___-,,_-

1924 4486 2058 4584 piat,
2113 4526 2235 4582 qua:
2264 4513 2526 4583 propheta
2575 4486 2872 4568 Zacharias
2905 4486 3062 4578 olim,
3106 4521 3166 4567 ut
3193 4511 3324 4575 dixi,
3369 4527 3511 4583 prae-

225 4590 354 4646 tam,
387 4581 545 4636 dixit.
600 4578 756 4637 Unde
799 4593 1048 4650 quaerere
1095 4586 1335 4650 oportet,
1363 4592 1535 4648 quare
1581 4576 1817 4648 gaudere

223 4672 379 4728 valde
401 4671 574 4728 ﬁliam
608 4670 742 4728 Sion
764 4670 1030 4743 propheta
1057 4668 1266 4741 jubeat,
1294 4678 1350 4725 et
1383 4668 1622 4740 jubilare
1649 4667 1816 4725 filiam

224 4758 526 4819 Jerusalem
556 4770 782 4832 propter
828 4775 954 4816 eum
990 4760 1084 4831 qui
1133 4760 1276 4816 sedit
1321 4775 1485 4831 super
1523 4760 1733 4816 asinam
1763 4770 1818 4816 et

225 4851 428 4919 pullum
458 4850 755 4917 novellum,
807 4865 931 4906 cum
960 4861 1086 4921 post
1117 4849 1392 4906 modicum
1420 4850 1613 4906 videns
1655 4848 1816 4906 Jeru-

229 4941 392 4998 salem
428 4942 692 4999 Dominus
737 4941 888 4998 flevit
916 4951 971 4998 et
1007 4942 1144 4999 dixit
1172 4941 1263 4998 ei:
1299 4941 1439 5009 Quia
1466 4944 1513 4998 si
1541 4943 1813 5014 cognovis-

231 5056 329 5107 ses,
362 5050 412 5096 et
440 5051 521 5106 tu,
545 5041 602 5097 id
629 5049 713 5098 est
739 5040 927 5107 ﬂeres;
956 5049 1012 5098 et
1040 5040 1168 5098 alibi
1195 5058 1210 5096 :
1241 5039 1564 5107 Jerusalem,
1589 5040 1815 5097 Jerusa-

234 5136 349 5203 lem,
394 5137 703 5210 plangentis
743 5135 942 5193 affectu
970 5138 1069 5205 ait,
1123 5152 1240 5209 quia
1271 5136 1466 5192 occidis
1511 5136 1814 5207 prophetas,

235 5236 331 5282 etc.
362 5227 580 5302 (Matth.
622 5244 777 5293 xxm,
819 5228 935 5300 57.)
979 5228 1038 5283 ln
1083 5228 1281 5299 quibus
1327 5226 1576 5299 profecto
1609 5227 1814 5293 verbis,

239 5333 335 5375 non
360 5321 640 5394 gaudium,
678 5337 854 5394 neque
880 5319 1151 5391 jubilatio,
1180 5319 1276 5379 sed
1303 5319 1603 5376 lamentum
1639 5327 1694 5376 et
1736 5319 1818 5374 lu-

238 5420 348 5468 ctus
377 5415 593 5470 miserae
622 5414 857 5471 civitatis
885 5413 1232 5485 praedicatur.
1257 5413 1410 5482 Quod
1436 5412 1613 5470 sciens
1645 5413 1820 5470 Evan-

238 5503 416 5576 gelista
441 5548 457 5573 ,
518 5506 731 5578 potius,
781 5507 985 5572 Dicite,
1027 5506 1157 5576 ﬁliae
1200 5504 1333 5562 Sion
1369 5507 1560 5562 maluit
1611 5507 1817 5577 dicere,
1851 5514 1853 5516 ’

239 5607 392 5665 quam
417 5593 621 5653 Gaude.
642 5596 834 5654 Sciens
861 5595 1054 5668 procul
1082 5596 1248 5653 dubio
1269 5611 1395 5651 cum
1425 5597 1475 5652 ei
1508 5597 1818 5654 nuntiatum

236 5694 414 5765 fuerit,
445 5709 503 5756 et
551 5701 669 5771 ipse
703 5699 1006 5767 advenerit,
1055 5700 1201 5772 quod
1237 5699 1486 5756 occisura
1525 5701 1598 5756 sit
1636 5700 1822 5758 Domi-

233 5817 381 5873 num.
416 5803 574 5864 Unde
602 5805 867 5878 propheta
894 5804 1033 5863 forte
1074 5820 1182 5862 non
1212 5803 1279 5860 ad
1305 5803 1454 5867 illam
1480 5820 1602 5892 quae
1640 5805 1822 5871 Domi-

1925 4604 2158 4668 diserat,
2188 4601 2350 4658 rebus
2369 4601 2589 4674 explere
2609 4602 2810 4670 voluit;
2837 4610 2899 4658 ut
2920 4603 3001 4659 sui
3033 4613 3504 4675 recognoscerent,

1923 4697 2050 4768 quia
2078 4697 2222 4752 sicut
2242 4695 2560 4766 praedictum
2589 4694 2790 4761 fuerat,
2817 4705 2872 4751 et
2898 4696 2965 4752 de
2992 4711 3174 4752 rerum
3203 4695 3510 4766 expletione

1925 4791 2041 4864 ipse
2079 4789 2343 4860 propheta
2384 4787 2659 4858 Christus,
2701 4789 3019 4862 ampliorem
3063 4788 3250 4862 gloriae
3295 4803 3429 4856 suae,
3457 4795 3516 4844 et

1925 4882 2298 4956 gloriosiorem
2348 4882 2610 4954 triumphi
2663 4882 2748 4938 sui
2799 4883 3141 4956 prophetiam
3171 4881 3505 4938 omnibusin

1924 4974 2110 5030 futuro
2145 4973 2550 5030 commendaret
2581 4973 2904 5046 legentibus.
2937 4975 3198 5044 Quamvis
3218 4974 3362 5030 enim
3383 4987 3511 5045 pro-

1918 5069 2151 5142 phetalis
2179 5083 2360 5125 sermo
2380 5076 2436 5126 et
2455 5068 2521 5123 ad
2549 5068 2697 5123 illum
2721 5069 3055 5125 ascensionis
3083 5066 3283 5124 Christi
3313 5065 3505 5122 trium-

1918 5161 2085 5232 phum
2136 5175 2196 5217 se
2223 5160 2503 5223 extendat,
2559 5168 2738 5216 tamen
2769 5170 2830 5216 ut
2858 5159 3202 5230 Evangelista
3239 5157 3430 5223 sensit,
3455 5167 3512 5214 et

1922 5254 1987 5309 de
2028 5253 2114 5309 his
2153 5255 2530 5325 accipiendum
2558 5262 2664 5321 est,
2711 5269 2833 5325 quae
2865 5269 3008 5310 nunc
3035 5259 3318 5324 geruntur,
3352 5259 3409 5306 ut
3443 5249 3512 5305 ad

1920 5345 2161 5402 litteram
2183 5346 2449 5416 completa
2466 5346 2581 5417 jam
2604 5352 2919 5411 cernantur,
2947 5352 3005 5400 et
3031 5359 3154 5414 quae
3178 5343 3362 5398 futura
3385 5351 3514 5398 sunt

1928 5451 2027 5507 per
2058 5435 2358 5501 Christum,
2406 5435 2568 5491 altius
2614 5434 2670 5489 in
2722 5434 2925 5490 eisdem
2957 5433 3126 5489 factis
3173 5433 3513 5504 praefigurata

1927 5529 2319 5600 intelligantur.
2350 5529 2427 5584 Ac
2451 5545 2548 5600 per
2562 5529 2666 5584 hoc
2694 5527 2834 5582 miro
2857 5535 2912 5582 et
2942 5525 3199 5582 ineﬂ‘abili
3232 5525 3391 5582 modo
3422 5540 3510 5581 res

1927 5636 2050 5692 quae
2094 5623 2302 5695 geritur
2357 5631 2616 5696 utrasque
2675 5620 3026 5692 amplectitur
3071 5631 3294 5692 partes,
3347 5630 3406 5675 ut
3457 5629 3515 5676 et

1927 5717 2189 5786 praeteriti
2250 5713 2489 5769 vaticinii
2554 5722 2734 5769 teneat
2797 5715 3116 5779 veritatem,
3166 5724 3221 5770 et
3263 5715 3380 5786 ipsa
3424 5715 3518 5772 de-

1929 5825 2078 5869 mum
2127 5809 2329 5880 veritas
2361 5807 2677 5872 vaticinium
2709 5807 2911 5866 habeat
2948 5817 3004 5866 et
3049 5807 3278 5882 figuram
3301 5805 3516 5869 lutum-
