4008 6354
638 281 740 345 699

640 491 806 560 ligere
863 489 1135 560 possimus
1183 501 1344 558 quam
1383 485 1566 546 divina
1587 485 1697 548 sint
1739 501 1801 542 ac
1829 485 2055 557 mystica
2107 500 2228 556 qua:

639 591 892 654 aguntur.

708 673 839 728 Cum
904 673 1368 748 appropinquasset
1419 671 1838 744 Hierosolymis,
1901 681 1949 726 et
2008 669 2250 726 uenisset-

637 764 937 836 Betlipltage
967 764 1038 826 ad
1077 773 1304 822 montem
1335 761 1547 830 Olieeti,
1571 774 1700 822 tunc
1729 764 1886 822 laus
1919 762 2058 822 misit
2091 761 2225 816 duos

634 855 916 925 discipulos
939 871 1084 923 suos,
1108 857 1288 910 dicens
1311 871 1330 910 .'
1355 854 1437 909 Ite
1466 858 1519 910 in
1559 856 1830 910 castellum
1873 855 2012 927 quod
2042 864 2225 909 contra

633 964 722 1001 ros
749 957 848 1006 est.
876 958 922 1002 et
952 947 1129 1004 statim
1153 947 1424 1006 invenietis
1455 949 1661 1002 asinam
1693 947 1994 1019 alligatam,
2033 955 2081 1002 et
2104 944 2227 1016 pul-

634 1041 740 1096 lum
790 1057 910 1094 cum
960 1057 1042 1108 ea,
1076 1041 1281 1107 solvite,
1315 1050 1364 1096 et
1410 1040 1658 1096 adducite
1705 1041 1854 1096 mihi.
1903 1038 2225 1110 Egrediente

634 1133 798 1205 igitur
818 1130 946 1188 Jesu
977 1131 1044 1194 de
1071 1129 1312 1198 Jericho,
1340 1131 1392 1186 id
1413 1140 1518 1198 est,
1546 1139 1606 1185 ut
1623 1130 1754 1194 dixi,
1781 1131 1846 1186 de
1871 1130 1973 1184 hoc
1999 1128 2220 1194 mundo,

631 1225 806 1278 turbis
831 1224 1042 1284 eductis
1070 1223 1194 1278 inde
1225 1223 1656 1295 quamplurimis,
1698 1233 1754 1279 et
1780 1223 1938 1278 caecis
1957 1221 2072 1290 jam
2102 1223 2224 1278 red-

631 1318 742 1373 dita
798 1319 1065 1386 sanitate,
1118 1333 1242 1374 cum
1298 1318 1785 1389 appropinquasset
1831 1315 2222 1388 Hierosolymis

631 1409 844 1480 magnis
873 1409 1077 1466 dilatus
1109 1409 1384 1468 mercibus
1411 1425 1476 1464 ex
1508 1408 1680 1466 salute
1703 1409 2065 1473 credentium,
2105 1407 2223 1463 vult

627 1501 810 1556 redire
836 1508 890 1555 et
937 1499 1148 1572 ingredi
1194 1500 1344 1576 cupit
1371 1498 1486 1570 jam
1515 1498 1734 1572 jamque
1756 1499 1956 1562 urbem
1989 1498 2137 1572 pacis
2166 1506 2222 1554 et

627 1591 807 1648 locum
856 1593 1084 1650 visionis
1134 1593 1266 1659 Dei,
1315 1603 1371 1650 et
1414 1609 1595 1650 arcem
1650 1592 2056 1664 speculationis.
2111 1591 2218 1648 Sed

625 1685 778 1758 prius
815 1701 940 1741 cum
970 1687 1210 1744 venisset
1242 1686 1554 1759 Bethphage
1596 1687 1664 1742 ad
1705 1688 1925 1742 domum
1969 1686 2217 1742 maxilla-

1415 275 1474 330 s.
1519 275 1870 332 rascnasu
1909 273 2255 334 attonsum
2289 274 2581 330 ABBATIS
2619 273 3067 332 CORBEIENSIS
3727 300 3798 358 7,0

637 413 780 458 rum.
814 393 969 450 Unde
999 407 1286 450 curramus
1315 408 1411 465 per
1437 392 1647 464 singula
1672 393 1714 445 si
1745 407 1852 462 quo
1882 392 2042 447 modo
2073 390 2228 446 iutel-
2255 393 2302 455 Α
2334 391 2563 447 invicem
2636 392 2948 458 societatis,

3032 402 3090 446 ut
3139 392 3320 452 Petrus
3389 400 3578 470 quidem
3638 407 3719 464 iret
3763 414 3800 470 in

2329 483 2801 540 circumcisionem
2829 526 2843 550 ,
2891 485 2958 540 ad
3017 501 3331 560 synagogam
3363 533 3377 555 ,
3426 508 3531 564 qua
3573 499 3804 572 subjugalis

2331 577 2451 634 ideo
2509 587 2698 634 vocata
2754 587 2839 636 est
2865 620 2882 645 ,
2941 580 3073 650 quia
3128 581 3228 636 sub
3278 580 3400 655 jugo
3464 585 3580 659 legis
3626 596 3802 654 edomita

2327 677 2490 735 erat;
2543 669 2743 726 Paulus
2789 685 2918 725 vero
2972 671 3038 733 ad
3085 670 3313 738 Gentes,
3357 692 3481 747 quas
3525 678 3804 757 Septuaginta

2327 769 2522 816 vocant
2578 761 2782 832 pullum
2833 761 3129 831 novellum,
3173 779 3238 820 eo
3277 767 3413 835 quod
3441 769 3678 829 indomita:
3701 781 3807 834 novi-

2329 861 2412 906 ter
2438 853 2600 924 853
2628 853 2876 908 venerint
2905 853 2972 908 ad
3001 852 3293 910 Christum.
3321 855 3477 914 Erant
3499 872 3652 918 autem
3676 868 3806 932 ambo,

2327 947 2382 1004 id
2425 957 2508 1002 est
2547 946 2776 1019 populus
2811 961 2878 1002 ex
2909 944 3130 1012 Iudaeis,
3163 956 3214 1004 et
3249 949 3461 1019 populus
3499 965 3559 1006 ex
3598 952 3808 1024 Gentibus,

2325 1038 2502 1094 adhuc
2548 1038 2760 1094 rurales
2783 1047 2838 1093 et
2866 1045 3108 1108 agrestes
3137 1053 3167 1092 a
3199 1037 3331 1108 lide;
3365 1039 3476 1096 ideo
3517 1042 3563 1097 in
3603 1044 3699 1098 villa
3727 1047 3810 1100 alli-

2325 1131 2435 1203 gati
2463 1140 2622 1186 erant
2663 1141 3012 1202 peccatorum
3060 1130 3304 1198 vinculis,
3337 1119 3390 1187 et
3430 1150 3526 1188 non
3565 1135 3608 1190 in
3651 1138 3812 1194 civitate

2327 1223 2479 1288 Sion,
2511 1225 2595 1279 vel
2624 1223 2944 1290 Jerusalem,
2977 1239 3098 1296 quae
3127 1234 3210 1281 est
3246 1225 3474 1282 Ecclesia
3517 1228 3598 1282 Dei
3629 1229 3728 1283 vivi.
3755 1233 3810 1285 Ad

2325 1331 2460 1386 quos
2493 1316 2642 1372 missi
2689 1316 2950 1388 apostoli,
2992 1316 3207 1372 solvunt
3250 1327 3514 1388 utrosque,
3541 1328 3589 1374 et
3615 1321 3668 1374 ad
3703 1322 3815 1376 Chri-

2323 1414 2466 1464 stum
2498 1407 2820 1478 perducunt,
2848 1415 2902 1463 ut
2926 1407 3188 1468 ascendat
3211 1424 3370 1479 super
3393 1425 3480 1465 eos
3507 1411 3553 1465 in
3577 1411 3706 1466 domo
3724 1413 3814 1469 obe-

2323 1499 2558 1566 dientiae,
2590 1515 2712 1556 cum
2740 1499 2901 1555 soluti
2953 1497 3154 1556 fuerint
3189 1515 3224 1560 a
3269 1500 3486 1555 nexibus
3523 1512 3812 1571 peccatorum,

2321 1592 2652 1661 accipientes
2709 1591 3084 1650 remissionem
3130 1606 3350 1659 eorum;
3399 1593 3518 1663 quia
3564 1608 3698 1662 super
3732 1594 3815 1648 alli-

2321 1691 2476 1756 gatos
2517 1684 2716 1748 adhuc,
2747 1691 2802 1739 et
2833 1683 3061 1746 vinculis
3099 1693 3438 1754 peccatorum
3480 1700 3673 1742 suorum
3709 1701 3814 1741 com-

627 1795 782 1855 rum,‘
815 1780 906 1852 qui
951 1781 1296 1836 sacerdotum
1348 1780 1556 1848 viculus
1579 1789 1720 1844 erat,
1761 1788 1815 1836 et
1859 1779 2220 1835 confessionis
2248 1759 2296 1822 Β
2321 1776 2554 1846 peditos,
2599 1791 2705 1830 non
2733 1777 2888 1834 sedet
2926 1774 3104 1836 Jesus.
3130 1775 3243 1838 Nec
3269 1777 3500 1844 mireris,
3527 1777 3687 1839 lector,
3712 1777 3811 1845 quod

625 1871 876 1946 portabat
899 1878 1104 1942 typum,
1133 1878 1188 1925 et
1213 1879 1331 1924 erat
1361 1870 1497 1926 situs
1547 1869 1601 1932 in
1650 1877 1832 1924 monte
1877 1867 2098 1934 Oliveti,
2128 1868 2218 1923 ubi

556 1948 561 1954 ’
627 1957 812 2014 lumen
844 1961 1102 2025 scientiae,
1133 1961 1222 2016 ubi
1248 1961 1492 2016 laborum
1539 1969 1594 2022 et
1645 1960 1891 2015 dolorum
1933 1959 2101 2034 852
2137 1967 2222 2014 est

628 2052 872 2123 requies;
905 2053 1028 2109 inde
1077 2053 1225 2114 misit
1269 2055 1406 2111 duos
1451 2054 1745 2124 discipulos
1797 2071 1942 2119 suos,
1975 2066 2029 2109 et
2064 2056 2221 2126 jubet

627 2143 821 2198 adduci
868 2143 992 2198 illuc
1034 2143 1148 2214 jam
1200 2145 1405 2204 solutos
1452 2147 1657 2204 asinam
1697 2156 1752 2202 et
1803 2146 2038 2218 pullum;
2086 2162 2219 2218 quo-

627 2233 774 2289 niam
817 2235 886 2289 ibi
916 2246 1036 2291 erat
1066 2235 1186 2292 fons
1219 2237 1308 2292 ille
1330 2237 1419 2308 qui
1453 2237 1648 2308 legitur
1690 2238 1744 2293 in
1772 2237 1910 2296 libro
1938 2237 2213 2306 Iudicum,

623 2344 691 2386 ex
722 2318 940 2384 maxilla
971 2331 1108 2386 asini
1140 2330 1441 2400 largissime
1471 2329 1810 2401 proﬂuxisse,
1842 2332 1983 2392 unde
2023 2339 2077 2388 et
2122 2347 2217 2388 vo-

625 2431 780 2480 catus
814 2433 897 2479 est
923 2423 1074 2480 locus
1115 2422 1202 2480 ille
1247 2423 1370 2479 fons
1398 2423 1652 2489 maxillae,
1699 2423 1766 2478 de
1792 2438 1899 2494 quo
1926 2423 2061 2478 bibit
2084 2425 2218 2480 satis

621 2518 946 2588 abundeque
1003 2515 1234 2572 Samson
1290 2516 1379 2570 ille
1427 2515 1764 2576 fortissimus
1793 2558 1806 2582 ,
1845 2533 1954 2587 quo
2009 2527 2065 2576 et
2123 2520 2216 2576 de-

623 2615 798 2674 dicata
829 2617 1148 2682 estdomus,
1191 2631 1312 2685 quae
1335 2618 1528 2670 domus
1548 2616 1670 2686 jure
1701 2625 1931 2670 vocatur
1956 2615 2208 2682 maxillae,

619 2721 680 2764 ιιι
707 2711 831 2765 inde
860 2710 992 2768 ﬂuat
1037 2707 1294 2766 omnibus
1337 2707 1454 2779 fons
1495 2724 1646 2778 aqua:
1684 2707 1920 2763 salientis
1954 2708 2008 2762 in
2056 2709 2213 2762 vitam

624 2810 876 2855 retentam
907 2798 1090 2871 (Joan.
1123 2813 1198 2864 tv,
1225 2798 1337 2869 t4).
1369 2799 1474 2854 Sed
1518 2808 1572 2855 et
1602 2798 1818 2855 Marcus
1860 2799 2214 2856 nihilominus

620 2890 1035 2960 signiﬁcantius,
1061 2906 1127 2946 ex
1159 2889 1421 2946 Bethania
1449 2905 1542 2945 eos
1575 2891 1772 2948 missos
1794 2901 2208 2962 commemorat,

622 2988 684 3036 ut
733 2980 834 3050 ipsi
879 2980 1185 3042 obediendo
1225 2982 1292 3036 ad
1331 2983 1551 3038 domum
1587 2984 1931 3050 obedietttite,
1972 3001 2070 3046 .eos
2114 2988 2210 3058 qui

620 3069 953 3125 crediderint
983 3079 1038 3124 et
1085 3069 1248 3126 soluti
1298 3070 1499 3128 fuerint
1546 3087 1576 3128 a
1606 3073 1838 3128 vinculis
1867 3073 2209 3144 delictorum,

2324 1868 2434 1924 dixi
2465 1869 2632 1924 etiam
2674 1869 2876 1940 pullum
2921 1868 3298 1928 lascivientem
3347 1872 3560 1932 nexibus
3592 1871 3814 1942 alligatum,

2321 1960 2447 2030 quia
2479 1961 2777 2020 secundum
2807 1961 3010 2018 Lucam
3041 1971 3098 2020 et
3125 1962 3363 2024 Marcum
3395 1965 3547 2028 etiam
3569 1964 3666 2033 ipse
3699 1964 3818 2018 intro-

2319 2049 2536 2105 ducitur
2585 2049 2858 2119 alligatus,
2887 2066 3053 2124 super
3089 2068 3256 2123 quem
3287 2069 3443 2112 nemo
3485 2055 3719 2112 hominum
3756 2069 3816 2107 se-

2320 2140 2491 2196 derat.
2545 2142 2646 2209 Qui
2700 2152 2990 2215 propterea
3045 2145 3247 2217 ligatus
3305 2162 3464 2216 quam
3516 2147 3635 2202 bene
3677 2147 3819 2201 dicitur

2319 2229 2510 2299 fuisse,
2539 2233 2795 2304 quoniam
2834 2235 2869 2289 ii
2904 2251 3134 2306 quorum
3167 2238 3396 2310 figuram
3425 2248 3580 2304 tenet,
3608 2238 3820 2294 diabolit-is

2319 2331 2475 2384 erant
2523 2325 2756 2387 connexi
2801 2323 3045 2393 funibus,
3073 2338 3132 2384 et
3185 2345 3346 2388 nemo
3389 2331 3640 2386 hominum
3665 2330 3819 2386 sederat

2317 2431 2481 2488 super
2525 2431 2642 2473 eos.
2674 2416 2814 2486 Quia
2855 2434 3015 2476 nemo
3057 2422 3467 2491 prophetarum,
3498 2437 3650 2493 neque
3680 2421 3820 2490 aliquis

2319 2506 2596 2562 hominum
2641 2509 2710 2564 ad
2735 2523 2830 2565 eos
2867 2509 3068 2572 missus
3095 2510 3300 2582 fuerat,
3337 2522 3394 2574 et
3432 2514 3545 2568 ideo
3570 2512 3680 2568 nihil
3704 2513 3744 2566 in
3766 2511 3819 2563 eis

2317 2599 2583 2660 rationale
2623 2616 2798 2672 neque
2825 2601 3182 2662 institutionis
3226 2605 3518 2666 secundum
3556 2602 3820 2674 disciplinam

2312 2693 2640 2752 eruditionis
2674 2695 2772 2752 Dei
2809 2697 2989 2754 adhuc
3023 2707 3166 2764 erat,
3197 2698 3306 2756 Sed
3333 2708 3499 2760 totum
3529 2701 3675 2772 gratis
3697 2715 3720 2753 ιι
3743 2697 3820 2752 Deo

2318 2787 2436 2844 sine
2483 2789 2598 2844 suis
2641 2789 2853 2850 meritis
2901 2800 3027 2852 sunt
3087 2794 3401 2860 consecuti,
3441 2803 3500 2852 tu
3536 2793 3722 2853 verbum
3758 2790 3819 2846 Dei

2313 2895 2480 2952 super
2507 2895 2624 2948 eos,
2651 2882 2704 2937 id
2736 2891 2826 2940 est
2853 2883 2908 2942 in
2949 2884 3212 2946 cordibus
3256 2902 3444 2942 eorum
3477 2886 3690 2947 sederet;
3715 2891 3823 2939 utco

2318 2971 2570 3040 ducente,
2599 2987 2664 3028 ac
2701 2973 2750 3030 si
2790 2974 3116 3046 prasidente
3152 2977 3211 3038 in
3255 2992 3417 3036 curru
3445 2992 3558 3043 suo,
3601 2973 3824 3034 ascendant

2317 3061 2566 3127 feliciter,
2600 3073 2881 3136 portantes
2915 3067 3086 3124 Deum
3134 3068 3191 3124 in
3237 3085 3464 3141 corpore
3503 3084 3610 3133 Suo.
3645 3069 3690 3122 in
3723 3064 3823 3118 illi"!

617 3162 936 3238 perducant.
963 3162 1076 3218 Hoc
1091 3164 1290 3236 quippe
1328 3165 1589 3224 Bethania
1631 3167 2042 3238 interpretatur.
2072 3139 2211 3244 Ergo

2316 3155 2594 3214 cmlestem
2619 3153 2944 3216 Jerusalem.
2970 3157 3082 3215 Nec
3111 3139 3354 3226 mireris,
3379 3161 3423 3222 si
3445 3169 3620 3232 gentes
3639 3157 3826 3214 dicantur

619 3257 687 3313 ad
717 3257 934 3312 domum
977 3260 1298 3319 obetlientiaa
1337 3259 1416 3316 illi
1461 3261 1852 3331 perducuntur,
1882 3263 1972 3332 qui
2009 3261 2211 3317 fuerint

617 3351 780 3418 soluti
805 3370 832 3408 a
858 3353 1086 3418 vinculis
1107 3370 1331 3412 suorum
1359 3355 1701 3422 delictorum,
1732 3364 1782 3412 et
1809 3357 2036 3414 recreati
2062 3357 2210 3414 fonte

615 3445 832 3516 salutis,
871 3447 1093 3516 quijaut
1129 3448 1345 3504 favente
1377 3448 1488 3504 Deo
1535 3447 1652 3503 tluit
1691 3464 1755 3504 ex
1785 3449 2001 3506 maxilla
2049 3451 2206 3522 asini,

620 3539 720 3611 ipsi
761 3542 1084 3609 perveniunt
1136 3541 1204 3602 ad
1239 3542 1460 3598 domum
1508 3542 1923 3608 sacerdotalem,
1977 3560 2098 3615 qua:
2127 3554 2213 3602 est

617 3631 810 3690 domus
849 3634 1213 3696 maxillarum,
1244 3634 1332 3688 vel
1377 3635 1675 3704 patientiae,
1724 3645 1782 3690 ut
1809 3637 1934 3692 inde
1952 3637 2212 3700 ascendat

615 3720 772 3780 Jesus
799 3740 964 3795 super
997 3742 1112 3790 eos,
1142 3743 1282 3796 quos
1301 3728 1598 3784 secundum
1631 3737 1959 3801 praeceptum
1991 3730 2204 3788 Domini

617 3825 672 3876 et
701 3814 1005 3873 Salvatoris
1037 3817 1154 3882 Dei,
1214 3817 1475 3873 solverint
1519 3820 1766 3892 discipuli
1821 3821 1938 3892 ejus
1984 3831 2039 3877 et
2089 3838 2213 3894 per—

621 3907 877 3964 duxerint
925 3908 991 3962 ad
1023 3923 1169 3962 eum.
1199 3907 1352 3965 Mons
1381 3921 1560 3966 autem
1604 3911 1658 3965 in
1703 3927 1812 3982 quo
1843 3914 1947 3967 sita
1978 3923 2105 3968 sum
2144 3930 2209 3970 ea

617 3997 762 4066 loca,
791 4008 873 4053 est
893 3999 1094 4054 Christi
1123 3999 1384 4064 Ecclesia,
1419 4001 1471 4054 in
1513 4016 1617 4070 qua
1647 4002 2045 4057 fructiﬁcantes
2075 4004 2210 4058 tide-

618 4088 719 4156 les,
773 4091 955 4146 dicere
1000 4101 1226 4163 possunt
1255 4109 1377 4147 cum
1405 4092 1698 4163 Propheta,
1737 4093 1848 4164 Ego
1879 4105 2052 4150 autem
2079 4097 2210 4152 sicut

619 4179 754 4246 oliva
785 4179 1062 4251 fructifera
1097 4183 1150 4236 in
1179 4183 1336 4238 domo
1361 4182 1453 4237 Dei
1484 4183 1656 4253 (Psal.
1689 4200 1766 4248 LI,
1799 4184 1910 4256 10).
1943 4185 2209 4252 Quoniam

618 4272 694 4326 illi
721 4273 811 4342 qui
834 4273 1088 4342 primitus
1126 4275 1344 4330 adducti
1370 4283 1498 4330 sunt
1518 4274 1699 4332 ofﬁcio
1727 4277 2112 4347 Apostolorum
2140 4280 2210 4336 ad

616 4366 916 4431 Christum,
949 4368 1211 4424 habentes
1244 4368 1396 4422 initia
1422 4368 1568 4433 ﬁdei,
1603 4368 1820 4425 fuerunt
1856 4372 1996 4426 sicut
2033 4373 2210 4428 novel-

617 4459 681 4515 lae
712 4460 974 4516 olivarum
1004 4461 1057 4515 in
1101 4461 1333 4517 circuitu
1366 4477 1566 4518 mensa:
1597 4461 1822 4529 Christi,
1852 4464 2006 4535 cujus
2031 4475 2083 4519 et
2114 4465 2208 4520 lilii

2313 3264 2382 3306 οι
2426 3248 2648 3317 Judaeis,
2684 3267 2748 3307 ac
2777 3252 2822 3306 si
2866 3251 3046 3322 pullus
3072 3269 3140 3310 ex
3186 3264 3398 3321 matre;
3437 3253 3556 3324 quia
3592 3251 3740 3312 Judaa
3766 3260 3824 3300 se-

2313 3344 2548 3402 cundum
2581 3343 2774 3410 Deum,
2799 3360 2865 3400 ex
2898 3344 3003 3400 tlde
3030 3354 3210 3402 mater
3231 3357 3318 3403 est
3355 3347 3600 3418 gentium.
3628 3341 3703 3400 Sic
3722 3338 3824 3395 enim

2313 3434 2444 3501 dicit
2489 3435 2748 3492 Dominus
2793 3451 2890 3507 per
2932 3437 3124 3494 Isaiam
3172 3440 3493 3510 prophetam
3521 3437 3581 3492 de
3623 3443 3828 3505 δγικιεοεε

2311 3524 2622 3593 latinorum
2647 3545 2660 3581 ε
2693 3526 2761 3582 Ει
2790 3530 3106 3583 constituam
3132 3532 3398 3602 principes
3419 3543 3552 3596 tuos,
3571 3530 3684 3586 sicut
3707 3526 3827 3595 post.

2311 3628 2359 3676 et
2391 3619 2724 3674 consiliarios
2758 3631 2877 3675 tuos
2913 3622 3046 3678 sicut
3082 3622 3147 3676 ab
3179 3623 3362 3680 initio.
3397 3623 3463 3677 Et
3501 3633 3613 3678 tunc
3633 3615 3830 3674 recolunt

2312 3710 2494 3766 civitas
2514 3709 2758 3780 justitite,
2787 3721 2835 3766 et
2867 3723 3034 3766 mater
3062 3713 3340 3768 ciuitatum
3375 3713 3509 3786 (lsa.
3530 3728 3568 3776 t,
3592 3709 3689 3778 9.6),
3715 3707 3754 3762 iii
3776 3710 3832 3758 αι

2315 3800 2684 3874 Ecclesiarum
2736 3801 2910 3859 ﬁdelis
2959 3802 3110 3859 Sion.
3151 3804 3389 3878 Propter
3435 3804 3679 3876 quasdam
3719 3796 3834 3867 igitur

2313 3894 2697 3951 similitudines
2724 3895 2903 3952 Judaei
2930 3907 2985 3952 et
3009 3897 3217 3958 Gentes
3258 3899 3540 3958 assimilati
3569 3905 3678 3958 cunt
3703 3890 3832 3955 illiilli!

2315 3985 2457 4040 modi
2492 3985 2859 4050 animalibus;
2908 3991 3168 4056 quoniam
3219 4001 3278 4046 et
3319 3990 3494 4055 Judtei
3521 4030 3536 4056 ,
3581 3997 3629 4042 et
3671 3983 3830 4039 Gentes.

2313 4076 2476 4132 nimis
2504 4087 2630 4132 ante
2655 4077 2946 4136 adventum
2975 4080 3177 4137 Christi
3210 4084 3567 4140 versabantur
3589 4081 3636 4137 in
3665 4092 3764 4134 num
3781 4073 3830 4132 10.

2315 4170 2499 4226 multis
2526 4170 2788 4228 oneribus
2819 4175 3141 4243 praegravati
3195 4185 3255 4232 et
3293 4176 3500 4246 alligati
3529 4169 3739 4230 vinculis.
3773 4162 3838 4216 Est

2313 4263 2458 4320 enim
2487 4265 2592 4326 hoc
2617 4263 2819 4330 animal
2847 4281 2960 4335 pra:
2989 4267 3206 4324 caeteris
3235 4284 3382 4339 pene
3404 4265 3652 4338 jumentis
3673 4256 3836 4318 irratio-

2312 4356 2514 4421 nabile,
2538 4365 2594 4412 et
2621 4358 2842 4414 brutum
2869 4357 3054 4424 nimis,
3096 4374 3161 4416 ac
3191 4361 3450 4427 stultum,
3493 4369 3545 4414 et
3571 4351 3763 4427 ignobile
3783 4363 3840 4401 sa.

2315 4448 2404 4513 tis,
2436 4447 2772 4504 oneril'erum
2805 4449 2984 4514 valde,
3013 4460 3069 4505 et
3099 4451 3403 4512 inﬁrmum.
3434 4451 3524 4508 Sic
3553 4459 3738 4520 quoque
3760 4440 3839 4493 ίιιθ·

617 4561 742 4616 sunt
774 4550 922 4606 facti.
971 4551 1054 4606 Ad
1080 4567 1216 4623 quos
1262 4553 1389 4609 licet
1419 4554 1710 4619 solvendos
1752 4524 2204 4625 et'adducendos,
2236 4524 2288 4584 Β
2315 4548 2441 4594 "um
2499 4554 2638 4608 Pelle
2667 4555 2862 4602 οωηβε
2907 4541 3158 4601 “milites
3199 4554 3337 4600 διοω
3380 4543 3619 4600 “(illum
3659 4531 3838 4625 (³³ήῶ

617 4649 805 4700 omnes
827 4645 1065 4718 Apostoli
1097 4648 1208 4704 sint
1238 4649 1414 4713 missi,
1451 4649 1558 4704 duo
1596 4657 1776 4704 tamen
1828 4651 1880 4704 iu
1907 4651 2009 4706 hac
2033 4651 2207 4722 ligura

617 4735 1080 4805 introducuntur,
1125 4739 1207 4794 vel
1271 4748 1494 4810 propter
1553 4742 1824 4810 geminam
1884 4743 2205 4806 charitntetu

617 4841 779 4911 quam
816 4843 1006 4886 omnes
1028 4830 1480 4900 praedicaverunt,
1519 4832 1603 4888 vel
1635 4842 1856 4903 propter
1894 4835 2206 4914 θεωρητικήν

616 4927 670 4972 et
704 4926 1004 4996 πρακτικήν,
1049 4922 1100 4975 id
1132 4932 1213 4977 est
1236 4922 1522 4988 scientiam
1563 4934 1617 4979 et
1647 4941 1834 4995 opera.
1865 4927 2013 4992 Quos
2041 4928 2208 4986 mittit

618 5013 672 5067 in
703 5014 983 5076 castellum
1021 5016 1164 5086 quod
1187 5025 1377 5071 contra
1399 5015 1863 5088 apostolos't‘uisse
1895 5034 2053 5074 nemo
2097 5020 2198 5076 du-

619 5105 773 5171 bitat,
809 5109 859 5164 id
899 5117 982 5164 est
1013 5109 1264 5175 mundus,
1312 5110 1402 5182 qui
1449 5125 1548 5165 nec
1593 5111 1962 5167 doctrinarum
2009 5111 2204 5184 jugutn

617 5198 832 5256 volebat
869 5201 1137 5272 accipere,
1188 5217 1286 5258 nec
1334 5203 1684 5274 acquiescere
1713 5203 2008 5260 virtutibus
2051 5205 2206 5261 bona:

619 5291 966 5362 operationis.
1002 5292 1108 5350 Sed
1140 5294 1332 5352 melius
1368 5295 1502 5350 duos
1533 5295 1654 5350 illos
1683 5295 1980 5363 discipulos
2037 5296 2208 5366 inpri-

622 5382 727 5438 mis
757 5382 894 5440 forte
917 5385 1008 5456 qui
1049 5385 1341 5442 mittuntur
1370 5402 1402 5440 a
1450 5387 1698 5452 Domino,
1736 5388 1986 5455 quamvis
2007 5396 2063 5443 et
2101 5389 2202 5443 ista

618 5477 920 5543 probabilis
958 5478 1028 5531 sit
1081 5479 1322 5548 traditio,
1369 5493 1627 5534 enarrare
1677 5479 1935 5551 mysteria
1991 5479 2201 5545 salutis,

620 5575 676 5622 et
737 5569 949 5626 solvere
997 5585 1092 5627 eos
1143 5573 1237 5642 qui
1285 5573 1447 5628 vincti
1500 5579 1654 5627 erant
1707 5573 2080 5642 compedibus,
2151 5583 2207 5632 et

619 5665 1008 5730 congruentius
1060 5666 1308 5734 accipere
1347 5681 1633 5735 possumus
1677 5667 1729 5720 in
1777 5665 2078 5720 ministerio
2106 5665 2207 5723 Pe-

621 5757 768 5815 trum
817 5761 870 5808 et
923 5753 1187 5822 Paulum,
1248 5756 1340 5822 qui
1392 5756 1492 5812 sibi
1555 5757 1770 5812 dextras
1835 5757 2098 5812 dederunt
2139 5759 2206 5816 ad

2312 4633 2477 4687 etiam
2507 4632 2607 4702 ipsi
2636 4630 2832 4688 Judzei.
2875 4631 3170 4703 Propterea
3215 4652 3388 4707 quam
3425 4650 3566 4705 same
3593 4633 3642 4688 iu
3666 4623 3840 4683 excelsis

2311 4724 2714 4784 sacriﬁcabant.
2762 4733 2816 4780 et
2863 4725 3115 4782 colebant
3149 4727 3320 4794 idola,
3357 4729 3509 4784 obliti
3552 4736 3699 4796 open
3723 4719 3836 4786 ιεειες

2307 4825 2364 4871 et
2404 4815 2572 4874 Deum
2610 4816 2798 4886 utique
2826 4813 3142 4887 frequenter
3185 4819 3531 4891 ignorantes.
3555 4817 3618 4872 Et
3647 4812 3840 4868 ideonec

2312 4909 2510 4963 mirum
2537 4909 2584 4964 si
2625 4907 2868 4977 iumenta
2897 4909 3148 4966 dicantur
3187 4911 3476 4977 homines;
3509 4907 3720 4965 maxime
3751 4910 3839 4954 ull"

2310 4999 2578 5069 Propheta
2621 5001 2766 5056 dicat
2806 5000 3037 5058 Domino
3077 5018 3092 5056 :
3127 5001 3196 5060 Ut
3234 5004 3543 5074 jumentum
3581 5000 3730 5069 {actus
3759 5000 3841 5042 sm

2309 5091 2451 5160 apud
2479 5100 2529 5148 τε
2561 5087 2733 5161 (Ρδαίι
2763 5107 2909 5146 LXXII
2929 5133 2943 5159 ,
2976 5092 3090 5164 25).
3356 5094 3492 5151 Nam
3534 5097 3764 5162 quantum
3797 5075 3845 5131 sil

2312 5188 2503 5254 Deum,
2529 5188 2774 5259 jumenta
2799 5205 2989 5250 sumus
3023 5206 3136 5248 non
3167 5190 3346 5246 solum
3377 5205 3500 5255 nos,
3531 5197 3698 5242 viuum
3720 5176 3842 5234 etiam

2312 5282 2468 5338 nobis
2510 5282 2679 5338 multo
2721 5285 3122 5353 prudentiores,
3167 5296 3380 5356 quanto
3420 5284 3590 5355 magis
3628 5288 3676 5335 et
3709 5265 3845 5339 iiJ'll

2313 5385 2424 5433 tam
2449 5378 2894 5436 irrationabiliter
2921 5385 3395 5438 conversabantur
3420 5383 3474 5437 in
3502 5393 3678 5442 carne,
3704 5381 3846 5428 swm'

2313 5473 2441 5528 dum
2484 5488 2703 5530 carnem
2747 5477 3010 5544 viventes.
3045 5477 3179 5534 Hinc
3203 5493 3343 5550 ergo
3385 5488 3498 5540 est,
3533 5475 3665 5547 quod
3699 5478 3847 5524 secun-

2314 5566 2440 5620 dum
2467 5563 2668 5621 Lucam
2696 5567 2838 5622 idem
2865 5568 3042 5639 pullus
3063 5569 3342 5626 frenorum
3367 5569 3667 5638 impatiens,
3697 5555 3846 5613 ιιιιιΙυίσ

2317 5663 2549 5718 habebat
2585 5664 2852 5727 dominos,
2894 5680 3000 5720 non
3032 5682 3140 5722 uno
3167 5667 3344 5720 errori
3376 5665 3462 5720 vel
3506 5656 3724 5734 dogmati
3750 5646 3847 5706 ωδ*

2317 5757 2487 5822 ditus;
2515 5767 2570 5814 et
2595 5765 2776 5826 tamen
2802 5757 2933 5824 licet
2974 5757 3129 5822 multi
3163 5757 3373 5824 domitu
3401 5759 3454 5820 in
3482 5770 3547 5814 eo
3577 5751 3846 5824 potes-utet!
