4008 6354
152 312 236 370 ῚΜ

932 301 1296 367 ΕΠ)οείἩῦ
1331 301 1402 361 1N
1440 302 1877 365 MATTHEUM.
1902 335 1973 347 --
1996 303 2124 363 LIB.
2164 302 2260 371 IX,
2299 303 2453 363 CAP.
2495 303 2639 362 XX].

3317 306 3423 373 703

150 423 381 481 illicitam
436 419 595 492 longe
641 417 731 473 diu
782 417 1178 483 vindicassent,
1228 417 1479 475 videntes
1542 432 1729 473 verum
1754 426 1805 493 Α
1834 418 2011 486 vidus,
2049 433 2158 490 quo
2201 418 2254 473 in
2286 434 2390 475 una
2421 421 2721 491 eademque
2747 435 2806 478 re
2848 429 2999 479 tanta
3026 424 3419 499 przevidebant.

151 517 428 576 hominum
474 523 534 568 et
561 527 751 568 servos
780 509 896 582 ejus
923 512 1159 577 venisse,
1190 511 1284 583 qui
1316 510 1382 565 ad
1411 511 1726 577 solvendum

149 609 286 667 missi
318 606 561 673 fuerant,
592 620 702 660 non
733 602 935 661 audent
964 604 1246 669 resistere,
1272 604 1410 659 sicut
1445 618 1547 659 nec
1575 602 1731 674 cujus

148 709 309 767 erant,
345 697 572 754 restitit.
607 694 761 753 Unde
792 694 1045 757 Salvator
1079 695 1249 751 dicit:
1280 692 1349 748 Et
1376 696 1420 749 si
1445 695 1561 765 quis
1590 695 1730 751 vobis

147 792 333 865 aliquid
372 791 591 853 dixerit,
627 788 784 843 dicite
820 788 944 860 quia
986 786 1244 842 Dominus
1277 787 1357 842 Itis
1385 804 1514 858 opus
1551 786 1727 853 habet,

149 886 205 940 ad
248 881 576 954 mysterium
613 882 800 952 utique
845 880 1026 957 potius
1066 894 1229 955 quam
1262 880 1329 935 ad
1367 880 1725 935 invitandum.

148 978 212 1037 ιω
234 992 473 1050 namque
500 977 601 1031 hoc
626 974 759 1029 dicit
782 958 847 1029 ini
870 974 1064 1046 figura,
1090 975 1247 1044 quasi
1278 973 1459 1029 nullus
1486 974 1564 1030 eis
1591 974 1730 1029 alius

146 1080 277 1131 esset
314 1069 600 1137 dominus,
650 1066 752 1123 etsi
797 1065 984 1121 illicite
1030 1064 1195 1135 aliqui
1243 1080 1431 1139 eorum
1478 1065 1727 1120 domina-

147 1165 351 1229 bantur,
382 1160 478 1235 qui
527 1158 731 1230 alligati
776 1166 934 1212 erant
975 1156 1210 1212 vinculis
1250 1166 1627 1229 peccatorum,
1672 1164 1731 1212 ut

146 1255 368 1327 seipsum
393 1255 643 1311 ostendat
667 1251 840 1307 solum
863 1258 919 1305 et
944 1265 1132 1305 verum
1162 1250 1466 1309 Dominum.
1494 1250 1559 1304 Et
1584 1249 1725 1327 ideo,

145 1348 409 1419 confestim
434 1347 659 1401 dimittet
695 1361 815 1415 eos;
853 1345 976 1415 quia
1009 1344 1187 1399 nullus
1218 1344 1473 1401 resistere
1514 1351 1731 1419 poterat

144 1438 391 1513 potentia:
418 1440 555 1519 ejus,
602 1437 732 1492 licet
774 1437 864 1493 alii
910 1436 1127 1492 codices
1171 1436 1439 1501 habeant,
1488 1434 1556 1489 Et
1604 1452 1729 1490 con-

144 1533 308 1605 festim
344 1532 568 1589 remittet
610 1545 717 1583 eos.
763 1528 838 1595 Ut
882 1529 954 1583 sit
984 1543 1196 1607 sensus,
1234 1538 1523 1605 postquam
1559 1542 1728 1583 vene-

145 1629 252 1683 rint
281 1628 349 1687 ad
385 1625 683 1701 Christum,
722 1625 849 1695 quia
878 1624 1140 1679 Dominus
1173 1624 1261 1678 his
1298 1638 1433 1693 opus
1460 1621 1645 1688 habet,
1674 1628 1729 1676 et

144 1718 337 1774 fuerint
381 1718 650 1773 meliorati
696 1732 793 1788 per
833 1716 1026 1783 iidem,
1074 1726 1238 1789 atque
1272 1714 1388 1784 ejus
1445 1713 1725 1785 disciplina

1832 520 1972 566 utet
2011 511 2114 565 ista
2154 520 2444 568 cernerent
2483 511 2550 567 ad
2588 512 2851 585 liquidum
2896 513 3093 582 iieuda,
3123 524 3179 571 et
3209 517 3263 575 in
3301 519 3423 583 istis

1828 620 1949 677 qua:
1988 620 2176 660 rursus
2220 602 2398 660 futura
2440 615 2618 673 erant,
2656 605 3030 679 signiﬁcanda.
3073 608 3139 663 Et
3186 610 3308 667 ideo
3352 615 3423 677 ad

1829 696 1989 752 illam“
2022 696 2076 752 in
2123 695 2292 752 caelos
2337 697 2710 753 ascensionem
2775 701 3241 770 superextendens
3288 718 3420 761 ocu-

1830 790 1974 856 lum,
2022 789 2279 855 addidit,‘
2307 787 2376 847 Et
2419 790 2834 857 exterminabit,
2882 791 3089 863 inquit,
3124 810 3317 851 currus
3354 810 3423 852 ex

1830 881 2109 956 Ephraim,
2137 891 2193 938 et
2217 898 2414 954 equum
2442 899 2506 939 ex
2531 882 2862 951 Jerusalem;
2887 894 2942 936 et
2967 888 3424 953 exterminabitur

1830 989 1988 1029 arcus
2038 974 2292 1041 bellicus,
2342 983 2397 1033 et
2441 975 2839 1046 principabitur
2874 992 2904 1031 a
2954 977 3092 1032 mari
3129 994 3301 1049 usque
3355 981 3422 1039 ad

1830 1082 2003 1133 mare,
2039 1076 2095 1123 et
2124 1084 2154 1122 a
2188 1067 2408 1124 ﬂumine
2441 1086 2611 1140 usque
2640 1070 2707 1126 ad
2756 1071 2935 1135 exitus
2983 1082 3165 1128 terrae.
3214 1072 3422 1131 Deinde

1827 1159 2091 1232 prapheta
2124 1161 2394 1216 convertit
2444 1176 2756 1225 sermonem
2799 1162 2867 1216 ad
2899 1163 3075 1235 ipsum
3107 1178 3288 1236 regem
3322 1165 3421 1221 hu-

1829 1250 2010 1305 milem
2056 1259 2112 1306 et
2155 1260 2524 1321 mansuetum,
2567 1260 2730 1322 atque
2760 1251 3091 1321 salvantem;
3136 1252 3203 1308 Et
3230 1262 3305 1320 tu,
3338 1255 3423 1310 in-

1828 1345 1979 1421 quit,
2027 1344 2082 1400 in
2131 1346 2397 1417 sanguine
2444 1345 2754 1401 testamenti
2804 1342 3060 1402 dimisisti
3106 1346 3315 1403 vinctos
3357 1348 3426 1405 de

1830 1434 1949 1497 lacu
1996 1434 2049 1491 in
2080 1452 2187 1507 quo
2220 1450 2326 1493 non
2371 1442 2453 1492 est
2497 1452 2657 1507 aqua.
2698 1434 2827 1492 Ha3c
2869 1436 3072 1492 idcirco
3100 1436 3332 1497 dixerim
3366 1447 3426 1495 ut

1830 1527 2096 1600 intelligat
2140 1528 2381 1599 prudens
2407 1528 2599 1593 lector,
2630 1527 2771 1598 quod
2806 1528 2872 1582 ad
2904 1534 3198 1602 utramque
3224 1546 3423 1585 ascen-

1830 1619 2037 1675 sionem
2065 1620 2401 1692 prophetalis
2426 1636 2609 1679 sermo
2634 1622 2936 1697 pertineat;
2970 1622 3063 1676 sed
3094 1631 3240 1678 totus
3277 1623 3426 1680 illius

1828 1711 1896 1769 ad
1944 1711 2161 1777 malum,
2192 1712 2278 1768 hic
2299 1712 2412 1782 jam
2462 1712 2614 1785 quasi
2648 1713 2862 1779 victori,
2895 1714 3206 1769 celebratur
3235 1717 3427 1771 trium-

141 1815 199 1869 ad
238 1814 460 1887 plenum
512 1810 740 1878 imbuti,
780 1826 968 1873 rursus
1005 1826 1127 1877 cum
1182 1809 1519 1883 susceperint
1561 1824 1725 1882 super
1755 1796 1803 1873 Β
1830 1803 1987 1875 phus.
2014 1801 2374 1871 Quaerendum
2404 1818 2537 1858 sane
2560 1804 2831 1875 quomodo
2855 1805 3151 1859 secundum
3183 1804 3423 1861 litteram

141 1922 192 1963 se
218 1906 497 1962 Christum
528 1917 821 1971 sessorem,
847 1900 1080 1958 debeant
1118 1902 1320 1963 remitti
1361 1900 1427 1956 ad
1464 1900 1723 1975 populum

139 1996 459 2069 Judzo‘rum,
495 1994 574 2048 vel
619 1994 684 2048 ad
716 1992 918 2053 Gentes
945 1993 1181 2062 nondum
1217 1992 1520 2057 credentes,
1553 2000 1612 2045 ut
1642 2006 1727 2046 re-

139 2091 266 2147 versi
302 2088 424 2161 jam
460 2088 650 2155 ﬁdeles
685 2086 1049 2167 praedicarent
1088 2087 1169 2142 eis
1213 2084 1502 2140 Dominum
1538 2082 1725 2140 Jesum

134 2183 439 2248 Christum,
482 2181 608 2236 hinc
646 2190 701 2241 et
740 2196 879 2251 opus
923 2196 1112 2243 eorum
1166 2179 1427 2241 Dominus
1468 2179 1725 2235 habuisse

134 2277 344 2334 dicitur.
378 2275 487 2333 Sed
521 2291 625 2333 non
661 2289 850 2331 omnes
891 2274 1300 2346 evangelizandi
1345 2275 1581 2347 gratiam
1629 2273 1725 2328 ha-

133 2368 312 2426 buere.
339 2367 553 2429 Idcirco
578 2366 772 2433 melius
797 2366 1058 2429 Dominus
1089 2381 1275 2421 eorum
1310 2364 1562 2420 habuisse
1589 2378 1725 2432 opus

132 2461 464 2534 intelligitur,
514 2468 571 2514 ut
609 2457 810 2514 faciant
852 2458 1189 2515 voluntatem
1234 2456 1415 2513 Patris
1453 2454 1725 2512 credendo

132 2553 177 2598 et
199 2542 509 2615 cperando,
537 2542 676 2596 sicut
722 2542 837 2617 ipse
874 2542 970 2605 ait,
1002 2554 1138 2610 opus
1185 2555 1363 2595 meum
1395 2549 1498 2604 est,
1542 2548 1602 2592 ut
1647 2537 1725 2591 fa-

132 2638 257 2690 ciam
283 2636 628 2703 voluutatem
661 2632 838 2695 Patris
878 2634 985 2687 mei
1022 2636 1111 2703 qui
1152 2632 1206 2686 iu
1233 2631 1388 2687 caelis
1422 2639 1525 2689 est.
1554 2630 1725 2685 Porro

130 2728 188 2783 de
210 2727 533 2791 testimonio
570 2727 865 2813 prophetae,
898 2726 1041 2798 quod
1071 2724 1359 2780 Matthaeus
1400 2722 1679 2795 subiunxit
1706 2740 1719 2778 :

135 2818 237 2891 Hoc
285 2819 493 2891 factum
550 2830 650 2885 est,
692 2828 749 2873 ut
787 2816 1162 2890 adimpleremr
1206 2822 1347 2889 quod
1404 2818 1602 2872 dictum
1647 2826 1723 2871 est

128 2927 212 2980 per
241 2913 600 2995 prophetam,
636 2910 751 2995 jam
800 2911 1073 2977 diximus;
1120 2919 1175 2965 et
1218 2911 1392 2966 adhuc
1444 2910 1724 2969 videamus

131 2989 399 3078 quomodo
419 3007 486 3062 ad
510 2989 798 3081 utramque
811 3003 1009 3061 Christi
1031 3006 1303 3077 pertineat
1324 3006 1718 3061 ascensionem.

129 3101 392 3157 Dominus
452 3098 671 3171 quidem
714 3112 1040 3152 ascensurus
1083 3098 1150 3152 ad
1185 3107 1415 3153 mortem
1460 3097 1514 3153 in
1564 3095 1722 3151 Jeru-

132 3192 317 3254 salem,
346 3189 519 3245 voluit
553 3188 682 3265 olim
718 3187 1056 3273 prophetiam
1088 3188 1156 3242 de
1192 3187 1295 3243 hoc
1334 3202 1561 3255 ascensu
1611 3204 1723 3243 ma-

130 3298 281 3355 gnam
326 3281 683 3359 praemittere,
727 3294 887 3349 quam
932 3279 1134 3343 mundo
1181 3279 1438 3337 universo
1475 3279 1630 3348 quasi
1668 3278 1723 3335 in

131 3383 459 3430 testamento
486 3373 818 3460 relinqueret
854 3372 1005 3444 pacis
1045 3380 1101 3427 et
1125 3371 1451 3439 concordiae,
1490 3372 1615 3427 dum
1645 3372 1725 3427 vi-

129 3468 327 3523 derent
360 3466 470 3535 jam
515 3464 809 3536 completa,
841 3479 961 3535 quae
990 3464 1248 3537 praedicta
1297 3473 1493 3535 erant,
1522 3471 1577 3519 et
1604 3479 1725 3535 quae

129 3560 405 3632 completa
450 3571 623 3631 erant,
667 3567 723 3615 et
751 3575 872 3633 quae
898 3559 1181 3641 praedicta,
1211 3575 1401 3615 rursus
1428 3559 1481 3613 in
1529 3573 1725 3615 ascen-

128 3653 292 3710 sione
311 3669 411 3708 sua
442 3652 782 3727 generaliter,
817 3667 939 3731 quae
965 3650 1017 3707 in
1048 3652 1211 3708 rebus
1238 3653 1565 3725 prophetata
1590 3667 1726 3725 pra:-

129 3755 439 3823 cesserant,
471 3746 653 3801 omnia
682 3744 978 3816 perfectius
1004 3758 1127 3821 esse
1168 3744 1505 3814 complenda,
1547 3753 1607 3799 ut
1636 3742 1727 3800 Ju-

127 3838 271 3895 daeos
309 3849 367 3895 et
402 3837 607 3893 Gentes
651 3837 838 3903 simul,
883 3852 980 3891 suo
1025 3837 1215 3908 dignos
1253 3834 1529 3905 judicaret
1568 3837 1728 3893 obse—

127 3933 271 4002 quia.
318 3931 435 3987 Sed
478 3932 605 4003 quia
658 3927 825 3984 Judaei
876 3929 1264 3997 contradicturi
1310 3938 1468 3984 erant
1504 3928 1726 3989 Christo

128 4025 426 4080 ascenderit
447 4021 615 4099 855
639 4022 695 4076 in
724 4020 999 4092 templum,
1040 4020 1162 4076 ideo
1186 4022 1465 4092 praemissa
1493 4029 1575 4081 est
1605 4037 1728 4092 pro-

127 4117 321 4188 phetia,
352 4100 484 4187 quae
518 4098 689 4169 rebus
720 4122 847 4169 tunc
869 4112 1081 4183 expleta
1116 4124 1219 4181 est,
1250 4123 1304 4169 et
1346 4113 1492 4179 talis,
1530 4122 1590 4167 ut
1631 4130 1725 4167 no-

126 4210 201 4267 bis
239 4212 430 4271 ad'nuc
479 4208 645 4264 hodie
678 4207 751 4261 sit
797 4208 848 4260 in
892 4206 1298 4272 testimonium;
1340 4216 1396 4261 et
1438 4219 1559 4276 quae
1600 4213 1726 4269 tunc

126 4303 327 4374 expleta
381 4309 521 4369 sunt
565 4300 617 4353 in
653 4298 912 4370 sapientia
952 4297 1045 4352 Dei
1075 4296 1371 4352 secundum
1420 4295 1725 4350 humanita-

129 4404 245 4460 tem,
276 4397 474 4451 adhuc
499 4392 663 4447 hodie
692 4390 1012 4465 espleautur
1045 4390 1098 4444 in
1134 4397 1477 4445 sacramento
1505 4387 1719 4442 salutis.

126 4486 270 4543 Unde
303 4490 383 4542 ait
432 4484 702 4571 propheta
749 4501 761 4536 :
812 4482 1000 4550 Dicite,
1029 4482 1157 4553 ﬁlia:
1205 4481 1389 4536 Sion:
1435 4479 1569 4571 Ecce
1615 4479 1725 4535 Rea:

1828 1911 1975 1957 stare
2005 1901 2178 1971 possit
2203 1900 2348 1971 quod
2394 1900 2565 1956 dicit:
2599 1899 2739 1967 Quia
2769 1911 2949 1954 euntes
2993 1900 3242 1973 discipuli
3288 1903 3426 1973 [ees-

1828 2007 1947 2052 runt
1987 2000 2122 2065 sicut
2170 1998 2419 2069 pru’cepit
2465 1997 2570 2051 illis
2616 1995 2793 2063 Iesus,
2838 2006 2886 2051 et
2930 1998 3267 2053 adduxerunt
3310 1998 3422 2055 αεὶν

1827 2107 1950 2147 nam
1979 2102 2026 2153 et
2080 2088 2329 2162 pullum,
2386 2100 2433 2144 et
2500 2091 2857 2160 imposuerunt
2900 2106 3060 2161 super
3119 2090 3424 2153 vestimenta

1825 2201 1954 2247 sua,
2012 2194 2059 2238 et
2125 2199 2244 2238 eum
2292 2182 2515 2252 desuper
2552 2182 2732 2247 sedere
2801 2181 3057 2251 fecerunt.
3110 2180 3246 2251 Quia
3295 2181 3425 2249 licet

1825 2278 1989 2351 super
2046 2286 2344 2348 utrumque
2393 2252 2596 2330 animal
2673 2273 2997 2341 vestimenta
3056 2289 3154 2330 sua
3227 2288 3424 2346 posue-

1827 2369 1959 2437 rint,
1989 2369 2213 2425 omnino
2250 2367 2306 2422 in
2350 2374 2455 2420 tam
2484 2381 2652 2434 parvo
2685 2366 2860 2435 spatio
2900 2364 3111 2419 itineris
3137 2379 3301 2435 super
3328 2378 3423 2419 co-

1827 2476 1944 2527 rum
1984 2469 2280 2530 utrumque
2312 2457 2504 2514 sedere
2532 2471 2642 2511 non
2679 2456 2876 2527 potuit,
2904 2470 3006 2510 nec
3047 2455 3192 2510 enim
3224 2463 3419 2519 natura

1826 2552 1930 2615 hoc
1955 2551 2086 2607 sinit
2110 2552 2363 2611 humana.
2395 2550 2503 2609 Aut
2533 2551 2678 2617 enim
2708 2551 2877 2617 asina:
2908 2550 3131 2617 insedit,
3162 2559 3216 2611 et
3242 2549 3424 2622 pullus

1825 2645 2028 2715 absque
2075 2658 2290 2699 sessore
2340 2642 2476 2708 fuit;
2532 2652 2623 2697 aut
2660 2643 2704 2699 si
2745 2642 2923 2715 pullo,
2976 2642 3064 2721 qui
3112 2643 3289 2716 magis
3333 2642 3423 2701 in-

1827 2736 2063 2801 domitus
2105 2743 2224 2801 erat
2261 2735 2327 2789 ad
2358 2734 2675 2801 sedendum,
2701 2743 2754 2787 ct
2781 2732 3037 2805 lascivus,
3071 2734 3225 2801 asina
3258 2733 3420 2799 ducta

1824 2836 1905 2895 est
1937 2827 2126 2891 libera.
2162 2824 2316 2883 Unde
2360 2843 2484 2881 cum
2517 2826 2741 2883 historia
2790 2824 3282 2905 iinpossihilitatem
3323 2824 3420 2883 ha-

1823 2920 1972 2986 heat,
1997 2919 2162 2974 etiam
2191 2928 2245 2972 ct
2272 2916 2439 2991 856
2465 2917 2742 2991 turpitudo
2778 2916 2821 2973 si
2857 2915 3039 2985 ﬁeret;
3088 2916 3231 2973 scire
3262 2930 3424 2988 oporo

1827 3020 1923 3081 tet,
1953 3011 2096 3089 quod
2132 3008 2199 3064 ad
2236 3009 2427 3064 altiora
2463 3008 2808 3080 Evangelista
2851 3024 2948 3077 nos
2978 3007 3303 3073 transmittit
3340 3006 3426 3063 in-

1828 3103 2142 3176 telligenda,
2187 3103 2330 3158 sicut
2378 3110 2433 3157 ct
2477 3101 2542 3156 de
2581 3102 2741 3157 caecis
2792 3116 2960 3171 supra
3008 3098 3204 3163 fecisse
3245 3099 3425 3157 credi-

1830 3212 1977 3263 mus;
2024 3204 2083 3250 ut
2115 3194 2267 3252 asina
2302 3194 2429 3259 ista,
2460 3209 2579 3275 qua:
2615 3192 2911 3267 subjugalis
2940 3190 3042 3259 fuit
3076 3202 3133 3249 et
3161 3191 3425 3259 edomita,

1829 3299 1884 3345 et
1903 3289 2091 3362 jugum
2124 3287 2259 3358 legis
2288 3294 2549 3351 traxerat,
2577 3294 2634 3341 ut
2682 3285 2817 3351 dixi,
2848 3299 3120 3357 synagoga
3152 3282 3424 3355 intelliga-

1831 3389 1918 3436 tur
1945 3399 1957 3434 :
1990 3378 2167 3455 pullus
2201 3386 2379 3433 autem
2412 3376 2598 3441 asinre,
2626 3375 2861 3432 lascivus
2891 3385 2946 3431 et
2970 3375 3126 3440 liber,
3157 3374 3415 3439 Gentium

1826 3472 2077 3545 populus,
2128 3471 2326 3543 quibus
2376 3468 2618 3538 utrisque
2665 3466 2899 3531 feliciter
2949 3466 3090 3527 sedit
3136 3465 3417 3531 Dominus.

1830 3566 1975 3632 Quos
2017 3560 2259 3634 Apostoli
2312 3560 2485 3627 nudos
2534 3568 2791 3635 utrosque
2833 3557 3184 3619 invenerunt,
3222 3564 3281 3616 et
3309 3570 3428 3626 sor-

1830 3654 2013 3719 didos,
2057 3651 2185 3727 quia
2220 3657 2381 3703 erant
2429 3648 2633 3719 absque
2682 3646 2790 3713 ullo
2838 3647 3178 3719 operimento
3212 3644 3424 3721 salutis,

1830 3745 2029 3816 frigore
2075 3740 2411 3796 infidelitatis
2449 3738 2740 3809 congelati.
2773 3736 3032 3817 Quamvis
3061 3735 3205 3791 enim
3250 3734 3423 3805 Judaei

1828 3835 2140 3903 viderentur
2185 3830 2426 3902 cooperti
2475 3828 2617 3884 foliis
2654 3827 2760 3894 lici,
2788 3828 2853 3882 id
2881 3835 2964 3881 est
3001 3825 3275 3883 mandatis
3326 3839 3419 3880 as-

1830 3941 1973 3998 pera:
1998 3922 2155 4001 legis,
2191 3925 2318 3979 nudi
2363 3932 2541 3981 tamen
2590 3930 2746 3977 erant
2777 3937 2804 3975 a
2836 3922 3033 3992 gratia,
3065 3920 3289 4001 ipsaque
3319 3933 3420 3987 nu-

1829 3996 1998 4073 ditate
2026 3998 2315 4101 deturpati,
2345 4033 2451 4093 qua
2486 4032 2545 4071 se
2575 4015 2707 4079 vidit
2733 4013 2903 4069 Adam
2944 4014 2998 4069 in
3036 4028 3169 4087 para
3182 3996 3293 4069 iiso
3320 4028 3423 4075 nu-

1830 4112 2033 4176 datum,
2063 4122 2117 4165 et
2146 4110 2266 4165 ideo
2311 4109 2546 4179 seipsum
2582 4123 2705 4167 mox
2754 4107 2895 4161 ferre
2941 4122 3048 4171 non
3096 4105 3291 4181 potuit,
3325 4102 3420 4173 sed

1828 4205 2033 4261 obtexit
2068 4219 2127 4259 se
2157 4202 2300 4273 foliis
2349 4201 2505 4266 ﬁcus,
2533 4200 2675 4263 unde
2719 4208 2775 4255 et
2813 4197 2984 4263 Judaei
3016 4180 3101 4251 ac.
3125 4194 3170 4252 si
3203 4180 3431 4250 natura-

1828 4297 1955 4351 liter
1981 4296 2156 4350 adhuc
2180 4303 2235 4350 et
2258 4295 2362 4375 ipsi
2390 4294 2441 4348 in
2470 4293 2709 4367 peccatis
2735 4301 2890 4348 erant
2906 4310 2920 4363 ;
2955 4306 3053 4362 pro
3075 4307 3183 4377 quo
3209 4288 3433 4359 Paulus,

1830 4390 2055 4445 Fuimus
2082 4400 2127 4445 et
2156 4406 2272 4456 nos,
2304 4390 2500 4464 inquit,
2532 4398 2727 4445 natura
2760 4387 2863 4465 filii
2893 4389 2988 4441 ἔγω
3024 4385 3239 4458 (Ephes.
3262 4402 3326 4454 ιι,
3351 4386 3435 4459 5),

1833 4493 1884 4534 ut
1917 4479 2111 4534 cwteri.
2152 4478 2253 4546 Qui
2290 4494 2422 4549 ergo
2449 4477 2823 4551 exspoliantur
2846 4492 2873 4530 a
2909 4477 3103 4549 gratia,
3131 4476 3274 4547 quod
3306 4474 3434 4532 nudi

123 4587 237 4633 tus
283 4553 591 4633 οειιὶίιίιὶἱ.
635 4571 769 4628 Nam
798 4589 936 4645 ecce,
979 4572 1317 4627 ostendentis
1353 4578 1437 4626 est
1467 4570 1722 4637 verbum;
1756 4553 1807 4614 ί)
1833 4577 1944 4632 sint
1986 4576 2226 4631 ostendit
2269 4574 2559 4641 Dominus,
2606 4591 2729 4631 cum
2775 4576 2841 4631 de
2875 4588 3145 4657 synagoga
3197 4575 3438 4647 loquitur

125 4688 183 4726 ac
218 4673 262 4726 si
292 4672 560 4725 diceret:
598 4665 807 4731 Videte,
846 4680 953 4720 non
981 4664 1186 4719 carnali
1214 4672 1459 4734 aspectu,
1491 4663 1585 4718 sed
1616 4664 1727 4734 spi-

123 4762 295 4823 rituali
340 4757 657 4827 intellectu,
699 4772 861 4827 opera
901 4756 1159 4811 virtutum
1191 4753 1337 4833 ejus,
1374 4762 1428 4809 et
1474 4772 1579 4810 non
1620 4753 1730 4809 foro

124 4875 257 4913 mam
288 4856 477 4927 servi.
519 4854 660 4907 Ante
700 4861 948 4925 tempora
983 4865 1216 4929 namque
1255 4849 1398 4919 dicta
1429 4859 1731 4929 sunt,qu:e

124 4952 278 5007 modo
327 4945 725 5017 complentur;
771 4953 828 4999 et
864 4959 983 5014 qum
1021 4943 1164 4999 dicta
1214 4951 1340 4999 sunt
1386 4942 1438 4997 in
1489 4941 1730 5014 Christo,

118 5044 222 5111 iam
252 5043 541 5117 propheta
583 5037 815 5119 spiritali
858 5036 1116 5095 cernebat
1151 5036 1292 5102 visu,
1323 5036 1575 5107 quamvis
1605 5050 1732 5090 nec-

123 5136 244 5192 dum
274 5145 460 5192 natus
486 5140 631 5205 esset
675 5132 730 5184 in
756 5146 942 5201 carne.
972 5129 1038 5202 Et
1079 5129 1200 5184 ideo
1241 5129 1461 5184 dicebat
1497 5146 1639 5197 ecce,
1674 5137 1733 5185 ut

120 5230 472 5291 ostenderet,
505 5225 632 5299 quia
676 5223 786 5287 ille,
832 5223 898 5279 de
926 5237 1034 5305 quo
1077 5221 1399 5293 loquebatur
1441 5231 1733 5307 antequam

122 5331 482 5384 nasceretur,
521 5314 637 5387 jam
683 5323 824 5371 erat.
859 5313 1014 5387 Quod
1056 5315 1099 5367 si
1145 5314 1325 5379 miseri
1371 5313 1735 5386 intelligerent.

118 5410 313 5477 Judaei,
369 5424 720 5485 nequaquam
768 5390 1189 5479 interrogarent,
1240 5406 1291 5459 in
1326 5421 1428 5476 qua
1467 5415 1735 5478 potestate

120 5502 222 5559 ista
254 5501 448 5558 facis?
479 5499 613 5567 Quia
637 5500 741 5557 etsi
786 5514 982 5569 magna
1007 5498 1333 5565 videbantur
1359 5514 1479 5573 quae
1510 5500 1734 5567 fiebant,

118 5595 337 5667 majora
389 5603 577 5651 tamen
610 5600 738 5649 sunt
784 5599 839 5645 et
884 5592 984 5646 ista
1025 5607 1146 5663 qua:
1190 5591 1246 5647 iu
1285 5591 1371 5645 his
1418 5574 1737 5665 praaﬁgura-s

118 5689 347 5745 lxantur.
378 5683 542 5741 Unde
564 5683 911 5743 considerare
935 5690 1170 5753 oportet,
1203 5681 1400 5741 fratres
1425 5682 1551 5746 mei,
1575 5698 1735 5753 quam

120 5781 468 5863 perspicuus
503 5775 664 5833 fuerit
702 5775 1388 5860 pr0phetarum'aspectus,
1418 5790 1580 5844 quam
1613 5791 1738 5865 pro-

1834 4683 1931 4739 per
1955 4667 2093 4743 Qsee
2118 4669 2465 4745 prophetam,
2493 4665 2562 4722 Et
2590 4667 2863 4743 auferant,
2898 4670 3104 4755 inquit,
3132 4670 3436 4724 vestimenta

1834 4778 1949 4829 meo
1987 4772 2035 4817 et
2079 4761 2426 4833 linteamina,
2460 4772 2509 4817 et
2556 4762 2827 4819 ostendam
2871 4762 3112 4834 gentibus
3151 4762 3436 4834 turpitudi-

1837 4871 1953 4908 nem
1981 4853 2117 4926 ejus.
2156 4852 2296 4909 Hinc
2340 4852 2546 4923 liquido
2584 4861 2767 4925 patet,
2795 4856 2937 4926 quod
2966 4852 3206 4925 Apostoli
3258 4853 3434 4923 impo-

1837 4955 2066 5001 suerunt
2111 4943 2438 5017 vestimenta
2481 4960 2578 4999 sua
2609 4960 2774 5016 super
2809 4961 2902 5001 eos
2930 4946 2981 4999 in
3013 4942 3296 5018 prophetia
3343 4956 3433 4998 re-

1836 5058 1955 5096 rum
2006 5038 2331 5111 futurarum,
2362 5040 2413 5095 id
2442 5050 2529 5095 est
2572 5041 2851 5109 mandata,
2894 5052 2950 5107 et
2974 5020 3233 5112 gratiam,
3272 5051 3433 5115 quam

1838 5133 1937 5204 ipsi
1972 5148 2001 5203 a
2034 5130 2253 5203 Christo
2287 5128 2409 5200 .jam
2455 5141 2800 5205 acceperant,
2831 5142 2887 5187 et
2924 5148 3085 5204 super
3120 5130 3337 5193 Judzeos
3380 5137 3437 5186 et

1838 5226 2040 5282 Gentes
2067 5226 2445 5296 imposuerunt
2497 5226 2623 5280 dum
2671 5210 3116 5293 tradiderunieis
3158 5208 3431 5295 baptisma

1841 5318 2053 5385 salutis,
2084 5326 2140 5381 ut
2179 5315 2457 5385 Christum
2485 5318 2791 5384 induerent,
2819 5326 2871 5373 et
2902 5318 3154 5383 mandata
3180 5316 3299 5390 ejus
3326 5330 3437 5383 ser-

1842 5417 2045 5464 varent.
2098 5408 2297 5479 Sicque
2342 5408 2614 5465 Christum
2647 5410 2934 5469 Dominum
2972 5408 3205 5479 desuper
3242 5405 3436 5481 sedere

1847 5501 2115 5569 fecerunt,
2149 5503 2200 5557 id
2233 5511 2316 5557 est
2355 5502 2602 5559 habitare
2632 5518 2729 5575 per
2758 5500 2917 5557 ﬁdem
2952 5503 3005 5557 iu
3042 5502 3295 5569 cordibus
3343 5514 3435 5569 e9-

1849 5612 1986 5650 ruiu.
2021 5596 2128 5652 Nec
2153 5596 2295 5652 enim
2331 5595 2488 5649 aliter
2534 5594 2893 5664 requiescere,
2940 5594 3023 5649 vel
3055 5595 3243 5651 sedere
3271 5595 3325 5649 in
3354 5593 3437 5663 eis

1845 5686 2111 5759 potuisset
2157 5685 2428 5755 Christus,
2480 5684 2584 5739 nisi
2630 5686 2853 5758 expulsa
2900 5694 3193 5767 vetustate,
3228 5683 3435 5751 obtecti

1848 5778 1973 5855 ﬁde,
2002 5777 2253 5833 mandata
2281 5774 2396 5853 ejus
2423 5785 2478 5831 et
2500 5777 2734 5855 gratiam
2765 5778 3146 5851 suscepissent.
3280 5778 3436 5867 cuius
