4008 6354
657 335 762 394 705

1437 329 1491 383 S.
1536 325 1893 384 PASCHASII
1934 325 2283 382 RADBERTI
2317 325 2610 381 ABBATIS
2645 323 3102 382 CORBEIENSIS
3760 342 3833 396 "alii

655 445 900 518 equitatu
931 443 1059 502 olim
1085 441 1306 498 Ahacuc
1327 442 1624 508 cecinerat,
1655 441 1799 512 quod
1820 439 2128 496 ascenderit
2149 455 2239 494 su-
2264 441 2318 501 Α
2341 437 2770 493 cdisseruerunt.
2799 436 2901 505 Qui
2930 446 2985 494 et
3009 439 3354 506 vestimenta,
3379 451 3428 496 et
3459 441 3650 500 frondes
3691 450 3743 504 de
3773 468 3834 506 ar-

635 525 756 610 ‘pet‘
779 552 948 609 equos
969 551 1119 602 suos,
1142 533 1213 590 Et
1232 535 1483 606 equitatio
1506 545 1619 600 tua,
1640 534 1834 604 inquit,
1861 534 2028 588 salus.
2055 533 2162 589 Sed
2185 542 2241 588 et

657 633 846 699 Jacob,
877 648 1002 689 cum
1040 629 1385 687 benediceret
1423 628 1617 685 Judam
1645 629 1816 684 ﬁlium
1839 646 2016 695 suum,
2044 629 2111 684 de
2155 629 2241 685 his

656 725 866 780 duobus
893 721 1222 778 animalibus
1242 720 1413 790 ﬁgura
1427 719 1631 776 Christi
1653 721 1997 790 prophetavit
2018 719 2234 776 dicens:

652 814 890 886 Alligans
919 813 989 868 ad
1019 814 1221 868 vineam
1251 811 1456 882 pullum
1484 827 1662 876 suum,
1703 820 1752 864 et
1789 811 1858 864 ad
1888 811 2060 876 vitem,
2092 827 2123 864 0
2159 810 2241 880 [ili

651 907 746 972 mi,
775 907 981 962 asinam
1001 922 1156 960 suam
1179 903 1334 974 (Gen.
1359 919 1514 968 xxix,
1539 903 1650 972 ll).
1685 902 1826 974 Ergo
1846 903 1987 974 quod
2011 903 2128 975 ipse
2147 919 2242 960 ex-

652 1000 854 1069 pressit
879 999 1026 1064 vitis,
1044 997 1408 1066 testaturipsc
1428 995 1495 1051 de
1517 1011 1576 1051 se
1591 995 1644 1050 in
1657 995 1967 1067 Evangelio,
1983 1011 2107 1050 cum
2129 997 2236 1052 ait:

653 1092 768 1166 Ego
789 1111 906 1149 sum
937 1094 1053 1148 vitis
1074 1109 1196 1148 vera
1218 1090 1404 1162 (Joan.
1433 1105 1522 1155 xv,
1549 1089 1625 1160 l).
1645 1088 1726 1144 Ad
1751 1103 1913 1158 quam
1937 1089 2099 1144 vitent
2121 1089 2241 1144 alli-

655 1183 800 1256 gavit
825 1183 1013 1254 utique
1031 1183 1273 1248 vineam,
1302 1196 1422 1251 qua:
1447 1180 1708 1236 translata
1738 1180 1898 1235 estin
1922 1179 2158 1252 Aigypto
2186 1188 2242 1236 et

650 1277 1154 1350 transplantataest
1177 1277 1231 1332 in
1253 1275 1495 1333 Oriente.
1513 1275 1596 1330 Ad
1619 1291 1783 1346 quant
1807 1290 1997 1330 rursus
2027 1275 2241 1330 vineam

649 1370 886 1443 alligavit
928 1371 1132 1441 pullum
1169 1385 1325 1426 suum
1372 1368 1674 1432 novellum,
1723 1367 1779 1423 id
1827 1376 1910 1422 est
1940 1366 2240 1424 Ecelesiam

647 1464 714 1520 de
741 1463 1028 1530 Gentibus,
1053 1473 1110 1520 et
1140 1463 1268 1521 fecit
1293 1465 1432 1520 sicut
1467 1462 1580 1518 Noe
1606 1463 1704 1527 ait,
1732 1462 1981 1518 habitare
2006 1461 2240 1532 Japheth

647 1556 701 1610 in
740 1556 1102 1612 tabernaculis
1134 1555 1282 1612 Sem.
1325 1555 1393 1610 Et
1427 1556 1543 1611 haec
1589 1555 1773 1610 omnia
1805 1569 1914 1610 non
1954 1555 2008 1608 iu
2041 1556 2240 1610 virtute

647 1646 1039 1716 apostolorum,
1067 1648 1163 1704 sed
1213 1648 1267 1702 in
1306 1645 1473 1703 verbo
1507 1645 1711 1702 Christi
1755 1644 1898 1701 facta
1930 1654 2057 1702 sunt
2093 1663 2106 1700 :
2138 1647 2240 1701 mi-

646 1741 932 1796 nisterium
979 1741 1197 1812 quidem
1246 1740 1348 1796 fuit
1394 1739 1644 1805 illorum,
1675 1750 1736 1793 ut
1783 1741 1926 1794 irent
1961 1755 2026 1795 ac
2069 1738 2236 1811 857

2343 528 2586 594 boribus,
2610 543 2731 599 quae
2756 529 2999 600 projeeta
3024 541 3150 586 sunt
3185 532 3240 588 in
3262 534 3367 602 via,
3395 537 3624 596 mandata
3653 542 3774 615 legis,
3793 559 3832 602 et

2344 620 2544 690 ﬁguras
2587 629 2750 691 atque
2780 622 3024 676 diversas
3048 622 3220 696 858
3257 629 3456 697 species
3473 640 3523 686 et
3562 640 3834 694 caeremonias

2341 708 2581 765 Judaicze
2629 711 2908 783 religionis
2951 713 3142 768 volunt
3193 715 3426 790 intelligi.
3479 719 3597 788 Quae
3633 726 3777 780 omnia
3813 746 3835 782 ε

2343 801 2670 859 Christianis
2718 804 2932 859 fuerant
2979 805 3347 864 conculcanda
3386 811 3436 864 in
3464 811 3563 878 via,
3609 813 3654 867 id
3690 825 3755 870 est
3798 819 3834 873 in

2342 895 2593 952 Christo:
2625 906 2681 952 et
2731 898 2853 953 ideo
2884 908 3013 954 tunc
3057 915 3152 956 eos
3195 902 3292 957 sub
3325 904 3536 974 pedibus
3548 905 3835 976 iumentorum

2343 988 2605 1044 stravisse
2634 1005 2718 1055 ea,
2756 998 2817 1044 ut
2842 990 3268 1063 intelligeremus
3303 996 3440 1064 quod
3485 998 3714 1052 mandatis
3747 1015 3837 1069 apo-

2331 1076 2606 1138 stolorum
2638 1093 2694 1140 et
2731 1085 2996 1142 doctrinis
3022 1096 3340 1144 sternuntur
3363 1088 3653 1159 Christiani,
3689 1103 3733 1149 et
3772 1111 3839 1150 ex-

2344 1176 2662 1237 hortantur:
2715 1177 2850 1250 legis
2905 1189 3085 1236 autem
3142 1182 3427 1248 mandata,
3474 1192 3525 1239 et
3564 1188 3837 1251 caeremoniae,

2343 1269 2524 1323 omnia
2550 1278 2676 1326 sunt
2703 1272 2932 1344 pedibus
2980 1275 3370 1332 conculeauda.
3405 1276 3516 1333 Non
3553 1279 3700 1335 solum
3724 1282 3839 1351 igitur

2344 1363 2596 1418 mandata
2640 1372 2698 1418 et
2745 1367 3136 1433 cmremonias,
3184 1383 3372 1423 verum
3423 1370 3576 1425 etiam
3616 1379 3660 1426 et
3684 1387 3839 1427 omnem

2344 1455 2571 1527 gloriam
2610 1473 2772 1528 quam
2825 1458 3100 1515 habebant
3150 1477 3217 1516 ex
3258 1461 3406 1533 lege,
3451 1461 3504 1516 hi
3545 1463 3627 1534 qui
3649 1475 3842 1519 venerant

2342 1563 2408 1602 ex
2455 1548 2892 1617 circumcisione,
2941 1553 3316 1623 projecerunt,
3364 1563 3423 1609 ut
3454 1553 3650 1611 Christo
3674 1555 3840 1611 lucriﬁc-

2343 1650 2484 1698 rent.
2519 1643 2693 1712 Quam
2739 1661 2870 1702 sane
2918 1647 3314 1718 expositionem
3345 1647 3552 1703 lectoris
3576 1646 3759 1702 arbitrio
3781 1648 3841 1701 de-

2344 1733 2625 1806 relinquo;
2659 1745 2867 1792 tantum
2898 1748 2957 1792 ut
2985 1754 3106 1810 quae
3153 1747 3307 1809 gesta
3337 1747 3482 1801 sunt,
3510 1738 3704 1810 ﬁguram
3729 1739 3842 1791 totius

644 1832 913 1898 dicerent,
939 1834 1064 1904 quia
1093 1831 1349 1887 Dominus
1389 1832 1472 1886 his
1505 1847 1633 1902 opus
1653 1831 1826 1896 habet,
1851 1845 1916 1885 ac
1944 1830 2237 1896 solverent,
2269 1824 2319 1885 Β
2345 1824 2600 1882 Ecclesiae
2645 1843 2763 1884 esse
2792 1829 3089 1902 intelligat,
3121 1840 3178 1887 et
3228 1830 3560 1902 prophetiam
3600 1845 3840 1899 magnarum

643 1922 837 1980 deinde
881 1934 943 1980 ut
990 1924 1327 1981 vestimentis
1376 1938 1471 1979 eos
1509 1923 1788 1978 vestirent.
1823 1920 2008 1978 Virtus
2053 1932 2233 1978 autem

643 2013 846 2072 Christi
876 2016 1000 2084 fuit,
1040 2025 1100 2073 ut
1125 2017 1486 2084 solverentur,
1514 2026 1570 2072 et
1600 2016 1916 2072 auctoritas.
1952 2015 2064 2072 Nec
2089 2012 2234 2071 enim

643 2104 834 2163 tollere
865 2109 1169 2177 potuissent
1191 2107 1439 2179 jumenta
1469 2107 1666 2173 aliena,
1695 2107 1762 2163 ab
1792 2122 1856 2162 eo
1893 2107 2115 2163 domino
2140 2107 2235 2178 qui

643 2213 737 2255 eos
762 2214 871 2255 non
897 2202 1257 2273 cognoscebat
1297 2202 1390 2273 qui
1413 2209 1611 2265 essent,
1642 2200 1753 2256 nisi
1795 2199 2057 2256 Dominus
2078 2198 2237 2256 Chri-

642 2300 760 2349 stus
806 2303 861 2350 et
890 2293 1128 2366 Spiritus
1154 2295 1272 2367 ejus
1297 2295 1649 2367 praevenisset
1686 2295 1740 2350 in
1767 2294 2052 2366 prophetia
2089 2293 2236 2349 futu-

641 2400 826 2441 rorum
853 2387 1019 2442 corda
1054 2387 1428 2452 dominorum,
1471 2395 1529 2441 et
1573 2393 1934 2458 praeparasset
1973 2385 2042 2440 ad
2086 2385 2231 2441 rela-

641 2479 900 2533 xandum.
929 2479 1008 2534 Ac
1037 2495 1134 2550 per
1157 2479 1261 2536 hoc
1291 2478 1553 2550 quidquid
1594 2477 1822 2549 apostoli
1849 2486 2146 2548 potuerunt
2178 2478 2234 2534 in

642 2569 842 2624 mundo
872 2579 980 2624 tam
1008 2571 1165 2641 pauci
1197 2579 1253 2626 et
1280 2569 1435 2636 viles,
1469 2577 1641 2624 totum
1670 2569 1844 2624 virtus
1867 2567 2072 2625 Christi
2107 2568 2230 2637 fuit,

638 2670 694 2716 et
719 2663 890 2734 gratia
915 2661 1213 2719 Salvatoris
1237 2662 1350 2719 Dei.

713 2749 956 2809 Plurima
987 2766 1162 2810 autem
1189 2755 1345 2810 turba
1381 2757 1678 2810 sternebant
1709 2756 2016 2810 vestimenta
2037 2773 2137 2811 sua
2175 2757 2231 2812 in

639 2847 760 2912 uia;
783 2845 877 2901 alii
898 2856 1073 2902 autem
1100 2849 1368 2904 credebant
1402 2865 1576 2903 ramos
1604 2849 1668 2902 de
1697 2849 1994 2914 arboribus,
2025 2859 2073 2904 et
2100 2859 2234 2905 ster-

643 2938 833 2992 nebant
868 2939 924 2993 in
951 2941 1055 2994 via.
1086 2939 1287 2996 Multus
1315 2956 1448 3013 ergo
1494 2941 1725 3013 populus
1754 2942 2083 2998 ascendebat
2107 2958 2234 3000 cum

641 3025 862 3084 Christo
889 3028 942 3084 iu
964 3026 1264 3085 Jerusalem
1291 3049 1303 3084 :
1334 3031 1430 3086 sed
1452 3031 1611 3086 valde
1639 3029 1989 3101 multiplicior
2013 3040 2116 3101 est,
2139 3033 2234 3104 qui

642 3131 740 3188 per
769 3133 862 3174 eos
893 3119 948 3174 in
986 3120 1180 3192 spiritu
1236 3121 1535 3193 prophetiae
1575 3121 1932 3193 ﬁgurabatur.
1967 3123 2066 3180 Ubi
2123 3133 2233 3181 tres

2340 1933 2544 1974 rerum.
2576 1918 2730 1976 Unde
2755 1930 2828 1987 et,
2862 1922 2970 1989 Qui
3014 1923 3404 1994 prrrcedebant,
3448 1933 3494 1978 et
3521 1923 3602 1995 qui
3634 1925 3844 1993 sequeban-

2337 2018 2446 2076 tur,
2479 2009 2779 2066 clamabant
2814 2013 3047 2068 dicentes
3075 2029 3095 2067 :
3128 2011 3390 2069 Hosanna
3418 2013 3524 2082 ﬁlio
3559 2012 3720 2076 David,
3741 2013 3843 2065 benc-

2339 2101 2509 2157 dictns
2557 2106 2647 2174 qui
2697 2105 2836 2160 venit
2899 2107 2953 2159 in
3003 2107 3215 2160 nomine
3274 2105 3505 2161 Domini.
3556 2104 3720 2160 Turba:
3764 2119 3844 2173 qua

2339 2193 2588 2247 exierant
2618 2210 2742 2250 cum
2771 2209 2837 2252 eo
2883 2199 2949 2252 de
2994 2195 3234 2264 Jericho,
3283 2205 3339 2251 et
3385 2196 3617 2253 viderant
3649 2193 3843 2250 mirabilia

2337 2299 2459 2355 qua:
2487 2287 2728 2342 ostendit
2752 2288 2854 2355 eis,
2887 2303 3064 2344 caecos
3090 2289 3446 2356 illuminatos,
3481 2298 3533 2346 et
3551 2288 3768 2344 Lazarum
3788 2301 3844 2340 re

2339 2391 2677 2452 surgentem,
2707 2383 2864 2446 valde
2904 2385 3136 2455 permoti
3192 2384 3495 2450 miraculis,
3526 2392 3578 2440 et
3601 2380 3844 2438 sanitatibus

2309 2540 2314 2548 '
2340 2488 2477 2543 quas
2503 2475 2760 2544 praestitit
2795 2476 2897 2543 eis,
2944 2477 3273 2534 exsultando
3301 2494 3359 2535 se
3386 2476 3521 2534 forte
3549 2474 3846 2532 transfundunt

2337 2567 2393 2624 in
2421 2567 2627 2636 laudes,
2666 2579 2728 2625 ut
2757 2571 3046 2642 impleatur
3099 2571 3166 2627 ad
3194 2571 3459 2638 litteram,
3510 2571 3639 2642 quod
3663 2583 3739 2641 per
3761 2581 3846 2638 pro-

2338 2659 2554 2732 phetam
2577 2661 2691 2731 jam
2719 2679 2883 2734 supra
2912 2663 3115 2720 dixisse
3143 2665 3516 2730 meminimus,
3539 2662 3700 2720 Gaude
3721 2660 3846 2723 valde,

2339 2752 2447 2808 ﬁlia
2475 2752 2604 2808 Sion
2625 2795 2640 2820 ,
2656 2755 2852 2826 jubila,
2892 2756 2998 2812 lilia
3027 2754 3372 2824 Jerusalem;
3403 2756 3642 2829 quoniam
3663 2769 3746 2810 non
3769 2752 3848 2807 sine

2337 2859 2532 2912 magna
2561 2845 2743 2901 cordis
2769 2847 3132 2904 exsultatione
3161 2849 3424 2920 p0pulus,
3465 2856 3514 2904 et
3561 2847 3641 2918 qui
3666 2842 3848 2916 pratibal,

2336 2943 2391 2990 et
2418 2935 2510 3006 qui
2543 2937 2892 3008 sequebatur,
2929 2937 3067 2994 forte
3113 2940 3246 2997 talia
3273 2941 3557 2997 clamabat.
3585 2937 3700 2994 Nam
3722 2937 3762 2991 in
3793 2935 3849 2988 bis

2338 3038 2566 3100 uterque
2592 3031 2822 3103 populus
2848 3032 3189 3105 intelligitur,
3223 3035 3319 3106 qui
3350 3044 3404 3090 et
3423 3043 3542 3090 ante
3560 3029 3848 3102 Evangelium,

2337 3131 2393 3178 et
2419 3132 2539 3195 post
2567 3124 2620 3179 in
2667 3123 2940 3181 Christum
2971 3127 3360 3195 crediderunt;
3394 3127 3493 3198 ipsi
3539 3137 3736 3194 namque
3767 3126 3849 3175 sunt

640 3209 864 3281 provide
919 3211 1054 3267 satis
1083 3211 1503 3269 introducuntur
1555 3212 1806 3279 ordines;
1862 3230 2003 3271 unus
2045 3230 2236 3273 eorum
2265 3207 2313 3272 C
2342 3215 2434 3286 qui
2465 3224 2521 3270 et
2541 3214 2854 3286 praecedunt
2894 3226 2949 3272 et
2977 3228 3307 3289 sequuntur.
3337 3218 3535 3277 Omnes
3562 3229 3712 3272 tamen
3735 3224 3849 3268 unum

641 3302 732 3372 qui
761 3318 942 3359 ramos
990 3304 1272 3360 caedebant
1309 3305 1374 3360 de
1404 3304 1710 3372 arboribus,
1741 3315 1798 3362 et
1821 3305 2057 3377 aliquam
2089 3325 2230 3380 prae-

640 3393 906 3465 parabant
953 3394 1167 3450 itineris
1210 3395 1697 3466 pulchritudinem,
1755 3413 1852 3468 per
1881 3400 2024 3470 quod
2062 3401 2231 3471 proﬁ-

639 3486 951 3542 ciscebatur
974 3503 1077 3542 una
1102 3503 1224 3543 eum
1248 3487 1496 3560 plebibus
1534 3488 1589 3544 in
1615 3487 1940 3546 Jerusalem.
1972 3490 2076 3560 Qui
2106 3493 2236 3549 licet

639 3576 866 3649 perfecti
888 3588 1072 3636 essent
1103 3581 1157 3636 in
1189 3580 1318 3649 ﬁde,
1345 3590 1403 3637 et
1425 3583 1602 3638 sancti
1633 3583 1686 3638 in
1715 3583 1938 3650 virtute,
1961 3601 2026 3640 ac
2064 3585 2228 3654 docti,

638 3672 912 3730 doctiores
949 3683 1130 3731 tamen
1159 3684 1286 3732 sunt
1313 3685 1370 3733 et
1395 3678 1718 3744 sanctiores,
1745 3687 1911 3750 atque
1937 3677 2232 3750 perfectio-

637 3779 728 3824 res
765 3768 822 3824 in
870 3767 977 3824 alio
1016 3768 1229 3837 ordine,
1260 3769 1356 3842 qui
1382 3770 1571 3826 habitu
1597 3770 1801 3827 Christi
1851 3771 2046 3840 induti,
2076 3788 2236 3830 orna-

639 3869 820 3916 menta
842 3860 1214 3917 doctrinarum
1245 3878 1465 3920 suarum
1495 3872 1551 3920 et
1575 3865 1832 3921 virtutem
1880 3874 2063 3922 vestes
2105 3882 2234 3937 pro-

639 3951 956 4009 sternebant
981 3954 1035 4009 in
1062 3955 1179 4022 via,
1225 3971 1323 4026 per
1370 3973 1532 4028 quam
1567 3958 1720 4013 asina
1756 3969 1810 4014 et
1838 3959 2038 4029 pullus,
2071 3959 2123 4015 id
2153 3969 2238 4016 est

638 4040 792 4113 plebs
815 4041 1053 4100 ﬁdelium
1086 4047 1344 4103 transiret
1369 4048 1438 4104 ad
1467 4047 1614 4104 illam
1653 4050 1884 4120 patriam
1931 4050 2232 4119 caelestem,

639 4144 910 4206 quatenus
937 4139 1295 4196 mundissiute
1325 4140 1656 4207 incederent,
1687 4157 1754 4198 ne
1801 4143 1856 4198 in
1911 4159 2104 4216 aspera
2147 4146 2234 4202 in-

639 4238 927 4286 currerent
949 4230 1088 4299 loca,
1118 4232 1456 4291 laborarunt.
1486 4233 1688 4291 Verum
1711 4246 1876 4309 agunt
1905 4237 2022 4294 haec
2048 4248 2235 4297 utnec

640 4326 843 4372 terram
873 4319 1063 4376 saltem
1110 4321 1431 4396 contingant
1471 4337 1648 4394 neque
1675 4339 1858 4380 rerum
1895 4333 2236 4384 terrenarum

643 4406 845 4476 aliquid
869 4410 1217 4481 pulvereum;
1243 4415 1338 4471 sed
1360 4414 1469 4471 sint
1497 4413 1604 4471 illis
1625 4416 1806 4471 omnia
1834 4416 1995 4488 plana
2022 4419 2233 4476 viarum

643 4502 841 4558 itinera
871 4512 927 4560 et
955 4519 1121 4575 prava
1151 4507 1204 4563 in
1255 4508 1522 4564 directum
1567 4508 1718 4564 ﬁant.
1751 4509 1854 4577 Qui
1883 4510 2010 4567 licet
2055 4511 2236 4584 perfe-

2339 3307 2546 3374 dicuut,
2571 3324 2749 3379 neque
2776 3309 2920 3366 aliud
2947 3311 3042 3381 qui
3086 3312 3432 3381 pnecedunt,
3462 3319 3516 3366 et
3542 3308 3671 3364 aliud
3688 3304 3758 3376 qui
3794 3315 3850 3355 se

2336 3409 2580 3472 quuntur
2605 3419 2619 3456 :
2653 3401 2748 3456 sed
2775 3417 2965 3458 omnes
2991 3403 3152 3458 simul
3175 3403 3494 3460 clamabant
3513 3414 3718 3460 consona
3745 3409 3850 3450 mce-

2337 3489 2639 3546 Humauam
2665 3492 2884 3562 quidem
2908 3492 3113 3549 Christi
3135 3493 3599 3566 dispensationem
3623 3491 3848 3546 laudantes,

2337 3589 2393 3634 et
2421 3581 2656 3636 divinam
2706 3582 3096 3653 praedicabant,
3150 3584 3206 3638 in
3260 3600 3328 3641 eo
3369 3585 3511 3657 quod
3546 3578 3852 3654 przedicabant,

2340 3673 2597 3730 "osanna
2627 3675 2740 3745 ﬁlio
2776 3675 2948 3731 David
2975 3717 2991 3743 ,
3025 3677 3337 3735 benedictus
3379 3681 3469 3752 qui
3499 3679 3624 3735 venit
3647 3670 3852 3730 insanin:

2340 3763 2573 3820 Domini.
2614 3763 2731 3820 Non
2762 3766 2907 3820 enim
2937 3765 3096 3822 aliter
3126 3769 3236 3824 nisi
3271 3770 3419 3827 Deus
3444 3778 3602 3835 esset,
3630 3767 3676 3822 in
3703 3760 3855 3818 nomine

2340 3855 2554 3911 Domini
2593 3857 2779 3912 venire
2800 3859 3090 3929 potuisset.
3119 3859 3230 3917 Sed
3255 3864 3386 3934 quia
3417 3863 3555 3918 Deus
3573 3863 3710 3916 homo
3733 3855 3854 3909 facint

2338 3958 2442 4014 est,
2476 3950 2801 4006 mirabiliter
2827 3953 3232 4010 restitutionem
3265 3956 3386 4026 ejus
3419 3955 3715 4028 prtedieant,
3735 3949 3775 4004 in
3793 3943 3853 4000 illi

2341 4043 2548 4099 caelesti
2571 4042 2875 4101 Jerusalem
2904 4057 3123 4116 sancta;
3150 4050 3207 4105 in
3234 4066 3303 4107 eo
3325 4053 3473 4122 quod
3502 4051 3684 4106 dicitur
3701 4043 3853 4098 [lasan-

2342 4151 2410 4189 na
2433 4135 2489 4190 in
2522 4135 2761 4190 excelsis.
2811 4136 2982 4205 Quem
3015 4155 3150 4196 sane
3174 4155 3400 4199 versum
3439 4143 3588 4198 turba
3623 4139 3680 4195 de
3709 4131 3857 4208 psalmo

2340 4226 2638 4282 centesimo
2678 4228 2912 4298 septimo
2944 4230 3157 4288 decimo
3203 4236 3464 4302 assumit,
3517 4233 3603 4304 qui
3647 4223 3857 4284 manifeste

2341 4318 2408 4373 de
2427 4315 2647 4374 Christo
2672 4321 3053 4392 prophetatur,
3085 4332 3140 4378 et
3185 4324 3244 4380 iu
3293 4326 3583 4400 synagogis
3625 4317 3858 4377 Judaeorum

2340 4408 2701 4466 celeberrime
2726 4428 2790 4467 ac
2817 4413 2982 4469 erebo
3027 4415 3320 4486 legebatur
3349 4438 3362 4474 :
3392 4420 3532 4474 unde
3557 4425 3608 4470 et
3637 4413 3699 4468 illi
3719 4403 3860 4480 populo

2340 4501 2522 4556 notior
2570 4511 2709 4556 erat.
2737 4503 2804 4558 Et
2833 4504 2955 4560 ideo
3003 4517 3294 4564 assumunt
3346 4509 3565 4567 eosdem
3610 4513 3783 4561 versus,
3816 4506 3858 4546 ει

641 4594 841 4652 ctiores
866 4597 978 4653 sint
995 4607 1052 4656 et
1075 4599 1347 4658 doctiores
1371 4602 1528 4669 tales,
1549 4602 1643 4673 qui
1669 4618 1736 4658 eo
1757 4615 1993 4674 aguntur
2014 4606 2229 4677 spiritu,

2340 4593 2536 4662 quibus
2584 4596 2927 4663 ostendatur,
2956 4599 3100 4669 quod
3129 4598 3244 4666 ille,
3289 4601 3386 4671 qui
3419 4610 3528 4656 tam
3556 4598 3639 4659 ibi,
3677 4604 3802 4664 quam
3824 4589 3860 4635 el

642 4699 800 4741 nemo
833 4695 1014 4744 tamen
1065 4689 1134 4746 ad
1167 4691 1380 4750 culmen
1416 4707 1606 4750 eorum
1658 4702 1839 4764 potest
1881 4696 2231 4768 contingere,

639 4777 730 4846 qui
763 4793 858 4835 eos
877 4779 1115 4850 primum
1149 4782 1306 4852 jussu
1332 4785 1427 4840 Dei
1454 4794 1508 4841 et
1537 4785 1756 4842 solvunt
1779 4795 1835 4842 et
1857 4787 2135 4844 adducunt
2161 4790 2231 4846 ad

637 4865 936 4938 Christum,
963 4881 1019 4928 et
1054 4881 1307 4932 sternunt
1335 4886 1656 4934 ornamenta
1687 4879 1952 4934 virtutum
2004 4896 2230 4938 suarum

640 4976 804 5032 super
847 4979 962 5032 eos,
987 4979 1220 5039 eumque
1251 4969 1484 5042 desuper
1508 4971 1697 5027 sedere
1740 4972 1966 5028 faciunt.
2010 4972 2077 5028 Et
2101 4975 2228 5044 quia

639 5055 818 5111 omnis
838 5061 1195 5129 comparatio,
1223 5062 1389 5117 etiam
1417 5063 1714 5120 secundum
1741 5063 2057 5120 saeularem
2088 5063 2229 5120 litte-

641 5155 907 5216 raturam,
944 5149 999 5205 in
1031 5151 1205 5208 tribus
1226 5163 1576 5226 comparatur
1600 5153 1877 5226 gradibus,
1899 5155 2025 5226 jure
2049 5156 2232 5213 omnis

639 5239 774 5293 ordo
809 5239 1197 5311 apostolorum,
1227 5257 1432 5314 eosque
1488 5244 1840 5310 imitantium,
1890 5243 2230 5314 perfectissi-

641 5347 763 5389 mus
784 5342 1008 5389 vocatur
1033 5345 1194 5407 atque
1245 5337 1642 5392 sanctissimus.
1683 5335 1740 5390 ln
1768 5335 1966 5406 quibus
1986 5337 2232 5408 profecto

639 5425 816 5482 tribus
865 5425 1164 5494 ordinibus,
1215 5427 1430 5484 favente
1471 5429 1602 5494 Deo,
1631 5442 1791 5482 nemo
1815 5428 1916 5483 nisi
1963 5429 2138 5485 bonus
2176 5440 2232 5488 et

641 5519 869 5576 devotus
898 5521 952 5575 in
975 5519 1102 5585 ﬁde,
1131 5522 1244 5577 Deo
1267 5529 1634 5592 comparatur,
1669 5528 1728 5573 ut
1754 5517 1958 5574 Christi
1987 5521 2228 5578 Ecclesia

642 5611 712 5668 ad
766 5612 911 5668 illam
966 5613 1242 5669 coelestem
1287 5611 1610 5679 Jerusalem,
1657 5621 1810 5667 recto
1859 5611 2071 5680 itinere,
2116 5615 2232 5686 ipso

642 5707 985 5778 prtesidente,
1021 5707 1304 5778 dirigatur.
1338 5706 1464 5762 Haec
1493 5721 1590 5777 pro
1636 5715 1795 5777 captu
1837 5717 2022 5762 nostro
2051 5706 2115 5761 de
2147 5709 2230 5763 his

645 5798 847 5856 dixisse
874 5797 1121 5866 sulliciat,
1156 5798 1283 5858 licet
1316 5797 1406 5860 alii
1452 5797 1610 5874 longe
1658 5797 1816 5860 aliter
1867 5798 2010 5858 hunc
2053 5797 2230 5857 locum

2339 4685 2488 4751 alibi,
2537 4689 3022 4758 repromittehatur
3072 4692 3138 4748 de
3185 4708 3395 4763 genere
3447 4692 3610 4750 David
3649 4692 3859 4744 venturus.

2330 4776 2444 4848 jam
2469 4780 2682 4835 venerit
2716 4781 3026 4839 salvaturus
3072 4784 3265 4852 Israel,
3295 4787 3516 4843 dicente
3548 4779 3697 4840 David
3730 4778 3772 4831 in
3801 4785 3862 4823 (‘0'

2336 4871 2458 4927 dem
2476 4871 2716 4942 psalmo:
2741 4871 2994 4945 Lapidem
3016 4892 3170 4948 quem
3193 4878 3600 4950 reprobaverunt
3619 4867 3759 4945 859
3779 4858 3863 4918 (τάδ-

2334 4963 2574 5049 ﬁcantes,
2622 4965 2708 5019 hic
2736 4965 2910 5036 factus
2960 4977 3035 5022 est
3079 4969 3136 5022 in
3182 4979 3346 5040 caput
3397 4965 3596 5040 anguli.
3636 4953 3862 5049 Αυοπιίξίθ

2335 5041 2536 5128 factum
2581 5067 2656 5113 est
2703 5059 2848 5113 istud
2872 5101 2886 5125 ,
2932 5070 2980 5116 et
3021 5071 3096 5116 est
3133 5061 3383 5117 mirabile
3423 5061 3479 5115 in
3522 5054 3673 5113 oculis
3706 5041 3861 5103 nostris

2335 5159 2443 5206 etc.
2495 5149 2669 5224 (Psal.
2720 5169 2798 5219 xt,
2843 5154 2937 5220 22,
2983 5153 3100 5226 25.)
3152 5153 3311 5211 Unde
3363 5165 3422 5211 et
3489 5146 3863 5220 evangelistam!!!

2335 5245 2605 5315 scriptura
2647 5257 3060 5314 commemorat,
3090 5264 3216 5304 mox
3268 5248 3580 5304 Pharisaaos
3619 5249 3669 5296 el
3701 5231 3864 5326 scribas.

2335 5337 2405 5392 oh
2434 5337 2536 5393 hoc
2579 5338 2911 5410 indignatos,
2938 5341 3084 5411 quod
3133 5341 3395 5396 viderunt
3435 5338 3700 5412 populum,
3723 5323 3865 5400 psalmj

2341 5429 2685 5502 prophetiam
2715 5447 2880 5504 super
2905 5432 3123 5490 Christo
3148 5434 3489 5490 intellexisse
3509 5419 3868 5516 completum?l

2339 5525 2638 5581 clamantes
2659 5541 2880 5598 pueros,
2906 5526 3164 5582 Hosanna
3183 5527 3300 5598 ﬁlio
3329 5528 3527 5592 David,
3555 5533 3606 5578 et
3632 5519 3798 5576 dixisse
3817 5524 3866 5608 ςιι

2339 5617 2508 5671 Audis
2535 5617 2661 5690 quid
2717 5619 2804 5672 isti
2840 5618 3063 5672 dicunt?
3107 5626 3162 5674 et
3200 5616 3391 5673 Jesum
3450 5611 3764 5688 respondisse
3795 5611 3867 5688 fis.

2339 5726 2608 5780 nunquam
2653 5709 2871 5780 legistis,
2929 5707 3014 5764 Ea:
3053 5725 3142 5764 ore
3185 5709 3504 5778 infantium,
3545 5717 3592 5761 et
3629 5691 3869 5758 lactenti!!!

2338 5799 2602 5872 perfecisti
2649 5799 2879 5857 laudem.
2912 5799 3052 5860 Ecce
3086 5809 3147 5857 ut
3195 5798 3406 5866 cernis,
3438 5799 3629 5865 lector,
3653 5792 3713 5850 de
3739 5794 3870 5845 ιεεετ·
