4008 6354
121 408 207 465 705

884 394 1249 456 EXPOSITIO
1286 395 1351 451 IN
1390 390 1825 449 MATTH‘EUM.
1862 420 1933 433 -
1968 392 2096 449 LIB.
2139 391 2228 457 lx,
2270 387 2424 448 CAP.
2464 384 2610 446 XXI.

3267 377 3375 435 706

116 522 378 590 tioneqnae
402 516 563 575 facile
582 515 811 589 exprimi
836 521 1075 599 poterat,
1095 511 1407 567 Benedictus
1431 508 1521 579 qui
1547 505 1683 560 venit
1712 511 1761 571 Α
1860 505 1927 560 Et
1958 524 2076 561 eum
2107 506 2370 561 introisset
2401 498 2843 569 Hierosolymam,
2868 501 3127 551 commota
3147 503 3223 550 est
3253 495 3373 549 uni-

114 620 160 673 in
177 617 377 671 nomine
402 613 641 671 Domini.
663 610 907 667 omnium
928 606 1395 679 Evangelistarum
1417 602 1685 672 scriptura
1716 642 1717 645 η

111 704 497 771 εοηεθιιιὶι;,όθ
543 702 940 763 verboautem
988 696 1230 761 Osanna,
1273 694 1400 765 quia
1452 692 1509 748 in
1537 691 1686 747 Grae-

110 815 214 854 cum
243 794 533 853 transferri
561 810 667 850 non
697 798 931 865 poterat,
982 789 1127 845 sicut
1156 802 1256 843 nec
1300 783 1558 848 Alleluia,
1586 796 1687 837 nec

109 893 255 944 Amen
283 888 451 943 aliter
470 868 837 958 interpretari,
868 883 1009 939 sicut
1028 888 1084 937 et
1109 881 1163 935 in
1185 878 1458 951 plerisque
1485 874 1687 931 factum

108 983 359 1045 videmus,
414 981 591 1051 ipsum
627 979 851 1034 verbum
905 975 1208 1031 Hebraeum
1264 979 1564 1045 posuerunt
1608 969 1689 1024 di-

108 1082 277 1128 centes
320 1070 567 1126 Osanna.
598 1069 776 1125 Lucas
819 1082 971 1134 vero,
1020 1067 1113 1137 qui
1168 1066 1315 1123 inter
1366 1079 1462 1121 eos
1513 1062 1688 1119 Graeci

110 1162 365 1219 sermonis
389 1160 794 1217 eruditissimus
824 1157 947 1222 fuit,
973 1158 1103 1215 etin
1125 1156 1317 1212 Graeco
1335 1154 1688 1223 Evangelium

109 1253 331 1322 scripsit,
362 1251 493 1321 quia
516 1265 577 1306 se
599 1250 736 1305 vidit
783 1248 1174 1320 proprietatem
1209 1248 1477 1303 sermonis
1508 1254 1691 1301 trans-

110 1344 235 1398 ferre
285 1357 397 1399 non
432 1356 615 1412 posse,
664 1340 869 1396 melius
891 1340 1187 1395 arbitratus
1211 1348 1297 1395 est
1318 1348 1522 1403 tacere,
1552 1345 1693 1394 teste

110 1436 451 1507 Hieronymo,
494 1450 659 1504 quam
706 1434 759 1489 id
790 1446 994 1505 ponere
1041 1432 1187 1502 quod
1238 1430 1437 1501 legenti
1488 1428 1694 1483 faceret

108 1530 471 1599 quaestionem.
502 1525 641 1582 Nam
681 1525 918 1591 Osanna,
947 1525 1090 1581 sicut
1118 1524 1263 1580 idem
1288 1523 1386 1589 ait,
1436 1529 1693 1591 corrupte

107 1622 300 1691 legitur
326 1621 537 1678 Osanna
594 1628 818 1691 propter
850 1618 1233 1691 ignorantiam,
1288 1626 1344 1672 et
1371 1616 1695 1687 interpreta-

110 1725 195 1770 tur
216 1714 468 1783 salriﬁea,
494 1713 611 1769 sive
635 1712 837 1767 salvum
860 1712 972 1782 fac,
996 1712 1140 1767 sicut
1166 1725 1235 1766 ex
1257 1710 1499 1765 omnium
1527 1710 1696 1763 inter-

109 1807 406 1877 pretatione
449 1806 723 1876 signatum
767 1811 870 1859 est.
897 1802 1031 1858 Nam
1065 1818 1227 1867 anna,
1261 1798 1565 1870 interjectio
1613 1806 1696 1854 est

1791 614 1937 653 versa
1970 598 2176 663 civitas,
2207 598 2384 651 dicens
2416 610 2437 650 :
2470 592 2601 661 Quis
2632 601 2707 647 est
2732 590 2857 644 hic?
2892 588 3206 645 lntroeunte
3245 586 3375 644 Jesu

1790 706 1915 747 cum
1960 690 2133 747 turbis
2162 697 2219 745 et
2264 687 2533 752 laudibus,
2564 699 2672 741 non
2698 682 2972 738 immerito
3001 682 3067 737 de
3091 690 3203 736 tam
3228 679 3399 759 ineo-5

1788 780 1902 836 litis
1915 779 2414 851 Hierosolymorum
2426 775 2621 832 civitas
2641 780 3013 830 commovetur
3022 770 3373 836 clamoribus,

1791 875 1998 930 mirans
2018 882 2227 930 tantam
2250 870 2434 943 populi
2461 868 2841 941 frequentiam,
2864 875 2919 923 et
2942 874 3053 922 tam
3078 864 3375 921 inauditam

1790 966 2067 1038 equitatus
2090 964 2259 1037 ipsius
2285 961 2692 1020 continentiam.
2722 958 2825 1027 Qui
2862 956 3105 1030 profecto
3132 956 3376 1013 nescien-

1792 1070 1876 1115 tes
1902 1058 2192 1114 veritatem
2237 1056 2337 1122 rei,
2368 1068 2544 1125 neque
2563 1058 2907 1109 sacramenta
2942 1049 3148 1115 salutis,
3191 1047 3381 1103 dicunt

1796 1151 1925 1219 Quis
1959 1152 2076 1206 est?
2114 1149 2270 1219 Quod
2298 1148 2537 1219 quidem,
2573 1146 2715 1203 sicut
2758 1143 2871 1213 jam
2897 1158 3058 1215 supra
3109 1142 3161 1197 in
3190 1138 3379 1213 paucis

1794 1242 2050 1308 diximus,
2094 1241 2221 1313 quia
2266 1240 2368 1296 ista
2412 1238 2591 1295 omnia
2632 1235 2961 1309 parabolicis
2990 1241 3223 1306 aguntur
3264 1247 3380 1303 my-

1794 1334 1999 1401 steriis,
2040 1334 2312 1389 mirantur
2348 1332 2462 1396 isti,
2503 1340 2560 1387 et
2597 1339 2974 1387 commovetur
3008 1337 3120 1384 tota
3166 1326 3379 1391 civitas,

1796 1426 1938 1482 sicut
1952 1433 2008 1482 et
2032 1425 2180 1480 illam
2203 1439 2494 1496 supernam
2515 1422 2816 1479 Jerusalem
2847 1420 3059 1485 fecisse,
3077 1416 3383 1474 dicentibus

1796 1516 2003 1589 angelis
2049 1517 2377 1572 ascendente
2425 1514 2663 1580 Christo,
2711 1513 2980 1585 legimus:
3010 1509 3141 1578 Quis
3170 1519 3244 1565 est
3274 1508 3384 1562 iste

1803 1608 1915 1663 Rex
1959 1608 2184 1679 glorise?
2226 1605 2399 1679 (Psal.
2432 1623 2588 1671 χχιιι,
2630 1604 2710 1678 8.)
2759 1605 3106 1662 Admirantes
3150 1613 3386 1673 namque

1798 1699 2027 1754 virtutes
2074 1698 2334 1756 caelorum
2378 1706 2434 1755 et
2476 1698 2676 1767 angeli,
2728 1713 2849 1768 qua:
2900 1711 3028 1751 vera
3068 1702 3153 1751 est
3193 1693 3386 1750 civitas

1800 1788 2296 1861 Hierosolymorum
2325 1829 2341 1855 ,
2387 1789 2490 1844 ista
2534 1789 2873 1859 interrogant
2918 1797 3141 1860 propter
3184 1801 3385 1843 novum

110 1871 240 1969 apud
282 1871 541 1953 Hebraeos
594 1896 960 1967 deprecantis,
1006 1895 1150 1951 sicut
1196 1903 1252 1949 et
1279 1893 1422 1963 apud
1461 1908 1561 1948 nos
1589 1900 1693 1959 est,
1723 1871 1774 1935 Β
1800 1882 2174 1938 indumentum
2218 1880 2464 1951 corporis
2512 1880 2649 1951 εἰπε·
2693 1880 2900 1948 Ουίδυε
2945 1896 3067 1935 Cum
3115 1879 3389 1936 diceretur

110 1995 218 2059 heu,
251 1993 510 2059 dolentis,
566 2002 752 2063 atque,
804 2008 975 2063 paper,
1010 1991 1349 2057 admirantis,
1400 1999 1457 2046 et
1500 1998 1695 2046 caetera

108 2086 431 2156 hujusmodi.
464 2084 620 2142 Unde
648 2093 706 2140 et
749 2083 893 2154 apud
914 2098 1011 2138 eos
1036 2082 1256 2148 dicitur,
1286 2082 1440 2135 Anna
1465 2080 1693 2145 Adonai,

106 2176 240 2244 quod
286 2175 461 2231 nostri
492 2174 765 2240 dixerunt,
792 2189 827 2229 ο
852 2173 1100 2237 Domine,
1132 2173 1231 2227 osi.
1262 2172 1429 2243 lgitur
1456 2170 1697 2226 salvilica

106 2266 515 2335 interpretatur,
547 2266 665 2321 sive
695 2265 905 2321 salvum
931 2247 1265 2339 facsPorro,
1289 2279 1451 2327 anna,
1477 2260 1698 2331 interje—

106 2358 207 2412 ctio
233 2369 338 2423 est,
370 2366 429 2413 ut
455 2357 592 2424 dixi,
623 2357 987 2429 deprecantis.
1012 2356 1166 2424 Quod
1191 2356 1239 2410 si
1266 2370 1331 2410 ex
1373 2354 1458 2410 his
1486 2354 1697 2409 duobus

106 2454 339 2510 volueris
388 2456 751 2524 compositum
776 2453 1000 2509 verbum
1031 2452 1231 2518 facere,
1262 2451 1411 2507 dices
1450 2450 1695 2515 osianna,

110 2544 213 2599 sive
234 2555 293 2600 ut
316 2545 431 2617 jam
462 2546 799 2602 consuetudo
843 2554 926 2601 est
950 2561 1173 2608 osanna,
1205 2542 1384 2598 media
1406 2541 1581 2599 vocali
1608 2539 1699 2595 lit-

112 2645 242 2703 tera,
274 2647 336 2693 ut
362 2655 484 2694 mos
512 2647 598 2695 est
626 2639 885 2703 metricis,
915 2638 1237 2707 intercepta.
1265 2636 1418 2704 Quod
1443 2642 1497 2691 et
1521 2634 1697 2690 ϐιωοἰ

115 2729 308 2787 faciunt
352 2748 517 2803 quam
547 2732 882 2803 frequenter,
923 2732 1087 2788 etiam
1117 2741 1173 2787 et
1195 2732 1246 2786 in
1272 2746 1456 2802 prosa.
1486 2730 1555 2785 Et
1578 2729 1699 2785 ideo

118 2838 271 2888 anna,
299 2824 425 2893 quia
475 2824 818 2895 deprecantis
838 2831 940 2889 est,
966 2838 1257 2895 possumus
1287 2824 1429 2878 hunc
1478 2836 1698 2877 versum

120 2912 429 2973 Ilebraicnm
481 2933 702 2985 sensum
752 2919 827 2973 ita
875 2917 1076 2989 legere,
1127 2916 1400 2981 Obsecro,
1446 2914 1696 2980 Domine,

118 3012 309 3067 salvum
366 3027 456 3068 me
522 3013 647 3077 fac,
698 3011 968 3076 Obsecro,
1010 3011 1279 3077 Domine,
1333 3022 1694 3081 prosperare:

118 3106 230 3173 quia
253 3107 331 3162 sic
348 3114 434 3162 est
459 3106 678 3177 gemina
701 3105 875 3175 posita
898 3106 1039 3175 apud
1061 3119 1156 3159 eos
1184 3101 1511 3171 interjectio,
1543 3099 1699 3155 Anna

118 3196 331 3262 Adonei,
375 3214 518 3251 anna
543 3196 774 3259 Adonai,
802 3196 943 3251 sicut
969 3202 1023 3249 et
1052 3211 1081 3247 ο
1115 3192 1364 3259 Domine,
1400 3190 1540 3261 apud
1580 3206 1694 3245 nos.

120 3284 242 3340 Nam
270 3287 476 3342 salvum
502 3286 588 3342 fac
613 3288 757 3357 quod
787 3287 1004 3354 dicitur,
1034 3285 1113 3340 sic
1136 3293 1220 3341 est
1250 3284 1453 3339 dictum
1482 3290 1545 3337 ut
1571 3298 1634 3338 su

115 3379 420 3444 audiamus,
456 3378 718 3450 populum
766 3386 915 3433 tuum
963 3377 1157 3443 Israel,
1208 3376 1320 3432 sive
1373 3374 1703 3447 generaliter

112 3472 390 3528 mundum.
440 3472 548 3529 Sed
600 3473 745 3543 quod
794 3474 849 3527 in
898 3471 1104 3528 nostris
1148 3470 1429 3527 codicibus
1473 3469 1705 3526 habetur

112 3580 322 3617 osanna
366 3564 475 3631 ﬁlio
515 3564 709 3630 David,
755 3562 909 3633 juxta
940 3565 1087 3619 hunc
1128 3577 1348 3618 sensum
1378 3561 1703 3631 quibusdam

110 3656 295 3709 visum
317 3664 400 3710 est
419 3671 534 3712 esse
552 3656 797 3723 latinius,
818 3665 879 3711 ut
903 3656 1138 3721 dicatur,
1160 3672 1385 3721 osanna,
1405 3654 1485 3724 [ili
1507 3653 1702 3720 David,

112 3747 361 3802 vocativo
405 3762 554 3812 casu,
578 3756 638 3831 et
681 3747 753 3803 sit
802 3762 1019 3814 sensus,
1056 3747 1305 3811 obsecro,
1338 3745 1586 3811 Domine,
1629 3743 1705 3798 fili

116 3838 301 3905 David,
326 3840 535 3895 salvum
559 3841 649 3897 fac
675 3860 688 3895 :
714 3841 858 3912 quod
879 3849 932 3895 et
958 3840 1140 3912 plures
1160 3838 1327 3911 860
1347 3839 1401 3893 in
1425 3838 1540 3894 suis
1564 3837 1707 3893 codi-

117 3932 266 3988 cibus
288 3934 584 3990 emendare
612 3935 726 4005 jam
756 3934 874 3989 ausi
922 3943 1065 3989 sunt.
1092 3932 1244 4000 Quod
1274 3926 1381 3987 rion
1433 3930 1708 3986 immerito

120 4024 459 4080 temerarium
505 4038 628 4080 esse
658 4024 892 4089 videtur,
939 4039 1064 4080 cum
1115 4031 1171 4079 et
1197 4021 1372 4078 Graeci
1409 4021 1625 4078 codices
1653 4030 1707 4078 et

120 4109 307 4182 Latini,
329 4130 687 4186 quoscunque
708 4115 976 4187 inspicere
996 4113 1165 4185 potui,
1199 4113 1440 4168 dativum
1466 4112 1709 4166 habeant

122 4219 314 4262 casum.
342 4208 659 4264 Secundum
681 4208 825 4278 quod
850 4215 921 4275 et,
945 4205 1248 4270 Mattbazus,
1281 4204 1373 4275 qui
1398 4204 1499 4259 hoc
1525 4204 1703 4259 Evan-

120 4298 305 4365 gelinm
331 4298 563 4356 Hebrmo
584 4314 834 4355 sermone
856 4296 1096 4367 scripsit,
1129 4297 1234 4351 hoc
1254 4293 1480 4350 verbum
1503 4294 1558 4348 iu
1598 4294 1706 4350 line

119 4392 391 4460 proposuit
420 4408 625 4445 osanna
676 4390 853 4454 rania,
902 4389 1047 4460 quod
1074 4395 1181 4453 est,
1238 4384 1475 4442 secundo
1522 4385 1707 4441 dicere

119 4483 252 4539 salus
288 4485 345 4539 in
371 4484 610 4540 excelsis.
637 4484 716 4539 Eo
738 4483 883 4554 quod
913 4482 1197 4537 Salvatore
1226 4489 1484 4535 nascente
1509 4479 1565 4533 in
1593 4492 1705 4534 eaa-

118 4572 217 4631 lum
266 4593 445 4648 usque
470 4578 619 4633 salus
643 4577 975 4647 pervenerit,
998 4576 1165 4631 etiam
1193 4575 1260 4630 ad
1290 4573 1528 4639 excelsa,
1570 4588 1705 4644 pace

118 4666 275 4735 facta,
304 4686 415 4726 non
445 4670 621 4725 solum
650 4671 704 4725 in
733 4679 897 4735 terra,
925 4684 1115 4724 verum
1145 4675 1200 4722 et
1220 4666 1275 4722 in
1307 4666 1465 4733 caelo,
1496 4674 1555 4720 ut
1589 4664 1703 4735 jam

124 4757 408 4828 aliquando
456 4758 957 4833 cessaretdicere,
1004 4758 1309 4814 inebriatus
1344 4764 1448 4829 est
1497 4756 1706 4828 gladius

131 4864 268 4906 meus
294 4852 349 4906 in
378 4851 537 4907 caelo.
563 4852 641 4907 Ac
667 4851 1043 4927 perhoccum
1072 4849 1271 4904 dicitur
1298 4848 1471 4918 prius,
1505 4864 1705 4902 osanna

128 4940 225 5005 ﬁlio
254 4944 450 5011 David,
499 4953 750 5019 repetunt
800 4945 971 4999 turhm
1018 4942 1251 5012 idipsum
1295 4939 1706 5012 gratulabundis

130 5034 358 5102 Vocibus,
388 5053 594 5091 osanna
623 5037 679 5090 in
711 5035 950 5090 excelsis.
982 5033 1086 5090 Ubi
1112 5033 1157 5088 si
1208 5040 1373 5101 recte,
1395 5030 1704 5101 inspicitur,

132 5132 327 5199 melius,
356 5151 563 5190 osanna
584 5132 695 5204 filio
716 5132 917 5197 David,
956 5146 1119 5201 quam
1149 5128 1228 5200 ﬁli
1256 5126 1425 5199 David
1454 5124 1705 5181 vocativo

130 5235 267 5290 casu,
284 5240 482 5281 sonare
509 5225 741 5281 videtur.
762 5223 949 5293 Neque
968 5222 1205 5292 idipsum
1228 5204 1461 5275 verbum,
1481 5232 1702 5278 osanna,

129 5324 189 5365 ex
214 5311 624 5395 duobusverbis
648 5311 840 5368 Graeco
860 5309 1117 5389 ‘videlicet
1144 5316 1200 5364 et
1224 5307 1470 5371 Hebraao,
1493 5312 1556 5360 nt
1581 5302 1702 5373 qui—

129 5403 238 5460 dam
289 5414 587 5477 putarunt,
641 5403 1000 5477 compositum
1065 5402 1337 5459 aestimare
1413 5398 1703 5469 debemus;

128 5499 213 5552 sed
272 5508 446 5555 totum
501 5498 791 5555 Hebraeum
856 5503 1103 5571 esseet
1146 5493 1309 5571 satis
1375 5489 1700 5565 obscurissi-

126 5605 293 5659 mum;
340 5594 516 5665 quod,
567 5594 660 5663 qui
716 5591 927 5667 legerit.
968 5589 1256 5662 epistolam
1308 5586 1465 5659 beati
1514 5584 1705 5654 Hiero:

126 5690 259 5759 ιιξωί
300 5691 369 5745 ad
410 5690 703 5746 Damasum
740 5703 938 5763 papam
969 5686 1226 5746 missam.
1272 5679 1705 5752 animadvertere

122 5782 440 5850 poterit..et
485 5783 589 5837 alia
622 5796 788 5853 quam
811 5780 966 5853 plura
990 5819 1003 5843 ,
1044 5792 1163 5849 qum
1209 5772 1493 5832 brevitatis
1540 5782 1705 5847 causa

122 5880 436 5936 omittimus.

1472 6010 1475 6013 ,
1484 6003 1517 6014 ρ

1802 1973 1855 2047 (1
1862 1974 1992 2040 bid.,
2019 1974 2108 2042 10)
2153 1991 2166 2028 :
2196 1972 2385 2028 Tollite
2405 1984 2583 2043 portas
2600 2013 2615 2038 ,
2652 1974 2932 2044 principes,
2960 1982 3176 2038 vestras,
3201 1981 3251 2027 et
3278 1971 3386 2027 ele-

1800 2065 1995 2119 vamini
2019 2073 2185 2135 porta:
2225 2063 2497 2119 wternales
2522 2074 2570 2118 et
2600 2065 2832 2119 introibit
2880 2063 3220 2136 Renglorioz.
3268 2063 3387 2120 Non

1802 2154 2094 2221 immerito,
2145 2169 2210 2210 ac
2260 2155 2305 2209 si
2357 2154 2740 2226 obstupefacti,
2771 2155 3103 2210 admirantes
3151 2155 3385 2211 dicunt:

1805 2248 1938 2314 Quis
1958 2258 2034 2303 est
2056 2249 2154 2303 iste
2176 2248 2291 2303 Rea:
2313 2249 2537 2319 gloriae?
2567 2249 2659 2305 Sic
2685 2256 2740 2303 ct
2762 2248 2817 2304 in
2833 2248 2969 2305 lsaia
2997 2265 3012 2304 :
3043 2248 3177 2315 Quis
3195 2259 3268 2303 est
3295 2249 3391 2303 iste

1802 2339 1892 2410 qui
1910 2340 2043 2394 venit
2064 2356 2129 2395 ea:
2143 2338 2336 2405 Edam,
2354 2340 2527 2394 tinctis
2544 2339 2763 2394 vestibus
2783 2341 2848 2394 de
2866 2338 3064 2394 Bosor?
3079 2338 3104 2392 Ι
3112 2348 3184 2393 ste
3198 2338 3392 2408 formo-

1802 2445 1891 2485 sus
1918 2432 1974 2485 in
1997 2431 2134 2485 stola
2154 2448 2252 2486 sua
2280 2432 2525 2501 gradiens
2553 2430 2690 2503 (Isa.
2714 2446 2868 2497 Lxut,
2894 2430 2946 2495 1,
2969 2431 3047 2499 2).
3073 2429 3202 2486 Hmc
3227 2430 3391 2487 idcir-

1802 2536 1870 2577 co
1897 2530 2149 2592 repetens
2175 2522 2426 2588 dixerim,
2466 2530 2525 2576 ut
2546 2520 2890 2578 ostenderem
2920 2521 3241 2591 mysterium
3269 2536 3391 2578 esse

1801 2612 2107 2669 futurorum
2137 2629 2258 2684 qum
2282 2622 2517 2683 aguntur
2541 2621 2599 2668 et
2622 2613 2893 2669 dicuntur.
2930 2612 3085 2670 Unde
3124 2621 3180 2667 et
3203 2628 3391 2670 ascen-

1802 2705 1967 2761 dente
2011 2704 2101 2759 illo
2142 2704 2195 2759 in
2221 2702 2521 2759 Jerusalem
2566 2704 2782 2769 dicitur,
2826 2703 2956 2770 Quis
2978 2713 3051 2759 est
3080 2703 3206 2757 hic?
3248 2703 3393 2771 Quo-

1801 2798 1948 2853 niam
1972 2796 2134 2868 861
2170 2804 2437 2852 commota
2473 2804 2558 2851 est
2592 2795 2845 2851 universa
2894 2795 3107 2851 civitas.
3149 2792 3287 2861 Quia
3335 2795 3393 2850 in

1802 2890 1887 2946 his
1921 2899 2199 2961 gestorum
2220 2888 2503 2944 eﬂ‘ectibus
2535 2887 2746 2958 species
2767 2886 3076 2943 futurorum
3098 2886 3390 2951 formatur,

1802 2993 1859 3040 ct
1897 2983 2153 3039 divinitas
2186 2983 2543 3054 praedicatur;
2588 2991 2643 3038 et
2664 2990 2839 3038 totum
2891 2981 3105 3039 decoris
3128 2981 3393 3053 quidquid

1802 3074 1957 3146 plebs
2001 3073 2308 3131 ludaeorum
2359 3074 2567 3138 habuit,
2609 3082 2669 3128 ut
2698 3072 2928 3143 alicujus
2974 3088 3134 3129 sensu
3176 3073 3391 3143 loquar,

1806 3166 2241 3238 patriarcharum
2268 3174 2323 3221 et
2346 3165 2734 3237 prophetarum
2760 3164 3025 3220 doctrinis
3047 3172 3131 3220 est
3160 3178 3397 3219 exorna-

1638 3244 1701 3337 1,-
1728 3244 1773 3307 C
1806 3266 1939 3314 tum.
1972 3258 2041 3314 Et
2080 3274 2149 3314 ne
2191 3256 2531 3313 offenderent
2571 3256 2625 3311 in
2673 3255 2908 3337 lapidem
2935 3254 3273 3321 offensionis,
3302 3254 3392 3309 via

1802 3352 2079 3408 substrata
2110 3359 2195 3407 est
2222 3358 2279 3406 et
2304 3356 2589 3419 exaequata
2631 3334 2903 3403 mandatis
2949 3354 3347 3417 praeceptorum
3372 3362 3388 3411 ;

1805 3446 1999 3502 deinde
2023 3446 2298 3517 gentilitas
2328 3443 2695 3515 apostolorum
2728 3450 2813 3497 est
2843 3442 2955 3497 Deo
2979 3438 3223 3509 subjecta
3249 3437 3396 3494 labo-

1806 3539 1958 3594 ribus
1976 3545 2033 3592 et
2060 3536 2358 3606 disciplinis
2405 3535 2609 3589 imbuta
2660 3532 2878 3589 divinis.
2922 3530 3165 3599 Quorum
3204 3527 3394 3584 olliciis

1806 3628 1942 3684 rami
1964 3628 2057 3699 qui
2086 3628 2369 3684 creduntur
2405 3625 2475 3680 de
2524 3624 2831 3688 arboribus,
2853 3622 2922 3677 ad
2962 3622 3264 3691 ingressum
3288 3617 3393 3673 vite

1804 3722 2048 3778 cmlestis
2067 3728 2383 3776 sternuntur
2402 3733 2501 3789 per
2518 3717 2790 3780 ordinem,
2822 3714 2874 3768 in
2905 3720 3117 3767 tantum
3142 3718 3204 3766 ut
3226 3707 3392 3764 etiam

1808 3812 2037 3868 exuvias
2093 3824 2382 3880 corporum
2417 3805 2766 3863 devotissime
2794 3809 3141 3874 prosternant
3165 3801 3220 3855 in
3247 3813 3392 3855 mor-

1807 3913 1939 3969 tem,
1978 3910 2040 3958 ut
2093 3901 2298 3957 Christi
2353 3898 2598 3955 Ecclesia
2646 3911 2861 3963 secura,
2912 3895 3028 3951 sine
3072 3890 3390 3955 offensione.

1809 3997 1980 4052 Deum
2014 3995 2068 4050 in
2091 4008 2150 4051 se
2169 4001 2414 4064 portans,
2439 3989 2573 4047 felix
2598 3989 2835 4045 incedat.
2869 3984 3121 4057 Alioquin
3148 3984 3264 4039 haec
3286 3980 3396 4038 nisi

1807 4086 2038 4157 mystica
2076 4092 2280 4149 essent,
2328 4098 2449 4153 quae
2477 4080 2785 4151 huiusmodi
2834 4076 3155 4135 reverentiae
3184 4073 3393 4129 utilitas

1807 4179 1989 4235 esset?
2027 4177 2159 4246 Quae
2204 4177 2376 4249 magis
2411 4174 2673 4245 impedire
2710 4180 2897 4244 posset
2936 4170 3179 4234 omnino,
3229 4182 3393 4239 quam

1808 4272 2083 4342 prodesse.
2126 4269 2352 4334 Idcirco,
2383 4276 2443 4322 ut
2474 4266 2609 4332 dixi,
2650 4264 2828 4320 omnis
2858 4264 2948 4320 hic
2991 4263 3133 4318 ratio
3180 4261 3235 4316 in
3262 4275 3391 4332 pro-

1810 4361 1996 4432 phetia
2034 4360 2203 4415 futuri
2233 4360 2515 4415 formatur.
2558 4355 2854 4425 PrOpterea
2884 4352 3049 4409 etiam
3077 4360 3136 4407 et
3155 4351 3394 4407 interro-

1809 4454 2085 4524 gantibus,
2132 4452 2255 4507 vilis
2301 4448 2578 4523 plebecula
2630 4445 2983 4517 respondens,
3027 4444 3335 4511 confitetur,
3369 4458 3397 4497 a

1812 4548 2115 4603 minoribus
2142 4546 2427 4617 incipiens,
2472 4554 2528 4599 ut
2558 4545 2625 4599 ad
2666 4541 2873 4613 majora
2906 4540 3210 4613 perveniat,
3238 4549 3295 4597 et
3319 4539 3403 4595 di-

1729 4625 1885 4696 Dcit
1914 4658 1926 4694 :
1960 4637 2063 4693 Hic
2107 4647 2184 4693 est
2230 4635 2388 4691 .lesus
2431 4634 2683 4705 propheta
2734 4650 2768 4687 a
2820 4630 3093 4687 Nasaretlt
3136 4627 3396 4685 Galilww.

1813 4731 1967 4800 Quod
1990 4730 2135 4786 enim
2158 4729 2363 4791 dicunt,
2395 4726 2498 4781 Hic
2524 4734 2598 4780 est
2618 4724 2773 4780 Jesus
2801 4723 3075 4796 propheta,
3104 4721 3276 4791 magis
3301 4718 3401 4775 ali-

1812 4825 1941 4897 quid
1975 4839 2101 4880 eum
2128 4837 2249 4879 esse
2276 4821 2570 4886 insinuant,
2603 4833 2767 4889 quam
2796 4816 3117 4888 prophetam
3157 4830 3171 4867 :
3202 4820 3259 4868 et
3279 4810 3400 4867 ideo

1812 4915 2031 4988 proprie
2048 4914 2192 4984 apud
2217 4913 2439 4969 Graecos
2461 4926 2584 4966 cum
2607 4907 2838 4964 articulo
2867 4906 3146 4970 scribitur,
3178 4902 3319 4959 sicut
3344 4908 3400 4956 et

1813 5023 1913 5063 nos
1938 5006 2049 5073 hic,
2078 5022 2185 5061 non
2215 5004 2317 5060 loci
2359 5001 2699 5069 adverbium,
2730 4999 2827 5058 sed
2852 5010 3152 5071 pronomen
3175 4994 3401 5051 demon-

1811 5100 2041 5157 strantis
2083 5097 2458 5171 pr0ponimus,
2499 5103 2559 5150 ut
2606 5092 2969 5165 intelligatur,
3006 5088 3095 5144 hic
3122 5094 3207 5142 est
3236 5099 3400 5157 quem

1810 5193 2023 5265 Moyses
2047 5191 2279 5247 similem
2316 5189 2419 5245 sibi
2454 5187 2592 5244 dixit
2636 5202 2759 5242 esse
2792 5191 3106 5239 venturum.
3139 5177 3185 5232 A
3217 5176 3400 5232 Naza-

1810 5287 1922 5342 reth
1951 5293 2136 5342 autem
2160 5283 2420 5349 σαιειωω,
2452 5282 2580 5354 quia
2616 5280 2690 5337 ibi
2713 5278 2891 5334 fuerat
2918 5276 3201 5338 educatus,
3221 5278 3282 5327 ut
3302 5267 3402 5325 llos

1809 5366 1987 5450 eampi
2021 5377 2322 5433 nutriretur
2342 5376 2398 5430 in
2437 5373 2570 5430 llore
2606 5373 2889 5427 virtutum.
2922 5367 3032 5422 Nec
3056 5366 3221 5439 igitur
3243 5368 3397 5435 puto,

1812 5473 1955 5543 quod
2000 5471 2092 5543 qui
2120 5486 2244 5527 eum
2280 5468 2446 5524 tantis
2476 5465 2728 5521 laudibus
2750 5467 3173 5534 prosequuntur,
3196 5463 3265 5528 et
3289 5462 3401 5509 tam

1815 5565 1996 5621 divina
2029 5572 2281 5620 retexunt
2300 5560 2506 5641 verbis,
2524 5561 2670 5631 ipsos
2690 5555 2950 5619 nescisse,
2974 5551 3103 5623 quid
3133 5549 3398 5611 dicerent,

1814 5646 1873 5716 ut
1899 5659 2118 5731 quidam
2155 5636 2365 5721 volunt,
2406 5652 2491 5710 vel
2531 5666 2707 5723 quem,
2735 5644 3050 5712 laudarent;
3095 5657 3255 5715 quem
3287 5634 3409 5696 tam

1812 5740 2096 5822 evidenter
2148 5770 2213 5811 ac
2259 5751 2305 5808 si
2339 5763 2409 5805 ex
2447 5746 2582 5819 lege,
2632 5743 2950 5822 prophetam
3007 5735 3399 5812 repromissum

1815 5820 2211 5915 demonstrant.
2242 5828 2435 5915 Quem,
2468 5840 2597 5896 licet
2635 5820 2710 5895 illi
2747 5839 3221 5895 commoverentur
3257 5825 3400 5882 indis
