4008 6354
614 391 720 447 707

1450 375 1508 438 S.
1547 371 1903 437 PASCHASII
1952 372 2299 435 RADBERTI
2336 375 2630 434 ABBATIS
2668 369 3118 432 CORBEIENSIS

3739 383 3818 442 708

614 508 867 577 gnantes,
899 500 988 555 isti
1018 505 1128 554 non
1156 503 1359 552 tacent.
1392 495 1550 552 Unde
1587 504 1642 550 et
1694 494 1770 550 illi
1802 494 1973 566 magis
2003 493 2203 565 magis-
2237 500 2285 559 Α
2312 495 2532 558 festum,
2561 498 2692 561 quot
2738 490 2904 545 millia
2951 488 3322 552 sacerdotum,
3358 495 3483 558 quot
3528 486 3816 561 Imitatum,

615 609 723 671 que
761 595 887 651 inde
932 591 1310 654 movebantur,
1359 587 1641 644 audientes
1689 603 1814 654 rem.
1858 586 2160 641 mirabilem
2190 628 2204 652 ,

617 690 763 761 quod
783 689 946 741 hoino
975 683 1294 737 laudabatur
1323 695 1352 735 a
1390 681 1585 745 turbis,
1617 687 1673 734 et
1701 681 1846 735 Deus
1867 677 2210 750 praedicabas

621 789 708 836 tur
743 781 796 835 in
827 777 1071 835 homine.
1103 775 1324 830 Peterat
1354 774 1474 830 ιιεή
1506 779 1562 829 ut
1601 774 1839 845 Spiritus
1861 779 2088 829 sanctus
2116 779 2208 828 su-

617 871 735 926 liito'
757 871 1028 941 inspiraret
1059 868 1110 921 in
1140 876 1256 931 eos,
1291 874 1392 921 nec
1429 865 1798 938 intelligerent
1841 865 2024 919 animo
2045 863 2210 919 verba

622 977 742 1034 quae
763 961 1061 1017 fundebant
1088 957 1355 1013 veritatis.
1386 957 1493 1013 Sed
1525 973 1631 1012 non
1668 963 1753 1013 est
1781 957 2127 1020 credendum,
2157 961 2216 1010 ut

622 1073 720 1114 eos
753 1041 949 1111 omnes.
985 1055 1062 1109 sic
1107 1052 1343 1122 Spiritus
1395 1059 1616 1106 sanctus
1662 1052 1808 1107 intus
1859 1050 2084 1115 albaret,
2122 1049 2216 1119 qui

623 1148 1026 1222 praecedebant,
1065 1153 1120 1201 et
1161 1147 1254 1216 qui
1297 1143 1684 1214 sequebantur,
1741 1158 1809 1198 ne
1853 1143 2218 1214 intelligerent

627 1242 756 1312 quid
791 1241 1064 1304 dicebant,
1110 1249 1286 1308 neque
1318 1237 1522 1292 scirent
1571 1236 1701 1303 quid
1746 1223 2009 1290 facerent.
2063 1233 2220 1300 Quod

625 1334 790 1390 etiam
827 1330 1044 1402 quidam
1073 1329 1386 1386 Graecorum
1415 1336 1526 1383 tam
1549 1328 1618 1383 de
1641 1329 1778 1392 istis,
1812 1337 1976 1398 quam
2001 1328 2068 1383 de
2095 1339 2220 1397 proa

589 1420 592 1421 ⁷
627 1424 808 1494 pinetis
835 1423 1017 1478 dicere
1057 1421 1367 1476 voluerunt.
1417 1420 1670 1475 Profecto
1711 1433 1837 1474 cum
1891 1421 1978 1474 isti
2028 1421 2083 1475 in
2123 1435 2220 1474 sua

625 1517 920 1587 loquuntur
941 1516 1146 1586 lingua,
1175 1517 1231 1569 et
1260 1523 1326 1569 ex
1356 1513 1679 1568 auctoritate
1702 1513 1868 1584 832
1901 1505 2126 1576 Psalmi,
2165 1520 2224 1566 ut

630 1609 767 1673 dixi,
796 1608 887 1662 ubi
923 1607 1090 1662 multa
1116 1607 1370 1662 dicuntur
1396 1605 1464 1660 de
1489 1604 1726 1667 Christo,
1756 1604 1885 1658 illud
1909 1604 2219 1660 decantant.

632 1701 701 1758 Et
752 1701 986 1756 maxime
1042 1709 1166 1755 eum
1204 1698 1416 1768 eligunt
1458 1709 1697 1761 versum,
1737 1695 1789 1750 in
1829 1711 1936 1766 quo
1961 1697 2224 1752 adventus

630 1793 747 1864 ejus
772 1793 960 1848 ad'eos
982 1791 1332 1862 praedicatur,
1359 1796 1412 1842 et
1436 1787 1704 1843 Divinitas
1719 1795 1890 1857 atque
1908 1788 2224 1842 humanitas

2309 593 2441 658 quot
2461 584 2741 640 hominum
2767 588 3156 637 convenerant.
3181 576 3334 634 Unde
3356 577 3522 633 fateor
3538 577 3676 648 plane
3695 584 3820 651 quod,

2310 691 2410 749 pro
2436 675 2738 747 exiguitate
2788 687 2982 729 sensus
3020 670 3152 734 mei,
3193 683 3300 725 non
3329 669 3450 724 dieo
3473 670 3714 740 explicare
3734 687 3822 732 νοτ.

2310 769 2418 835 bis,
2453 783 2643 825 verum
2682 782 2785 823 nec
2830 766 3089 822 admirari
3125 764 3284 836 digne
3322 777 3460 834 queo
3493 779 3552 819 ea
3576 777 3682 835 qua!
3703 768 3824 826 dictis

2314 869 2694 927 contexuntur,
2729 871 2922 930 quaeve
2949 857 3095 914 facta
3135 864 3446 920 narrantur,
3484 857 3600 912 dum
3625 858 3738 912 inira
3756 875 3820 930 ge-

2315 964 2522 1010 storum
2553 954 2708 1009 miris
2743 952 3040 1008 succedunt
3093 951 3273 1006 rebus.
3326 949 3507 1020 Neque
3551 951 3680 1006 enim
3712 950 3824 1007 elfari

2319 1065 2478 1120 queo,
2510 1049 2780 1120 quomodo
2820 1048 2873 1102 in
2901 1059 3014 1102 uno
3043 1047 3342 1117 eodemque
3371 1043 3580 1100 Christo
3599 1045 3746 1099 divina
3767 1060 3827 1101 re-

2319 1141 2527 1210 fulgent
2576 1137 2861 1204 miracula,
2899 1145 2954 1193 et
2992 1143 3358 1208 cooperantur
3393 1135 3625 1190 humanis
3669 1135 3828 1190 actibus

2323 1232 2377 1287 in
2407 1247 2510 1285 una
2561 1230 2764 1285 Christi
2811 1241 3082 1300 persona;
3136 1233 3191 1283 et
3237 1239 3360 1297 qua:
3397 1225 3714 1280 humanitatis
3745 1226 3828 1294 ejus

2324 1333 2467 1388 sunt,
2502 1323 2795 1380 sustollant
2825 1337 2885 1378 se
2912 1329 2966 1377 et
3001 1320 3329 1392 copulantur
3348 1318 3539 1374 divinis
3568 1335 3580 1372 :
3608 1316 3670 1372 ita
3693 1328 3740 1372 ut
3760 1333 3830 1373 nec

2325 1417 2507 1472 divina
2535 1416 2670 1470 ﬁant
2707 1413 2825 1468 sine
2853 1411 3193 1468 humanitate
3219 1408 3443 1471 Christi.
3473 1421 3567 1463 nec
3589 1408 3828 1463 humanitas

2326 1519 2580 1582 operetur
2613 1509 2816 1579 aliquid
2854 1507 2974 1564 sine
3013 1506 3309 1562 Divinitate
3355 1517 3468 1558 sua.
3491 1499 3610 1569 Quae
3635 1501 3830 1556 nimirum

2327 1606 2541 1678 gemina
2568 1605 2814 1674 Operatio
2838 1644 2851 1668 ,
2885 1601 2964 1657 sic
2993 1599 3047 1654 in
3079 1612 3188 1654 uno
3217 1595 3556 1668 coniungitur
3579 1593 3770 1657 Christo,
3793 1601 3831 1644 ut

2331 1709 2504 1757 totum
2542 1694 2892 1770 intelligatur,
2927 1694 3057 1766 quid
3087 1692 3221 1756 Deo,
3262 1691 3388 1761 quid
3420 1688 3629 1752 homini,
3659 1687 3832 1742 tribuere

2333 1795 2644 1849 debeamus.
2696 1790 2828 1859 Quae
2871 1795 3052 1842 tamen
3094 1797 3124 1839 a
3172 1783 3444 1855 principio
3492 1778 3830 1850 Evangelii,sic

631 1887 749 1959 eius
775 1884 935 1940 simul
983 1885 1037 1938 in
1063 1897 1168 1936 una
1219 1889 1448 1951 persona
1489 1879 1815 1934 ostenditur.
1847 1878 1910 1933 Et
1954 1885 2013 1932 ut
2051 1877 2226 1932 maui-
2258 1870 2306 1937 Β
2334 1886 2616 1943 sententiam,
2651 1881 2953 1945 sententiis,
2987 1885 3042 1934 et
3070 1875 3334 1932 miracula
3367 1869 3625 1929 miraculis
3643 1868 3832 1940 copulan-

635 1978 996 2034 fcstior’es‘set
1022 1989 1236 2040 sensus,
1265 1975 1473 2029 addunt
1501 1973 1760 2027 divinitus
1788 1973 2061 2042 inspirati,
2093 1985 2157 2026 ac
2182 1970 2228 2026 si

635 2070 844 2134 desito,
875 2070 1006 2125 illud
1047 2068 1202 2138 juxta
1251 2066 1514 2131 Marcum,
1539 2063 1878 2118 Benedictum
1921 2063 2063 2134 quod
2098 2061 2233 2118 venit

637 2171 854 2234 regnum
883 2163 1048 2233 putris
1079 2160 1246 2214 nostri
1283 2157 1473 2222 David,
1512 2166 1565 2213 et
1607 2165 1880 2228 repetunt,
1930 2169 2131 2211 osanna
2179 2156 2234 2210 in

642 2255 882 2312 excelsis.
906 2255 1058 2322 Quod
1089 2253 1253 2309 etiam
1286 2251 1620 2322 interrogati,
1652 2250 1881 2306 fideliter
1903 2261 2236 2322 prosequunn

640 2353 748 2411 tur,
777 2354 832 2400 et
853 2343 1151 2415 praedicant
1179 2355 1303 2397 eum
1349 2343 1491 2397 hunc
1518 2356 1640 2396 esse
1673 2341 2012 2397 Salvatorem
2037 2349 2090 2397 et
2113 2353 2240 2412 pro-

640 2439 860 2508 phetam
891 2451 920 2491 a
963 2435 1254 2491 Nazareth.
1288 2434 1440 2490 Unde
1488 2441 1666 2504 potest
1717 2434 1856 2501 fieri,
1916 2443 1975 2489 ιιι
2021 2450 2084 2489 ea
2116 2449 2238 2504 qua:

643 2539 814 2600 agunt
836 2529 996 2584 rebus
1020 2527 1294 2583 nescirent
1315 2525 1443 2596 quid
1470 2524 1776 2581 futurorum
1806 2525 1859 2581 in
1891 2541 1947 2581 se
1972 2537 2239 2595 praemon-

645 2623 914 2679 strabant.
945 2620 1059 2676 Hoc
1082 2627 1260 2674 tamen
1295 2632 1400 2672 non
1428 2625 1644 2688 op0rtet
1664 2621 1908 2684 credere,
1937 2617 2025 2672 tibi
2050 2631 2240 2672 omnes

646 2714 876 2786 apostoli
927 2719 980 2769 et
1022 2714 1174 2767 multi
1218 2711 1305 2765 alii
1357 2711 1769 2780 discipulorum,
1804 2711 1964 2766 simul
1994 2725 2119 2766 cum
2151 2723 2238 2774 eo,

645 2807 736 2878 qui
761 2806 873 2874 jam
919 2805 1280 2869 crediderant,
1320 2802 1743 2858 comitabantur.
1795 2803 2014 2859 Necnon
2042 2811 2096 2859 et
2123 2817 2242 2858 mu-

645 2899 809 2956 lieres
838 2911 960 2967 quae
995 2909 1117 2951 cum
1149 2905 1215 2952 eo
1258 2910 1287 2949 a
1325 2894 1545 2951 Galilaea
1577 2906 1860 2962 venerant,
1896 2911 2001 2950 non
2041 2896 2242 2951 intelli-

654 2995 862 3059 gerent.
903 2987 968 3042 Et
1012 2987 1170 3042 turba
1198 2993 1318 3056 quin
1354 2995 1434 3041 tet
1463 2985 1724 3042 miracula
1761 2989 1992 3052 viderat,
2024 2972 2246 3043 omnino

655 3095 765 3136 non
793 3079 864 3136 ob
884 3078 1026 3134 aliud
1052 3080 1166 3134 hzec
1191 3078 1394 3144 omnia,
1439 3077 1541 3134 nisi
1573 3079 1638 3134 ad
1667 3079 1879 3136 laudem
1908 3089 1964 3134 et
1994 3079 2114 3149 ejus
2136 3077 2249 3151 glo-

652 3174 791 3230 riam
832 3172 1085 3245 agebant,
1117 3165 1202 3227 cui
1254 3183 1490 3228 consona
1521 3187 1654 3228 voce
1699 3180 1807 3227 tam
1849 3171 2107 3229 mirificus
2154 3173 2249 3228 de-

2336 1994 2444 2048 tur,
2474 1990 2532 2036 ut
2574 1979 2729 2049 juxta
2761 1975 3126 2042 Ezechielem,
3155 1973 3304 2027 intus
3353 1979 3407 2024 et
3455 1967 3580 2024 foris
3611 1964 3740 2036 plena
3760 1964 3834 2018 sint

2335 2074 2528 2140 oculis,
2551 2083 2729 2142 neque
2759 2071 2945 2126 sinunt
2973 2066 3250 2138 respirare
3285 2061 3553 2123 icctor‘em,
3581 2057 3667 2113 nisi
3693 2064 3735 2110 et
3755 2069 3836 2124 quat

2338 2169 2437 2224 Dei
2463 2174 2607 2230 sunt,
2649 2173 2704 2218 et
2728 2176 2848 2234 qua:
2889 2157 3128 2217 hominis
3169 2157 3223 2211 in
3258 2168 3368 2209 uno
3391 2152 3664 2219 eodemque
3682 2145 3839 2202 Christo

2342 2259 2500 2317 simul
2525 2258 2844 2330 junguntur.
2883 2250 3092 2308 Idcirco
3123 2263 3247 2320 qua:
3278 2258 3424 2302 nunc
3446 2249 3662 2317 aguntur
3688 2239 3836 2295 intem.

2341 2353 2449 2428 plo,
2491 2356 2590 2408 etsi
2640 2351 2797 2424 juxta
2855 2347 3252 2404 humanitatem
3297 2342 3414 2414 ejus
3460 2339 3593 2395 facta
3639 2337 3836 2392 videnlur,

2342 2445 2468 2517 quia
2503 2444 2637 2498 mira
2670 2449 2814 2507 sunt,
2839 2439 3022 2495 divina
3049 2445 3232 2493 tamen
3261 2447 3382 2490 esse
3408 2432 3696 2504 probantur,
3717 2435 3836 2517 eaque

2345 2515 2459 2608 ipsa
2490 2545 2610 2604 qure
2649 2542 2776 2588 tunc
2809 2531 2976 2602 gessit
3004 2529 3168 2594 Deus,
3205 2528 3372 2583 homo
3402 2526 3452 2580 in
3479 2522 3641 2593 specie
3665 2515 3837 2608 quotidie

2347 2607 2605 2684 divinitus
2637 2634 2895 2695 operatur
2933 2624 2986 2676 in
3037 2635 3259 2694 genere.
3303 2617 3455 2676 Unde
3491 2615 3694 2688 primum
3713 2607 3841 2695 videas

2348 2737 2468 2776 nius
2501 2719 2567 2774 ad
2611 2693 2847 2773 litteram
2889 2729 3009 2784 quae
3049 2693 3185 2768 sunt
3224 2728 3289 2768 ea
3333 2725 3450 2782 quae
3488 2704 3679 2768 evertit,
3702 2707 3743 2756 et
3778 2693 3839 2765 qui

2349 2813 2457 2868 sint
2486 2825 2621 2882 quos
2665 2809 2845 2877 ejecit,
2879 2816 2934 2863 et
2981 2820 3090 2861 non
3130 2804 3354 2860 aliunde
3400 2811 3552 2874 quam
3595 2798 3652 2852 de
3675 2789 3831 2859 templo.

2350 2904 2524 2960 Nimis
2569 2903 2713 2959 enim
2757 2895 2935 2956 omnis
2987 2898 3179 2968 religio
3207 2896 3396 2968 templi
3429 2895 3497 2950 ob
3522 2887 3756 2946 avaritiam
3781 2897 3820 2935 sa

2351 2997 2658 3060 cerdotum,
2687 2994 2887 3049 violata
2922 3000 3062 3056 erat,
3113 3007 3242 3046 cum
3282 3000 3336 3045 et
3387 2991 3542 3044 boves
3571 2989 3617 3038 et
3643 2987 3760 3040 ovet.
3784 2985 3846 3026 59"

2352 3097 2545 3145 caetera
2597 3099 2716 3156 qua!
2764 3086 2818 3140 in
2871 3082 3154 3140 sacriﬁciis
3205 3081 3566 3137 oﬂerebantur
3607 3062 3844 3156 divinis“!

2355 3180 2556 3250 templo
2591 3155 2758 3249 (sicut
2799 3176 3034 3233 Joannes
3081 3174 3298 3245 plenius
3339 3170 3587 3240 insinuat)
3609 3161 3774 3220 venalia
3795 3155 3845 3250 iu-

654 3265 950 3322 cantabant
986 3263 1190 3319 laudes.
1235 3262 1352 3318 Non
1383 3264 1523 3329 dico,
1553 3263 1696 3334 quod
1725 3265 1841 3319 sine
1869 3263 2076 3335 Spiritu
2123 3276 2248 3319 san-
2277 3249 2321 3310 C
2355 3249 2809 3339 traducebantur;
2852 3273 2925 3327 ira
2957 3279 3016 3326 ιιι
3043 3271 3096 3325 in
3120 3283 3189 3325 eo
3231 3269 3364 3324 nihil
3387 3267 3524 3322 aliud
3561 3273 3697 3334 quam
3715 3249 3845 3310 nundi-

655 3361 744 3413 cto
773 3355 879 3410 ista
912 3362 1160 3426 agerent,
1203 3353 1302 3410 sed
1344 3354 1512 3410 etiam
1542 3354 1686 3425 quod
1723 3353 1955 3426 agebant
1993 3353 2252 3412 divinitus

657 3447 932 3520 inspirati,
969 3449 1140 3502 totum
1191 3445 1386 3502 devote
1430 3461 1494 3500 ac
1541 3445 1676 3500 satis
1714 3445 1968 3517 religiose
1995 3448 2251 3517 agebant,

655 3555 757 3612 pro
787 3538 1038 3594 omnibus
1069 3549 1191 3609 quae
1231 3537 1300 3592 ab
1326 3551 1392 3592 eo
1429 3536 1665 3608 gloriose
1713 3537 1874 3592 nimis
1914 3535 2056 3592 facta
2105 3537 2256 3593 vide-

659 3639 784 3686 rant
825 3630 909 3686 vel
952 3630 1256 3685 audierant.
1314 3628 1431 3696 Qua
1476 3629 1543 3684 de
1593 3643 1755 3684 causa
1784 3627 1986 3684 Christi
2013 3625 2254 3685 Ecclesia

658 3726 849 3784 eadem
877 3733 1024 3798 gesta
1053 3738 1150 3795 per
1168 3723 1410 3795 singulos
1431 3739 1602 3780 annos
1632 3725 1888 3781 decenter
1909 3733 2034 3782 ante
2059 3725 2257 3782 festum

661 3819 802 3876 diem
829 3819 1054 3876 Paschut
1103 3819 1158 3875 in
1201 3822 1518 3876 memoriam
1550 3835 1739 3876 eorum
1773 3839 1893 3894 quae
1920 3832 2073 3894 gesta
2109 3832 2258 3890 sunt,

662 3917 719 3965 et
748 3910 802 3965 in
832 3911 1164 3980 exemplum,
1218 3910 1585 3967 concelebrat.
1617 3907 1882 3968 Ferent’es
1924 3913 2120 3986 singuli
2173 3929 2262 3968 ra-

664 4015 782 4057 mos
813 4002 1068 4056 arborum
1091 4003 1333 4058 virentes
1375 4017 1496 4058 cum
1523 4002 1719 4074 palmis
1754 4015 1808 4060 et
1842 4003 2088 4070 ﬂoribus,
2121 4017 2186 4060 ac
2215 4005 2262 4060 si

664 4091 912 4152 victricia
955 4095 1155 4151 Christi
1199 4095 1374 4167 signa,
1409 4098 1462 4152 in
1491 4099 1772 4165 manibus;
1815 4097 2117 4172 gaudentes
2146 4099 2264 4170 ejus

673 4187 832 4261 digne
863 4187 1166 4260 gloriﬁcare
1197 4189 1466 4259 passionis
1492 4189 1851 4260 triumphum,
1883 4199 1937 4245 et
1968 4192 2264 4261 praedicare

671 4284 738 4338 ad
763 4281 908 4336 illam
935 4282 1209 4338 caelestem
1245 4281 1583 4339 Hierusalem
1626 4285 1782 4340 valde
1807 4285 2110 4343 mirabilem
2141 4303 2265 4344 cum

671 4372 870 4443 palmis
901 4372 1220 4429 victricibus
1249 4375 1576 4445 ingressum.
1607 4373 1866 4448 Sequitur
1895 4396 1907 4432 :

748 4465 814 4520 Et
839 4461 1068 4521 introivit
1092 4466 1249 4522 Jesus
1294 4469 1347 4522 in
1389 4468 1636 4540 templum
1665 4469 1782 4537 Dei,
1820 4481 1868 4527 et
1903 4473 2139 4542 ejiciebat
2165 4492 2272 4529 om-

680 4573 768 4611 nes
813 4557 1086 4612 uendentes
1126 4568 1173 4613 et
1206 4571 1429 4615 ementes
1459 4561 1514 4615 in
1537 4560 1727 4633 templo
1750 4604 1762 4628 ,
1807 4571 1854 4618 et
1885 4581 2093 4620 mensas
2117 4584 2269 4621 num-

2356 3379 2441 3420 nae
2473 3365 2806 3430 viderentur,
2838 3372 2893 3418 et
2919 3360 3069 3417 foros
3095 3359 3392 3414 venalium.
3428 3356 3525 3414 Ubi
3568 3367 3674 3411 cum
3705 3347 3845 3402 intras-

2359 3471 2444 3519 set
2469 3459 2729 3534 primnm,
2755 3468 2809 3514 et
2833 3457 3078 3524 vidisset,
3113 3457 3260 3513 sicut
3285 3457 3494 3512 Marcus
3527 3456 3686 3508 narrat
3712 3439 3846 3534 (Matt-

2358 3573 2436 3623 ιι,
2462 3531 2572 3625 ll),
2612 3551 3019 3624 Circumspectis
3049 3549 3320 3615 omnibus,
3361 3563 3428 3604 ne
3458 3541 3787 3602 inconsiderate
3803 3531 3852 3625 la-

2361 3620 2541 3710 ceret,
2567 3643 2687 3714 jam
2735 3620 2944 3713 vespere
2993 3639 3154 3710 facta,
3203 3639 3365 3694 exiuit
3403 3640 3458 3692 in
3494 3631 3731 3691 Bethania,
3761 3620 3851 3676 unde

2364 3751 2523 3793 mane
2550 3751 2829 3808 regressus
2847 3741 2902 3789 et
2929 3734 3207 3804 ingressus
3237 3733 3288 3787 in
3323 3729 3534 3801 templo,
3561 3725 3700 3795 cmpit
3719 3715 3851 3788 ejicere

2364 3828 2508 3884 {acto
2552 3825 2764 3896 ﬂagello
2786 3825 2851 3880 de
2877 3824 3114 3880 restibus
3150 3839 3347 3879 omnes
3367 3821 3642 3878 vendentes
3665 3822 3707 3868 et
3729 3818 3854 3863 conn.

2367 3925 2470 3975 tes.-
2507 3916 2644 3972 Nam
2676 3931 2742 3972 eo
2775 3915 2828 3970 in
2859 3923 3101 3984 tempore
3128 3914 3197 3970 de
3228 3913 3444 3969 cunctis
3478 3923 3606 3982 pene
3631 3897 3854 3974 regioni!!!”

2366 4007 2698 4072 Iudaeorum,
2722 4007 2850 4061 illuc
2877 4005 3106 4076 populus
3133 4004 3493 4068 conﬂuxerat,
3515 3986 3857 4055 innumerabiles-

2369 4120 2475 4176 que
2501 4101 2926 4159 immolabantur
2950 4097 3154 4159 hostias.
3204 4099 3444 4153 maxime
3470 4095 3521 4149 in
3552 4089 3711 4148 diebus
3737 4077 3856 4136 festis.

2371 4209 2652 4255 taurorum
2687 4195 2917 4258 scilicet,
2958 4194 3188 4249 arietum
3213 4202 3270 4249 et
3294 4193 3582 4252 hircorum,
3606 4187 3861 4241 ceterorum-

2371 4307 2478 4364 que
2508 4290 2822 4347 animalium
2851 4305 2973 4360 quae
3021 4289 3223 4342 manda
3263 4289 3316 4342 in
3361 4283 3474 4357 lege
3500 4281 3780 4338 dicebantur.
3804 4263 3860 4363 lu-

2375 4391 2607 4438 venerat
2645 4395 2776 4450 ergo
2823 4376 3166 4435 sacerdotum
3217 4377 3504 4448 cupiditas,
3534 4381 3587 4426 ut
3612 4371 3706 4424 haec
3727 4368 3864 4450 omnia.

2377 4487 2446 4528 nc
2487 4471 2581 4527 ulli
2611 4443 2825 4527 deesset
2851 4470 2994 4540 quod
3030 4467 3256 4524 offerret
3292 4443 3624 4524 haberentur
3659 4459 3701 4512 in
3731 4443 3866 4540 templo

2376 4554 2620 4627 venalia;
2649 4571 2701 4616 et
2732 4577 2796 4617 ne
2830 4560 2969 4615 ullus
2989 4574 3054 4615 ex
3079 4559 3414 4630 pauperibus
3449 4573 3509 4612 ea
3535 4543 3764 4624 milia
3782 4537 3865 4590 abs-

679 4647 1055 4716 mulariorum,
1097 4661 1145 4706 et
1170 4652 1450 4706 cathedras
1481 4653 1812 4708 vendentium
1839 4655 2107 4713 columbas
2129 4677 2272 4714 ever-
2299 4615 2351 4681 θ
2378 4671 2488 4726 que
2524 4651 2793 4710 sacrificio
2832 4662 2996 4708 esset.
3025 4650 3199 4706 Erant
3230 4660 3289 4707 et
3322 4648 3454 4721 pulli
3476 4642 3789 4701 columbarum
3812 4635 3868 4726 τέ

677 4740 1013 4796 tit.Pi-imum
1042 4749 1142 4809 est,
1180 4753 1237 4798 ut
1259 4743 1593 4800 admiremur
1620 4761 1733 4801 rem
1756 4754 1986 4818 gestam,
2010 4753 2270 4820 quoniam

680 4849 843 4906 supra
892 4843 1142 4889 naturam
1194 4835 1555 4891 humanitatis
1601 4845 1716 4903 est,
1761 4837 1812 4891 id
1847 4847 1932 4893 est
1968 4841 2268 4896 secundum

681 4927 824 4996 quod
857 4927 1140 4983 videbatur
1169 4925 1305 4982 fabri
1352 4935 1406 4983 et
1445 4927 1627 4984 Mariae
1657 4929 2001 5001 paupercula:
2032 4932 2275 4989 mulieris

684 5019 799 5090 ipse
823 5033 1029 5090 pauper
1056 5017 1216 5082 ﬁlius,
1247 5025 1303 5073 ut
1331 5023 1477 5073 tanta
1503 5028 1746 5075 uteretur
1769 5021 1983 5086 fiducia,
2015 5031 2274 5094 tantaque

684 5118 973 5180 potestate,
1031 5111 1255 5181 eiiciens
1289 5123 1480 5167 omnes
1508 5114 1805 5170 vendentes
1845 5124 1900 5168 et
1941 5125 2187 5173 eruentes
2215 5121 2279 5176 de

690 5199 907 5270 templo,
934 5200 1075 5273 quod
1113 5204 1394 5275 augustius
1426 5203 1696 5260 renitebat
1735 5214 1790 5261 et
1836 5207 2200 5265 venerabatur
2228 5211 2280 5265 in

691 5301 805 5347 toto
832 5294 962 5347 orbe
991 5299 1261 5349 terrarum
1290 5311 1305 5360 ;
1333 5291 1459 5366 quia
1494 5311 1593 5351 nec
1615 5297 1869 5367 princeps
1894 5298 2121 5370 alicujus
2148 5319 2282 5374 gen-

695 5383 779 5446 ris,
821 5395 976 5442 utens
1003 5383 1244 5457 qualibet
1271 5396 1558 5458 potestate,
1592 5387 1728 5445 forte
1754 5400 1970 5460 poterat
2003 5392 2162 5450 facile
2191 5413 2283 5452 ex-

694 5463 892 5548 piittire
919 5477 1061 5548 quod
1111 5480 1238 5534 fecit
1263 5477 1439 5535 Jesus.
1471 5481 1535 5534 Et
1567 5482 1666 5536 hoc
1695 5486 1839 5553 quod
1869 5489 2089 5542 memini
2117 5504 2283 5560 supra

693 5569 808 5639 iam
836 5569 1039 5625 dixisse
1063 5612 1075 5632 ,
1108 5572 1238 5641 quia
1269 5572 1372 5628 nisi
1405 5571 1606 5644 aliquid
1648 5574 1701 5629 in
1732 5591 1798 5631 eo
1832 5575 2092 5635 divinitus
2120 5581 2284 5637 reful—

699 5661 860 5716 sisset
885 5662 936 5715 in
983 5657 1154 5729 vultu,
1188 5663 1405 5735 quando
1451 5666 1576 5721 talia
1623 5669 1972 5740 gerebantur,
1995 5677 2138 5744 quod
2163 5691 2287 5746 per-

704 5751 919 5808 celleret
949 5755 1305 5820 adversarios,
1330 5757 1496 5830 863
1522 5775 1860 5832 nequaquam
1889 5764 2120 5824 dixerim
2144 5771 2288 5841 quod

707 5846 942 5903 humana
976 5848 1171 5902 virtute
1203 5849 1377 5903 facere
1404 5853 1691 5922 potuisset,
1724 5857 1810 5912 ubi
1843 5860 2025 5916 nescio
2057 5863 2122 5918 ad
2146 5865 2288 5922 diem

2381 4747 2556 4812 nales,
2581 4761 2645 4801 ac
2678 4755 2916 4800 turtures
2965 4759 3060 4799 seu
3105 4755 3382 4813 passeres,
3425 4748 3476 4795 et
3519 4723 3869 4813 ratumque?!"

2382 4837 2690 4894 volatilibus
2733 4811 3124 4894 offerebantur:
3179 4835 3314 4903 Quia
3364 4834 3660 4904 plerumque
3699 4811 3871 4904 accidere

2384 4931 2621 4995 solebat,
2665 4937 2725 4984 ut
2753 4931 2843 5000 qui
2876 4930 2942 4984 de
2972 4929 3132 5000 longe
3163 4902 3428 4984 venerant
3467 4920 3691 4976 victimas
3705 4921 3783 5000 not!
3809 4902 3873 4953 h"

2386 5024 2609 5083 bercnt;
2662 4998 2870 5074 idcirco
2911 4998 3357 5090 excogitaverunt
3407 5008 3658 5085 quomodo
3681 4998 3871 5092 sibiiuﬁf‘

2393 5113 2514 5166 dam
2545 5114 2609 5166 de
2632 5113 2832 5181 pepulo
2861 5110 3124 5176 facerent,
3154 5122 3210 5166 et
3233 5112 3416 5166 omnia
3449 5122 3562 5178 qua:
3590 5103 3648 5158 ad
3674 5086 3867 5181 sacriﬁcit

2393 5215 2528 5274 opus
2571 5176 2751 5266 erant,
2799 5201 3169 5258 vendebantur
3194 5244 3208 5267 ,
3260 5209 3316 5256 ut
3353 5208 3406 5255 et
3440 5176 3652 5270 pretium
3690 5176 3874 5278 hab“?!

2395 5309 2601 5363 rerum:
2633 5303 2688 5352 εί
2717 5297 2816 5367 ίΡεὶ
2850 5311 3037 5354 rursus
3065 5308 3243 5369 empta
3287 5295 3598 5366 reciperent.
3635 5267 3874 5369 liancttlll'

2397 5386 2620 5441 ditatem
2659 5363 2846 5442 eorum
2879 5363 3193 5459 plerumque
3224 5363 3576 5458 ᾳσσωξηιιςιηι
3600 5373 3748 5446 inopia
3772 5363 3875 5419 dissi-

2397 5481 2581 5550 pabat,
2609 5481 2698 5551 qui
2734 5497 2838 5536 non
2881 5483 3055 5537 solum
3087 5481 3290 5538 hostias
3321 5495 3430 5536 non
3472 5461 3873 5551 habebunt-erunt

2394 5584 2462 5625 ne
2491 5573 2633 5626 unde
2661 5583 2928 5641 emerent,
2954 5573 3141 5631 saltem
3174 5588 3322 5639 aves,
3354 5587 3445 5628 seu
3479 5563 3594 5622 vilia
3618 5540 3874 5617 munuscula;

2395 5664 2538 5720 unde
2564 5665 2694 5720 inihi
2735 5675 3033 5738 posuerunt
3059 5676 3113 5723 et
3161 5664 3560 5724 nummularios,
3605 5653 3682 5725 qui
3707 5641 3875 5738 mutilam

2398 5769 2498 5823 sub
2527 5772 2777 5827 cautione
2833 5771 3025 5828 darent
3065 5784 3169 5828 non
3201 5769 3516 5828 habentibus
3547 5754 3797 5832 pecuniam.
3818 5735 3874 5791 Εις

2399 5870 2538 5926 sicut
2563 5873 2925 5940 Hieronymus
2952 5886 3198 5944 testatur,
3227 5877 3318 5946 qui
3342 5889 3521 5932 eorum
3548 5877 3662 5925 usus
3687 5858 3794 5917 inter
3813 5856 3875 5898 9°“
