4008 6354
194 369 283 429 709
925 369 1294 429 EXPOSITIO
1327 365 1394 428 ΙιΝ
1430 365 1738 428 ΜΑΤΤΗᾹΞ

1854 413 1866 428 .
1904 402 1977 414 -
2009 371 2136 428 ue.
2179 367 2269 438 rx,
2306 361 2456 429 car.
2497 365 2640 429 XXI.

3352 374 3458 429 ’110

189 491 548 549 conversatus,
600 485 670 539 ad
722 484 940 557 plenum
982 487 1280 552 didicerat;
1328 487 1456 557 Quia
1485 495 1603 540 erat
1628 497 1764 557 pra—
1795 491 1840 550 Λ
1871 485 2079 540 venalia
2109 495 2386 550 exercere”,
2415 486 2548 541 lucri
2574 495 2761 550 causa,
2786 485 2912 556 quia
2942 487 3028 541 vix
3059 494 3154 541 aut
3178 499 3456 559 nunquam

186 585 390 650 ceptum
423 578 478 632 in
517 577 671 650 lege,
719 585 783 634 et
833 587 998 635 nemo
1021 591 1210 636 eorum
1237 593 1432 635 usuras
1474 581 1764 651 acciperet,

183 679 359 743 parum
407 671 491 725 eis
517 671 778 740 prodesse
819 680 1034 741 poterat
1073 675 1302 742 pecunia
1349 673 1618 739 fenerata,
1645 686 1768 745 quae

178 760 444 815 commodi
471 761 548 815 nil
583 762 831 827 haberet,
860 771 918 818 et
947 765 1220 820 interdum
1256 775 1461 820 sortem
1488 766 1763 836 perderet,

178 853 640 924 exagitaverant,
701 862 763 908 ut
809 855 926 924 ipse
969 855 1089 921 ait,
1120 861 1176 909 et
1212 855 1374 911 aliam
1400 856 1672 919 technam,
1707 865 1768 911 ut

175 960 266 1016 pro
316 947 702 1002 nummulariis
739 949 1053 1018 collybistas
1103 947 1370 1016 lacerent,
1415 951 1572 1021 cujus
1613 952 1763 1007 verbi

174 1040 562 1110 proprietatem
583 1041 716 1096 dicit
758 1041 982 1096 latinam
1035 1037 1272 1113 linguam
1309 1058 1415 1099 non
1436 1044 1761 1114 exprimere.

177 1131 274 1186 Sed
293 1133 446 1200 quod
466 1133 542 1187 ibi
572 1133 778 1204 collybo
800 1134 1011 1198 dicunt,
1038 1147 1160 1199 nos,
1194 1136 1398 1206 inquit,’
1425 1136 1765 1206 appellamus

174 1235 459 1295 tragulam
487 1226 572 1280 vel
600 1225 724 1280 uilia
761 1227 1100 1291 munuscula,
1142 1227 1298 1282 verbi
1327 1228 1502 1298 gratia
1535 1228 1660 1282 frixi
1684 1230 1762 1284 ci-

173 1317 306 1373 ceris
331 1330 562 1372 uvarum
598 1333 882 1390 passurum
913 1328 970 1374 et
1009 1335 1167 1390 poma
1201 1321 1398 1375 diversi
1423 1323 1672 1391 generis;
1703 1331 1762 1376 ut

173 1412 292 1482 quia
320 1421 521 1467 usuras
576 1412 822 1482 accipere
869 1427 976 1467 non
1021 1421 1272 1483 poterant
1320 1413 1634 1484 collybistm,
1668 1416 1759 1485 qui

175 1504 454 1572 pecuniam
491 1501 721 1557 lenorati
762 1510 940 1568 erant,
970 1519 1070 1574 pro
1099 1505 1282 1558 usuris
1307 1501 1648 1575 accipiebant
1671 1520 1762 1559 va-

174 1597 281 1650 rias
301 1596 530 1665 species,
559 1603 617 1648 ut
655 1596 799 1665 quod
851 1596 906 1650 in
939 1611 1166 1651 nummo
1213 1613 1320 1651 non
1358 1596 1557 1654 licebat
1593 1598 1650 1652 in
1675 1598 1759 1654 his

175 1690 336 1744 rebus
354 1689 653 1760 exigerent,
683 1699 806 1760 quae
829 1690 1070 1745 numeris
1093 1698 1436 1755 coemuntur,
1466 1691 1624 1761 quasi
1650 1705 1756 1746 non

173 1782 267 1838 hoc
299 1783 482 1852 ipsum
529 1781 780 1837 Ezechiel
821 1783 1214 1853 pradicaverit,
1253 1783 1480 1839 dicens:
1529 1781 1756 1838 Usuram

1872 575 1994 632 sine
2020 588 2248 648 peccato
2276 578 2477 650 agitur.
2510 577 2678 633 Multo
2720 579 2892 651 magis
2920 579 3086 650 igitur
3124 581 3296 636 servis
3327 582 3456 648 Dei,

1868 677 1925 724 et
1954 669 2154 724 divinis
2182 652 2380 725 ofﬁciis
2410 669 2636 725 Clericis
2666 671 2994 741 maucipatis
3030 673 3327 727 cavendum
3346 713 3360 738 ,
3389 686 3460 734 ne

1869 761 1971 818 hoc
2001 763 2206 818 iaciant
2249 764 2305 818 in
2335 763 2499 819 domo
2539 763 2665 829 Dei,
2696 771 2755 817 ut
2795 764 3012 820 divitias
3043 764 3143 819 sibi
3173 773 3231 820 et
3260 765 3458 822 multas

1869 855 2242 923 possessiones
2270 855 2589 925 acquirant;
2624 871 2694 910 ne
2723 854 2864 911 forte
2889 855 2992 911 sub
3020 856 3125 911 illis
3150 857 3243 910 ﬂat
3267 857 3454 912 Eccle-

1867 947 1948 1000 sia
1990 948 2043 1000 in
2081 961 2186 1017 qua
2217 948 2448 1020 degunt,
2480 948 2581 1018 ipsi
2623 957 2956 1005 mercatores
2989 948 3103 1019 jam
3137 948 3299 1015 facti,
3332 963 3456 1021 spe-

1868 1043 2026 1099 lunca
2052 1044 2343 1100 latronum.
2367 1043 2636 1100 Caeterum
2659 1044 2725 1100 de
2749 1046 3062 1101 venditione
3083 1046 3456 1101 columbarum

1868 1137 2003 1192 satis
2029 1139 2350 1208 abundeque
2392 1139 2719 1210 disputatum
2761 1150 2844 1195 est
2887 1155 2918 1195 a
2949 1143 3153 1196 sanctis
3182 1141 3454 1206 Patribus,

1867 1229 2051 1284 multis
2083 1232 2136 1284 in
2177 1231 2340 1298 locis;
2388 1233 2624 1288 maxime
2663 1242 2852 1288 contra
2892 1235 3247 1290 simoniacam
3285 1219 3457 1292 barre-

1866 1324 2010 1390 sim,
2061 1335 2182 1395 quae
2253 1327 2532 1383 multoties
2580 1337 2666 1383 est
2736 1337 3072 1400 propugnata
3129 1328 3186 1384 in
3237 1327 3454 1395 Galliis,

1865 1417 1960 1472 sed
2032 1429 2310 1490 nunquam
2381 1427 2736 1491 expugnata;
2815 1423 2943 1493 quia
3018 1415 3259 1478 latrones
3330 1420 3458 1478 iacti

1864 1511 2022 1574 sunt,
2069 1518 2126 1565 et
2161 1511 2253 1582 qui
2303 1519 2492 1566 emunt
2536 1521 2657 1582 qum
2707 1511 2928 1583 proprie
2986 1508 3247 1569 Ecclesia:
3295 1520 3456 1578 sunt,

1863 1608 1916 1654 et
1945 1600 2038 1670 qui
2065 1601 2326 1656 vendunt.
2352 1601 2483 1669 Quae
2506 1603 2766 1658 nimirum
2797 1603 3039 1670 haeresis,
3066 1605 3166 1660 etsi
3210 1605 3456 1660 damnari

1863 1698 2072 1768 potuit,
2105 1698 2225 1754 ideo
2270 1713 2377 1754 non
2423 1701 2597 1770 potuit
2646 1701 2911 1757 haetenus
2956 1701 3254 1774 expugnarl
3287 1720 3298 1756 :
3329 1701 3458 1773 quia

1863 1786 2003 1842 latro
2029 1788 2175 1844 sicut
2201 1803 2229 1842 a
2259 1787 2478 1845 latendo
2497 1787 2676 1846 dictus
2699 1798 2800 1857 est,
2827 1791 2899 1847 ita
2928 1800 2983 1848 et
3010 1793 3100 1849 isti
3121 1799 3288 1864 quam
3313 1803 3460 1864 saepe

171 1884 208 1927 et
230 1873 777 1944 superabundantiam
805 1876 910 1927 non
930 1873 1196 1943 accipietis
1213 1871 1432 1944 (Ezech.
1461 1885 1616 1939 svnt,
1645 1874 1756 1944 l7).
1787 1859 1836 1918 Β
1861 1879 2030 1951 εθσ
2054 1879 2286 1936 latenter
2307 1879 2535 1946 faciunt,
2561 1890 2656 1936 aut
2676 1883 2749 1937 ita
2774 1889 2955 1938 tamen
2980 1859 3245 1938 audenter
3268 1859 3456 1954 quam;

171 1966 288 2030 Qua:
319 1965 534 2018 utinam
562 1971 617 2020 et
640 1979 739 2020 nos
770 1965 826 2019 in
851 1965 953 2020 hae
991 1964 1196 2022 Christi
1230 1965 1469 2023 Ecclesia
1501 1966 1617 2022 ﬁeri
1649 1983 1756 2022 non

168 2066 471 2111 nossemus.
498 2054 822 2111 'lstiusmodi
865 2069 995 2128 ergo
1034 2055 1298 2112 Dominus
1326 2071 1555 2113 cernens
1577 2059 1631 2111 in
1662 2057 1757 2113 do-

167 2161 243 2201 mo
271 2145 464 2202 Patris
489 2147 576 2202 sui
617 2148 1042 2219 negotiationem
1087 2146 1234 2203 ferre
1275 2163 1382 2203 non
1411 2149 1608 2218 potuit,
1635 2164 1756 2219 quae

166 2241 352 2294 donius
400 2239 659 2294 nimirum
685 2249 742 2294 et
766 2241 938 2310 ipsius
961 2247 1100 2304 erat,
1140 2239 1282 2296 sicut
1312 2255 1553 2311 prtesens
1587 2242 1758 2297 Evan-

167 2334 352 2405 gelistt
377 2334 671 2390 Dominam
707 2334 910 2391 dixisse
939 2341 1190 2399 testatur,
1236 2335 1382 2405 quod
1417 2336 1636 2398 dixerit.
1683 2337 1755 2390 sia

167 2438 242 2481 cut
292 2426 567 2497 scriptum
600 2433 682 2481 est
709 2443 722 2480 :
768 2427 967 2481 θρωπε
999 2441 1136 2493 mea,
1170 2426 1358 2482 domus
1385 2428 1639 2481 orationis
1664 2425 1756 2481 ὐσι

170 2521 365 2576 rebitur
391 2520 588 2593 (Marc.
619 2537 694 2586 xx,
719 2522 830 2594 l7).
858 2523 923 2578 Bt
955 2521 1190 2580 Joannes
1220 2524 1314 2589 ait,
1345 2524 1486 2593 quod
1511 2524 1709 2578 dixerit
1735 2540 1750 2578 :

175 2611 342 2667 Nolite
365 2613 542 2682 facere
563 2613 776 2668 domum
809 2611 990 2669 Patris
1015 2615 1116 2668 mei
1141 2614 1356 2668 domum
1381 2615 1751 2684 negotiationis

177 2704 340 2774 ileon.
373 2719 438 2771 tt,
467 2705 581 2778 16).
612 2707 692 2762 Ac
734 2706 960 2778 perhoc
995 2715 1290 2778 utrumque
1322 2708 1522 2763 dixisse
1565 2709 1752 2763 Domi-

179 2814 283 2854 tium
317 2811 480 2854 nemo
525 2801 785 2871 ambigat,
829 2800 956 2871 quia
1003 2801 1188 2855 omnia
1237 2799 1418 2854 Patris
1459 2801 1576 2870 ejus
1599 2811 1743 2867 sunt,

180 2897 212 2941 et
243 2888 362 2943 ideo
402 2889 586 2944 Patris
612 2889 812 2946 domus
843 2890 1016 2961 ipsius
1044 2897 1146 2946 est.
1188 2885 1291 2944 Vos
1315 2899 1510 2954 niuem,
1551 2891 1746 2962 inquit,

184 2979 350 3045 [etiam
403 2993 520 3036 eam
563 2980 866 3051 speiurtcant
900 2981 1188 3037 latronum.
1246 2980 1412 3036 Latro
1467 2981 1612 3036 enim
1667 2989 1750 3037 est

179 3075 250 3141 qui
291 3072 550 3144 templum
587 3071 683 3128 Dei
736 3072 1110 3129 latrocinando
1157 3074 1426 3128 convertit
1461 3075 1513 3127 in
1557 3088 1747 3144 specu,

175 3169 254 3234 qui
297 3166 443 3222 lucra
514 3175 758 3224 sectatur
799 3166 866 3223 de
916 3167 1211 3239 religione;
1270 3167 1558 3240 cultusque
1604 3168 1742 3240 ejus,

178 3272 265 3312 non
311 3267 419 3314 tam
466 3261 646 3314 cultus
699 3260 838 3324 Dei,
887 3271 1050 3330 quam
1101 3261 1481 3331 negotiationis
1531 3264 1748 3318 occasio

187 3359 259 3404 est.
312 3347 424 3405 Hoc
471 3351 628 3422 juxta
679 3352 965 3407 historiam
1018 3352 1219 3408 dixisse
1267 3351 1516 3409 suliieiat.
1569 3352 1744 3411 Caete-

186 3457 276 3498 rum
295 3445 406 3500 haec
426 3447 603 3501 omnia
630 3447 684 3501 in
706 3447 967 3518 mysterio
989 3446 1132 3503 facta
1155 3455 1300 3512 sunt,
1317 3449 1445 3518 quia
1466 3459 1594 3504 tunc
1617 3448 1750 3505 fecit

181 3534 326 3607 865-
353 3537 632 3594 visibiliter
675 3554 796 3609 qua:
825 3555 1040 3612 semper
1071 3541 1127 3595 in
1166 3540 1412 3597 Ecclesia
1445 3543 1588 3613 (quae
1619 3556 1746 3597 vere

181 3629 353 3686 domus
383 3629 477 3686 Dei
504 3632 603 3703 est)
632 3634 763 3705 agit.
794 3632 956 3702 Ejicit
985 3647 1225 3703 namque
1242 3632 1544 3690 vendentes
1565 3634 1746 3704 quotia

179 3723 239 3782 die
269 3733 322 3780 et
343 3736 585 3782 ementes
617 3728 684 3782 de
710 3743 795 3793 ea,
830 3727 1065 3784 maxime
1089 3743 1184 3783 eos
1205 3728 1297 3798 qui
1316 3736 1584 3799 quaestum
1607 3727 1743 3784 lucri

178 3818 421 3875 aestimant
447 3821 707 3892 pietatem
735 3863 750 3887 ,
793 3829 849 3876 et
877 3822 1059 3876 omnia
1099 3835 1220 3891 qua:
1249 3821 1304 3876 in
1349 3817 1746 3879 Ecclesiasticis

178 3923 380 3981 aguntur
409 3917 578 3969 rebus
603 3913 813 3968 venalia
846 3913 1088 3979 ducunt,
1122 3929 1244 3969 cum
1276 3924 1606 3985 praeceptum
1637 3916 1739 3978 sit,

177 3997 322 4060 Gratis
351 4007 652 4076 accepistis,
680 4007 846 4078 gratis
876 4005 998 4060 date
1029 4005 1242 4079 (Matth.
1274 4022 1333 4073 ι,
1364 4007 1440 4078 8).
1475 4006 1623 4064 Alias
1649 4024 1742 4063 au-

168 4107 259 4154 tem
284 4099 511 4170 periculi
539 4109 646 4168 est,
679 4110 900 4173 preptcr
926 4101 1209 4156 avaritiam
1237 4103 1581 4158 sacerdotum
1609 4106 1744 4160 altad

167 4191 230 4245 ria
259 4191 350 4248 Dei
395 4187 890 4250 nummulariomm
941 4207 1159 4249 mensas
1197 4193 1488 4264 appellari,
1522 4205 1575 4251 et
1605 4205 1742 4252 tem-

165 4283 291 4355 plum
321 4285 419 4343 Dei
464 4283 784 4358 speluncam
829 4286 1102 4340 latronum
1148 4284 1284 4340 lieri.
1319 4285 1454 4354 Quia
1483 4289 1574 4357 qui
1607 4303 1739 4344 ven-

167 4379 280 4433 dunt
305 4392 424 4450 quae
455 4379 661 4436 Christi
689 4388 816 4434 sunt
837 4380 998 4445 dona,
1036 4374 1272 4448 Spiritus
1296 4381 1468 4435 sancti
1502 4383 1734 4451 gratiam

165 4475 395 4529 vendunt.
435 4465 625 4544 Neque
650 4474 794 4529 enim
841 4474 908 4529 ad
939 4474 1044 4528 hoc
1087 4474 1367 4530 constituti
1399 4482 1523 4529 sunt
1550 4476 1737 4532 clerici

164 4576 209 4620 et
232 4568 458 4623 ministri
489 4567 680 4622 altaris
705 4609 719 4632 ,
750 4575 808 4621 ut
833 4567 988 4638 quasi
1031 4582 1130 4637 pro
1164 4566 1421 4640 religione
1446 4609 1459 4632 ,
1496 4571 1739 4641 negotia-

166 4658 381 4718 tionibus
408 4660 596 4717 szeculi
625 4660 922 4716 inserviant
945 4669 1000 4715 et
1021 4659 1187 4716 lucris
1208 4703 1222 4726 ,
1254 4675 1318 4717 ac
1343 4662 1387 4717 si
1419 4677 1583 4718 causa
1615 4663 1731 4732 Dei,

161 4753 509 4826 emptionibus
529 4758 586 4810 et
605 4754 1042 4821 venditionibus;
1071 4755 1197 4825 quia
1221 4765 1328 4808 non
1357 4754 1462 4810 illis
1483 4757 1737 4827 congruit

176 4849 338 4916 quibus
359 4864 472 4906 non
501 4848 739 4920 expedit,
769 4862 944 4918 neque
967 4848 1020 4901 in
1046 4841 1168 4904 loco
1189 4843 1306 4902 ﬁeri
1331 4863 1438 4917 quo
1460 4863 1566 4903 non
1592 4862 1737 4903 com-

176 4941 294 5007 petit,
328 4939 572 4996 maxime
599 4937 656 4995 in
688 4947 755 4996 eo
779 4937 870 4995 ubi
903 4955 1007 4996 non
1038 4939 1241 4996 debent
1264 4940 1371 4995 nisi
1395 4940 1734 4995 orationibus

174 5043 356 5091 vacare.
381 5033 454 5091 Et
472 5037 580 5090 hoc
603 5035 668 5091 de
691 5033 891 5104 templo
913 5033 1148 5089 diximus
1170 5033 1547 5089 materialibus
1571 5034 1733 5090 rebus

174 5117 252 5180 Deo
277 5135 613 5192 constructo,
639 5141 745 5197 quo
767 5143 872 5181 non
895 5126 1127 5182 debeant
1148 5126 1405 5191 vendere,
1427 5126 1507 5181 vel
1531 5141 1733 5194 emere,

173 5218 236 5273 rei
266 5219 472 5292 aliquid
515 5236 677 5292 agere
715 5237 836 5292 quae
873 5236 980 5276 non
1024 5221 1273 5276 deceant.
1305 5218 1522 5288 Quanto
1563 5221 1736 5292 magis

171 5313 380 5371 arbitror
400 5315 749 5386 cogitandum
774 5315 839 5369 de
866 5313 1062 5384 templo
1082 5314 1177 5368 Dei
1211 5329 1276 5368 ex
1307 5313 1576 5384 lapitlilms
1599 5313 1733 5368 vivis

170 5413 486 5471 constructo,
520 5405 587 5460 de
612 5421 718 5475 quo
746 5405 822 5460 ait
845 5405 1166 5476 Apostolus,
1199 5401 1471 5476 Templum
1504 5403 1602 5458 Dei
1636 5403 1734 5459 vivi

169 5498 262 5553 estis
292 5515 380 5553 eos
413 5495 501 5568 (11
531 5491 653 5553 Cor.
682 5514 760 5562 vr,
797 5497 905 5568 16),
950 5498 1074 5568 quia
1107 5496 1342 5568 Spiritus
1379 5503 1598 5551 sanctus
1627 5493 1726 5550 ha-

168 5581 273 5645 bitat
310 5593 363 5646 in
393 5587 565 5647 vobis.
604 5591 946 5661 Quapropter
980 5590 1289 5660 quicunque
1318 5588 1578 5660 templum
1608 5586 1730 5658 Spi-

167 5673 274 5740 rhus
302 5685 479 5740 sancti
503 5689 611 5749 est,
645 5684 828 5738 videat
851 5695 918 5736 ne
940 5681 1008 5737 ad
1030 5680 1206 5737 forum
1239 5683 1449 5746 redeat,
1483 5679 1627 5735 unde
1661 5680 1731 5736 ad

163 5771 350 5834 Vincam
374 5785 601 5833 vocatus
628 5785 712 5831 est
738 5784 790 5830 et
815 5775 1054 5842 loeatus;
1088 5775 1215 5846 quia
1243 5791 1346 5830 non
1371 5782 1586 5845 oportet
1614 5772 1730 5828 ani-

161 5879 275 5927 Inani
327 5870 624 5928 Christiani
673 5871 987 5941 speluncam
1021 5879 1142 5926 esse
1189 5865 1502 5932 latronum,
1553 5877 1730 5938 neque

1574 6015 1702 6032 ’.ο-.-ξ
1735 6024 1744 6030 .

1763 4611 1818 4672 D

1859 1975 1942 2029 vis
1968 1974 2260 2043 impudice,
2289 1979 2352 2029 ut
2378 1974 2557 2030 nullus
2589 1976 2788 2030 audeat
2819 1976 3114 2032 contraire.
3146 1975 3300 2045 Quod
3342 1975 3456 2033 fac-

1861 2073 1974 2119 tum
2017 2065 2195 2130 hodie,
2227 2073 2287 2120 ut
2329 2066 2400 2121 ita
2435 2066 2631 2133 fatear,
2659 2074 2771 2122 tota
2801 2065 2972 2122 Gallia
3017 2068 3183 2122 sentit
3209 2076 3264 2124 et
3289 2063 3451 2124 dolet.

1859 2155 1968 2211 Nec
2003 2156 2298 2223 immerito,
2325 2157 2452 2228 quia
2484 2156 2645 2214 Iesus
2673 2175 2780 2216 non
2810 2160 2930 2215 sine
2959 2173 3122 2216 causa
3154 2157 3319 2215 ﬂebat
3351 2161 3456 2214 mi-

1859 2261 2035 2302 seram
2068 2247 2214 2303 illam
2243 2245 2579 2316 Jerusalem,
2608 2265 2708 2306 nec
2741 2249 3207 2306 irrationabiliter.
3242 2250 3458 2318 Quanto

1858 2339 2031 2410 magis
2055 2339 2434 2398 rationabilius
2457 2353 2580 2398 esse
2606 2342 2841 2408 videtur,
2866 2341 2990 2414 quia
3015 2345 3068 2398 in
3092 2343 3333 2399 Ecclesia
3357 2355 3456 2398 sua

1856 2430 2111 2486 Christus
2129 2445 2230 2501 pro
2255 2431 2456 2487 talibus
2478 2431 2644 2496 dolet,
2670 2441 2729 2487 ut
2754 2433 2870 2503 ipse
2892 2432 3134 2488 dolentes
3159 2441 3211 2488 et
3234 2447 3454 2503 gemen-

1857 2531 1941 2579 tes
1971 2521 2171 2591 faciat;
2202 2532 2536 2596 quapropter
2583 2525 2758 2596 turpia
2806 2523 2956 2580 lucra
2997 2531 3052 2581 et
3103 2523 3286 2578 initum
3320 2538 3454 2593 quo-

1858 2619 2105 2672 rumdam
2133 2660 2146 2683 ,
2179 2619 2477 2674 secundum
2505 2619 2782 2689 propriam
2813 2617 3144 2672 voluntatem
3184 2615 3453 2672 Ecclesias

1854 2707 2058 2764 Christi
2089 2709 2198 2764 illis
2225 2710 2574 2765 committunt
2598 2751 2613 2776 ,
2647 2708 2739 2780 qui
2770 2724 2876 2764 non
2925 2723 3044 2779 qua:
3072 2706 3200 2765 Iesu
3245 2706 3451 2764 Christi

1855 2811 1999 2868 sunt,
2033 2803 2278 2874 sed‘qute
2307 2817 2404 2858 sua
2429 2809 2558 2858 sunt
2579 2801 2854 2874 quaerunt.
2886 2799 3000 2855 Non
3027 2801 3173 2856 enim
3201 2800 3322 2856 dico
3345 2801 3452 2855 isto

1853 2891 1908 2948 in
1936 2901 2200 2966 tempore,
2233 2895 2324 2966 qui
2350 2894 2641 2950 cathedras
2665 2901 2851 2949 tenent
2885 2891 3275 2959 Ecclesiarum,
3305 2891 3450 2963 quod

1853 2985 2135 3043 columbas
2159 2988 2431 3044 vendant:
2477 2987 2571 3044 sed
2616 2988 2742 3058 quia
2773 2986 2972 3060 quibus
3011 2999 3116 3040 non
3163 2992 3444 3056 oporteat,

1853 3079 2110 3136 Ecclesiae
2135 3083 2582 3146 committuntur,
2625 3093 2731 3135 non
2762 3080 2828 3134 ad
2863 3079 3070 3134 lucrum
3105 3078 3444 3145 animarum,

1853 3171 1948 3228 sed
1976 3172 2042 3228 ad
2071 3170 2254 3229 luxum
2282 3179 2337 3228 et
2365 3172 2672 3240 voluntates
2701 3169 2950 3243 proprias
3002 3167 3139 3225 Hinc
3161 3181 3292 3226 sane
3314 3186 3448 3240 pra!-

1853 3267 2154 3320 cavendum
2185 3265 2341 3320 valde
2371 3265 2614 3320 arbitror
2635 3306 2649 3329 ,
2684 3279 2751 3318 ne
2780 3262 2922 3319 forte
2951 3261 3232 3318 columbus
3268 3263 3338 3315 sit
3367 3263 3450 3318 eis

1854 3360 2110 3422 vendere,
2143 3359 2236 3429 qui
2271 3357 2492 3413 tradunt
2516 3357 2789 3412 Ecclesias
2815 3355 3038 3411 Christo
3067 3354 3296 3408 Domino
3319 3369 3448 3409 con-

1851 3461 2095 3506 secratas
2136 3449 2419 3521 ﬂagitiosis
2444 3455 2500 3503 et
2529 3449 2708 3503 avaris
2738 3447 3079 3511 hominibus,
3127 3445 3442 3516 tyrannice,

1849 3541 2049 3611 quibus
2071 3555 2176 3596 non
2201 3549 2538 3610 oportuerat,
2564 3539 2982 3608 indisciplinatis
3009 3545 3063 3591 et
3095 3523 3436 3607 irreligiosis.

1845 3632 2074 3703 Propter
2101 3633 2242 3704 quod
2274 3633 2560 3686 cathedras
2591 3645 2655 3685 ac
2684 3645 2898 3684 mensas
2940 3627 3440 3683 nummulariorum

1851 3725 2224 3781 tantemmodo
2255 3725 2547 3795 appellavit
2579 3723 2918 3794 Evangelista
2950 3738 3170 3778 eversas
3209 3735 3332 3777 esse
3371 3723 3441 3777 ab

1846 3818 1992 3874 Jesu.
2020 3817 2172 3886 Quod
2196 3817 2399 3872 utinam
2427 3818 2676 3872 audirent
2697 3817 2787 3887 qui
2811 3815 3114 3887 gloriantur
3138 3816 3190 3870 in
3214 3815 3439 3882 talibus,

1846 3919 1899 3967 et
1936 3913 2167 3966 vendunt
2197 3910 2494 3974 Ecclesias,
2528 3925 2661 3981 quas
2697 3926 2800 3966 non
2845 3911 3115 3965 immerito
3151 3909 3436 3966 columbas

1847 4003 2100 4066 dicimus,
2121 4010 2177 4057 et
2203 4001 2552 4056 committunt
2580 4015 2672 4055 eas
2690 4016 2796 4056 non
2821 3999 3152 4071 pastoribus,
3177 4001 3271 4055 sed
3297 4013 3442 4055 mer-

1845 4095 2076 4150 cenariis
2112 4101 2168 4148 et
2193 4093 2527 4164 raptoribus;
2578 4109 2677 4164 pro
2706 4093 2903 4164 quibus
2951 4099 3092 4147 nunc
3138 4096 3311 4165 magis
3341 4093 3442 4148 tle-

1845 4187 1973 4244 ﬂere
1999 4186 2274 4254 convenit,
2307 4199 2468 4256 quam
2495 4195 2770 4256 exponere
2799 4183 2941 4240 mala
2960 4195 3082 4255 (tuae
3113 4195 3218 4239 non
3250 4184 3436 4251 latent.

1842 4277 1978 4335 Nam
2026 4281 2127 4335 esti
2176 4291 2318 4334 nunc
2356 4275 2515 4334 Jesus
2543 4275 2705 4332 silere
2752 4276 3012 4339 creditur,
3068 4274 3172 4330 erit
3225 4283 3442 4342 tempus

1842 4373 2057 4441 quando
2089 4371 2516 4441 introspecturus
2543 4367 2838 4424 Ecclesium
2863 4375 3036 4429 suam,
3067 4365 3440 4421 considerabit

1842 4475 2050 4527 omnes,
2097 4462 2239 4532 quod
2283 4467 2339 4516 et
2374 4469 2503 4516 tunc
2548 4458 2742 4515 fecisse
2791 4458 3016 4528 legitur:
3047 4463 3103 4511 et
3134 4455 3316 4526 ejiciet
3355 4455 3440 4510 vel

1843 4564 2050 4611 evertet
2076 4570 2212 4626 quos
2240 4553 2510 4610 invenerit
2533 4568 2638 4608 non
2670 4553 2829 4624 digne
2853 4550 3106 4606 sedentes
3136 4551 3188 4604 in
3212 4549 3331 4604 loco
3354 4563 3443 4604 res

1845 4669 2080 4725 gunirus.

1918 4753 1984 4808 Et
2012 4759 2340 4809 accesserunt
2371 4750 2443 4807 ad
2467 4767 2584 4806 eum
2624 4751 2768 4814 cazci,
2800 4758 2850 4805 et
2877 4747 3060 4805 claudi
3077 4790 3093 4818 ,
3118 4746 3177 4804 in
3209 4747 3400 4819 templa
3437 4786 3443 4796 .

1845 4855 1891 4901 et
1912 4847 2119 4900 sanavit
2143 4861 2252 4900 eos.
2278 4841 2418 4900 Ecce
2448 4841 2690 4913 mysticis
2718 4843 2882 4898 rebus
2908 4855 2963 4900 et
2987 4846 3152 4909 gestis
3177 4837 3438 4896 miracula

1845 4939 2171 5005 succedunt;
2201 4947 2258 4992 ut
2283 4937 2338 4992 in
2373 4951 2479 4991 uno
2510 4935 2810 5006 eodemque
2839 4935 3037 5006 templo
3079 4937 3436 4997 monstraret,

1844 5030 1971 5100 quid
2004 5029 2055 5084 in
2087 5028 2233 5084 omni
2261 5033 2504 5098 tempore
2528 5026 2719 5096 ipsein
2751 5037 2847 5081 sua
2877 5023 3006 5077 facit
3034 5019 3298 5076 Ecclesia.
3330 5020 3436 5079 Fe~

1846 5123 1918 5176 cit
1948 5121 2088 5177 enim
2122 5135 2258 5176 nova
2291 5129 2346 5175 et
2367 5118 2612 5202 inaudita
2639 5105 2806 5191 prius,
2835 5113 3030 5174 deinde
3058 5115 3197 5174 mira
3222 5114 3437 5186 sibique

1843 5228 2121 5282 consueta,
2148 5225 2205 5272 ut
2226 5233 2292 5273 ex
2322 5232 2428 5272 uno
2449 5232 2636 5272 eorum
2662 5218 2972 5271 terreantur
2999 5213 3237 5286 reprobi,
3265 5227 3330 5268 ex
3361 5204 3437 5266 al-

1845 5322 1961 5368 tero
1991 5327 2118 5366 vero
2143 5311 2450 5367 releventur
2475 5309 2672 5364 infirmi
2699 5328 2711 5364 :
2746 5309 3002 5379 quoniam
3029 5308 3130 5364 etsi
3149 5305 3329 5376 justus
3349 5309 3434 5362 est

1842 5408 1893 5461 in
1909 5405 2137 5478 ﬂagello.
2158 5405 2279 5476 pius
2294 5414 2346 5459 et
2363 5403 2670 5458 misericors
2683 5402 2830 5458 estin
2849 5401 3137 5458 subventu.
3157 5400 3272 5456 Non
3288 5399 3432 5456 enini

1840 5499 2034 5554 desunt
2057 5497 2184 5552 caeci
2220 5503 2274 5551 et
2314 5495 2488 5551 claudi
2531 5497 2580 5548 in
2621 5493 2895 5561 Ecclesia,
2927 5503 2981 5550 et
3013 5495 3132 5549 ideo
3174 5503 3433 5564 operatur

1839 5590 1993 5646 solita
2033 5589 2236 5662 pietate
2267 5599 2324 5643 ut
2353 5603 2412 5643 se
2448 5585 2613 5659 867
2629 5586 2795 5641 Deum
2830 5587 3098 5652 insinuet,
3129 5586 3248 5640 sine
3277 5586 3432 5656 cujus

1838 5681 2010 5754 gratia
2053 5697 2214 5737 nemo
2238 5679 2411 5734 lucem
2455 5679 2632 5742 videt,
2682 5677 2798 5732 sine
2833 5677 2985 5747 cujus
3015 5677 3242 5743 ducatu,
3272 5691 3432 5733 nemo

1841 5773 1891 5827 in
1921 5773 2006 5828 via
2036 5772 2139 5828 nisi
2168 5765 2388 5826 claudus
2422 5768 2682 5824 ambulat.
2716 5765 2841 5824 Tria
2874 5779 2998 5825 sunt
3027 5785 3149 5840 quze
3174 5768 3432 5824 condem-

1841 5864 1933 5922 nat
1961 5876 2015 5922 et
2041 5865 2146 5922 duo
2181 5864 2668 5934 imprzesenliarum
2689 5868 2819 5934 :quac
2859 5872 3129 5920 restaurat
3161 5879 3174 5917 :
3211 5863 3337 5919 caeci
3370 5859 3428 5921 at
