4008 6354
587 330 692 388 7η

1393 327 1452 383 S.
1491 324 1850 384 PASCHASII
1889 324 2235 383 RADBERTI
2271 323 2565 385 ABBATIS
2605 326 3059 384 COBBEIENSIS
3701 336 3778 393 712

586 447 770 503 lumen
796 444 1036 510 videant,
1075 450 1131 499 et
1166 442 1346 500 claudi
1381 453 1440 499 ut
1474 442 1638 499 rectis
1675 441 1954 514 gressibus
1982 442 2050 498 ad
2077 458 2179 515 pa-
2206 447 2261 508 Α
2284 461 2484 518 sasque
2509 461 2702 504 eorum
2728 447 2782 503 in
2816 445 3016 517 templo
3043 445 3370 512 subvertere,
3391 453 3443 501 et
3457 447 3782 508 cathedrasde-

588 539 787 606 triam,
820 552 918 611 per
961 537 1105 593 viam
1149 552 1270 608 qua:
1317 535 1432 606 ipse
1475 543 1589 601 est,
1633 534 1866 592 feliciter
1901 535 2176 592 incedant.

588 632 761 690 Porro
794 646 891 689 eos
923 631 1014 702 qui
1043 645 1151 686 non
1178 629 1354 686 solum
1387 627 1458 684 ad
1491 626 1670 683 forum
1701 625 1961 695 redeunt,
1990 641 2180 682 verum

593 727 759 782 etiam
787 724 930 780 intra
972 720 1176 779 Christi
1206 719 1541 786 Ecclesiam,
1574 734 1640 774 ac
1673 717 1721 774 si
1759 733 1884 774 cum
1920 725 2104 774 essent
2127 715 2184 772 in

592 817 732 882 foro,
763 815 1060 872 vendentes
1088 821 1145 870 et
1167 822 1444 880 ementes,
1491 809 1762 866 nundinas
1797 817 1854 865 et
1885 807 2188 880 turpia,se-

591 917 810 966 ctantur
824 903 1003 973 lucra,
1032 903 1330 978 ﬂagellatos
1351 911 1701 976 peccatorum
1729 916 1948 958 suorum
1970 898 2188 968 funibus

593 1001 742 1058 foras
767 997 945 1070 eiecit.
975 997 1058 1055 0b
1081 997 1185 1053 hoc
1213 995 1378 1068 igitur
1407 994 1622 1050 videtur
1661 991 1932 1064 ﬂagellum
1960 989 2186 1056 fecisse,

593 1095 874 1168 signanter
893 1090 962 1149 de
983 1089 1238 1147 funiculis
1260 1088 1343 1145 vel
1371 1087 1631 1154 restibus,
1657 1087 1785 1158 quia
1813 1085 2191 1155 unusquisque

595 1185 850 1245 funiculis
884 1195 1234 1257 peccatorum
1267 1197 1523 1246 suorum,
1549 1179 1749 1252 quibus
1778 1177 2188 1248 constringitur,

596 1281 795 1339 merito
816 1275 1116 1351 ﬂagellatur
1133 1284 1190 1331 et
1213 1274 1448 1347 ejicitur.
1471 1272 1676 1329 Deinde
1697 1286 1913 1327 mensas
1937 1283 2191 1326 nummu-

598 1370 865 1428 lariorum
889 1377 948 1425 et
968 1366 1259 1425 cathedras
1280 1366 1500 1432 evertit,
1516 1363 1800 1420 columbas
1819 1361 2192 1425 vendentium,

498 1515 500 1518 ,
599 1462 727 1533 quia
754 1460 845 1517 ubi
878 1459 1036 1533 panis
1065 1457 1498 1532 propositionum
1524 1455 1855 1514 oﬂ'erebatur
1882 1453 2034 1524 prius
2061 1453 2192 1518 Deo,

602 1554 736 1611 nihil
766 1555 836 1611 ad
875 1554 1022 1610 aliud
1047 1569 1210 1626 quam
1241 1553 1310 1609 ad
1341 1553 1520 1624 turpia
1549 1551 1700 1608 lucra
1735 1551 1992 1608 sectanda
2009 1553 2196 1621 'pone-

601 1649 822 1715 bantur,
845 1655 903 1704 et
926 1647 1202 1704 cathedra:
1227 1645 1532 1712 doctorum,
1563 1645 1632 1702 de
1659 1645 1856 1715 quibus
1882 1643 1968 1699 lex
1993 1653 2050 1700 et
2075 1643 2200 1698 doc-

608 1742 756 1799 trina
784 1756 1010 1798 manare
1026 1740 1288 1796 debuerat
1307 1739 1499 1812 gratis,
1526 1739 1654 1811 quia
1675 1738 1890 1793 venalia
1916 1736 2200 1793 sectaban-

604 1843 718 1901 tur,
748 1843 1068 1891 evertuntur
1098 1831 1374 1898 t'unditus,
1417 1831 1508 1902 qui
1554 1831 1696 1886 dona
1724 1829 1959 1902 gratuita
1997 1827 2201 1884 Christi
2228 1811 2278 1872 Β

605 1926 775 1999 gratis
803 1926 935 1981 dare
957 1925 1239 1980 deberent.
1274 1922 1381 1978 Sed
1417 1921 1544 1992 quia
1567 1923 1697 1976 caeci
1727 1919 1908 1974 omnia
1936 1918 2198 1990 profana-

606 2017 762 2093 bant,
791 2025 849 2072 et
877 2015 1116 2071 tulerant
1141 2014 1353 2071 clavem
1389 2013 1648 2080 scientiae,
1684 2027 1752 2068 ne
1777 2019 1870 2067 aut
1900 2011 2004 2083 ipsi
2035 2011 2203 2066 intra-

607 2117 732 2166 rent
778 2109 847 2163 ad
904 2116 1127 2173 sancta,
1168 2115 1261 2162 aut
1305 2121 1407 2162 nec
1463 2105 1554 2160 alii
1597 2112 1820 2177 possent
1874 2103 2098 2158 intrare.
2137 2101 2207 2156 Et

611 2199 735 2256 ideo
750 2213 914 2269 quam
942 2197 1030 2270 pie
1047 2197 1185 2253 tales
1207 2197 1617 2261 subvertuntur,
1637 2193 1800 2250 utalii
1817 2193 1909 2264 qui
1928 2192 2057 2249 caeci
2081 2199 2207 2248 sunt

610 2291 669 2348 in
711 2291 934 2364 templo,
974 2306 1041 2347 ex
1090 2306 1278 2347 eorum
1325 2288 1672 2359 corruptione
1719 2295 1926 2358 queant
1965 2285 2209 2356 recipere

609 2381 812 2438 lumen.
830 2381 1083 2452 Alioquin
1104 2381 1208 2438 nisi
1222 2395 1438 2436 mensas
1450 2378 1938 2435 nummulariorum
1953 2385 2009 2432 et
2027 2375 2211 2431 cathe-

612 2475 738 2531 dras
764 2475 1112 2532 vendentium
1141 2474 1426 2530 columbas
1453 2473 1743 2530 evertisset
1775 2471 1954 2540 Iesus,
1986 2469 2118 2527 cteci
2155 2478 2212 2525 et

613 2564 791 2620 claudi
820 2565 994 2622 lucem
1014 2566 1324 2637 pristinam,
1348 2574 1404 2621 et
1425 2579 1645 2636 gressus
1671 2563 1936 2627 concitos,
1963 2578 2073 2618 non
2097 2575 2212 2615 me-

617 2661 855 2718 ruissent
882 2662 1145 2733 recipere.
1190 2659 1307 2717 Non
1341 2660 1489 2716 enim
1518 2659 1588 2716 ob
1615 2658 1778 2713 aliam
1818 2672 2039 2713 causam
2067 2654 2212 2712 solas

616 2754 899 2811 columbas
938 2754 1042 2809 hoc
1083 2752 1202 2808 loco
1245 2750 1590 2821 Evangelista
1629 2749 1964 2814 nominavit,
1995 2763 2118 2803 cum
2145 2746 2214 2801 de

616 2844 905 2915 eversione
943 2842 1153 2899 sedium
1191 2841 1533 2897 sacerdotum
1580 2839 1924 2909 loqueretur;
1955 2838 2050 2893 sed
2090 2837 2214 2892 ideo

618 2939 725 2996 hoc
743 2939 892 3004 fecit,
912 2945 976 2993 ut
992 2952 1153 2992 nemo
1173 2937 1316 2991 dona
1336 2935 1509 2991 sancti
1534 2933 1772 3004 Spiritus
1792 2934 1847 2988 in
1870 2947 2100 2988 vacuum
2119 2945 2212 2985 ac-

621 3030 820 3102 cipiat;
845 3043 913 3085 ne
939 3027 1080 3084 forte
1103 3026 1269 3100 (quod
1295 3027 1458 3098 absit)
1485 3043 1610 3082 cum
1640 3025 1864 3082 Simone
1893 3025 2212 3082 sententiam

623 3119 1009 3185 damnationis,
1030 3119 1172 3190 sivea
1197 3117 1434 3174 vendere
1456 3117 1540 3172 vel
1559 3132 1742 3174 emere
1765 3116 2075 3182 tentaverit,
2104 3115 2215 3171 hae-

2277 541 2451 612 jicere
2501 557 2568 597 ac
2607 548 2926 606 conterere,
2967 546 3025 596 et
3066 537 3197 594 talia
3241 537 3414 595 facere
3451 555 3559 611 qua:
3590 540 3782 600 inﬁnitus

2286 653 2395 695 non
2425 637 2649 694 fecisset
2684 635 2980 692 exercitus.
3014 632 3193 699 Unde,
3229 633 3365 690 sicut
3392 633 3496 704 jam
3529 649 3668 706 supra
3685 636 3782 700 dixi.

2287 731 2516 804 aliquid,
2559 732 2777 803 igneum
2807 740 2974 802 atque
3004 728 3277 785 sidereum
3316 727 3578 800 oportebat
3605 728 3786 788 radiaret

2289 839 2357 880 ex
2383 823 2559 879 oculis
2583 820 2722 892 ejus,
2750 830 2806 878 et
2831 819 3132 878 divinitatis
3159 820 3425 890 majestas,
3456 821 3582 877 sicut
3609 823 3786 893 majores

2290 917 2464 973 nostri
2500 916 2775 982 dixerunt,
2803 913 3084 971 relucebat
3107 913 3162 967 in
3196 911 3348 968 facie.
3372 912 3514 970 Unde
3533 953 3551 982 ,
3579 914 3684 984 quia
3703 930 3786 970 ma-

2291 1007 2463 1064 nusin
2482 1023 2607 1063 eum
2630 1021 2738 1062 non
2761 1005 2966 1062 audent
2983 1003 3228 1074 injicere,
3250 991 3386 1074 quia'
3397 1009 3588 1075 tempus
3610 1005 3788 1060 nondum

2292 1108 2434 1166 erat,
2459 1107 2641 1156 tamen
2669 1098 2926 1171 operibus
2960 1096 3387 1162 calumniantur,
3417 1104 3469 1152 et
3497 1095 3790 1152 testimonium

2295 1193 2699 1264 reprehendunt
2715 1190 2921 1263 populi,
2938 1189 3081 1261 quod
3096 1204 3221 1246 cum
3235 1187 3544 1246 clamoribus
3556 1203 3583 1242 a
3593 1186 3791 1244 descensu

2295 1283 2498 1339 montis
2519 1281 2716 1339 Oliveti
2744 1295 2916 1353 usque
2953 1280 3022 1336 ad
3051 1279 3334 1350 templum,
3353 1288 3408 1334 et
3429 1279 3482 1333 in
3508 1278 3691 1347 templo,
3711 1278 3792 1334 sine

2299 1374 2703 1432 intermissione
2718 1373 2934 1430 fortiter
2955 1372 3303 1428 resonabant.
3317 1370 3458 1439 Quas
3482 1370 3698 1426 nimirum
3715 1369 3794 1423 lin.

2299 1469 2396 1525 des
2423 1467 2479 1523 in
2494 1466 2822 1523 calumniam
2848 1473 3106 1530 vertunt;
3135 1478 3202 1518 eo
3229 1462 3370 1534 quod
3399 1459 3682 1531 intelligunt,
3704 1459 3793 1529 quia

2305 1578 2416 1618 non
2442 1560 2709 1631 competit
2742 1566 2804 1613 ut
2841 1556 3005 1612 alicui
3035 1555 3271 1620 dicatur,
3303 1552 3510 1609 Osanna
3539 1553 3636 1622 ﬁlio
3658 1550 3792 1612 Darid,

2303 1652 2602 1708 benedictus
2624 1651 2713 1722 qui
2744 1650 2879 1705 venit
2894 1649 2951 1703 in
2977 1647 3185 1701 nomine
3212 1645 3441 1709 Domini,
3464 1643 3560 1699 nisi
3578 1642 3690 1697 Filio
3701 1641 3792 1696 Dei:

2304 1752 2359 1801 et
2391 1743 2514 1799 ideo
2539 1741 2727 1797 dicunt
2764 1739 2848 1805 ei,
2880 1738 3048 1793 Audis
3083 1735 3209 1809 quid
3233 1736 3320 1791 isti
3354 1733 3564 1790 dicunt?
3587 1731 3652 1787 Ac
3685 1731 3720 1787 si
3738 1730 3794 1783 di-

2304 1844 2461 1902 cant,
2487 1834 2569 1890 'l‘u
2597 1833 2762 1890 homo
2784 1847 2911 1888 cum
2941 1831 3048 1895 sis,
3080 1827 3223 1884 fabri
3257 1826 3432 1891 ﬁlius,
3460 1841 3549 1881 cur
3570 1821 3795 1895 permittis,

2305 1938 2366 1984 ut
2415 1927 2615 1983 divinis
2657 1923 2908 1980 laudibus
2960 1933 3013 1978 te
3054 1919 3392 1977 acclament?
3430 1917 3592 1985 Quare
3627 1930 3712 1970 non
3741 1914 3798 1966 in-

2305 2038 2496 2096 erepas
2538 2037 2633 2078 eos
2675 2027 2736 2074 ut
2787 2016 3042 2074 taceant?
3068 2013 3230 2070 Iesus
3261 2022 3434 2067 autem
3465 2010 3578 2064 dicit
3611 2009 3696 2072 eis,
3723 2003 3799 2060 Uti-

2305 2133 2426 2189 que.
2456 2113 2537 2171 Ac
2566 2114 2614 2170 si
2644 2113 2873 2176 diceret,
2916 2107 3117 2179 Utique
3174 2104 3336 2161 audio
3361 2113 3416 2159 et
3440 2101 3648 2172 approbo
3681 2097 3800 2153 mira-

2307 2207 2472 2272 culis,
2507 2204 2654 2276 quod
2683 2202 2786 2275 ipsi
2813 2214 2946 2257 voce
2967 2197 3328 2270 proclamant.
3358 2193 3423 2250 Et
3447 2191 3623 2263 adjecit
3643 2189 3799 2244 dicens:

2311 2301 2604 2370 Nunquam
2629 2295 2850 2367 legistis,
2865 2294 2992 2365 quia
3021 2307 3087 2346 ea:
3105 2306 3197 2345 ore
3217 2288 3493 2359 infantium
3517 2294 3560 2339 et
3577 2280 3803 2336 laetantium

2309 2389 2575 2462 perfecisti
2591 2385 2843 2442 ldudem?
2865 2382 3000 2438 Mira
3020 2381 3314 2452 siquidem,
3333 2379 3468 2434 sicut
3485 2377 3534 2433 in
3546 2373 3757 2432 omnibus,
3769 2377 3806 2462 et

2310 2459 2552 2554 prudens
2565 2477 2868 2550 responsio.
2892 2474 3010 2530 Non
3026 2473 3175 2530 enim
3198 2471 3337 2528 dixit
3353 2469 3489 2540 quod
3503 2466 3678 2522 Scribat
3690 2459 3806 2533 869

2311 2573 2500 2630 audire
2520 2571 2829 2642 cupiebant,
2854 2565 3207 2624 benefaciunt
3233 2561 3382 2636 pueri
3406 2569 3461 2615 ut
3490 2557 3607 2616 mihi
3627 2555 3806 2642 testimof

2314 2667 2466 2722 nium
2509 2641 2873 2736 perhibeant;
2913 2673 3092 2730 neque
3135 2657 3282 2713 dixit
3318 2661 3524 2719 errant,
3567 2649 3671 2721 quia
3705 2641 3808 2736 pueri

2313 2767 2443 2816 sunt
2472 2732 2530 2814 et
2558 2755 2898 2828 insipientes,
2929 2752 3052 2809 ideo
3077 2750 3298 2808 debetis
3339 2748 3418 2806 eis
3459 2747 3722 2818 ignoscere.
3751 2732 3815 2791 Sed

2314 2853 2524 2925 profert
2547 2849 2856 2921 exemplum
2889 2857 2998 2902 tam
3028 2845 3322 2902 moderate
3352 2843 3418 2899 de
3445 2839 3630 2912 psalmo
3655 2844 3816 2925 octavo.

2316 2919 2504 3017 sicque
2541 2919 2814 3014 temperat
2853 2938 3202 3004 sententiam,
3255 2945 3316 2992 ut
3343 2935 3408 2991 ad
3435 2942 3682 3000 utramque
3703 2919 3819 2997 possit

2317 3053 2616 3111 congruere
2639 3045 2888 3108 partem,
2921 3033 3040 3089 sine
3065 3030 3346 3088 calumnia
3388 3024 3674 3100 prolatoris,
3700 3017 3741 3074 id
3765 3018 3820 3068 es!

2317 3139 2380 3184 ut
2417 3138 2474 3186 et
2514 3127 2834 3184 insidiantes
2861 3123 3042 3180 divina
3087 3121 3424 3191 comprimat
3463 3113 3754 3172 auctoritate,
3785 3111 3820 3157 el

626 3205 1228 3279 reticusmagisfactus,
1250 3221 1415 3277 quam
1430 3205 1640 3273 doctor,
1658 3203 2212 3275 damnatusexcipiat.
2244 3199 2292 3264 C
2326 3220 2640 3278 ωειίιηοηίο
2685 3217 3116 3288 scripturarum,
3164 3214 3295 3284 ipso
3340 3220 3568 3292 ωοειιιρ,
3611 3212 3819 3275 puerorum

710 3307 948 3363 Videntes
978 3317 1153 3363 autem
1177 3305 1435 3379 principes
1457 3305 1789 3361 sacerdotum
1809 3314 1857 3360 et
1885 3304 2086 3360 Scriba:
2114 3305 2216 3359 mi-

629 3401 816 3456 rabilia
835 3417 953 3473 qua:
977 3401 1182 3472 fecit,et
1193 3416 1382 3472 pueros
1402 3399 1688 3455 clamantes
1711 3401 1767 3454 in
1790 3397 1979 3469 templo
2003 3397 2222 3453 Osanna

626 3492 738 3563 ﬁlio
778 3493 980 3558 David,
1001 3492 1263 3564 indignati
1289 3500 1411 3546 sunt
1452 3499 1499 3546 et
1526 3490 1767 3545 dicebant
1791 3490 1872 3556 ei,
1903 3488 2070 3544 Audis
2094 3488 2222 3559 quid

631 3584 718 3638 isti
739 3583 962 3638 dicunt?
983 3583 1116 3638 Mira
1143 3584 1359 3640 caecitas
1382 3581 1804 3648 Pharisaeorum,
1829 3590 1885 3638 et
1911 3580 2079 3636 nimia
2102 3594 2226 3636 cor-

631 3676 716 3732 dis
737 3675 956 3732 duritia.
986 3675 1182 3732 Turbae
1206 3675 1388 3730 verbis
1418 3689 1542 3729 eum
1574 3673 1862 3728 Dominum
1889 3672 2148 3739 clamant,
2171 3680 2228 3726 et

633 3766 887 3824 Christus
915 3780 974 3822 se
999 3765 1160 3822 factis
1191 3765 1457 3832 ostendit;
1487 3764 1548 3820 tit
1573 3765 1718 3820 enim
1747 3763 1972 3820 vocibus
2010 3763 2226 3818 illorum

635 3859 754 3931 ipse
791 3857 966 3924 testis,
998 3872 1122 3913 cum
1153 3868 1307 3913 sanat
1346 3873 1520 3913 caecos
1546 3867 1607 3911 ut
1640 3857 1884 3923 videant,
1923 3864 1979 3912 et
2008 3855 2230 3913 claudos

636 3960 700 4006 ut
725 3949 1025 4016 ambulent,
1053 3958 1113 4004 ut
1152 3950 1256 4021 ipsi
1289 3950 1385 4020 qui
1424 3949 1555 4006 caeci
1584 3957 1742 4004 erant
1763 3948 1934 4020 868
1957 3947 2231 4019 principes

637 4050 697 4098 et
718 4041 915 4106 claudi,
946 4041 1243 4112 dirigerent
1284 4057 1505 4114 gressus
1529 4056 1659 4097 suos
1712 4041 1780 4096 ad
1826 4040 2138 4105 Dominum,
2178 4047 2235 4094 et

639 4132 921 4190 miraculis
948 4132 1386 4188 illuminarentur
1411 4151 1425 4188 :
1456 4132 1562 4204 ipsi
1599 4146 1728 4186 vero
1755 4130 1900 4186 unde
1929 4129 2113 4185 sanari
2142 4129 2234 4186 de-

640 4227 895 4290 buerunt,
925 4224 1277 4295 indignantur
1313 4233 1368 4280 et
1390 4222 1605 4294 pejores
1631 4223 1789 4278 ﬂunt.
1824 4223 1894 4279 Et
1920 4238 2027 4278 non
2059 4221 2236 4278 solum

643 4309 755 4374 ista
774 4317 1045 4382 viderant,
1095 4315 1191 4372 sed
1231 4317 1396 4372 etiam
1435 4314 1642 4384 maiora
1685 4323 1851 4386 atque
1909 4314 2232 4378 innumera;

643 4426 770 4466 nam
805 4417 861 4464 et
890 4409 1155 4464 Lazarum
1179 4391 1602 4478 quatriduanum
1641 4421 1815 4478 nuper
1843 4413 2120 4461 mortuum
2153 4419 2238 4459 re-

2322 3329 2418 3372 seu
2441 3311 2614 3384 plebis
2642 3310 2787 3367 dicta
2812 3287 3079 3371 tirmaret,
3107 3306 3244 3376 quia
3264 3305 3318 3360 in
3351 3287 3543 3373 Spiritu
3566 3302 3718 3352 sancto
3733 3287 3817 3384 olim

2323 3379 2685 3482 praenuntiata
2713 3410 2872 3461 erant
2896 3413 3017 3474 quae
3039 3399 3316 3454 dicebant.
3350 3395 3496 3452 Sicut
3517 3398 3566 3448 et
3587 3385 3671 3459 ipsi
3691 3379 3819 3482 eodem

2325 3471 2456 3557 lunc
2502 3496 2709 3566 Spiritu
2739 3471 3125 3549 aﬂlativtacere
3161 3503 3274 3544 rion
3316 3489 3572 3558 poterant,
3607 3492 3664 3532 nc
3685 3471 3820 3566 clama-

2326 3597 2469 3648 rent.
2498 3561 2618 3660 lpse
2644 3585 2790 3642 enim
2834 3581 2940 3639 sibi
2969 3581 3114 3637 Deus
3139 3579 3197 3634 in
3223 3578 3420 3634 talibus
3435 3570 3625 3646 perlicit
3647 3561 3820 3660 laudent;

2328 3646 2428 3756 pro
2463 3646 2662 3752 qtiibus
2681 3677 2887 3751 gratias
2911 3689 3079 3746 agens
3108 3671 3262 3727 Patri
3287 3670 3454 3726 Filius
3473 3663 3682 3756 dicebat:
3705 3646 3824 3756 Cotil'

2329 3742 2442 3832 ieor
2469 3742 2585 3838 tibi,
2608 3742 2792 3836 Paler,
2820 3742 3070 3829 Dom—ine,
3102 3765 3218 3820 caeli
3259 3774 3305 3818 et
3332 3772 3503 3826 terrm,
3537 3750 3736 3829 quoniam
3751 3742 3827 3842 οὓς

2331 3867 2558 3925 condisti
2601 3865 2713 3920 lucc
2759 3833 2793 3916 ἀ
2829 3858 3150 3932 sapientibus
3171 3897 3187 3925 ,
3223 3867 3273 3914 et
3323 3852 3548 3911 revelasti
3582 3864 3636 3903 ea
3669 3833 3826 3932 parvula

2334 3961 2552 4034 ("nullo
2580 3974 2662 4023 XI.
2685 3955 2803 4027 25).
2827 3930 2947 4010 Non
2984 3950 3129 4024 quod
3150 3949 3369 4022 parvuli
3401 3963 3463 4004 ac
3490 3945 3710 4034 lactentes
3730 3930 3831 4034 erant

2334 4016 2430 4124 qui
2457 4049 2792 4116 clamabant,
2824 4061 2949 4101 cum
2976 4043 3139 4115 paulo
3169 4041 3420 4113 superius
3448 4037 3632 4093 dictum
3652 4028 3706 4084 sit
3722 4016 3828 4124 quod.

2338 4113 2528 4198 lurbw
2552 4154 2671 4211 qua:
2704 4113 3088 4209 pra-:cedebant,
3117 4144 3167 4188 et
3193 4149 3315 4204 qui:
3343 4127 3679 4211 sequebantur,
3698 4113 3832 4211 claua.

2337 4235 2482 4289 bant.
2538 4207 2712 4288 Under
2743 4227 3118 4299 intelligimus,
3163 4224 3295 4294 quia
3345 4220 3570 4278 infantes
3607 4207 3836 4300 dicebant"r

2339 4343 2450 4384 non
2493 4331 2674 4390 aetate,
2700 4321 2797 4378 sed
2824 4318 3176 4390 simplicitate
3222 4314 3425 4372 cordis.
3455 4309 3593 4368 Alias
3617 4310 3770 4358 autem,
3788 4305 3839 4343 m-

2343 4421 2516 4476 lantes
2541 4389 2667 4474 nec
2689 4414 2994 4486 intelligere
3020 4410 3282 4481 aliquem,
3308 4422 3409 4464 nec
3451 4401 3652 4460 laudare
3683 4389 3838 4477 queunt:

648 4511 960 4574 surgemem
980 4501 1250 4568 “derant
1267 4509 1324 4556 et
1341 4501 1484 4557 “me
1510 4508 1642 4556 “mc
1663 4467 1737 4555 ibi
1763 4500 1916 4556 ίθειίδ
1931 4508 2072 4566 erat:
2096 4498 2239 4554 unde
2343 4467 2897 4575 Sed'inl'a'n'te'sﬂjureu
2909 4467 3176 4560 dicuntur
3215 4467 3280 4556 et
3301 4499 3576 4558 lactentes,
3613 4485 3716 4558 quia
3739 4467 3841 4547 ίιυδδί

648 4603 704 4651 et
732 4573 854 4650 eum
883 4591 1001 4663 jam
1037 4592 1308 4660 occidere,
1357 4600 1495 4648 teste
1523 4591 1902 4663 Evangelista,
1948 4589 2202 4646 volebant

2306 4581 2502 4657 ’lactis
2533 4600 2802 4657 suavitate
2842 4598 2899 4653 in
2943 4595 3126 4652 animo
3160 4593 3406 4657 excitati,
3442 4591 3510 4645 ita
3552 4573 3842 4663 miraculorum

649 4690 744 4746 sed
770 4697 826 4744 et
855 4703 1057 4744 caacum
1083 4702 1151 4743 ex
1173 4695 1330 4743 utero
1355 4685 1549 4742 matris
1577 4701 1689 4740 suae
1713 4684 2074 4740 illuminatum
2092 4683 2243 4739 vide-

650 4792 794 4838 rant.
827 4780 982 4848 Quod
1009 4779 1054 4835 si
1093 4779 1284 4834 altiora
1328 4777 1654 4848 repetimus,
1692 4777 1746 4832 in
1780 4775 2016 4833 Jordane
2051 4791 2241 4832 vocem

651 4873 831 4930 Patris
856 4874 923 4928 de
946 4871 1085 4930 coelo
1105 4887 1269 4942 super
1293 4887 1418 4927 eum
1447 4872 1781 4927 intonantem
1812 4871 2115 4936 audierant,
2138 4868 2243 4924 Hic

653 4978 728 5023 est
755 4965 931 5022 Filius
953 4984 1099 5022 meus
1113 4966 1333 5022 dilectus
1354 4964 1573 5038 (Matth.
1592 4982 1728 5033 xvu,
1758 4965 1834 5038 5).
1869 4965 1998 5022 Haec
2023 4964 2244 5036 quidem

659 5075 856 5130 magna
888 5068 1036 5125 sunt,
1083 5066 1138 5114 et
1178 5057 1284 5113 alia
1325 5057 1742 5114 innumerabilia
1782 5072 1902 5127 quae
1947 5055 2094 5112 fecit.
2139 5054 2246 5111 Sed

659 5152 816 5218 mihi,
839 5138 902 5224 ut
925 5150 1164 5225 praernisi
1197 5149 1360 5222 paulo
1395 5151 1674 5220 superius,
1707 5149 1849 5205 inter
1884 5148 2068 5204 omnia
2095 5148 2250 5219 signa

663 5258 784 5314 qua:
815 5242 964 5308 fecit,
1013 5241 1114 5297 hoc
1155 5241 1370 5297 videtur
1411 5255 1533 5296 esse
1561 5239 1887 5306 mirabilius,
1933 5239 2078 5309 quod
2111 5255 2252 5294 unus

665 5334 847 5400 homo,
871 5343 928 5390 et
955 5333 1046 5389 illo
1072 5334 1126 5389 in
1152 5343 1391 5406 tempore
1411 5333 1530 5389 vilis
1546 5335 1690 5388 inter
1709 5350 1828 5399 eos,
1852 5341 1907 5387 et
1931 5332 2254 5402 contempti-

665 5426 789 5484 bilis
813 5436 978 5498 atque
1005 5426 1290 5499 despectus
1309 5468 1324 5494 ,
1347 5435 1403 5481 et
1432 5426 1487 5481 in
1528 5434 1738 5479 tantum
1769 5425 1892 5480 vilis
1921 5439 1986 5480 ac
2019 5424 2066 5480 si
2091 5439 2254 5479 cruce

665 5516 899 5588 dignus,
948 5525 1009 5572 ut
1050 5516 1238 5590 postea
1299 5503 1752 5588 cruciﬁgeretur;
1816 5515 2252 5588 quandoquidem

669 5605 877 5666 Scribis
906 5619 963 5667 et
983 5609 1272 5667 Pharisaais
1306 5601 1511 5680 contra
1540 5625 1598 5666 se
1626 5609 1996 5678 saavientibus,
2020 5613 2258 5670 maxime

676 5713 743 5755 eo
761 5703 904 5772 quod
922 5689 1188 5761 vidissent
1213 5703 1366 5780 lucra
1384 5721 1480 5760 sua
1507 5703 1988 5776 destrui,,potuerit
2010 5705 2078 5761 ad
2101 5707 2259 5763 unius

671 5789 868 5863 ﬂagelli
894 5793 1122 5852 verbera
1143 5835 1159 5862 ,
1190 5803 1395 5852 tantam
1435 5796 1636 5867 ejicere
1661 5796 2062 5856 multitudinem
2108 5817 2259 5857 men-

2229 5959 2278 5970 μέν
2288 5957 2308 5968 ιι

2291 4735 2299 4738 η
2347 4693 2468 4758 Dei,
2496 4692 2640 4747 intus
2681 4687 3043 4745 delectatione
3068 4686 3313 4752 accensi,
3341 4679 3647 4740 clamabant.
3679 4666 3761 4724 Nec
3780 4661 3845 4758 ἱξιιο

2352 4753 2549 4841 merito
2595 4782 2764 4855 igitur
2809 4796 2947 4852 opus
2997 4778 3390 4835 miraculorum
3432 4770 3620 4831 Christi
3642 4759 3764 4855 quasi

2349 4884 2579 4933 vocatur
2595 4844 2771 4944 {quia
2803 4844 3052 4928 inﬁdeles
3079 4879 3136 4926 et
3161 4869 3374 4942 parvuli
3419 4865 3587 4922 adhuc
3611 4861 3660 4915 in
3681 4851 3775 4915 ﬁde,
3795 4844 3850 4942 his.

2351 4977 2535 5039 egent,
2567 4976 2627 5021 ut
2651 4964 2879 5022 credant
2899 4973 2954 5021 et
2979 4963 3288 5019 ﬁrmentur.
3333 4961 3582 5019 Doctrina
3607 4965 3728 5011 vero,
3751 4956 3805 5041 ac.

2353 5035 2556 5118 solidus
2598 5059 2772 5124 cibus,
2821 5057 3187 5130 perfectorum
3234 5065 3344 5122 est,
3393 5052 3532 5126 quod
3573 5043 3760 5104 necdum
3796 5035 3852 5085 i5“

2355 5153 2524 5209 fuisse
2573 5151 2892 5225 probantur.
2935 5148 3075 5205 Ecce
3127 5147 3403 5218 quomodo
3448 5137 3691 5200 calumnia
3713 5132 3853 5225 reorum

2355 5246 2450 5318 qui
2475 5224 2767 5317 culpabant
2794 5242 3002 5310 Jesum,
3033 5243 3176 5313 quod
3201 5258 3312 5299 non
3362 5239 3652 5310 increparet
3686 5224 3855 5282 clam”

2357 5348 2463 5406 tes,
2495 5352 2810 5408 compressa
2863 5345 2949 5393 est
2989 5335 3321 5393 auctoritate
3369 5323 3858 5408 Scripturarumﬂaf"

2322 5484 2328 5489 ,
2361 5401 2523 5502 quam
2554 5429 2599 5485 si
2618 5401 2852 5486 Idiceret
2880 5446 2893 5483 :
2926 5429 3041 5485 Etsi
3076 5444 3196 5485 mea
3221 5427 3382 5500 culpa
3408 5401 3505 5482 est
3520 5417 3650 5494 quod
3684 5409 3754 5470 is“

2366 5493 2538 5588 mant,
2561 5523 2806 5591 nunquid
2855 5537 2976 5578 mea
3005 5522 3163 5594 'culpa
3190 5531 3298 5589 est,
3313 5493 3472 5592 ’quod
3497 5525 3617 5572 ante
3654 5517 3720 5566 ῐοι
3748 5493 3860 5597 “illi:

2366 5632 2634 5673 annorum
2660 5617 2766 5672 hoc
2811 5616 3054 5672 futurum
3087 5617 3352 5690 propheta
3381 5607 3646 5689 praedixit?
3669 5601 3795 5661 Porie
3827 5601 3862 5685 “3

2367 5725 2431 5765 ca
2487 5709 2644 5766 turba
2698 5717 2827 5766 tunc
2883 5710 3018 5767 tales
3067 5719 3241 5776 erant,
3292 5709 3387 5781 qui
3432 5715 3609 5779 postea
3651 5691 3860 5781 dumi"?

2368 5812 2540 5864 erant.
2574 5803 2855 5875 Cruciﬁge,
2883 5804 3145 5879 Cruciﬁge
3188 5768 3529 5876 silmilia".
3568 5811 3664 5856 xix,
3700 5785 3767 5859 6).
3791 5768 3862 5834 Sed
