4008 6354
203 325 297 380 ⁸115

968 322 1339 383 ΕΧΡοειτιο
1372 323 1444 380 IN
1476 322 1917 384 MATTHIEUM.
1958 354 2029 367 --
2067 324 2197 381 LIB.
2234 324 2323 388 IX.
2364 326 2517 382 CAP.
2558 324 2700 382 XXI.

3359 331 3466 390 τη

202 434 492 501 miraculis,
517 442 581 491 ut
602 435 736 505 dixi,
760 436 1006 502 excitati,
1033 455 1141 496 non
1167 447 1420 510 poterant
1442 439 1602 496 silere
1630 439 1777 511 quod
1803 446 1852 507 Α
1882 424 2268 505 reverteretur,
2296 439 2506 505 esuriit,
2537 438 2625 494 vel
2671 439 2959 496 veritatem
3006 441 3257 500 humana!
3285 446 3469 503 carnis

201 528 250 583 in
279 526 484 600 Spiritu
513 538 705 587 saneto
732 529 1023 601 agebatur.
1039 530 1110 586 Et
1137 531 1259 589 ideo
1307 531 1557 588 Salvator
1584 547 1777 589 secun-

198 617 315 672 dum
361 619 755 691 evangelistam
782 600 951 677 aliud
998 600 1238 690 addidit,
1284 623 1511 680 dicens:
1547 623 1703 691 Quod
1730 624 1777 679 si

197 711 276 765 isti
315 713 597 779 tacuerint,
627 712 826 785 lapides
873 713 1174 771 clamabunt
1199 715 1352 788 (Luc.
1380 733 1499 785 xxx,
1524 716 1640 791 40).
1666 715 1780 773 Nec

196 804 385 861 mimm
416 806 606 878 igitur,
637 806 683 864 si
711 806 899 865 laudes
923 808 1135 866 Domini
1178 809 1270 865 isti
1313 810 1623 878 decantant,
1653 828 1779 883 per-

194 895 317 951 m0ti
338 896 645 963 miraculis,
668 899 920 969 quamvis
961 898 1202 971 scopulis
1241 900 1352 956 sint
1375 901 1479 973 ipsi
1507 901 1776 969 duriores,

195 1003 310 1044 cum
338 998 537 1046 contra
581 999 834 1047 naturam
859 1007 1015 1049 suam
1062 1009 1196 1050 saxa
1236 995 1616 1066 respondeant,
1642 1012 1780 1067 .qua:

192 1091 241 1138 et
263 1082 432 1138 scissa
459 1083 718 1140 dicuntur
734 1084 905 1156 87o
927 1085 983 1140 in
1007 1086 1263 1156 passione
1291 1087 1491 1158 ipsius;
1522 1089 1778 1159 quoniam

190 1173 362 1229 omnis
391 1182 674 1240 creatura,
704 1175 807 1229 etsi
862 1174 1211 1243 insensibilis,
1253 1177 1418 1232 sentit
1441 1176 1776 1245 Creatorem,

188 1270 239 1319 et
265 1263 386 1333 ejus
414 1264 668 1322 subditur
716 1266 978 1338 imperiis,
1023 1266 1180 1338 jussu
1212 1268 1525 1327 dominante
1573 1272 1773 1329 divino.

191 1352 450 1427 Sequitur
480 1374 495 1410 :

254 1443 323 1497 L‘t
353 1443 554 1498 relictis
600 1443 729 1514 illis,
756 1446 884 1501 abiit
919 1462 1065 1518 ,oras
1119 1457 1270 1504 extra
1300 1450 1560 1506 civitatem
1590 1453 1646 1508 in
1674 1453 1781 1509 Be-

187 1535 445 1599 thaniarn,
494 1544 543 1590 et
572 1536 766 1592 mansit
800 1537 892 1592 ibi.
922 1536 1082 1594 Mane
1117 1549 1292 1595 autem
1326 1542 1490 1613 facta,
1520 1555 1781 1600 reuertens

189 1625 246 1679 in
284 1627 578 1694 ciuitatem,
613 1629 817 1685 esuriit.
866 1629 936 1685 Et
974 1631 1152 1687 videns
1187 1634 1322 1703 ﬁcus
1353 1636 1592 1693 arborem
1620 1655 1783 1694 uitam

190 1731 337 1772 usus
364 1717 686 1783 eium,uenit
716 1720 788 1773 ad
832 1736 967 1784 eam,
1008 1730 1060 1776 et
1086 1722 1218 1777 nihil
1242 1724 1434 1781 invenit
1477 1728 1533 1782 in
1574 1745 1638 1783 ea
1681 1731 1783 1786 nisi

1879 528 2191 595 ostendens,
2225 527 2312 584 vel
2343 529 2613 595 esuriens,
2642 529 2804 601 'quod
2834 531 3005 602 magis
3053 532 3330 591 fatendum
3358 548 3466 603 est,

1881 621 2107 678 salutem
2140 622 2498 690 credentium,
2529 630 2585 680 et
2612 632 2849 679 aestuans
2879 624 2995 680 zelo
3024 625 3094 681 ad
3123 626 3470 686 incredulita-

1882 723 1991 772 tem
2028 715 2243 772 lsraelis
2270 756 2286 783 ,
2333 715 2389 771 in
2437 731 2543 786 qua
2590 730 2910 785 permanere
2947 734 3052 775 non
3099 721 3300 791 putuit.
3328 721 3467 778 Mira

1880 807 2146 878 siquidem
2175 808 2464 864 inﬁdelitas
2490 824 2679 865 eorum
2697 852 2711 877 ,
2740 820 2800 866 ut
2831 810 2885 866 in
2914 813 3048 868 urbe
3077 816 3315 873 maxima
3336 857 3353 883 ,
3382 817 3470 874 his

1882 899 2103 965 diebus,
2160 900 2366 957 nullum
2418 902 2728 974 hospitem,
2777 905 3090 978 nullamque
3132 911 3471 968 mansionem

1883 989 2167 1067 invenerit.
2199 991 2353 1049 Unde
2393 1009 2517 1049 cum
2566 995 2793 1052 vidisset
2838 999 3093 1055 arborem
3128 1016 3291 1057 unam
3317 1042 3331 1069 ,
3372 1019 3478 1075 per

1882 1098 2046 1154 quam
2068 1083 2314 1157 intelligi,
2344 1102 2409 1142 ac
2444 1087 2490 1142 si
2519 1086 2702 1144 divino
2734 1087 2918 1157 aifatu,
2952 1088 3232 1165 Synagoga
3260 1102 3478 1165 poterat

1882 1173 2211 1243 Iudaeorum,
2236 1184 2293 1233 et
2316 1180 2498 1235 omnia
2523 1194 2714 1236 eorum
2741 1181 3099 1239 conciliabula
3116 1183 3277 1267 juxta
3308 1187 3472 1252 viam,

1883 1267 2009 1337 quia
2035 1283 2142 1324 non
2167 1279 2325 1325 erant
2355 1271 2410 1326 in
2451 1271 2538 1327 via
2578 1288 2700 1343 quae
2745 1272 2995 1331 Christus
3041 1284 3144 1342 est,
3200 1276 3475 1348 sed'juxta

1882 1359 2025 1414 viam
2051 1361 2208 1433 legis,
2256 1378 2417 1419 secus
2441 1380 2605 1435 quam
2636 1366 2754 1422 sine
2779 1365 2961 1423 fructu
2986 1368 3191 1425 virides
3214 1370 3480 1427 videban-

1889 1458 1976 1506 tur
2004 1470 2017 1506 :
2044 1468 2275 1522 quorum
2306 1458 2554 1513 esuriens
2578 1457 2805 1514 salutem
2832 1460 2979 1515 venit
3006 1461 3075 1515 ad
3111 1459 3451 1534 Synagogam
3471 1504 3484 1527 ,

1889 1552 1947 1598 et
1970 1544 2178 1601 invenit
2205 1561 2325 1602 eam
2354 1548 2725 1617 infecundam,
2758 1552 2875 1608 sine
2918 1556 3117 1618 lructu,
3166 1554 3309 1610 foliis
3355 1564 3485 1608 tan--

1889 1639 2165 1694 tummodo
2194 1641 2445 1698 vestitam
2469 1685 2484 1710 ,
2522 1640 2574 1699 id
2601 1653 2685 1700 est
2709 1685 2724 1711 ,
2754 1646 2936 1701 verbis
2965 1647 3217 1703 inanibus
3243 1647 3482 1720 glorian-

1890 1732 2025 1793 tem,
2068 1738 2125 1784 et
2154 1729 2422 1790 fructibus
2470 1750 2694 1791 vacuam
2720 1778 2735 1803 ,
2786 1739 3042 1809 operibus
3073 1741 3289 1810 quidem
3320 1741 3480 1797 bonis

186 1808 571 1877 (alienatum,
612 1821 662 1866 et
707 1814 782 1868 ait
820 1812 942 1871 illi:
966 1814 1255 1887 Nunquam
1296 1834 1361 1872 ea:
1389 1828 1437 1873 te
1461 1819 1665 1890 fructus
1690 1840 1783 1877 na-
1812 1820 1860 1881 B
1887 1819 2149 1877 sterilem.
2186 1822 2252 1877 Et
2305 1826 2431 1895 quia
2468 1829 2768 1898 paenitendi
2799 1839 3009 1903 tempus
3038 1808 3114 1887 illi
3145 1843 3475 1899 excesserat,

185 1912 362 1957 scatur
404 1905 461 1959 in
496 1904 888 1974 sempiternum.
934 1906 1100 1963 Facta
1148 1908 1308 1966 factis
1355 1913 1689 1981 succedunt,
1725 1924 1781 1972 et

187 1994 447 2050 miracula
489 1996 768 2053 miraculis
787 2038 803 2065 ,
840 2013 963 2068 quae
988 2015 1096 2055 non
1133 2002 1315 2056 omnia
1346 2018 1455 2058 uno
1484 2004 1538 2059 in
1569 2005 1687 2061 loco
1712 2008 1783 2063 ab

189 2086 534 2157 evangelistis
596 2088 925 2155 narrantur,
977 2106 1046 2147 ne
1107 2091 1397 2148 videantur
1442 2095 1782 2153 solummodo

191 2176 471 2232 historiam
519 2188 703 2235 texere
737 2178 1068 2247 Salvatoris;
1105 2183 1200 2238 sed
1226 2184 1306 2240 sic
1328 2185 1571 2241 vicissim
1598 2187 1781 2243 Omnia

193 2281 413 2338 ponunt,
450 2279 511 2326 ut
566 2271 763 2344 singuli
817 2288 915 2328 sua
964 2284 1250 2343 exornent,
1298 2286 1355 2331 et
1410 2280 1783 2352 unusquisque

200 2378 398 2430 eorum,
447 2364 593 2435 quod
641 2366 788 2421 intus
815 2365 1138 2423 mirabiliter
1180 2372 1446 2442 conspicit
1481 2387 1783 2445 congruere

204 2451 254 2507 in
279 2457 553 2525 mysterio,
584 2454 721 2511 foris
763 2466 992 2513 exornet
1022 2470 1077 2513 et
1108 2467 1317 2516 retexat
1347 2462 1401 2516 in
1433 2463 1671 2519 oraculo.
1702 2464 1780 2520 Ita

208 2551 259 2598 ut
293 2545 528 2611 nesciat,
580 2547 832 2616 quamvis
856 2548 1095 2617 prudens
1129 2550 1379 2607 videatur
1405 2566 1526 2608 esse
1571 2554 1778 2621 doctor,

207 2639 324 2709 quid
352 2640 587 2711 primum
633 2642 822 2697 mirari
852 2643 1046 2700 debeat
1089 2664 1102 2699 :
1131 2647 1275 2717 quod
1305 2663 1446 2703 unus
1485 2664 1673 2705 eorum
1724 2650 1816 2705 in'

207 2730 432 2787 ordinem
460 2734 635 2805 ponit,
664 2750 733 2789 an
764 2736 908 2805 quod
938 2736 1189 2794 immutat
1217 2738 1373 2804 alius,
1407 2748 1462 2795 et
1489 2748 1665 2796 tamen
1693 2741 1779 2797 di-

207 2821 391 2880 vinitus
433 2825 516 2880 sic
562 2841 662 2882 sua
709 2828 995 2895 contexit,
1045 2838 1105 2885 ut
1163 2847 1354 2887 verum
1409 2834 1781 2904 unusquisque

207 2926 378 2971 eorum
414 2917 581 2983 dicat,
614 2918 747 2973 nihil
797 2920 1125 2977 dissentiens
1151 2924 1221 2979 ab
1250 2922 1401 2991 aliis;
1445 2933 1501 2981 et
1528 2925 1584 2981 in
1616 2927 1782 2998 signi-

203 3009 536 3067 ﬁcationibus
563 3012 679 3067 suis
701 3027 765 3068 ac
806 3012 994 3084 figuris
1022 3022 1077 3070 et
1101 3018 1279 3082 rebus,
1311 3017 1624 3088 pulchriora
1664 3018 1778 3074 sin-

201 3102 324 3173 guli,
353 3120 416 3160 ac
441 3106 487 3161 si
535 3105 746 3177 lapillos
770 3122 1128 3180 gemmarum,
1177 3122 1441 3181 ponentes
1468 3113 1523 3168 in
1547 3113 1778 3179 fabrica,

1884 1911 1939 1966 in
1968 1923 2289 1985 perpetuum
2320 1921 2588 1977 sententia
2615 1922 2854 1978 caelestis
2878 1923 3100 1993 judicis,
3131 1936 3187 1981 ut
3225 1926 3324 1998 ipsi
3356 1944 3478 1983 cer-

1884 2002 2087 2071 nimus,
2134 2004 2371 2063 arefacta
2420 2010 2473 2064 in
2528 2013 2896 2069 testimonium
2951 2027 3154 2073 manet.
3208 2018 3402 2073 Nescio
3432 2019 3479 2075 si

1884 2095 2187 2152 evidentius
2213 2097 2415 2169 aliquid
2444 2101 2768 2171 inveniatur,
2798 2121 2905 2176 quo
2921 2122 3151 2177 persona
3181 2110 3482 2183 Synagoga:

1885 2185 1940 2240 in
1972 2188 2257 2244 arboribus
2282 2194 2729 2261 commendetur,
2759 2212 2922 2267 quant
2967 2199 3014 2255 si
3066 2200 3193 2256 huic
3238 2204 3364 2257 hcui
3411 2219 3479 2259 ex.

1885 2276 2095 2331 ratione
2125 2291 2489 2351 comparetur.
2530 2283 2657 2342 liae
2685 2302 2921 2359 namque
2968 2290 3133 2347 arbor
3168 2293 3325 2348 valde
3366 2295 3481 2350 dis-

1884 2366 2138 2425 similiter
2167 2380 2489 2429 exterarum
2542 2378 2822 2446 arborum,
2880 2392 2935 2437 et
2964 2394 3163 2439 natura
3212 2398 3267 2441 et
3294 2388 3480 2444 conui-

1886 2459 2033 2517 tione
2055 2460 2251 2520 ﬂorere
2291 2465 2511 2522 dicitur.
2551 2467 2689 2524 Nam
2718 2469 2817 2527 ﬂos
2840 2470 2956 2541 ejus
2990 2476 3197 2545 primus
3222 2477 3278 2532 in
3305 2479 3481 2548 pomis

1884 2560 2001 2618 est;
2034 2555 2129 2609 sed
2172 2570 2282 2611 non
2311 2572 2375 2612 ea
2403 2574 2523 2629 qua:
2547 2560 2783 2630 primum
2819 2566 3165 2635 emerserint,
3195 2572 3482 2624 maturita-

1885 2651 1995 2698 tem
2023 2658 2431 2717 consequuntur
2462 2666 2475 2703 :
2509 2666 2697 2721 gressa
2725 2653 2871 2709 enim
2900 2655 3049 2722 haec,
3097 2665 3153 2712 et
3177 2662 3483 2716 communis

1885 2750 2037 2802 usus,
2082 2747 2138 2793 et
2181 2740 2499 2811 prophetica
2550 2746 2848 2801 auctoritas
2888 2749 3243 2820 nuncupavit.
3278 2750 3481 2807 Verum

1882 2835 2093 2897 postea,
2136 2838 2197 2884 ut
2236 2835 2547 2899 cernimus,
2608 2833 2839 2891 internae
2888 2836 3235 2896 fecunditatis
3280 2842 3484 2899 virtute

1884 2925 2221 2981 exuberante
2251 2965 2268 2992 ,
2327 2929 2381 2982 in
2448 2928 2690 2999 ejusdem
2744 2933 2981 3003 speciem
3029 2944 3195 3008 atque
3247 2937 3481 2993 formam

1884 3031 2076 3073 rursus
2114 3034 2274 3090 poma
2320 3032 2696 3094 prorumpunt,
2750 3026 2947 3096 quibus
2980 3032 3478 3102 prorumpentibus,

1886 3108 1989 3164 ista
2033 3112 2343 3180 truduntur,
2392 3126 2450 3171 et
2492 3117 2771 3175 dissolutis
2818 3121 3017 3191 quibus
3064 3125 3484 3182 continebantur

197 3196 433 3252 ornatius
466 3206 788 3254 construant
817 3210 1158 3257 sacramenta
1200 3211 1495 3273 gestorum.
1544 3204 1699 3262 Unde
1725 3214 1781 3260 et
1807 3196 1857 3261 C
1886 3205 2092 3272 caudis,
2122 3206 2397 3275 decidunt,
2430 3209 2642 3282 aliaque
2670 3212 2761 3269 illa
2791 3216 2971 3272 euntia
3001 3233 3175 3290 usque
3208 3221 3276 3276 ad
3300 3231 3482 3277 mata-

194 3286 293 3344 hoc
339 3288 482 3355 loco,
526 3291 673 3361 quod
712 3290 927 3348 Marcus
973 3294 1206 3350 secunda
1244 3296 1333 3352 die
1369 3313 1528 3354 mane
1575 3297 1781 3360 factum

192 3379 323 3437 dicit
343 3383 397 3437 in
427 3384 621 3440 ordine
644 3386 979 3443 narrationis
1028 3387 1094 3443 de
1140 3387 1243 3444 ficu
1269 3430 1284 3456 ,
1311 3399 1366 3446 et
1395 3402 1584 3463 postea
1620 3396 1780 3452 tertia

190 3469 278 3526 die
309 3472 605 3530 arefactam
648 3476 871 3547 repetit,
906 3484 962 3532 et
990 3477 1199 3534 addidit
1225 3481 1370 3550 quod
1395 3483 1631 3539 nondum
1663 3495 1782 3541 erat

189 3572 411 3635 tempus
444 3567 706 3635 ﬁcorum;
744 3568 1031 3626 Matthzeus
1069 3572 1285 3641 quidem
1315 3576 1478 3631 tertia
1504 3577 1591 3633 die
1619 3579 1781 3635 simul

190 3668 407 3725 narrat,
455 3662 666 3731 quando
715 3663 963 3735 discipuli
1014 3666 1198 3721 mirati
1226 3676 1379 3722 v-sunt
1427 3683 1548 3725 eam
1600 3672 1781 3727 subito

190 3753 439 3821 eruisse;
466 3755 587 3826 quia
606 3769 709 3827 per
736 3756 977 3829 singulas
1001 3768 1210 3826 noctes,
1228 3769 1289 3816 ut
1314 3761 1663 3835 Evangelium
1690 3756 1787 3821 de?

189 3844 381 3913 clarat,
416 3848 625 3904 relictis
660 3848 786 3918 illis,
833 3851 1017 3907 exibat
1043 3867 1152 3908 una
1179 3869 1303 3910 cum
1331 3854 1444 3910 suis
1472 3857 1540 3912 ab
1564 3855 1782 3913 Jerusa-

190 3936 313 4002 lem,
358 3949 414 3996 et
454 3942 717 3997 manebat
744 3942 801 3997 in
845 3942 1126 4011 Bethania,
1177 3945 1232 4001 id
1264 3956 1349 4002 est
1377 3946 1432 4002 in
1460 3946 1621 4005 domo
1646 3951 1780 4006 obe-

194 4029 424 4099 dientia,
471 4034 616 4105 apud
665 4033 957 4101 Lazarum,
998 4051 1322 4109 sororesque
1372 4037 1492 4110 ejus
1528 4059 1543 4096 :
1590 4057 1781 4099 eorum

195 4123 387 4195 quippe
413 4126 570 4183 vicus
612 4125 873 4184 Bethania
922 4137 1060 4185 erat.
1107 4130 1229 4187 Jam
1272 4140 1401 4189 tunc
1441 4135 1783 4192 vocationem

199 4221 426 4287 gentium
466 4222 884 4295 praligurabat,
906 4225 1034 4295 quia
1056 4224 1110 4280 in
1137 4225 1439 4283 Jerusalem
1460 4242 1785 4299 permanere

202 4321 303 4363 non
328 4312 524 4380 potuit,
562 4314 704 4370 sicut
745 4312 860 4383 jam
905 4325 1053 4372 retro
1100 4317 1285 4373 multis
1309 4328 1785 4388 praemonstratum

202 4407 279 4451 est
307 4399 537 4458 indiciis.
578 4402 714 4458 Nam
745 4412 802 4459 et
844 4405 1072 4461 ﬁculnea
1104 4406 1241 4470 haec,
1283 4407 1417 4463 nihil
1445 4408 1590 4465 aliud
1623 4424 1783 4479 quam

204 4488 495 4549 ariditatem
524 4492 834 4552 Iudaeorum
864 4495 1125 4551 declarat.
1154 4497 1406 4569 Alioquin
1436 4506 1584 4553 tanta
1610 4500 1785 4555 virtus

1885 3295 2101 3353 ritatem
2153 3303 2497 3370 proveniunt.
2563 3304 2673 3362 Sed
2719 3318 2778 3364 et
2823 3310 2890 3366 de
2938 3312 3311 3383 superioribus
3375 3314 3483 3370 illis

1883 3407 2044 3461 quam
2067 3408 2210 3464 saepe
2254 3398 2539 3470 contingit,
2584 3410 2645 3456 ut
2683 3404 2931 3474 quaedam
2961 3417 3219 3463 maneant
3243 3423 3482 3480 semper,

1881 3491 1939 3537 et
1991 3500 2098 3540 non
2141 3487 2285 3543 sicut
2327 3498 2523 3546 caetera
2575 3494 2827 3551 decidant
2868 3513 3056 3569 gressa
3087 3516 3101 3554 :
3133 3502 3227 3557 sed
3277 3502 3486 3559 haerent

1886 3582 2092 3632 tantum
2147 3593 2329 3649 poma,
2378 3597 2499 3652 quae
2541 3594 2739 3641 caetera
2762 3590 3077 3646 maturitate
3118 3576 3481 3662 praeveniuat.

1880 3666 2048 3739 872
2085 3667 2154 3724 Et
2182 3670 2285 3728 bos
2306 3672 2705 3743 pulcherrimos
2749 3679 2960 3737 fructus
2984 3684 3149 3740 arbor
3192 3685 3283 3741 illa
3330 3702 3397 3742 cx
3427 3702 3484 3743 se

1884 3760 1997 3827 dat,
2027 3763 2120 3833 qui
2149 3778 2272 3819 cum
2303 3768 2507 3837 grossis
2533 3770 2745 3826 caeteris
2770 3785 3179 3848 promergeutes
3207 3777 3274 3833 de
3305 3780 3484 3834 medio

1884 3863 2236 3926 utrarumque
2264 3858 2594 3931 virgularum
2647 3863 2893 3921 claviculi
2930 3867 3299 3938 proferuntur.
3340 3873 3483 3940 Qua~

1884 3954 2109 4015 propter
2132 3960 2199 4001 ex
2235 3948 2547 4006 conditione
2593 3953 2805 4010 arboris
2850 3955 3033 4026 hujus,
3061 3965 3281 4030 propria
3320 3971 3374 4018 et
3399 3964 3480 4018 ni-

1886 4035 1990 4092 mis
2016 4048 2329 4109 competens
2366 4057 2657 4115 synagogre
2702 4047 2998 4105 similitudo
3029 4066 3057 4115 a
3091 4052 3322 4111 Domino
3350 4072 3478 4126 prn-

1885 4126 2061 4195 posita
2114 4140 2215 4184 est.
2268 4129 2480 4189 Primos
2530 4136 2675 4191 enim
2728 4139 2908 4210 populi
2954 4141 3187 4213 fructus,
3238 4162 3377 4218 quos
3416 4151 3482 4206 ab

1886 4220 2113 4276 exordio
2172 4237 2444 4297 synagoga
2513 4229 2858 4300 protulerat”
2919 4251 3234 4308 grossorum
3300 4243 3486 4299 amisit

1888 4315 2165 4387 exemplo;
2199 4318 2325 4388 quia
2356 4319 2569 4390 plebem
2617 4322 2735 4393 ejus
2776 4326 3041 4396 inutilem,
3091 4332 3266 4389 ﬁdelis
3314 4351 3486 4391 einer-

1889 4422 2021 4476 gens
2045 4409 2277 4479 populus
2310 4414 2575 4482 gentium,
2600 4423 2653 4471 et
2672 4420 2921 4487 pertinax
2950 4421 3004 4477 in
3032 4424 3308 4482 viriditate
3335 4428 3481 4493 lidei,

1891 4508 1947 4553 et
1969 4514 2141 4569 usque
2171 4503 2237 4558 ad
2280 4508 2801 4565 consummationem
2839 4519 3141 4585 temporum
3171 4533 3398 4574 inancns
3430 4520 3483 4575 in

206 4578 414 4651 Christi,
464 4596 725 4658 tantaque
754 4589 1029 4660 sapientia
1062 4591 1191 4661 quid
1217 4568 1320 4647 sibi
1346 4592 1459 4647 vult
1486 4594 1629 4665 quod
1653 4609 1781 4649 esu-
1811 4568 1863 4629 θ
1890 4588 1994 4646 ﬁde
2017 4568 2473 4663 patriarcharum,
2492 4601 2772 4667 protrusit.
2798 4568 3005 4661 Deinde
3019 4607 3304 4665 credentes
3319 4612 3482 4683 primi

208 4672 344 4731 tiens
387 4680 536 4734 venit
580 4681 649 4736 ad
697 4680 1002 4747 ﬁculneam,
1037 4697 1290 4752 quaerens
1336 4682 1571 4739 fructum
1598 4685 1651 4739 in
1682 4699 1776 4751 ea,

212 4785 322 4826 cum
348 4767 689 4847 evangelista
716 4776 884 4840 dicat,
914 4776 1040 4846 quia
1091 4793 1197 4832 non
1239 4787 1351 4832 erat
1401 4788 1603 4849 tempus
1656 4779 1784 4848 ﬁco-

214 4866 356 4920 rum?
395 4865 647 4939 Nunquid
692 4868 786 4939 qui
852 4869 1036 4925 omnia
1101 4869 1503 4940 cognoscebat,
1572 4870 1782 4925 occulta

215 4957 361 5013 etiam
398 4970 687 5032 antequam
720 4960 936 5027 fierent,
965 4962 1128 5033 871
1166 4962 1378 5018 nescire
1400 4971 1615 5034 poterat
1640 4963 1786 5032 quod

216 5052 403 5108 cunctis
426 5054 482 5108 in
526 5062 715 5124 aperto
744 5054 898 5109 erat?
925 5053 1008 5107 vel
1035 5055 1305 5124 quomodo
1354 5056 1589 5111 csurisse
1632 5064 1780 5113 recte

217 5142 464 5212 credatur,
495 5160 620 5200 cum
664 5161 827 5201 mane
851 5146 1018 5201 fuisse
1047 5146 1281 5201 dicitur?
1309 5146 1460 5202 Patet
1492 5147 1674 5219 igitur,
1703 5148 1779 5203 si—

219 5242 298 5288 cut
318 5251 470 5307 quam
500 5254 646 5311 saepe
692 5253 782 5294 me
812 5239 1015 5295 dixisse
1062 5240 1260 5303 recolo,
1293 5240 1420 5311 quia
1449 5241 1633 5296 omnia
1662 5257 1781 5312 qua:

220 5322 399 5383 fiebant
424 5330 493 5384 ab
518 5345 604 5394 eo,
644 5330 773 5385 licet
816 5331 953 5385 mira
978 5340 1163 5387 essent
1204 5340 1266 5386 ut
1297 5331 1431 5388 fides
1460 5333 1781 5390 corrobora-

222 5424 367 5482 retur,
393 5418 548 5489 plena
574 5409 703 5475 sunt
728 5422 1105 5489 sacramentis,
1135 5422 1402 5494 plenaque
1435 5426 1607 5482 oculis
1635 5427 1781 5482 intus

220 5509 426 5567 etforis.
450 5512 789 5585 Quapropter
834 5514 1091 5570 discussis
1134 5517 1309 5571 noctis
1348 5518 1619 5584 tenebris,
1660 5536 1780 5576 cum

218 5604 457 5661 matutina
485 5604 733 5675 lux‘jam
771 5606 1030 5676 radiaret,
1051 5598 1116 5663 'et
1144 5609 1324 5664 vicina
1370 5610 1624 5668 meridies
1666 5612 1779 5683 jam

212 5694 437 5764 adesset,
465 5699 520 5753 in
568 5715 677 5769 qua
720 5700 978 5756 Dominus
1023 5702 1276 5772 passione
1317 5719 1445 5769 sua,
1478 5719 1573 5760 seu
1601 5720 1781 5762 resur-

212 5795 453 5859 rectione,
483 5794 848 5854 illustraturus
876 5808 991 5853 erat
1014 5801 1202 5855 urbem
1225 5839 1238 5864 ,
1267 5814 1387 5856 cum
1414 5800 1465 5855 in
1503 5800 1776 5857 civitatem

438 5886 718 5949 Parum.
770 5887 963 5953 CXX.

1886 4697 1954 4737 ex
1974 4684 2143 4740 Israel
2173 4688 2424 4757 apostoli,
2455 4690 2598 4747 inter
2620 4692 2793 4765 legem
2824 4704 2880 4751 et
2917 4700 3224 4770 evangelia,
3256 4720 3478 4773 grossoc

1888 4792 2007 4833 rum
2036 4779 2198 4836 modo
2225 4781 2577 4850 inhaerentes,
2609 4790 3025 4847 resurrectionis
3051 4793 3220 4865 gloria
3250 4806 3306 4851 et
3340 4807 3481 4853 tem-

1887 4885 2022 4939 pore
2073 4872 2356 4928 anteibunt
2401 4885 2644 4934 caeteros.
2700 4879 2978 4952 Siquidem
3033 4893 3090 4941 et
3139 4886 3196 4942 in
3258 4891 3484 4948 exordio

1888 4959 2135 5027 Genesis,
2170 4963 2224 5017 in
2255 4965 2415 5038 hujus
2440 4969 2517 5024 rei
2550 4968 2801 5040 formam,
2824 4974 2996 5031 Adam
3016 4978 3277 5047 pudorem
3299 4996 3480 5050 suum,

1890 5059 2054 5122 atque
2080 5054 2214 5120 Eva,
2266 5057 2429 5128 hujus
2458 5061 2669 5119 arboris
2714 5063 2859 5122 foliis
2891 5075 3177 5137 texerunt,
3228 5086 3351 5126 cum
3395 5088 3482 5130 se-

1888 5143 2034 5214 ipsos
2083 5146 2149 5202 ad
2203 5149 2491 5207 adventum
2552 5155 2765 5211 Domini
2815 5161 3059 5217 vocantis
3104 5163 3477 5220 occuluerunt.

1889 5236 2025 5304 Quia
2074 5236 2354 5313 Synagoga
2415 5243 2673 5313 infidelis,
2728 5248 2859 5320 legis
2910 5253 3162 5307 mandata
3209 5263 3482 5327 transgre-

1886 5329 2063 5398 diens,
2122 5332 2468 5404 impudentia:
2520 5352 2631 5394 sua:
2679 5337 2950 5398 foeditates
2994 5347 3481 5418 etlurpitudinutn

1887 5419 2291 5491 confusionem,
2330 5426 2680 5484 infructuosis
2712 5441 2858 5486 esset
2892 5436 3183 5492 verborum
3208 5437 3481 5496 velamen-

1889 5516 1978 5582 tis,
2011 5525 2265 5589 tanquam
2293 5519 2426 5577 ficus
2449 5519 2607 5586 foliis,
2657 5534 2992 5581 contectum.
3029 5528 3135 5585 Sed
3162 5529 3483 5587 misericors

1886 5608 2147 5668 Dominus
2176 5628 2333 5669 inane
2359 5624 2638 5671 revertens
2667 5618 2737 5673 ad
2769 5634 2910 5684 eam,
2939 5623 3151 5687 esuriit,
3185 5637 3292 5679 non
3320 5624 3482 5694 quasi

1884 5700 2069 5772 homo,
2085 5706 2180 5762 sed
2203 5705 2355 5777 quasi
2377 5703 2541 5771 Deus,
2564 5706 2793 5765 salutem
2816 5726 3037 5781 eorum;
3061 5730 3162 5771 nec
3173 5714 3326 5787 quasi
3341 5715 3482 5772 indi-

1884 5816 2015 5871 gens
2030 5808 2215 5858 nostra
2236 5800 2465 5869 jttslitia,
2483 5810 2575 5856 aut
2603 5801 2727 5867 fide,
2740 5806 2832 5861 sed
2849 5808 3003 5862 quasi
3020 5808 3331 5867 misericors
3345 5809 3481 5866 ἀθεεὶ

2955 5897 3036 5960 23
