4008 6354
595 275 718 332 τίδ-
1383 271 1442 325 s.
1483 267 1844 324 PASCllAStl
1885 263 2231 322 RADBERTI
2266 262 2560 325 ABBATIS
2595 257 3045 329 consessus
3101 281 3107 300 τ
3699 270 3783 337 ut

593 391 793 450 derans
812 402 880 440 ex
925 386 1081 440 nobis
1102 385 1423 452 bonioperis
1451 383 1704 438 fructum.
1735 381 1793 437 Si
1830 391 2007 436 autem
2030 379 2187 450 quasi
2219 384 2262 442 Α
2293 377 2580 446 Apostolus
2609 394 2623 440 ;
2665 379 2715 438 in
2743 393 2851 446 quo
2878 377 3003 448 quia
3034 377 3192 434 fracti
3217 386 3272 441 et
3293 378 3499 446 arebat;
3520 393 3627 446 sum
3661 394 3782 458 mli.

590 484 756 542 homo
775 479 1056 542 esurisset,
1078 493 1353 547 nunquam
1373 476 1556 538 cibum
1583 477 2189 532 esurissethumanum.
2301 479 2354 522 tu
2393 470 2655 526 inseraris
2677 470 2728 528 in
2765 469 2945 528 radice
2973 469 3279 530 viriditatis.
3313 471 3384 528 Ex
3421 489 3515 543 qua
3541 485 3782 540 rarsascui

593 575 701 633 Sed
721 588 882 629 mane
900 571 1257 639 esuriit,quia
1283 585 1498 639 semper
1543 579 1789 624 nostram
1823 569 2014 622 esui-iit.
2030 566 2191 635 justi-
2297 571 2348 616 et
2397 561 2497 630 ipsi
2521 563 2751 624 cratere
2789 560 3082 623 noluerint,
3111 559 3296 616 saltem
3327 562 3376 618 in
3399 567 3659 626 novissimo
3680 554 3784 626 tem-

591 668 748 731 tiam,
770 673 825 722 et
837 663 1150 720 Iudaeorum
1174 661 1424 715 salutem.
1449 659 1583 715 Nam
1599 661 1775 729 primo
1789 675 1946 715 mane
1961 668 2174 714 tunceo

2296 665 2425 719 pore
2447 652 2675 720 yirgulta
2703 652 2824 706 ﬁdei
2843 651 3204 721 pullulabunt,
3221 653 3549 728 impletuqu
3570 659 3786 730 Scriptura

591 778 711 817 rum
743 759 971 816 esurivit
995 755 1285 825 justitiam,
1313 764 1369 808 et
1407 769 1544 823 opus
1570 753 1696 808 boui
1739 754 1942 822 operis,
1972 753 2190 822 quando
2297 745 2498 808 dicens,
2528 745 2624 800 Est
2649 745 2860 802 arboris
2890 747 3201 815 SPBSsQUOd
3229 747 3294 802 ad
3323 749 3524 812 odorem
3545 767 3676 832 aqtm
3696 773 3791 814 rur-

589 861 717 908 ante
739 860 820 907 tot
839 850 1003 904 millia
1028 863 1292 902 annorum
1321 846 1804 902 exivitconducere
1829 846 2108 916 operarius
2135 845 2172 897 it

2296 851 2387 890 sus
2417 836 2584 908 874
2617 836 2815 891 debeat
2848 838 3174 907 germinare.
3219 837 3470 900 Cancrum
3515 842 3644 909 jutta
3684 847 3790 905 litte-

589 945 806 1012 Vineam
833 959 1014 998 suam.
1050 939 1114 995 Et
1159 940 1285 1008 quia
1321 954 1476 992 rarus
1503 937 1605 991 fuit
1633 939 1722 1006 qui
1755 937 1986 992 fructum
2021 938 2172 991 l'erret

2298 941 2412 979 ram
2464 928 2724 982 Dominus
2763 928 2815 983 in
2848 930 3097 997 proximo
3124 945 3400 1000 passurus,
3431 944 3482 989 et
3525 933 3792 1004 bajulattirus

593 1037 734 1098 ﬁdei,
761 1051 950 1104 rursus
981 1041 1102 1103 post
1120 1040 1340 1085 noctem
1373 1030 1728 1088 inﬁdelitatis.
1754 1047 1910 1084 mane
1934 1045 2176 1100 egressus

2295 1018 2608 1072 scandalum
2623 1018 2820 1080 crucis,
2842 1020 3026 1075 debuit
3055 1022 3263 1078 animos
3287 1023 3635 1094 discipulorum
3653 1031 3792 1086 amitis

591 1135 676 1181 est
699 1126 765 1180 ad
798 1124 929 1185 Noe.
965 1125 1045 1178 sic
1087 1133 1140 1179 et
1186 1124 1253 1176 ad
1289 1122 1588 1184 Abraham,
1637 1131 1690 1175 et
1733 1123 1797 1174 ad
1846 1131 2090 1183 caeteros,
2123 1123 2174 1176 dt

2295 1110 2618 1166 confirmare
2639 1120 2693 1164 et
2720 1112 2936 1166 erudire
2964 1113 3199 1178 indiciis,
3227 1125 3283 1168 et
3313 1116 3567 1186 signorum
3593 1122 3793 1190 anticipa-

590 1217 790 1286 quibus
823 1217 936 1286 jam
969 1231 1131 1283 supra
1158 1213 1410 1268 diximus.
1445 1213 1578 1280 Quia
1603 1212 1826 1282 singulae
1854 1213 1969 1266 ista:
1998 1219 2173 1266 :etates

2297 1202 2439 1256 tione
2463 1201 2715 1257 solidare.
2753 1201 2906 1260 Unde
2933 1211 2988 1257 et
3015 1205 3116 1286 ipsi
3149 1205 3424 1287 mirantur
3449 1209 3672 1273 dicentes,
3696 1211 3795 1278 Quo-

589 1306 768 1360 smculi
799 1322 951 1363 suam
997 1307 1299 1360 habuerunt
1344 1319 1647 1373 vesperam,
1697 1319 1961 1371 suumque
1991 1319 2172 1368 mane;

2295 1294 2447 1345 modo
2493 1295 2740 1347 continuo
2786 1295 2924 1348 aruit
2950 1297 2974 1348 .9
3000 1295 3056 1350 ln
3089 1313 3197 1367 quo
3241 1298 3374 1353 forte
3415 1301 3647 1358 miraculo
3679 1304 3795 1360 intel-

589 1400 640 1452 iu
674 1399 871 1467 quibus
913 1397 1245 1466 temporibus
1272 1411 1485 1465 semper
1534 1396 1600 1449 ad
1630 1409 1722 1449 eos
1752 1395 1997 1450 esuriens
2042 1396 2172 1448 venit

2295 1383 2546 1438 texerunt
2573 1386 2916 1457 Synagogam
2947 1402 2978 1444 a
3007 1387 3237 1450 Domino
3259 1390 3602 1460 reprobatam,
3625 1403 3672 1446 et
3705 1395 3797 1450 inde

587 1503 776 1544 eorum
799 1486 1088 1555 justitiam.
1135 1485 1240 1539 Sed
1265 1485 1391 1554 quia
1424 1486 1522 1554 ipsi
1555 1486 1724 1553 magis
1754 1485 2033 1555 magisque
2059 1499 2170 1542 sunt

2295 1486 2545 1544 poterant
2573 1479 2835 1547 cogitare,
2883 1480 3027 1547 quod
3069 1482 3268 1539 eadem
3315 1483 3521 1549 virtute,
3558 1485 3698 1539 etiam
3726 1485 3799 1540 ini-

592 1581 989 1634 eoaeervabant
1052 1578 1364 1647 iniquitates
1396 1617 1410 1642 ,
1455 1577 1736 1641 Christus;
1795 1577 1947 1645 quasi
2005 1577 2094 1632 lux
2153 1593 2184 1633 a
2295 1574 2464 1630 Illicos
2492 1575 2843 1630 siccaresuos
2863 1577 3799 1650 etinterlieerepotuissetmisieorum

591 1679 785 1732 nocte,
838 1670 995 1740 longe
1054 1670 1278 1724 recessit
1339 1669 1406 1722 ab
1467 1668 1564 1723 eis.
1615 1666 1872 1734 Quamvis
1917 1669 2041 1736 quia
2091 1668 2184 1722 Sol
2294 1681 2390 1734 per
2430 1669 2745 1736 patientiam
2799 1669 3131 1736 ptenitentite
3188 1680 3550 1741 exspectasset
3609 1673 3799 1727 salutem.

579 1759 803 1829 iustitiae
851 1761 1047 1816 iterum
1087 1761 1389 1828 iterumque
1429 1775 1525 1828 per
1574 1759 1779 1829 singula
1826 1771 2065 1827 tempora
2096 1775 2183 1813 re-
2215 1750 2262 1810 Β
2293 1756 2431 1811 Ecce
2462 1757 2700 1811 ostendit
2729 1757 2832 1812 illis
2876 1759 2927 1816 in
2973 1759 3209 1826 Lazaro,
3245 1764 3387 1832 quod
3437 1763 3702 1820 viviﬁcandi
3736 1765 3802 1818 ha-

587 1861 826 1918 vertens,
863 1852 1078 1905 reduxit
1123 1852 1200 1904 eis
1255 1865 1449 1905 novum
1481 1866 1660 1911 mane,
1695 1851 1865 1904 donec
1914 1851 2028 1918 ipse
2067 1847 2181 1916 jam
2291 1849 2413 1903 beat
2439 1858 2759 1918 potestatem
2787 1867 2801 1916 ;
2829 1865 2962 1908 ecce
2994 1853 3047 1907 in
3091 1853 3329 1910 ﬁculnea
3355 1856 3805 1926 quodoccidendiet

587 1945 748 1999 homo
771 1943 952 1998 factus
983 1944 1047 1997 ad
1079 1957 1173 1996 eos
1202 1941 1365 2004 venit,
1395 1956 1458 1993 ac
1481 1941 1525 1993 si
1559 1941 1610 1992 in
1642 1941 1768 1993 hora
1797 1941 2103 2004 undecima,
2127 1949 2184 1994 et
2290 1941 2404 2010 ipse
2456 1941 2698 1996 obtineat
2737 1941 3015 1998 virtutem.
3071 1943 3177 2001 Sed
3229 1946 3527 2008 mterl'ectio
3573 1947 3806 2018 quamele-

591 2051 748 2089 mane
811 2035 980 2104 laeto,
1042 2033 1245 2086 nullum
1311 2033 1360 2085 in
1423 2031 1503 2086 eis
1554 2032 2075 2090 t'ructum.invenit.
2116 2030 2186 2086 Et
2288 2043 2499 2089 menter
2517 2035 2959 2100 defertur,etiam
2985 2040 3167 2097 in.hoc
3197 2041 3321 2112 ipso
3342 2050 3649 2097 monstratur
3669 2057 3806 2100 caela-

587 2129 752 2200 873
785 2129 928 2194 ideo,
959 2128 1083 2196 quia
1115 2141 1210 2196 per
1240 2135 1320 2180 tot
1359 2126 1552 2182 saacula
1579 2125 1898 2181 infructuosi
1934 2126 2175 2191 fuerunt,
2287 2125 2394 2194 plu,
2427 2141 2550 2180 cum
2583 2143 2691 2182 non
2716 2127 2901 2192 homo,
2921 2130 3018 2185 sed
3044 2132 3209 2186 arbor
3237 2133 3556 2198 damnatur;
3579 2141 3703 2186 utex
3724 2134 3808 2200 ipso

584 2231 914 2292 occupantes
945 2232 1169 2285 terram,
1209 2221 1341 2275 dixit
1371 2221 1421 2276 in
1457 2222 1736 2291 prophetia
1783 2222 1849 2275 ad
1903 2220 2178 2282 arborem,
2286 2216 2430 2271 facto
2476 2219 2638 2275 homo
2688 2221 3028 2278 rationabilis
3074 2225 3388 2289 erudiatur,
3431 2225 3617 2280 idcirco
3645 2224 3807 2280 accele-

589 2317 729 2386 quod
753 2325 871 2372 erat
905 2316 954 2369 in
985 2325 1144 2385 gente
1172 2312 1476 2372 Judteorum
1506 2314 1775 2369 futurum:
1804 2313 2090 2385 Nunquam
2115 2331 2182 2369 ea:
2287 2318 2438 2364 ratur
2465 2311 2692 2370 ariditas
2717 2314 2954 2380 arboris,
2984 2325 3039 2370 et
3081 2313 3336 2372 ditl'ertur
3385 2319 3436 2373 in
3479 2316 3658 2380 ludatis
3689 2330 3806 2388 piem

583 2423 632 2464 te
663 2409 867 2478 [ructus
898 2418 1150 2464 nascatur
1171 2409 1224 2462 in
1256 2409 1650 2479 sempiternum.
1691 2408 1806 2463 Non
1849 2409 1974 2478 quia
2007 2410 2176 2466 male-
2287 2404 2502 2460 mortis.

583 2501 719 2560 dixit
739 2499 1013 2565 arborem,
1043 2500 1161 2554 ideo
1199 2499 1408 2556 fructus
1436 2516 1539 2556 non
1568 2501 1716 2556 dedit
1747 2501 2049 2572 Synagoga,
2083 2505 2166 2557 sed

2349 2491 2689 2563 Respondeas
2711 2506 2886 2551 autent
2910 2498 3067 2554 Iesus
3093 2501 3225 2555 dixit
3261 2502 3373 2555 eis:
3389 2502 3544 2564 Anien
3570 2501 3810 2564 dicowbis,

584 2592 708 2661 quia
737 2607 843 2645 non
871 2591 1053 2654 dabat,
1087 2591 1363 2646 maledixit
1385 2592 1458 2655 ei,
1487 2603 1546 2646 ut
1589 2607 1687 2647 nee
1723 2591 1851 2646 folia
1901 2595 2012 2663 ipsa
2057 2610 2167 2663 pro-

2260 2585 2328 2637 ο.ςὶ
2357 2584 2644 2641 habueritis
2665 2588 2848 2655 ﬁdem,
2877 2599 2925 2644 et
2965 2607 3067 2646 non
3092 2575 3483 2659 inritaveritis,
3499 2611 3596 2647 non
3614 2593 3749 2648 solum
3766 2591 3811 2649 dt

582 2679 770 2735 ferret.
800 2679 999 2736 Verum
1037 2683 1162 2750 quia
1197 2697 1301 2736 non
1347 2683 1468 2736 ideo
1513 2682 1684 2738 Judzei
1731 2683 2001 2751 justitiam
2056 2685 2165 2740 tidei

2281 2675 2511 2742 ﬁculnea
2541 2678 2766 2747 facietis,
2796 2682 2888 2735 sed
2931 2693 2980 2737 et
3003 2684 3052 2738 si
3084 2687 3252 2739 monti
3281 2687 3404 2740 huic
3432 2687 3670 2749 dixeritis,
3708 2683 3812 2737 Tolle

583 2772 953 2841 perdiderunt,
986 2773 1110 2842 quia
1140 2787 1234 2827 eos
1258 2775 1402 2828 Deus
1431 2774 1760 2844 dereliquit;
1794 2778 1886 2831 sed
1921 2776 2039 2832 ideo
2081 2794 2166 2833 eos

2281 2777 2328 2819 et
2347 2769 2499 2834 jactu
2540 2779 2590 2824 te
2616 2773 2669 2825 in
2711 2789 2873 2838 mare,
2898 2773 3026 2842 ﬁet.
3046 2775 3379 2847 Quanquam
3417 2778 3574 2849 igitur
3590 2777 3717 2845 juxta
3748 2775 3811 2827 lit-

583 2863 873 2933 dereliquit
924 2867 1087 2928 Deus,
1118 2866 1243 2934 quia
1272 2867 1545 2936 justitiam
1601 2883 1707 2922 non
1748 2868 2066 2933 allerebant,
2120 2877 2178 2924 ut
2285 2868 2454 2914 letam
2481 2861 2594 2915 hIBc
2618 2862 2760 2919 facta
2783 2879 2890 2918 non
2919 2865 3170 2936 legantur
3192 2870 3269 2923 ab
3297 2870 3569 2938 apostolis,
3593 2869 3711 2923 δίουί
3729 2866 3818 2935 (1¹¹ί⁴

585 2970 683 3008 nec
723 2955 837 3025 ipsa
872 2955 1086 3024 species
1129 2956 1344 3024 pietatis
1385 2965 1530 3011 esset
1564 2958 1618 3010 in
1663 2957 1762 3024 eis,
1815 2973 1916 3013 nec
1975 2975 2172 3014 sermo,
2279 2948 2402 3004 dam
2434 2967 2768 3021 paganorum
2801 2955 3119 3012 ealuumiati
3149 2971 3304 3024 sunt,
3333 2969 3387 3014 et
3423 2961 3651 3031 garriunt
3674 2966 3816 3013 contra

586 3045 717 3099 Nam
779 3061 935 3109 vero,
1013 3045 1154 3100 sicut
1206 3046 1399 3102 melius
1437 3056 1521 3102 est
1568 3057 1627 3101 ut
1668 3064 1768 3103 nec
1827 3049 1898 3103 sit
1963 3051 2126 3104 arbor
2157 3093 2172 3116 ν
2216 3113 2248 3122 Α
2282 3057 2401 3108 IIUS,
2423 3044 2587 3098 etiam
2633 3045 2685 3098 in
2722 3046 2835 3101 suis
2883 3049 3099 3118 SCI‘lpllS
3125 3059 3441 3107 asserentes
3467 3051 3816 3122 Apostolosnou

584 3152 744 3206 quam
772 3145 831 3190 ut
852 3137 923 3190 sit
950 3136 1167 3205 quidem
1208 3137 1260 3192 in
1294 3137 1452 3194 horto
1488 3139 1824 3206 deliciarum,
1856 3149 1912 3196 et
1940 3141 2167 3197 fructum

2234 3114 2250 3175 ἶ
2285 3131 2538 3188 habuisse
2570 3113 3118 3206 iidem,quiamoiites
3143 3155 3256 3196 non
3287 3113 3675 3202 transtulerunt,
3688 3151 3817 3206 neque

587 3247 692 3285 ι.οη
741 3225 920 3284 lerat:
967 3231 1046 3285 sic
1089 3230 1280 3285 melius
1315 3241 1417 3298 est,
1472 3241 1529 3286 ut
1578 3248 1678 3297 nec
1725 3235 1796 3289 sit
1844 3235 2004 3290 homo
2055 3237 2170 3300 Dei,

2283 3223 2539 3280 licnlneas
2567 3229 2732 3282 verbo
2773 3230 3118 3285 exsiccarunt
3150 3250 3162 3284 :
3192 3244 3390 3290 contra
3436 3244 3603 3290 tamen
3645 3231 3736 3299 jam
3764 3244 3819 3282 re-

581 3338 744 3392 quam
777 3333 833 3376 ut
863 3323 934 3377 sit
976 3321 1215 3394 quidem.
1265 3332 1320 3377 et
1369 3324 1602 3378 fructum
1635 3326 1718 3378 vel
1767 3329 2164 3385 conversionem

2282 3330 2480 3384 sponsu
2491 3332 2540 3370 ιιι
2555 3326 2636 3372 est
2649 3334 2678 3370 a
2694 3318 2988 3388 majoribus
3011 3323 3232 3387 IIUSU'lS,
3264 3325 3434 3380 multa
3446 3325 3580 3379 facta
3593 3337 3695 3378 esse
3706 3321 3815 3388 signa

581 3428 856 3483 [tauquam
905 3414 1104 3468 habeat
1147 3415 1444 3470 secundum
1485 3415 1675 3470 Deum.
1721 3417 1786 3471 Et
1818 3419 2054 3488 arefacta
2101 3435 2164 3475 est

2282 3423 2310 3461 τι
2339 3408 2568 3468 Domino
2587 3411 2744 3481 juxta
2789 3411 3016 3470 Joannis
3045 3416 3430 3486 Evangeiium,
3462 3434 3576 3488 qua:
3601 3417 3641 3472 si
3669 3414 3818 3483 scripta

586 3506 813 3575 ﬁculnea
861 3506 1132 3560 continuo.
1176 3503 1348 3572 Quam
1386 3507 1631 3562 videntes
1671 3509 1942 3579 discipuli,
1987 3512 2169 3572 mirati

2280 3508 2482 3564 essem,
2514 3503 2747 3558 mundus
2773 3520 2969 3574 capere
3012 3523 3116 3562 non
3163 3520 3398 3577 posset;
3437 3525 3548 3566 .non
3572 3509 3696 3579 quod
3717 3504 3819 3560 tolu-

580 3607 707 3652 sunt
737 3598 1008 3666 quomodo
1031 3597 1110 3651 sic
1131 3598 1240 3652 cito
1270 3598 1430 3651 aruit.
1467 3599 1640 3653 Mirati
1671 3610 1819 3667 sunt,
1840 3603 1966 3672 quia
1995 3619 2163 3660 sermc

2281 3594 2425 3647 mina
2462 3597 2909 3668 munduseapere
2945 3615 3051 3655 non
3074 3612 3283 3669 posset,
3320 3619 3446 3673 qua:
3473 3612 3822 3674 putesnam”)-

578 3689 697 3761 ejus
730 3690 893 3745 citius
919 3705 1084 3760 quam
1106 3688 1319 3743 ﬂamma
1349 3691 1413 3742 ad
1443 3691 1654 3746 radices
1686 3692 1828 3747 illius
1857 3695 2161 3762 descendit;

2282 3685 2360 3740 vis
2394 3686 2705 3758 multiplicia
2739 3690 2870 3756 sint,
2911 3708 3084 3748 unum
3103 3695 3482 3754 armariolum
3501 3709 3717 3765 capere;
3753 3683 3820 3746 θεά

576 3783 700 3854 quia
733 3796 912 3837 sermo
940 3780 1066 3837 Jesu
1089 3781 1466 3851 penetrabitior
1491 3791 1574 3838 est
1596 3800 1734 3838 omni
1770 3784 1946 3854 gladio
1976 3786 2175 3855 [ιιι-ιιιὶιί
2278 3779 2420 3846 quod
2450 3780 2878 3850 magnitudinem
2909 3784 3209 3855 signorum,
3261 3803 3367 3857 pro
3416 3787 3680 3844 miraculis
3699 3790 3742 3838 et
3761 3781 3823 3835 in‘

577 3873 778 3946 (Hebr.
806 3889 914 3936 xw,
948 3874 1073 3943 12),
1094 3884 1149 3927 et
1175 3872 1372 3928 fortior
1400 3875 1598 3942 securi,
1642 3891 1763 3944 qua:
1792 3877 1969 3944 posita
1996 3887 2079 3932 est
2108 3878 2176 3932 ad
2279 3869 2597 3925 οτειιυιὶιίιιε
2627 3873 2979 3941 perﬁdorum,
3023 3875 3165 3932 ferre
3212 3894 3334 3936 non
3371 3888 3576 3950 posset.
3611 3878 3752 3948 igitur
3787 3878 3825 3924 et

582 3968 794 4021 radices
823 3965 1100 4021 arborum.
1154 3966 1266 4020 Hoc
1321 3966 1524 4020 idcirco
1563 3967 1616 4020 in
1673 3968 1840 4036 ﬁgura
1878 3969 2176 4042 Synagogae
2279 3961 2394 4016 huic
2429 3964 2698 4040 credimus
2727 3967 2794 4022 ad
2823 3967 3288 4032 litteramfecisse
3309 3973 3610 4045 apostolos.
3642 3985 3722 4036 seu
3743 3981 3825 4024 In"

581 4059 784 4112 fa'etum
814 4066 918 4118 est,
955 4058 1077 4136 quia
1101 4073 1205 4110 non
1235 4057 1438 4110 invenit
1469 4057 1518 4110 in
1550 4057 1633 4110 illa
1667 4059 1768 4111 nisi
1794 4058 1917 4113 folia
1943 4070 2171 4128 tantum,
2271 4051 2390 4121 ,ἱοηι
2420 4072 2430 4107 ε
2464 4056 2556 4110 36d
2587 4057 2708 4110 ideo
2737 4059 3078 4130 Scriptum)
3101 4078 3258 4132 esse,
3289 4082 3364 4122 ne
3409 4065 3698 4126 inﬁdelibus
3723 4073 3825 4118 ροη-

583 4131 902 4204 traditiones
934 4131 1141 4202 scilicet
1165 4147 1512 4201 Pliarisaieas
1534 4155 1588 4201 et
1611 4149 1998 4215 promissioncs
2019 4153 2173 4222 legis,
2281 4145 2577 4210 ll‘atlicentli
2624 4149 2797 4219 major
2817 4152 3040 4208 daretur
3065 4159 3315 4224 occasio.
3369 4159 3618 4230 Alioquin
3649 4159 3829 4216 ἱιιιθτῐθ·

579 4237 866 4306 strepitum
898 4235 1418 4306 quoquejaetantiae,
1441 4244 1495 4288 et
1516 4248 1835 4292 ornamenta
1862 4240 2170 4296 verborum.
2277 4239 2434 4310 gandi
2486 4250 2631 4307 sunt,
2663 4252 2842 4299 utrum
2875 4249 3098 4304 credant
3133 4251 3312 4322 signis
3357 4269 3481 4323 qua}
3513 4253 3700 4321 scripta
3737 4259 3829 4300 ηπ·

580 4330 679 4386 Cui
717 4330 882 4384 dixit:
920 4329 1206 4401 Nunquam
1233 4345 1298 4384 ex
1321 4341 1369 4382 te
1392 4329 1596 4399 fructus
1627 4341 1878 4386 nascatur
1907 4335 1960 4386 in
1979 4337 2172 4405 scmpi-
2278 4340 2496 4396 rantur,
2557 4349 2624 4386 an
2683 4337 2835 4389 non?
2891 4338 2958 4392 Et
3009 4356 3132 4396 cum
3185 4344 3510 4404 incredulos
3554 4342 3829 4400 viderimus,

503 4486 513 4500 μ
582 4431 812 4474 ternum.
843 4418 960 4473 Non
1005 4421 1183 4490 itaque
1215 4419 1451 4474 levitatis
1500 4423 1659 4476 verba
1706 4434 1830 4477 sunt
1881 4425 2012 4490 lnec,
2054 4442 2174 4495 quae
2205 4495 2248 4508 ἢ
2276 4432 2670 4490 consequenter
2694 4427 3067 4497 probabittIUS,
3101 4449 3202 4489 nec
3247 4439 3558 4508 majoribus
3586 4452 3671 4492 eos
3699 4430 3832 4488 cndi-

584 4513 806 4565 veniunt
839 4526 906 4566 ex
935 4510 1074 4566 fellis
1101 4514 1483 4579 commotione,
1535 4515 1630 4569 sed
1673 4518 1936 4573 severitas
1955 4518 2167 4588 judicii,

2248 4509 2252 4532 δ
2281 4521 2427 4567 turos
2453 4513 2749 4585 fuisse,qui
2778 4520 3079 4579 minoribus
3099 4541 3205 4582 non
3239 4495 3604 4586 crediderint.
3619 4528 3831 4585 Cancrum

580 4613 633 4683 et
661 4604 752 4656 diu
786 4618 1046 4674 suspensa
1074 4605 1340 4659 sententia
1387 4607 1642 4674 (equitate
1687 4608 1864 4678 plena.
1914 4609 2085 4667 Porro
2117 4613 2170 4666 in
2281 4604 2504 4660 ﬁculnea
2540 4607 2628 4662 illa
2660 4611 2725 4665 ad
2774 4630 2935 4684 quam
2981 4616 3086 4672 hoc
3117 4619 3343 4689 signum
3384 4625 3653 4694 dirigitur,
3703 4620 3745 4672 isl
3773 4622 3833 4668 est

535 4708 542 4712 '
583 4695 973 4763 sempiternum
998 4697 1142 4765 quod
1167 4696 1318 4761 dicit,
1357 4697 1459 4751 tale
1480 4706 1561 4752 est
1584 4715 1645 4752 ac
1673 4701 1717 4754 si
1742 4702 1883 4755 dicat
1915 4704 1966 4756 in
1998 4719 2170 4758 sweu-
2280 4697 2587 4772 Synagoga,
2617 4705 2885 4774 quomodo
2911 4710 3135 4776 aruerit,
3161 4712 3426 4785 discipuli
3455 4714 3652 4772 Christi
3675 4705 3834 4768 ﬁdeles.

582 4787 738 4844 lum:
773 4796 1061 4859 utrumque
1108 4793 1182 4852 εἰς
1212 4792 1297 4845 τὸν
1319 4792 1478 4846 etiam
1511 4791 1755 4847 Gnaeum
1787 4795 2074 4864 signiticat.
2107 4796 2175 4850 Et
2279 4791 2518 4862 nihilque
2565 4796 2877 4853 litesitantes
2938 4801 3216 4858 insinuant
3266 4807 3401 4876 ipsi,
3439 4824 3562 4864 cum
3609 4807 3767 4861 dicunt
3785 4795 3835 4850 ad

583 4878 735 4944 dicit,
762 4893 830 4935 ex
867 4891 1020 4950 parte
1049 4881 1424 4950 reproborum,
1449 4883 1539 4950 qui
1597 4883 1750 4938 tidem
1800 4884 1999 4940 Christi
2031 4889 2171 4941 reci-
2276 4901 2420 4950 eam,
2454 4885 2611 4942 Vobis
2651 4891 2878 4960 primum
2905 4896 3172 4962 oportebat
3199 4900 3354 4968 loqui
3377 4901 3591 4956 verbum
3621 4899 3740 4960 Dei;
3769 4888 3836 4948 ³εά

580 4988 714 5044 pere
745 4972 1056 5039 noluerunt,
1089 4989 1152 5027 ex
1185 4973 1380 5044 quibus
1422 4973 1600 5028 nullus
1651 4985 1905 5032 nascetur
1963 4977 2173 5034 fructus
2274 4981 2396 5048 quia
2420 4999 2505 5035 vos
2533 4982 2698 5054 875
2736 4985 2978 5055 indignos
2998 4989 3260 5058 judicatis
3313 5003 3536 5050 (eterna:
3581 4994 3707 5050 uitia.
3747 4997 3837 5040 εδει

585 5067 636 5119 iu
671 5068 773 5122 hoc
802 5067 1018 5127 saeculo.
1051 5068 1223 5121 donec
1251 5066 1524 5136 plenitudo
1555 5069 1793 5139 gentium
1841 5070 2097 5138 introeat,
2120 5079 2175 5126 ct
2276 5072 2624 5130 convertimur
2651 5075 2720 5128 ad
2744 5088 2920 5147 gentes
2954 5079 3092 5150 (Act.
3121 5097 3242 5147 xm,
3263 5083 3405 5156 46);
3438 5095 3494 5142 et
3523 5084 3839 5154 relinquths

584 5169 713 5216 tunc
763 5160 925 5217 Israel
975 5161 1155 5215 salvus
1181 5160 1291 5216 ﬁat.
1345 5161 1434 5215 Vel
1475 5163 1602 5232 quia
1632 5164 1992 5234 sempiternus
2017 5163 2173 5220 Chri-
2274 5176 2392 5216 eam
2425 5163 2784 5231 siccam,cum
2821 5170 2965 5224 viror
2987 5175 3174 5242 gratiae
3203 5186 3258 5230 et
3283 5177 3479 5234 vitalis
3509 5179 3676 5232 virtus
3698 5184 3840 5229 trans;

585 5261 699 5306 stus
725 5261 826 5317 est,
858 5253 909 5306 in
939 5251 1157 5307 Christo
1178 5253 1382 5306 nullum
1411 5254 1644 5308 t‘ructum
1671 5253 1884 5307 allaturi
1905 5262 2052 5324 sunt,
2077 5256 2168 5326 qui
2271 5251 2444 5310 fertur
2471 5256 2540 5311 ab
2585 5259 2682 5314 cis.
2734 5259 2846 5317 Hoc
2886 5264 3083 5336 quippe
3120 5266 3520 5326 intellexerant
3571 5243 3773 5342 apostoli
3802 5260 3842 5316 in

583 5352 740 5398 extra
753 5358 875 5397 eum
902 5343 1116 5413 reprobi
1141 5344 1489 5398 im'eniuntur
1503 5353 1556 5397 et
1582 5345 1812 5415 steriles.
1831 5345 2170 5418 Quapropter
2278 5345 2364 5400 illa
2389 5346 2635 5414 ﬁculnea,
2663 5360 2718 5406 et
2744 5353 2845 5408 hoc
2882 5353 3129 5413 fecerunt
3155 5376 3221 5415 ex
3253 5360 3368 5416 (ide
3391 5362 3534 5418 nihil
3556 5361 3842 5418 haesitantes

584 5438 832 5507 quisquis
856 5439 905 5491 in
929 5453 996 5493 ea
1044 5441 1403 5507 permanserit
1441 5438 1744 5511 Synagoga,
1776 5458 1895 5510 quae
1934 5442 2165 5513 degene-

2278 5438 2420 5505 quod
2449 5448 2517 5514 _et
2542 5439 2632 5494 isti
2657 5457 2990 5511 arescereut,
3021 5449 3415 5518 utcernimus,
3455 5460 3515 5507 et
3551 5457 3732 5523 gentes
3749 5456 3845 5516 8η·

588 5529 727 5582 ravit
761 5546 789 5583 a
823 5531 949 5594 vite,
1000 5539 1050 5585 et
1088 5532 1213 5586 fecit
1245 5533 1447 5601 spinas,
1495 5532 1701 5587 fructus
1747 5548 1813 5588 ex
1851 5550 1912 5589 ea
1948 5535 2172 5604 justitire
2281 5533 2406 5586 tiam
2436 5539 2610 5604 sancti
2633 5536 2868 5609 Spiritus
2898 5543 3223 5612 reciperent,
3251 5549 3410 5615 quod
3435 5549 3744 5622 gaudem-
3767 5539 3848 5594 δυ’

589 5634 856 5688 nunquam
897 5624 1015 5676 erit.
1077 5624 1165 5678 Sic
1213 5634 1392 5680 autem
1450 5635 1710 5680 aruerunt
1757 5626 1914 5697 hujus
1967 5628 2175 5686 arboris
2280 5626 2518 5693 p—L’I'lllUd
2547 5633 2894 5699 autemquod
2927 5632 3258 5692 fecerumiﬂ
3292 5637 3560 5706 ﬁculnea.
3608 5627 3849 5696 atumem

591 5712 722 5768 rami
754 5729 796 5769 ut
853 5717 991 5771 folia.
1031 5725 1087 5767 ut
1132 5727 1353 5769 truncus
1397 5717 1508 5786 ipse
1559 5730 1879 5783 renumeret,
1928 5722 2067 5774 sicut
2101 5723 2177 5776 ait
2282 5730 2335 5774 et
2366 5723 2506 5775 aliud
2535 5726 2880 5793 repmmittit,
2902 5727 2966 5784 Si
2993 5714 3309 5798 habueritis,
3341 5721 3847 5806 limum/idm,“
