4008 6354
580 355 688 416 ⁸119

1380 351 1438 408 S.
1479 339 1838 407 PASCHASII
1874 335 2223 411 RADBERTI
2263 340 2556 399 ABBATIS
2593 337 3043 397 CORBEIENSIS

3694 354 3773 411 7‘10

581 478 696 554 puli
720 478 824 535 ista
851 472 1185 546 quaerebant,
1213 470 1308 527 sed
1338 469 1740 534 comminantis,
1774 466 1860 523 vel
1897 465 2172 521 deterreu-
2199 473 2247 533 Α
2275 460 2412 515 ritas
2433 473 2539 514 non
2572 465 2770 530 potest.
2801 457 2880 512 Ex
2910 471 3018 527 quo
3041 457 3276 512 ostendit
3301 473 3358 515 se
3389 476 3550 528 nosse,
3568 469 3672 536 quia
3698 488 3779 532 non

583 551 658 629 tis
683 579 836 636 astu;
868 569 1012 625 sicut
1055 579 1218 636 quam
1251 579 1393 634 saepe
1432 561 1661 616 dicimus
1693 558 1916 624 nostris,
1955 555 2173 627 quando
2275 563 2359 609 est
2405 560 2646 623 potestas
2694 551 2798 607 nisi
2837 567 2868 606 a
2913 553 3044 619 Deo,
3089 567 3248 623 quam
3292 558 3494 627 praprie
3525 560 3717 622 habebat
3737 578 3783 625 ut

583 663 743 720 nobis
771 678 880 718 non
919 659 1136 732 placent
1168 670 1288 726 quae
1317 653 1448 709 facit
1477 651 1692 722 aliquis.
1722 649 1963 706 Dicimus
1993 648 2176 717 itaque
2275 644 2444 710 Deus,
2475 645 2569 699 sed
2599 660 2659 700 se
2679 644 2760 699 eis
2790 645 3120 716 respondere
3150 644 3318 712 nolle;
3346 655 3398 703 et
3415 649 3566 722 879
3590 653 3688 710 ideo
3702 675 3782 715 non

587 757 672 813 ei:
707 754 840 823 Quis
869 760 924 806 te
945 749 1110 820 jussit
1148 748 1254 803 hoc
1280 744 1492 801 facere?
1524 743 1643 799 Non
1669 739 1912 796 volentes
1953 752 2178 807 respon-
2277 739 2478 804 dicere,
2505 738 2632 809 quia
2659 737 2735 793 illi
2763 739 2908 808 quod
2937 738 3183 793 sciebant
3205 739 3448 797 insidiose
3471 752 3628 801 tacere
3643 747 3784 805 decre-

586 864 707 907 sum
740 845 953 922 audire,
985 843 1080 899 sed
1111 855 1236 896 eum
1283 839 1576 898 deterrere,
1611 843 1672 888 ut
1701 832 1791 888 ille
1819 831 2021 922 sciens,
2050 827 2178 898 quia
2280 839 2488 886 verant.
2518 830 2672 887 Unde
2703 847 2810 890 non
2837 829 3063 886 fortuitu
3083 831 3199 888 haec
3226 833 3290 888 de
3310 831 3505 890 Joanne
3528 836 3784 913 interrogat,

584 921 750 998 nemo
775 939 824 993 ei
848 935 1031 1007 jussit,
1062 931 1282 990 recedat
1307 931 1376 985 ab
1402 935 1546 984 actu.
1575 925 1669 982 Sic
1712 933 1768 979 et
1809 923 1901 979 isti
1932 921 2073 976 forte
2100 922 2182 975 in-

586 1032 938 1106 terrogabant
985 1028 1293 1090 Dominum,
1337 1038 1444 1079 non
1484 1031 1546 1076 ut
1585 1020 1888 1083 discerent,
1923 1016 2018 1070 sed
2055 1027 2178 1069 eum

587 1103 1047 1196 quasi'hominem
1077 1117 1440 1179 deterrerent,
1471 1127 1539 1166 ne
1575 1109 1804 1165 ulterius
1831 1116 1940 1162 tam
1967 1103 2182 1176 publice

587 1217 811 1272 doceret
853 1213 908 1268 in
959 1209 1180 1281 templo,
1230 1207 1314 1263 vel
1360 1217 1682 1277 quocunque
1728 1202 1783 1256 in
1825 1200 1966 1266 loco,
2007 1209 2182 1266 neque

588 1306 718 1364 talia
746 1305 892 1360 ultra
931 1303 1157 1359 faceret.
1197 1299 1304 1356 Sed
1337 1299 1381 1355 si
1413 1299 1489 1353 ita
1515 1303 1657 1353 esset
1695 1291 2044 1364 intelligenda
2077 1289 2181 1343 ista

589 1396 962 1470 interrogatio,
984 1403 1046 1450 ut
1085 1393 1302 1465 quidam
1344 1391 1551 1457 volunt,
1592 1387 1726 1444 mihi
1767 1385 2000 1450 videtur,
2047 1398 2182 1437 nun-

589 1508 753 1565 quam
780 1492 870 1549 sic,
904 1490 986 1546 eis
1023 1487 1423 1559 respondisset;
1455 1485 1500 1540 si
1533 1483 1732 1537 vellent
1760 1495 1948 1536 verum
1979 1478 2183 1539 dicere,

589 1596 652 1641 ut
668 1587 748 1641 eis
763 1598 1084 1654 responsum
1101 1580 1410 1636 redditurus
1434 1584 1600 1633 esset.
1623 1573 1730 1630 Sed
1754 1571 1927 1642 magis
1945 1573 2046 1625 hac
2063 1585 2187 1624 sen-

591 1679 834 1735 tiendum
860 1677 1006 1748 quod
1035 1691 1197 1746 supra
1216 1673 1332 1745 jam
1372 1671 1503 1736 dixi,
1543 1668 1671 1740 quia
1701 1668 1835 1722 duas
1859 1662 2190 1737 generaliter

586 1780 886 1844 potestates
921 1783 988 1824 ex
1017 1767 1189 1840 878
1218 1761 1596 1819 traditionibus
1631 1773 1852 1815 suorum
1898 1755 2182 1819 tenebant;

588 1839 755 1919 unam
780 1878 847 1918 ex
886 1839 1047 1933 parte,
1083 1858 1203 1924 Dei,
1233 1866 1290 1910 et
1328 1855 1553 1909 alteram
1583 1866 1650 1905 ex
1695 1859 1850 1921 parte
1879 1847 2098 1903 diaboli.
2125 1845 2184 1900 ln
2215 1839 2261 1898 B

590 1955 812 2026 quibus,
844 1961 900 2008 et
926 1968 993 2007 ex
1026 1951 1224 2020 quibus
1250 1947 1520 2019 partibus,
1547 1943 1775 2000 diversa“:
1804 1940 2109 2012 specialiter
2135 1947 2190 1993 et

591 2047 776 2117 plures
819 2042 1159 2115 accipiebant
1199 2048 1523 2110 potestates;
1570 2037 1637 2093 de
1669 2034 1864 2106 quibus
1897 2031 2189 2103 Apestolus

595 2139 855 2210 loquitur,
884 2136 1067 2192 omnia
1103 2151 1132 2188 a
1164 2134 1277 2189 Deo
1304 2138 1512 2196 creata,
1549 2145 1670 2200 qua:
1717 2127 1773 2182 in
1827 2125 1981 2182 etelis
2037 2133 2187 2190 sunt,

594 2241 652 2287 et
690 2245 811 2300 qua:
859 2229 914 2284 in
963 2226 1143 2291 terris,
1186 2223 1416 2279 visibilia
1465 2230 1520 2277 et
1562 2217 1887 2282 invisibilia,
1933 2216 2048 2271 sive
2101 2229 2189 2269 se-

595 2325 710 2390 des,
747 2323 851 2377 sive
889 2319 1292 2382 dominationes,
1334 2318 1438 2371 sive
1472 2314 1816 2384 principatus,
1863 2320 1912 2365 et
1959 2319 2190 2380 potesta-

594 2425 668 2471 tes
708 2412 916 2489 (Calas.
954 2428 1005 2478 ι,
1045 2408 1164 2482 16).
1208 2409 1266 2464 ln
1306 2407 1502 2478 quibus
1533 2404 1839 2468 ordinibus,
1880 2418 1987 2456 non
2027 2415 2190 2456 unam

594 2523 782 2566 earum
808 2506 967 2571 dixit,
997 2505 1092 2561 sed
1137 2503 1335 2558 multas
1362 2507 1662 2571 potestates
1687 2506 1743 2551 et
1767 2493 2187 2557 dominationes,

595 2617 692 2657 seu
717 2607 932 2656 caetera.
961 2595 1224 2653 Similiter
1249 2602 1304 2649 et
1336 2609 1401 2648 ex
1428 2599 1584 2662 parte
1613 2587 1834 2654 diaboli,
1863 2585 2017 2641 multi
2043 2585 2191 2655 prin-

596 2694 809 2764 cipatns
843 2692 1100 2747 dicuntur
1126 2697 1182 2744 et
1209 2694 1526 2756 potestates,
1560 2683 1702 2738 sicut
1729 2693 1784 2736 et
1813 2680 1929 2750 ipse
1958 2687 2192 2734 testatur

593 2781 921 2855 Apostolus,
959 2781 1101 2850 quod
1139 2794 1248 2832 non
1294 2779 1365 2832 sit
1407 2775 1564 2832 nobis
1609 2771 1911 2828 colluctatio
1942 2771 2190 2825 adversus

595 2890 807 2929 carnem
842 2881 889 2927 et
915 2870 1246 2942 sanguinem,
1279 2867 1368 2923 sed
1400 2867 1648 2921 adversus
1682 2865 2007 2934 principatus
2033 2872 2079 2916 et
2105 2877 2196 2931 po-

596 2976 808 3022 testates
839 2965 1057 3037 (Epltes.
1089 2979 1176 3029 vt,
1210 2963 1320 3033 12).
1362 2960 1514 3015 Talia
1552 2959 1718 3030 igitur
1763 2965 1818 3013 et
1857 2957 1960 3010 alia
2000 2971 2192 3025 quam-

594 3061 780 3134 plura,
803 3059 1079 3131 principes
1106 3055 1469 3118 sacerdotum,
1498 3063 1554 3107 et
1588 3051 1833 3106 seniores
1858 3062 2191 3119 cognoscen-

599 3163 686 3208 tes
729 3153 796 3208 de
833 3149 1192 3223 potestatibus
1217 3156 1274 3202 et
1301 3153 1764 3202 sacramentorum
1799 3142 2054 3213 gradibus
2080 3154 2190 3195 coe-

2283 940 2458 996 neque
2483 925 2826 980 solummodo
2853 934 2912 980 ut
2941 941 3036 981 eos
3063 941 3095 980 a
3134 943 3195 982 se
3227 928 3461 999 repellat,
3489 932 3573 987 sed
3595 934 3727 990 etiam
3747 947 3790 992 ut

2283 1031 2380 1072 eos
2404 1016 2692 1072 convincat
2728 1014 2861 1072 falsa
2889 1017 3094 1072 sentire
3123 1017 3188 1073 de
3213 1016 3432 1085 Joanne,
3458 1024 3584 1092 quod
3603 1025 3699 1095 ejus
3717 1027 3790 1082 ha-

2283 1109 2513 1180 ptismus
2556 1124 2626 1163 ex
2659 1107 2970 1165 hominibus
3007 1118 3172 1166 esset.
3215 1110 3432 1182 Propter
3467 1117 3596 1185 quod
3622 1133 3793 1190 respon-

2287 1205 2422 1260 dens
2442 1201 2862 1274 cogitationibus
2889 1217 3100 1268 eorum,
3123 1211 3182 1258 ut
3204 1203 3344 1259 Deus
3371 1206 3458 1276 qui
3478 1217 3648 1263 cuncta
3665 1211 3791 1278 novit,

2288 1296 2424 1349 satis
2454 1291 2521 1347 ad
2566 1293 2669 1348 hoc
2698 1290 3004 1348 mirabilem
3038 1303 3091 1349 ct
3119 1304 3524 1364 consequentem
3548 1298 3792 1367 parabolam

2288 1385 2604 1441 introducit.

2360 1476 2500 1544 Quid
2534 1477 2674 1532 vobis
2707 1478 2934 1546 videtur,
2969 1479 3147 1549 inquit
3175 1498 3188 1533 :
3235 1478 3404 1535 Homo
3443 1482 3637 1552 quidam
3657 1484 3795 1539 habuit

2289 1569 2421 1624 duos
2456 1569 2620 1638 filios,
2650 1580 2698 1624 et
2720 1570 2971 1644 accedens
2994 1571 3063 1624 ad
3091 1573 3343 1642 primum,
3380 1573 3550 1628 dixit:
3579 1575 3686 1641 Fili,
3705 1579 3798 1632 vade

2289 1663 2444 1717 hodie
2466 1664 2675 1734 operari
2699 1664 2756 1718 in
2791 1665 2994 1719 vineam
3017 1682 3209 1721 meam.
3233 1665 3336 1721 Ille
3361 1678 3526 1722 autem
3552 1670 3798 1740 respondens

2291 1756 2406 1812 ait:
2433 1754 2588 1810 Nolo.
2626 1753 2822 1811 Postea
2865 1766 3040 1812 autem
3063 1759 3364 1828 paenitentia
3407 1771 3566 1816 motus
3593 1763 3713 1815 abiit.
3751 1761 3799 1815 Et

2289 1850 2540 1904 accedens
2566 1849 2635 1904 ad
2656 1850 2902 1918 alterum,
2919 1851 3050 1906 dixit
3077 1851 3338 1906 similiter.
3366 1854 3431 1907 At
3454 1853 3535 1909 ille
3555 1854 3800 1923 respondens

2291 1942 2364 1995 ait
2398 1961 2415 1999 :
2448 1940 2550 2008 Eo,
2573 1942 2843 2009 Domine;
2869 1955 2916 1999 et
2947 1962 3048 1999 non
3072 1947 3186 2000 ivit.
3219 1945 3352 2012 Quis
3397 1963 3458 2001 ea:
3505 1947 3679 2001 duobus
3717 1947 3800 2016 {erit

2291 2034 2610 2090 voluntatem
2630 2035 2810 2093 Patris
2827 2040 2852 2092 Ρ
2873 2038 3067 2094 Dicunt
3091 2058 3110 2095 :
3139 2038 3372 2097 Primus.
3401 2041 3535 2097 Dicit
3557 2041 3648 2096 illis
3661 2037 3802 2097 Iesus:

2291 2129 2457 2183 Amen
2485 2130 2602 2185 dico
2629 2132 2788 2199 vobis,
2815 2133 2958 2204 quod
2979 2133 3246 2203 publicani
3275 2145 3322 2189 et
3374 2137 3642 2190 meretrices
3663 2151 3804 2205 prace-

2291 2221 2412 2274 dent
2438 2225 2524 2276 vos
2562 2222 2614 2275 in
2646 2238 2860 2294 regnum
2886 2223 3006 2279 Dei.
3046 2224 3197 2279 Venit
3217 2235 3395 2281 autem
3414 2226 3626 2281 Joannes
3663 2225 3716 2279 ad
3743 2241 3804 2278 eos

2290 2313 2347 2366 in
2366 2313 2451 2367 via
2465 2312 2710 2383 justitiw,
2733 2323 2780 2369 et
2807 2333 2911 2370 non
2941 2317 3236 2372 credidistis
3284 2320 3353 2374 ei.
3387 2316 3642 2373 Publiceni
3676 2328 3806 2372 etate

2300 2405 2512 2458 retrices
2534 2404 2930 2460 credideruntei
2952 2423 2972 2472 ;
3003 2423 3091 2462 vos
3119 2418 3302 2463 autem
3331 2410 3548 2464 videntes
3575 2425 3654 2463 nec
3691 2405 3808 2478 pani-

2293 2495 2510 2547 tentiam
2528 2494 2787 2549 habuistis
2807 2506 2989 2566 postea
3011 2507 3067 2551 ut
3094 2499 3379 2554 crederetis
3405 2501 3471 2554 ei.
3505 2498 3670 2555 Totam
3703 2499 3805 2552 hanc

2290 2586 2605 2657 parabolam
2643 2589 2802 2644 simul
2831 2591 3083 2660 proposui
3121 2606 3190 2646 ex
3231 2592 3465 2665 integro,
3501 2601 3557 2649 ut
3581 2591 3808 2663 intelligant

2295 2680 2570 2736 auditores
2612 2691 2815 2752 quanta
2867 2683 2940 2738 sit
2985 2684 3038 2739 in
3086 2686 3488 2756 respondendo,
3514 2693 3564 2742 et
3593 2685 3638 2741 in
3669 2698 3809 2755 propo-

2294 2773 2472 2828 nendo
2519 2774 2781 2844 sapientia
2827 2774 3155 2842 Salvatoris;
3191 2779 3294 2849 qui
3324 2795 3465 2846 cum,
3497 2788 3553 2834 ut
3585 2777 3672 2849 ipsi
3689 2775 3809 2832 Judaei

2296 2863 2717 2932 calumniantur,
2759 2865 2970 2923 litteras
3006 2883 3114 2924 non
3161 2869 3442 2937 didicerit,
3479 2871 3630 2928 vincit
3652 2882 3810 2925 omnem

2293 2955 2656 3026 eloquentiam
2707 2957 3190 3031 philosophorum,
3251 2973 3313 3019 et
3371 2963 3596 3018 omnium
3646 2973 3808 3019 eorum,

2295 3065 2429 3119 quos
2463 3050 2713 3106 rhetores
2752 3062 2970 3118 vocant,
3002 3053 3340 3122 facundiam,
3372 3064 3426 3111 et
3459 3055 3509 3112 in
3541 3051 3814 3126 proponendo

2294 3154 2415 3208 quae
2435 3153 2547 3194 sua:
2566 3140 2740 3210 partis
2765 3151 2913 3210 sunt,
2938 3145 2992 3199 in
3017 3145 3354 3203 revincendo
3374 3163 3490 3217 quae
3511 3146 3694 3215 objecta
3709 3149 3810 3204 sunt,

597 3242 842 3308 lestium,
870 3242 984 3296 sive
1005 3255 1072 3296 ex
1103 3237 1391 3294 traditione
1417 3235 1705 3306 majorum,
1736 3232 1852 3288 sive
1874 3232 1940 3287 de
1965 3229 2192 3286 secretis
2220 3213 2266 3277 C
2299 3230 2352 3285 in
2384 3233 2711 3302 proterendo
2739 3249 2860 3304 qua:
2895 3236 3339 3294 adversariorum
3375 3213 3515 3306 sunt,
3551 3213 3615 3294 ita
3648 3245 3696 3291 ut
3729 3246 3814 3289 reos

599 3333 924 3405 quibusdam
974 3328 1372 3385 rationabiliter
1421 3335 1514 3382 aut
1560 3323 2010 3380 irrationabiliter
2041 3321 2190 3377 exci-

598 3425 719 3491 tati,
747 3424 878 3496 quia
900 3423 1162 3498 videbant
1179 3420 1364 3476 Jesum
1391 3419 1560 3474 multa
1587 3419 1739 3490 signa
1764 3424 1928 3486 atque
1947 3415 2191 3486 prodigia

597 3517 925 3581 facientem;
976 3513 1321 3570 aestimabant
1363 3511 1522 3576 forte,
1573 3524 1680 3566 non
1723 3508 1840 3564 sine
1887 3506 2063 3576 aliqua
2093 3523 2190 3577 po-

597 3618 798 3668 testate
825 3609 928 3666 sibi
956 3606 1200 3677 subjecta
1232 3622 1297 3662 ea
1324 3605 1472 3668 fieri;
1501 3611 1556 3660 et
1584 3603 1706 3658 ideo
1733 3601 2020 3673 potestatis
2050 3599 2192 3655 illius

599 3704 860 3776 speciem,
887 3710 944 3759 et
970 3702 1357 3774 proprietatem
1383 3697 1638 3754 volebant
1670 3695 1859 3751 audire
1895 3711 1926 3750 a
1951 3694 2188 3749 Christo.

601 3797 757 3866 Quod
787 3797 834 3851 si
864 3796 932 3851 de
968 3795 1084 3852 sola
1130 3793 1378 3850 doctrina
1419 3791 1779 3861 interrogant,
1815 3802 1926 3858 qua
1966 3786 2194 3842 docebat

599 3889 657 3945 in
689 3887 888 3958 templo
922 3886 1199 3957 populum,
1228 3883 1446 3955 quando
1489 3880 1754 3938 accedunt
1787 3879 1855 3934 ad
1894 3894 2039 3945 eum,
2070 3878 2194 3949 quis

601 3980 652 4035 ei
679 3978 895 4034 dederit
918 3985 1245 4046 potestatem
1271 3975 1524 4040 docendi,
1552 3980 1733 4044 potest
1752 3971 2002 4040 superior
2029 3986 2193 4040 expo-

602 4073 728 4127 sitio
762 4083 1083 4140 congruere.
1121 4068 1362 4136 Quorum
1412 4066 1761 4122 calliditatem
1809 4064 2194 4132 interrogando

603 4163 866 4220 Dominus
893 4161 972 4217 sic
999 4159 1216 4225 refellit,
1247 4166 1308 4213 ut
1334 4173 1432 4213 suo
1459 4157 1543 4212 vel
1578 4155 1792 4211 silentio
1813 4155 1899 4211 vel
1927 4156 2191 4211 sententia

603 4255 974 4328 responsionis
1013 4255 1461 4310 condemnentur.
1517 4249 1656 4317 Quia
1694 4249 2194 4319 si‘reSpondissent

601 4347 934 4419 baptismum
961 4343 1184 4400 Joannis
1209 4357 1331 4397 esse
1358 4343 1422 4397 de
1442 4340 1604 4406 coelo,
1634 4347 1696 4394 ut
1716 4355 1903 4394 verum
1928 4341 2190 4407 dicerent,

602 4438 747 4511 quod
773 4437 877 4508 ipsi
900 4436 1066 4492 astuti
1089 4435 1144 4490 in
1174 4433 1380 4488 malitia
1401 4439 1826 4504 pertractarunt,
1857 4446 2194 4501 consequens

539 4540 550 4601 ι
601 4541 722 4588 erat
745 4528 1254 4601 responsio:Quare
1284 4540 1413 4598 ergo
1441 4540 1534 4580 vos
1569 4540 1676 4580 non
1711 4523 2021 4580 credidistis
2048 4525 2118 4589 ei,
2138 4531 2194 4579 et

543 4600 553 4664 ί
604 4639 776 4697 quare
801 4600 908 4679 non
939 4621 1072 4677 estis
1105 4619 1364 4690 baptizati
1393 4619 1446 4672 in
1477 4618 1578 4672 eo?
1607 4617 1674 4672 Et
1708 4617 1754 4671 si
1785 4617 1966 4672 dicere
1991 4616 2192 4672 voluis-
2217 4600 2273 4661 Ῑ)

546 4713 551 4720 ’
602 4725 746 4782 sent,
782 4716 1022 4772 humana
1059 4711 1373 4781 deceptione
1401 4709 1755 4779 compositum
1787 4708 1855 4763 ab
1881 4708 2107 4774 Joanne,
2136 4719 2191 4763 et

600 4807 740 4864 nihil
771 4806 1025 4864 habuisse
1060 4803 1323 4867 divinum,
1360 4800 1679 4857 seditionem
1707 4801 1890 4872 p0puli
1927 4799 2190 4856 formida-

601 4900 755 4957 bant.
809 4898 999 4955 Omnis
1049 4896 1194 4952 enim
1249 4900 1575 4965 congregata
1630 4892 1916 4948 multitudo
1965 4891 2192 4948 Joannis

597 4993 874 5065 baptisma
898 4997 1196 5060 receperat,
1225 4999 1282 5043 et
1308 4987 1386 5043 sic
1414 5003 1537 5044 eum
1572 4987 1842 5042 habebant
1873 4986 2026 5056 quasi
2059 5001 2188 5056 pro-

600 5087 844 5158 phetam.
874 5081 1170 5154 Respondit
1190 5090 1371 5136 autem
1401 5079 1719 5150 impiissima
1739 5079 1924 5144 factio,
1955 5088 2011 5134 et
2035 5079 2190 5150 quasi

603 5177 926 5234 humilitatis
965 5175 1144 5231 verbis
1167 5189 1283 5240 usa,
1317 5173 1573 5229 dixerunt
1605 5186 1620 5226 :
1652 5171 1951 5227 Nescimus.
1985 5171 2192 5239 Quibus

601 5269 720 5340 ipse
738 5271 816 5325 ait
834 5288 847 5322 :
869 5268 980 5324 Nec
999 5285 1092 5340 ego
1115 5267 1232 5322 dico
1254 5266 1398 5320 vobis
1420 5267 1475 5318 in
1491 5281 1593 5336 qua
1619 5274 1870 5334 potestate
1895 5265 2008 5316 lucc
2030 5263 2188 5332 facio.

604 5360 804 5432 Sicque
859 5376 923 5419 ex
969 5375 1067 5415 sua
1119 5357 1368 5414 Christus
1420 5355 1844 5426 interrogatione
1897 5352 2192 5424 prudenter

601 5452 735 5524 egit,
785 5460 845 5506 ut
876 5461 933 5507 et
959 5465 1053 5507 eos
1085 5467 1116 5505 a
1155 5465 1214 5506 se
1253 5448 1558 5521 repelleret,
1585 5455 1641 5502 et
1669 5464 1738 5502 ne
1767 5455 2013 5502 sanetum
2037 5447 2195 5503 daret

603 5544 852 5609 canibus,
903 5544 1146 5615 pandens
1196 5543 1276 5598 eis
1322 5542 1500 5597 divina
1550 5540 1823 5611 mysteria.
1869 5540 2003 5596 Nam
2045 5541 2192 5597 ineo

605 5633 750 5703 quod
777 5633 995 5708 nescire
1033 5632 1446 5702 responderunt,
1477 5631 1690 5686 mentiti
1718 5639 1844 5686 sunt
1875 5649 1886 5684 :
1921 5640 1974 5686 et
2003 5647 2192 5688 conse-
2217 5673 2219 5677 ι

607 5738 780 5792 quens
832 5735 952 5780 erat
995 5725 1150 5794 juxta
1205 5725 1610 5797 responsionem
1664 5740 1853 5781 eorum
1904 5726 2187 5782 Dominum

609 5815 807 5878 dicere,
843 5833 942 5872 nec
972 5833 1070 5886 ego
1099 5818 1212 5873 scio
1243 5833 1364 5887 quae
1394 5819 1680 5887 quaesistis.
1713 5818 1818 5873 Sed
1854 5821 2071 5875 mentiri
2103 5826 2216 5877 ve-'

2297 3341 2432 3394 quos
2478 3336 2669 3382 contra
2715 3342 2775 3383 se
2803 3331 3054 3400 proponit
3103 3332 3159 3387 in
3198 3348 3389 3400 causa,
3428 3335 3562 3405 ipsos
3597 3341 3644 3389 et
3661 3329 3813 3402 judices

2296 3426 2464 3488 petat.
2496 3418 2795 3477 Mirabilius
2819 3438 2950 3495 ergo
2992 3440 3154 3497 agere
3184 3427 3410 3484 videtur
3443 3437 3619 3484 contra
3649 3420 3816 3480 causidi-

2297 3525 2392 3565 cos
2427 3511 2588 3582 legis,
2633 3522 2688 3569 et
2726 3515 2978 3584 peritiam
3021 3520 3392 3588 sacerdotum,
3439 3537 3590 3592 quam
3630 3518 3716 3574 ulla
3752 3529 3813 3568 ars

2297 3602 2490 3658 doceat
2527 3604 2785 3674 juridica,
2820 3607 2947 3681 dym
2981 3609 3084 3666 sibi
3111 3611 3472 3672 adversantes
3506 3615 3566 3670 de
3606 3612 3700 3669 suis
3725 3625 3748 3664 a
3776 3622 3815 3662 se

2299 3696 2533 3767 objectis
2555 3697 2804 3767 judicare
2832 3703 3106 3774 compellit
3133 3723 3145 3759 :
3175 3709 3439 3778 quoniam
3461 3709 3568 3780 ipsa
3595 3721 3646 3762 se
3667 3701 3812 3758 veritas

2299 3791 2517 3863 propria
2565 3791 2806 3848 defendit
2841 3811 3024 3862 manu,
3066 3805 3122 3852 et
3173 3798 3519 3857 adversarios
3555 3807 3610 3854 ut
3647 3793 3816 3869 gloriose

2303 3882 2506 3945 vincat,
2545 3885 2780 3955 pr0priis
2813 3885 2995 3958 alligat
3023 3888 3277 3957 vinculis,
3315 3901 3371 3946 et
3403 3897 3650 3962 expugnat
3678 3883 3813 3942 armis.

2301 3981 2360 4028 ut
2389 3974 2460 4027 sit
2482 3973 2672 4045 judicii
2697 3973 2844 4044 justa
2875 3977 3194 4036 deliberatio
3224 3983 3376 4052 quod
3411 3998 3441 4036 a
3469 3980 3605 4037 nullo
3627 3989 3814 4034 merean-

2303 4073 2388 4118 tur
2417 4063 2648 4131 absolvi,
2679 4066 2772 4136 qui
2801 4066 3009 4137 seipsos
3039 4084 3138 4124 suo
3164 4072 3531 4144 condemnant
3556 4063 3813 4140 iudiciali!

2299 4173 2407 4229 quo
2432 4167 2581 4230 patet
2608 4161 2772 4231 quam
2795 4177 2988 4232 magna
3017 4163 3088 4218 sit
3117 4164 3316 4220 fiducia
3340 4165 3580 4238 justitize,
3600 4163 3677 4218 ubi
3699 4168 3816 4215 causa

2299 4249 2614 4306 adversario
2656 4250 2758 4320 ipsi
2793 4252 3168 4309 committitur.
3208 4253 3320 4311 Sed
3357 4256 3425 4312 de
3453 4271 3510 4312 re
3541 4245 3816 4310 formidabili,

2300 4357 2369 4396 ne
2393 4341 2599 4397 veritas
2628 4343 2772 4397 nuda
2795 4344 3032 4415 primum
3059 4347 3409 4404 adversarios
3434 4339 3680 4404 deterreat
3695 4335 3817 4408 atqui-

2300 4434 2428 4488 tatis
2460 4432 2703 4504 proferre
2725 4434 3012 4506 judicium,
3045 4437 3214 4493 utitur
3243 4437 3504 4513 Magister
3535 4439 3686 4494 bonus
3705 4442 3818 4499 ars“-

2299 4534 2484 4580 mento
2513 4541 2698 4581 rerum
2727 4538 3036 4597 gestarum,
3065 4538 3122 4586 et
3148 4529 3350 4601 figurat
3382 4532 3436 4587 in
3470 4527 3710 4603 parabolis
3732 4535 3819 4594 per-

2299 4632 2463 4672 sonas
2487 4631 2698 4683 eorum,
2721 4627 2779 4672 ut
2807 4635 2914 4689 quo
2939 4621 3097 4676 modo
3120 4621 3454 4692 intelligunt,
3477 4637 3539 4677 ac
3565 4618 3682 4675 side
3697 4615 3820 4668 altero

2300 4709 2402 4778 ipsi
2447 4709 2708 4765 adversus
2743 4725 2802 4766 se
2844 4712 3169 4768 sententiam
3202 4714 3412 4771 dictent
3450 4716 3528 4770 sui
3563 4719 3732 4769 reatus.
3757 4701 3821 4758 Sic

2299 4810 2355 4855 et
2384 4801 2554 4856 David
2583 4801 2874 4873 aliquando
2913 4820 3036 4858 cum
3084 4806 3137 4859 in
3181 4817 3465 4876 peccatum
3493 4805 3746 4863 corruisset
3766 4794 3820 4850 fc-

2300 4895 2440 4952 cisse
2467 4895 2697 4968 legimus
2729 4913 2850 4951 cum
2876 4897 3088 4952 Nathan
3117 4900 3500 4968 parabolarum
3526 4898 3710 4956 retibus
3731 4902 3818 4946 eum

2299 4988 2611 5062 obligasset,
2645 4991 2720 5046 ita
2763 5000 2822 5046 ut
2860 4993 2975 5063 ipse
3016 4993 3281 5050 adversus
3323 4995 3494 5068 εεο
3527 5009 3583 5050 se
3614 4985 3819 5060 judicium

2300 5082 2494 5138 mortis
2512 5081 2800 5151 proferret.
2834 5082 2940 5139 Sed
2961 5083 3132 5140 altera
3150 5085 3205 5141 in
3225 5101 3292 5143 eo
3311 5087 3548 5144 conditio
3566 5083 3674 5147 fuit,
3695 5077 3821 5135 altera

2299 5191 2430 5231 vero
2480 5175 2532 5229 in
2581 5175 2729 5242 istis;
2771 5175 2900 5230 dum
2939 5176 3028 5232 ille
3077 5179 3147 5234 ad
3197 5179 3572 5249 paenitentiam
3601 5178 3820 5231 evocem.

2298 5276 2352 5322 et
2378 5267 2464 5322 isti
2515 5267 2583 5322 ad
2632 5267 2894 5322 malitiam
2938 5269 3112 5340 magis
3159 5278 3285 5326 sunt
3317 5269 3555 5326 excitati.
3583 5265 3692 5322 Hac
3715 5257 3821 5316 enim

2297 5359 2600 5430 proprietas
2641 5361 2907 5415 bonorum
2959 5361 3239 5418 hominum
3287 5372 3345 5419 et
3388 5362 3642 5418 malorum
3680 5361 3759 5412 est.
3783 5352 3824 5398 υί

2299 5451 2470 5509 bonus
2494 5455 2865 5526 deprehensus
2897 5455 2951 5511 in
2984 5467 3208 5526 peccato
3237 5457 3574 5529 ingemiscat,
3601 5450 3709 5523 quia
3729 5455 3824 5517 pecs

2298 5546 2468 5612 cavit;
2503 5546 2677 5602 malus
2704 5562 2836 5604 vero
2872 5545 3084 5603 frendet
3112 5556 3166 5602 et
3191 5549 3441 5612 tabescit,
3473 5561 3574 5602 non
3599 5541 3706 5613 quia
3730 5547 3823 5606 peis

2299 5636 2460 5701 cavit,
2502 5638 2596 5693 sed
2633 5638 2762 5709 quia
2801 5637 3172 5708 deprehensus
3211 5648 3295 5695 est
3340 5639 3396 5693 in
3444 5642 3669 5708 peccato.
3694 5625 3813 5683 Ηοιηι

2299 5729 2390 5797 qui
2428 5727 2614 5783 habuit
2643 5729 2778 5784 duos
2819 5729 2977 5796 filios,
3016 5729 3160 5787 Deus
3183 5739 3288 5796 est,
3326 5745 3417 5802 qui
3459 5725 3652 5784 creavit
3681 5727 3825 5774 omnes

2297 5819 2546 5875 homines
2582 5830 2808 5890 paterno
2847 5821 3062 5878 affectu.
3101 5823 3202 5890 Qui
3235 5839 3354 5879 cum
3383 5822 3453 5876 sit
3479 5828 3654 5875 natura
3687 5803 3825 5867 Domi‘
