4008 6354
198 416 293 471 ἾΞΙ

985 413 1349 472 EXPOSITIO
1387 413 1453 471 IN
1491 386 1931 473 numinum.
1970 402 2037 455 :-
2073 384 2330 478 us.'|x,
2371 408 2523 466 CAP.
2568 407 2709 464 XXI.

3338 380 3341 383 ’
3379 404 3480 460 722

195 542 319 593 nus,
353 536 542 584 tatnen
572 528 744 601 magis
787 528 901 584 Vult
945 543 1004 585 se
1046 528 1195 601 diligi
1238 530 1391 599 quasi
1429 538 1601 600 pater,
1625 544 1787 602 quam
1819 534 1869 596 Α
1894 527 2013 582 cani
2053 516 2233 580 autem
2268 533 2318 579 et
2364 523 2658 579 meretrices
2700 498 3033 575 crediderunt
3070 521 3137 574 ei.
3180 516 3283 573 Vos
3307 526 3485 572 autem

194 623 377 679 timeri
405 631 469 679 ut
493 622 771 680 Dominus.
801 621 870 678 Et
892 630 1180 694 propterea
1208 622 1265 679 in
1293 622 1410 695 lege
1434 615 1543 679 non
1571 623 1787 691 dicitur,

192 716 419 772 timebis
438 715 726 772 Dominum
749 715 920 771 Deum
951 724 1104 771 tuum
1130 716 1196 771 de
1210 697 1335 771 toto
1364 716 1527 772 corde
1552 724 1665 781 tuo,
1694 715 1792 771 sed

193 807 412 881 diliges.
436 807 788 864 Dilectionem
816 807 962 863 enim
982 807 1200 879 exigere
1227 808 1296 862 ab
1328 807 1654 873 hominibus,
1681 822 1791 862 non

193 900 408 955 domini
436 908 539 965 est,
570 900 665 956 sed
690 899 879 971 patris.
912 899 1013 969 Qui
1046 898 1236 956 habuit
1261 901 1397 956 duos
1427 899 1591 966 ﬁlios,
1620 916 1793 956 unum

193 991 417 1062 quidem
442 992 686 1064 gentium
726 992 1001 1064 populum,
1030 990 1262 1048 alterum
1291 991 1621 1049 Iudaeorum.
1651 991 1793 1060 Quo-

192 1100 316 1140 rum
358 1084 516 1156 prior
552 1084 697 1140 illius
736 1085 977 1157 gentium
1013 1092 1132 1140 erat
1166 1084 1416 1156 populus,
1442 1084 1535 1155 qui
1561 1098 1630 1140 ex
1652 1092 1794 1139 tem-

192 1163 329 1253 pore
346 1178 468 1236 Noe
485 1194 609 1237 esse
628 1179 815 1251 carpit,
840 1179 1018 1235 minor
1043 1194 1193 1247 vero,
1212 1179 1444 1251 populus
1461 1178 1793 1247 Iudaeorum,

114 1318 119 1323 κ
194 1272 288 1344 qui
313 1286 387 1327 ex
419 1278 665 1343 tempore
696 1269 974 1352 Abraham
1000 1284 1100 1340 per
1123 1268 1590 1325 circumcisionem
1614 1284 1797 1341 segre-

196 1362 309 1436 gati
333 1371 469 1419 sunt
501 1378 533 1416 a
558 1362 830 1435 gentibus,
867 1369 926 1417 ut
959 1369 1142 1418 essent
1169 1361 1276 1417 duo
1307 1361 1401 1416 iilii
1421 1361 1539 1428 Dei,
1571 1376 1711 1418 unus
1741 1362 1797 1417 in

196 1454 490 1527 praeputio,
517 1463 574 1510 et
598 1453 739 1510 alter
760 1455 815 1509 in
837 1454 1270 1511 circumcisione.
1297 1454 1403 1510 Sed
1427 1454 1606 1526 primo
1636 1453 1796 1519 dixit,

201 1563 329 1605 cum
350 1548 405 1603 ei
431 1547 740 1604 naturalem
760 1547 931 1620 legem
958 1548 1014 1603 in
1034 1556 1216 1604 mente
1238 1548 1491 1614 instituit,
1516 1544 1647 1613 Fili,
1670 1547 1798 1602 vade

208 1639 414 1710 operari
445 1639 502 1692 in
545 1639 746 1694 vineam
774 1655 943 1694 meam
976 1640 1151 1705 hodie,
1185 1638 1240 1694 id
1265 1646 1350 1694 est
1387 1639 1439 1693 in
1471 1639 1617 1694 omni
1666 1647 1801 1694 tem-

209 1744 340 1802 pore
369 1729 533 1801 hujus
571 1730 775 1797 saeculi,
809 1731 951 1787 sicut
974 1730 1089 1803 jam
1124 1732 1260 1788 etin
1296 1732 1401 1787 alia
1439 1731 1693 1802 parabola
1725 1732 1801 1787 vi-

206 1839 322 1880 neae
350 1829 715 1879 monstratum
749 1831 853 1879 est.
890 1823 1245 1897 Nequaquam
1276 1824 1330 1879 in
1357 1823 1497 1880 facie
1526 1833 1587 1879 ut
1612 1826 1797 1891 homo,

1891 620 2140 685 videntes,
2191 634 2283 673 nec
2310 617 2667 690 pmnitentiam
2701 613 2959 669 habuistis
3006 622 3062 667 ut
3093 611 3372 667 crederetis
3410 610 3483 666 ei.

1891 717 2187 774 Considera
2217 723 2483 787 quantum
2512 720 2807 786 exaggerat
2827 709 3063 766 oﬂicium
3103 718 3160 765 et
3192 722 3486 780 personam

1890 809 2111 866 Joannis
2134 824 2257 864 cum
2303 808 2402 874 ait,
2441 804 2580 873 Quia
2618 804 2754 860 venit
2798 804 2868 858 ad
2914 819 3003 858 eos
3038 802 3200 858 invia
3236 801 3484 873 justitiae.

1894 903 2046 972 Quod
2072 902 2118 958 si
2150 910 2358 957 tantum
2392 899 2741 972 praedicasset
2769 896 3099 967 baptismum
3128 888 3485 966 p'muitentizc,

1893 994 1996 1066 ipsi
2022 992 2176 1065 quasi
2199 991 2511 1048 sacerdotes
2538 991 2856 1061 prudentes,
2880 997 2936 1044 et
2958 987 3115 1059 quasi
3139 986 3351 1056 judices
3376 1000 3487 1040 non

1893 1098 2274 1155 personarum,
2302 1082 2398 1140 sed
2428 1097 2632 1149 rerum,
2666 1079 2978 1137 debueratis
3003 1079 3053 1134 ei
3094 1077 3355 1143 credere;
3385 1077 3492 1132 etsi

1895 1191 2002 1231 non
2034 1173 2383 1246 quasi‘justo,
2417 1185 2600 1230 tamen
2629 1171 2785 1243 quasi
2820 1173 2971 1240 justa
2996 1178 3053 1226 et
3077 1184 3209 1225 vera
3250 1168 3488 1224 docenti.

1896 1267 2112 1336 Quanto
2151 1268 2323 1339 magis
2350 1280 2515 1332 nunc,
2545 1265 2672 1336 quia
2700 1262 2850 1318 venit
2875 1261 2944 1317 ad
2968 1275 3068 1316 vos
3109 1260 3163 1314 in
3204 1259 3292 1314 via
3326 1257 3490 1329 justi-

1898 1364 2005 1419 tiae.
2032 1362 2100 1418 Et
2126 1372 2238 1418 tam
2279 1359 2567 1417 manifesta
2596 1356 2700 1413 fuit
2743 1356 2862 1428 ejus
2900 1353 3267 1418 conversatio,
3290 1360 3346 1408 et
3380 1361 3492 1407 talin
3571 1410 3586 1432 ﬁ

1895 1455 2226 1512 venerabilis
2254 1463 2310 1510 et
2337 1454 2583 1526 angelica
2610 1452 2741 1518 vita,
2783 1457 2845 1505 ut
2886 1449 3051 1506 etiam
3079 1446 3492 1521 publicanorum

1899 1558 1957 1606 et
1981 1548 2333 1605 meretricum
2359 1546 2529 1604 corda
2560 1550 2899 1610 concuteret,
2925 1551 2981 1599 et
3006 1556 3270 1597 concussa
3292 1555 3493 1612 pavore

1899 1640 2141 1698 ﬂecteret
2172 1640 2241 1696 ad
2283 1639 2681 1711 paenitentiam,
2707 1646 2762 1695 et
2796 1644 2979 1694 vestra
3003 1624 3371 1707 quae’dicebat
3395 1650 3496 1688 nm:

1902 1739 2195 1805 potuerunt
2214 1731 2533 1802 contingere
2556 1729 2742 1786 corda.
2766 1727 2976 1784 Idcirco
2999 1725 3275 1798 publicani
3303 1733 3358 1780 et
3386 1740 3495 1777 ιιιιεο

1904 1824 2129 1880 retrices
2161 1821 2287 1894 jure
2321 1821 2632 1894 praecedent
2669 1834 2768 1878 vos
2797 1819 2852 1875 in
2887 1833 3115 1891 regnum
3152 1814 3268 1873 Dei.
3299 1814 3494 1872 Consl-

204 1913 290 1969 his
332 1914 589 1971 omnibus
629 1912 841 1971 locutus
877 1925 982 1981 est,
1037 1915 1133 1971 sed
1173 1916 1227 1970 in
1258 1915 1512 1972 cordibus
1550 1923 1610 1970 ut
1633 1913 1797 1982 Deus,
1825 1901 1876 1963 Β
1903 1920 2114 1982 derate,
2134 1931 2336 1990 quaeso,
2362 1914 2633 1987 quomodo
2654 1913 2998 1970 conversatio
3022 1918 3209 1967 sancta
3236 1907 3497 1980 praedica-

204 2018 381 2076 neque
430 2005 485 2060 iu
529 2004 751 2062 auribus
792 2007 1052 2074 exterius,
1104 2006 1199 2063 sed
1244 2007 1389 2062 intus
1436 2007 1490 2061 in
1521 2006 1796 2064 intellectu

208 2097 425 2153 mentis.
454 2097 525 2152 At
547 2096 637 2153 ille
657 2098 814 2166 dixit,
844 2098 1005 2155 Nolo.
1035 2099 1316 2169 Quomodo
1338 2100 1495 2163 dixit,
1510 2099 1668 2167 Nolo,
1690 2101 1797 2158 nisi

206 2192 261 2246 in
295 2191 540 2264 cogitatu
562 2201 617 2248 et
643 2193 956 2249 voluntate?
991 2193 1255 2263 Quoniam
1293 2210 1325 2250 a
1357 2202 1554 2251 natura
1596 2204 1679 2252 est
1701 2196 1801 2252 ho-

206 2281 339 2337 mini
379 2297 710 2355 cognoscere
750 2284 880 2355 quid
922 2284 994 2341 sit
1042 2286 1186 2343 inter
1240 2287 1444 2343 bonum
1483 2295 1539 2343 et
1572 2287 1796 2343 malum.

207 2374 365 2442 Quod
394 2375 599 2431 bonum
640 2390 765 2431 cum
806 2374 1062 2447 relinquit
1102 2377 1288 2444 homo,
1317 2385 1373 2435 et
1413 2378 1661 2449 sequitur
1685 2392 1801 2433 ma-

206 2465 339 2529 lum,
365 2465 423 2520 in
456 2476 638 2522 mente
666 2473 722 2521 et
742 2466 1065 2538 cogitatione
1094 2475 1258 2540 atque
1286 2468 1483 2525 studiis
1508 2468 1641 2535 suis,
1673 2484 1802 2524 con-

212 2566 293 2613 tra
308 2558 504 2625 Deum,
538 2559 631 2631 qui
656 2559 960 2615 naturalem
987 2560 1160 2633 legem
1188 2562 1444 2628 instituit,
1474 2562 1804 2633 respondere

208 2649 425 2706 videtur
464 2650 673 2707 :Nolo.
724 2650 880 2708 Sicut
926 2652 980 2708 in
1016 2653 1246 2724 psalmo,
1286 2652 1434 2707 Dixit
1476 2654 1708 2724 injustas
1746 2663 1804 2709 ut

211 2742 481 2815 delinquat
503 2745 561 2799 in
588 2745 863 2815 semetipso
897 2742 1070 2817 (Psal.
1100 2761 1273 2812 xxxv,
1305 2746 1383 2815 2).
1419 2742 1570 2801 Unde
1615 2753 1805 2815 gentes

214 2851 244 2891 a
270 2836 541 2907 principio
576 2836 943 2907 relinquentes
986 2836 1179 2904 Deum,
1217 2845 1274 2893 et
1314 2837 1497 2893 omnia
1539 2838 1803 2893 virtutum

213 2943 405 3000 opera,
428 2927 723 2984 noluerunt
742 2928 994 2986 excolere
1024 2929 1185 2986 (idem
1220 2929 1446 2998 Christi,
1471 2945 1648 3003 neque
1684 2945 1806 3002 quae

215 3021 278 3075 ad
294 3018 564 3075 culturam
586 3021 862 3091 pertinent
875 3021 1137 3076 virtutum
1158 3029 1213 3077 et
1229 3021 1459 3077 salutem
1478 3021 1802 3077 animarum.

215 3112 771 3184 Tuncpaterl'amilias
788 3114 978 3171 videns
995 3114 1250 3170 abolitam
1266 3115 1321 3170 in
1342 3115 1595 3171 cordibus
1614 3129 1806 3170 eorum

215 3202 384 3275 legem
431 3212 662 3271 naturae,
709 3204 849 3261 dixit
892 3206 1091 3261 minori
1131 3205 1244 3263 lilio
1272 3206 1543 3274 similiter,
1590 3208 1807 3278 quando

214 3272 687 3352 circumcisionem
722 3297 772 3353 ei
792 3297 977 3372 dedit,
1005 3306 1061 3354 et
1088 3298 1264 3371 legem
1302 3313 1401 3371 per
1423 3272 1665 3372 Moysen.
1701 3300 1807 3368 Qui
1834 3272 1880 3337 Ο

211 3386 467 3443 dixerunt
510 3387 698 3461 Moyse
751 3390 1122 3463 interrogante
1159 3400 1216 3447 et
1253 3388 1382 3447 Jesu
1417 3390 1581 3457 Nave,
1614 3391 1807 3448 Omnia

211 3495 533 3552 quacunque
566 3484 812 3554 pracepit
846 3485 993 3540 nobis
1022 3484 1281 3541 Dominus
1300 3526 1315 3551 ,
1344 3484 1601 3555 faciemus
1629 3486 1803 3558 (Psal.

216 3570 478 3644 xvuJﬁ).
492 3574 598 3631 Sed
612 3584 804 3647 postea
823 3578 1001 3633 aversi
1019 3578 1230 3634 mentiti
1251 3580 1529 3635 suntsicut
1544 3580 1675 3636 dicit
1689 3595 1811 3650 pro‘
1856 3599 1863 3605 ι

220 3662 386 3731 pheta
398 3679 462 3719 ex
476 3680 705 3736 persona
723 3668 955 3735 Domini,
975 3667 1104 3725 Filii
1117 3670 1277 3726 alieni
1294 3673 1496 3727 mentiti
1508 3681 1629 3727 sunt
1644 3672 1774 3727 mihi
1787 3685 1808 3724 :

216 3752 358 3809 Filii
379 3756 535 3813 alieni
554 3760 831 3816 inveterati
852 3771 997 3829 sunt,
1022 3772 1071 3818 et
1106 3762 1533 3839 claudicaverunt
1554 3783 1587 3820 a
1612 3765 1809 3821 semitis

214 3846 347 3901 suis.
363 3848 527 3920 εει
545 3848 616 3905 Et
638 3850 975 3925 interrogavit
987 3870 1075 3910 eos
1094 3856 1212 3926 quis
1233 3871 1414 3911 eorum
1435 3854 1557 3925 fecit
1572 3854 1812 3911 volunta-

217 3948 319 3994 tem
330 3943 498 4011 patris
509 3958 531 3997 :
546 3952 600 3997 at
616 3943 698 3997 illi
720 3944 1363 4016 responderunt,Primus.
1382 3946 1522 4004 Ecce
1537 3945 1809 4018 quomodo

218 4032 518 4091 introducti
543 4044 688 4103 sunt,
712 4045 775 4093 ut
803 4053 966 4110 supra
983 4037 1097 4108 jam
1120 4039 1393 4107 “diximus,
1420 4039 1735 4111 parabolice
1755 4048 1812 4095 et

217 4128 463 4195 attracti,
494 4138 557 4183 ut
579 4129 844 4188 adversus
864 4145 924 4188 se
949 4130 1191 4203 (veritati
1221 4132 1646 4204 consentientes)
1679 4147 1810 4189 sen-

219 4222 453 4278 tentiam
475 4223 804 4294 protulerint
851 4225 1116 4293 dicentes,
1143 4227 1384 4299 priorem
1417 4226 1591 4283 lilium
1620 4226 1817 4284 fecisse

214 4312 561 4370 voluntatem
584 4315 777 4386 patris,
808 4326 865 4374 et
897 4333 1006 4375 non
1052 4334 1176 4374 eum
1216 4319 1311 4390 qui
1339 4319 1396 4375 in
1424 4318 1527 4374 alia
1558 4318 1816 4390 parabola

217 4401 355 4459 dicit
381 4406 549 4475 patri,
571 4406 689 4479 Ego
711 4408 1024 4465 mandatum
1050 4418 1200 4465 tuum
1224 4425 1500 4482 nunquam
1521 4410 1813 4482 praeterivi.

217 4495 469 4565 Quorum
509 4496 797 4567 judicium,
829 4500 956 4571 quia
994 4500 1099 4571 ipsi
1130 4515 1189 4557 se
1227 4499 1621 4572 obligaverant,
1648 4501 1820 4556 abun-

219 4589 422 4646 danter
451 4592 995 4661 conﬁrmat,dicens:
1024 4594 1189 4649 Amen
1215 4594 1334 4650 dico
1362 4594 1528 4661 vobis,
1554 4594 1694 4667 quod
1721 4611 1819 4664 pu-

220 4684 423 4740 blicani
452 4694 501 4740 et
515 4688 810 4743 meretrices
834 4689 1129 4759 praecedant
1149 4705 1240 4744 vos
1266 4688 1323 4744 in
1350 4704 1567 4761 regnum
1591 4687 1711 4743 Dei.
1738 4686 1819 4744 Ac

218 4775 269 4831 si
304 4777 519 4833 diceret
549 4796 564 4833 :
598 4776 715 4835 Non
745 4778 917 4836 solum
944 4779 1173 4851 populus
1215 4780 1459 4852 gentium
1503 4778 1696 4836 melior
1736 4788 1823 4836 est

218 4867 381 4923 vobis
429 4866 651 4937 Judais,
675 4870 817 4927 sicut
841 4869 1150 4941 iudicastis,
1189 4887 1380 4927 verum
1409 4871 1576 4927 etiam
1620 4879 1678 4926 et
1716 4872 1820 4942 ipsi

220 4961 505 5032 publicani
529 4970 587 5019 et
615 4964 956 5033 meretrices,
988 4965 1080 5036 qui
1116 4975 1244 5021 sunt
1268 4966 1412 5021 inter
1436 4980 1554 5031 vos,
1587 4948 1818 5034 quorum

219 5054 522 5126 pessimam
566 5071 675 5112 non
722 5055 987 5128 ignoratis
1028 5057 1221 5113 vitam.
1265 5055 1325 5112 In
1367 5055 1563 5127 quibus
1611 5056 1820 5112 duabus

218 5145 484 5219 personis
510 5148 755 5204 omnium
779 5155 1130 5221 peccatorum
1159 5134 1360 5220 genera
1387 5144 1818 5219 comprehendit.

221 5237 285 5294 In
314 5236 624 5310 publicanis
651 5238 859 5295 scilicet
885 5239 1129 5295 omnium
1162 5238 1421 5304 virorum,
1450 5237 1541 5309 qui
1566 5252 1665 5309 per
1692 5251 1821 5292 ava—

220 5330 416 5386 ritiam
441 5338 500 5386 et
522 5329 675 5387 lucra
702 5331 918 5388 diversa
946 5345 1176 5404 peccare
1200 5331 1535 5404 probantur;
1582 5345 1681 5401 per
1707 5345 1822 5387 me-

225 5421 467 5477 retrices
488 5416 646 5487 vero,
674 5423 917 5478 omnium
954 5422 1243 5479 mulierum
1283 5424 1646 5501 peccantium.
1680 5422 1827 5491 Quo-

224 5512 381 5567 niam
407 5513 553 5569 sicut
574 5508 786 5571 in'viris
805 5514 1035 5571 avaritia
1064 5516 1302 5572 maxime
1331 5517 1568 5572 abundat
1598 5523 1653 5572 et
1673 5515 1825 5571 lucra

223 5604 641 5677 pecnniarum;‘
672 5606 750 5663 ita
788 5607 844 5662 in
883 5607 1202 5665 mulieribus
1257 5606 1562 5664 fornicatio.
1614 5607 1828 5664 interea

226 5697 463 5769 exponit
481 5713 703 5754 causam
735 5698 995 5756 continuo
1035 5708 1259 5771 propter
1285 5715 1448 5771 quam
1478 5699 1751 5772 publicani
1775 5709 1832 5756 et

228 5789 558 5847 meretrices
617 5790 930 5863 praecedant
986 5807 1101 5849 eos.
1170 5790 1317 5848 Venit
1362 5792 1431 5846 ad
1476 5810 1583 5859 vos,
1633 5793 1826 5864 inquit,

228 5881 475 5945 lum
503 5886 561 5943 in
589 5887 672 5944 nia
702 5888 951 5961 justitiw,
992 5897 1039 5948 et
1084 5905 1188 5945 non
1218 5887 1515 5945 credidistis
1540 5889 1587 5944 ei
1614 5906 1632 5953 ;
1657 5886 1830 5947 nubli—

1904 2010 2040 2066 toris
2062 2006 2436 2081 pmdicationi
2479 2020 2591 2061 suae
2620 2010 2828 2075 tantam
2872 2008 3097 2073 praestat
3123 1999 3405 2063 virtutem,
3437 2004 3497 2051 ut

1904 2102 2194 2175 aliquando
2223 2101 2388 2157 etiam
2419 2096 2764 2155 indomabilia
2799 2095 2903 2151 sibi
2940 2094 3158 2150 edomet
3195 2090 3380 2147 mrda.
3430 2086 3499 2144 Et

1905 2196 2224 2262 notandum,
2281 2194 2409 2265 quia
2463 2190 2794 2249 concludens
2849 2186 3114 2245 Dominus
3180 2181 3497 2257 parabolam

1905 2304 2084 2355 suam,
2106 2300 2445 2356 consequens
2470 2292 2589 2340 erat
2612 2290 2674 2338 ut
2701 2282 2928 2348 diceret,
2961 2279 3129 2336 Amen
3168 2277 3287 2332 dico
3330 2273 3497 2338 vobis.

1904 2381 2030 2454 quia
2082 2388 2256 2452 gentes
2285 2375 2580 2448 praecedent
2601 2391 2688 2429 vos
2724 2375 2779 2428 in
2812 2387 3029 2443 regnum
3055 2369 3175 2424 Dei.
3199 2366 3355 2423 Nunc
3399 2380 3498 2420 au-

1909 2485 2019 2531 tem
2060 2473 2212 2538 dicit,
2259 2471 2386 2541 quia
2433 2467 2707 2540 publicani
2742 2475 2799 2523 et
2837 2463 3156 2521 meretrices
3184 2458 3502 2532 praecedant

1906 2582 2021 2621 vos.
2054 2564 2159 2621 Ubi
2204 2561 2345 2619 forte
2388 2559 2536 2632 vulgi
2584 2557 2769 2630 populi
2823 2555 3065 2612 ostendit
3108 2552 3496 2610 conditionem.

1904 2657 2073 2730 882
2100 2654 2187 2712 vel
2218 2642 2565 2727 peccatorum
2604 2651 2777 2721 magis
2803 2663 2965 2721 quam
3007 2645 3248 2717 gentium
3274 2650 3496 2698 statum.

1907 2747 1979 2803 Ut
2006 2748 2247 2813 videant,
2280 2744 2427 2816 quod
2463 2744 2628 2799 etiam
2658 2741 2853 2813 vulgus
2878 2737 3131 2810 populus,
3172 2742 3229 2791 et
3267 2731 3500 2797 laicalis,

1902 2831 1974 2895 ‘eo
2004 2838 2061 2894 in
2095 2846 2362 2907 tempore,
2400 2834 2594 2907 melior
2618 2842 2763 2888 esset
2787 2830 2914 2895 illis,
2949 2828 3056 2884 nisi
3088 2834 3145 2882 et
3164 2824 3288 2895 ipsi,
3311 2821 3404 2893 qui
3433 2819 3503 2875 de

1910 2928 2160 3001 gentibus
2200 2931 2487 2989 venerunt,
2522 2920 2796 2993 publicani
2821 2926 2879 2976 et
2918 2915 3234 2974 meretrices
3271 2913 3395 2984 jure
3421 2910 3506 2965 iu-

1911 3022 2243 3094 telligantur,
2273 3026 2329 3073 et
2355 3017 2404 3072 si
2447 3017 2551 3072 ista
2579 3015 2762 3070 minus
2792 3013 2988 3068 idonea
3014 3010 3232 3065 videtur
3259 3002 3502 3094 traditio,

1910 3091 2108 3170 sullicit
2145 3110 2291 3183 quod
2331 3124 2493 3180 supra
2554 3104 2811 3170 diximus,
2860 3101 3008 3174 quod
3062 3091 3504 3169 exaggerationis

1913 3222 2078 3264 causa
2103 3204 2423 3277 publicanos
2450 3210 2506 3259 et
2551 3199 2867 3256 meretrices
2895 3194 3201 3252 introduxit
3226 3206 3322 3248 eos
3365 3203 3506 3261 pra:-

1908 3298 2107 3356 ‘cedere
2128 3297 2185 3352 in
2229 3310 2457 3367 regnum
2484 3292 2601 3347 Dei.
2638 3291 2708 3346 Et
2742 3290 2812 3345 ad
2838 3302 2967 3345 eum
2995 3294 3181 3342 autem
3212 3283 3382 3339 tilium
3409 3279 3506 3352 qui

1912 3392 2072 3456 dixit,
2113 3389 2282 3453 Vado,
2308 3386 2557 3450 Domine,
2586 3392 2643 3440 et
2668 3398 2777 3439 non
2802 3380 2959 3447 abiit,
2986 3376 3305 3451 hocinl'ert,
3350 3372 3500 3428 Venit

1911 3482 1981 3538 ad
2011 3498 2101 3537 vos
2128 3480 2362 3536 Joannes
2400 3478 2457 3531 in
2496 3476 2579 3532 via
2597 3474 2844 3547 justitiaa,
2867 3481 2917 3527 et
2960 3486 3068 3525 non
3103 3467 3399 3524 credidistis
3431 3465 3500 3520 ei.

1911 3575 2111 3629 lterum
2137 3579 2320 3627 autem
2348 3569 2418 3624 ad
2446 3569 2705 3639 primum,
2738 3564 2865 3636 quia
2890 3562 3182 3635 publicani
3225 3568 3282 3618 et
3327 3571 3501 3615 mere-

1915 3666 2079 3721 trices
2116 3661 2466 3719 crediderunt
2489 3659 2561 3724 ei,
2587 3666 2644 3713 et
2686 3657 2809 3713 ideo
2851 3655 3228 3726 paenitentiam
3252 3659 3501 3725 egerunt.

1913 3757 2067 3813 Hanc
2121 3756 2306 3826 itaque
2358 3750 2676 3825 parabolam
2721 3747 2966 3804 Hilarius
3018 3746 3209 3803 doctor
3252 3740 3505 3813 egregius

1912 3851 2071 3922 longe
2117 3849 2277 3905 aliter
2303 3845 2575 3919 exposuit,
2603 3842 2745 3901 forte
2775 3841 3013 3899 falsitate
3039 3839 3289 3897 codicum
3323 3836 3501 3892 intro-

1915 3945 2131 4000 ductus.
2158 3940 2296 4010 Quia
2334 3940 2390 3995 iu
2422 3935 2697 3994 nonnullis
2735 3933 3039 4000 codicibus,
3076 3930 3296 4003 quando
3338 3928 3506 3982 inter-

1908 4020 2130 4107 rogavit
2153 4033 2278 4105 quis
2303 4047 2372 4088 ex
2394 4029 2607 4086 duobus
2646 4027 2774 4084 ﬁliis
2812 4026 3006 4083 fecerit
3031 4022 3367 4079 voluntatem
3385 4031 3507 4090 \pa-

1918 4130 2041 4195 tris,
2064 4126 2187 4184 illos
2213 4124 2561 4195 respondisse
2582 4137 2691 4179 non
2716 4121 2978 4194 primum,
3007 4117 3104 4174 sed
3127 4114 3505 4175 novissimum,

1918 4220 2211 4278 invenitur.
2244 4215 2537 4274 Sciendum
2564 4223 2772 4281 tamen,
2798 4211 2948 4285 quod
2974 4210 3030 4266 in
3056 4207 3302 4280 pluribus
3332 4212 3389 4260 et
3412 4217 3505 4258 ve-

1917 4314 2157 4372 rioribus
2198 4308 2600 4382 exemplaribus
2645 4304 3161 4364 non'novissimum
3200 4300 3384 4365 habet,
3412 4295 3511 4353 sed

1918 4409 2177 4479 primum.
2214 4404 2436 4462 Necnon
2472 4413 2529 4460 et
2566 4403 2621 4458 in
2671 4400 2881 4467 Graeco,
2921 4414 3031 4455 non
3061 4395 3328 4480 ἔσχατος,
3364 4389 3511 4466 quod

1920 4509 2007 4558 cst
2025 4499 2375 4566 novissimus,
2401 4496 2498 4555 sed
2528 4503 2756 4564 πρῶτος.
2787 4492 2933 4565 Quod
2953 4500 3038 4548 est
3068 4489 3299 4561 primus,
3325 4485 3511 4542 habet.

1925 4595 2124 4667 Sicque
2164 4595 2321 4665 juxta
2369 4589 2816 4660 consequentiam
2855 4582 3130 4658 parabola:
3183 4589 3240 4638 et
3284 4579 3517 4637 circum-

1926 4681 2179 4746 stantiam
2223 4682 2492 4747 lectionis,
2521 4679 2717 4736 melius
2745 4672 2865 4734 esse
2888 4681 3023 4747 puto
3056 4692 3070 4728 :
3100 4683 3161 4727 ut
3200 4671 3324 4743 quia
3354 4684 3519 4739 supra

1930 4777 2067 4834 aridi
2097 4784 2223 4833 sunt
2243 4771 2643 4845 praemonstrati
2668 4771 2723 4825 in
2756 4768 2888 4833 ﬁcu,
2914 4766 3136 4838 dignum
3183 4769 3299 4817 erat
3324 4768 3386 4815 ut
3414 4758 3517 4830 ipsi

1910 4857 2148 4944 proprio
2189 4883 2287 4924 suo
2313 4881 2373 4922 se
2392 4864 2602 4936 judicio
2650 4860 3101 4922 condemnarent,
3148 4855 3379 4944 sicutget
3430 4864 3519 4944 se-

1927 4941 2116 5036 quenti
2139 4957 2397 5032 parabola
2423 4957 2556 5013 satis
2577 4961 2762 5027 aperte
2794 4950 3020 5007 faciunt.
3047 4945 3187 5001 Nam
3214 4942 3319 5036 etsi
3342 4941 3523 4998 novis-

1928 5034 2125 5112 simum
2148 5049 2381 5108 voluerit
2409 5048 2531 5119 quis
2556 5047 2759 5117 legere,
2790 5038 3081 5098 manifesta
3120 5037 3228 5093 erit
3249 5034 3521 5105 interpre-

1931 5145 2085 5211 tatio,
2108 5151 2169 5198 ut
2200 5139 2566 5212 intelligamus
2594 5134 2808 5192 Judreos
2846 5124 3406 5185 veritatem‘noluisse
3437 5122 3521 5179 di—

1929 5224 2076 5307 cere,
2106 5238 2201 5295 scd
2227 5233 2610 5308 tergiversari;
2643 5237 2699 5286 et
2736 5226 2977 5284 noluisse
3006 5219 3339 5294 respondere
3358 5218 3426 5308 de
3460 5232 3523 5274 se

1929 5333 2073 5407 quod
2095 5330 2421 5392 sentiebant,
2451 5326 2593 5382 sicut
2629 5318 2691 5377 et
2726 5319 2795 5375 de
2819 5316 3091 5389 baptismo
3123 5310 3368 5407 Joannis,
3393 5307 3526 5407 licet

1930 5399 2197 5484 sentirent
2241 5438 2364 5478 eum
2395 5434 2515 5476 esse
2555 5417 2622 5473 de
2661 5412 2817 5478 coelo,
2861 5410 3044 5466 dicere
3081 5405 3394 5463 noluerunt.
3420 5399 3525 5457 Se~

1930 5520 2117 5592 quitur
2138 5536 2152 5574 :
2704 5504 2707 5513 “
2882 5516 2887 5522 ’
3140 5569 3144 5574 .

2004 5611 2179 5665 Aliam
2204 5621 2512 5681 paraootam
2533 5601 2751 5658 audite:
2780 5596 2954 5654 Homo
2970 5591 3088 5650 erat
3109 5587 3519 5681 paterfamilias,

1924 5703 2023 5775 qui
2064 5676 2321 5773 plantavit
2362 5696 2585 5759 vineam,
2635 5688 2759 5748 etc.
2799 5682 3105 5743 Prolixitas‘
3135 5676 3521 5775 quidemdibri

1934 5770 2192 5867 poscebat
2206 5791 2318 5860 jam
2346 5782 2507 5844 linem
2533 5801 2548 5841 :
2576 5785 2671 5842 sed
2694 5785 2794 5841 has
2815 5783 2950 5839 duas
2974 5778 3213 5835 dividere
3234 5770 3521 5867 parabolas

1922 5863 2077 5953 ratio
2104 5900 2211 5940 non
2242 5881 2394 5943 sinit,
2424 5895 2546 5942 aute
2573 5877 2734 5936 simul
2768 5869 3107 5937 principibus
3134 5878 3190 5926 et
3218 5864 3427 5931 Scribis
3463 5863 3522 5918 in
