4008 6354
573 365 688 421 ιἸΞὸ

1376 365 1433 417 S.
1473 363 1829 419 PASCHASII
1871 363 2225 442 hADBERTl
2266 362 2558 418 ABBATIS
2596 363 3047 420 CORBEIENSIS
3687 381 3768 437 ut

583 479 987 548 responsionem
1012 487 1139 532 sunt
1161 479 1402 549 prolatae.
1435 477 1640 545 Quibus
1665 479 1937 534 duabusin
1969 477 2166 548 templo
2195 483 2243 541 A
2273 479 2578 544 dissimilia,
2619 490 2676 534 ιιι
2707 497 2772 534 ex
2818 481 3167 536 dissimilibus
3207 482 3462 541 discamus
3505 471 3768 553 differentias

579 571 875 642 parabolis,
899 571 978 625 sic
1015 570 1266 625 duritiam
1292 570 1473 625 cordis
1498 585 1686 625 eorum
1713 571 1850 625 miro
1878 572 2036 625 modo
2062 570 2166 625 for-

583 667 708 720 titer
737 665 988 736 percutit,
1015 680 1079 718 ac
1125 664 1169 719 si
1203 665 1412 719 duobus
1441 665 1649 720 malleis
1694 681 1847 720 mens
1890 653 2164 720 feriretur.

569 760 920 836 Quapropter
965 758 1220 813 duritiam
1251 759 1433 814 cordis
1472 775 1684 826 eorum,
1721 747 1797 813 ἰιι
1843 762 2168 832 proficerent

579 849 788 906 mollire
830 849 1222 920 nequiverunt;
1262 859 1441 926 tamen
1469 852 1546 906 sic
1574 852 1989 907 illll'OtillCllllllll‘
2015 853 2165 906 duri-

575 943 772 997 cordes
807 943 860 996 in
904 950 1134 1012 utraque
1167 943 1452 1012 parabola,
1479 953 1534 996 ut
1569 944 1666 1013 ipsi
1699 961 1755 998 se
1791 961 1888 1000 suo
1915 945 2168 1000 condem-

577 1044 704 1088 nent
726 1033 952 1105 judicio.
983 1034 1060 1088 Ac
1094 1049 1190 1104 per
1218 1036 1319 1089 hoc
1349 1035 1474 1089 licet
1501 1036 1746 1091 diversas
1772 1038 2006 1091 habeant
2037 1039 2168 1107 ligu-

576 1141 685 1191 ras,
720 1142 823 1179 una
859 1134 1039 1181 tamen
1071 1134 1155 1180 est
1185 1126 1413 1181 intentio
1438 1127 1851 1182 introducentis.
1886 1127 2038 1182 Unde
2064 1127 2166 1181 etsi

566 1201 680 1273 alia
711 1218 911 1273 dicitur
954 1219 1234 1289 parabola,
1278 1235 1382 1274 una
1428 1228 1510 1274 est
1551 1236 1743 1275 manus
1795 1219 2072 1284 ferientis,
2111 1230 2168 1274 ut

577 1313 684 1366 sint
709 1311 1126 1367 inexcusabiles.
1157 1311 1280 1367 Vult
1319 1314 1464 1366 enim
1496 1312 1954 1367 clementissimus
1987 1312 2166 1366 Domi-

575 1421 696 1472 nus,
723 1417 780 1460 ut
807 1406 1100 1476 aliquando
1127 1407 1395 1463 sentirent
1442 1407 1682 1462 dolorem
1727 1407 2008 1462 vulnerum
2037 1423 2163 1462 suo-

579 1514 720 1559 rum,
752 1507 806 1552 et
833 1498 999 1570 883
1028 1500 1149 1552 ideo
1176 1499 1328 1569 quasi
1364 1501 1484 1569 pius
1521 1499 1764 1554 medicus
1807 1515 1996 1554 rursus
2023 1499 2165 1552 aliud

574 1588 621 1640 ci
656 1590 876 1660 apponit
902 1590 1094 1644 vulnus
1117 1606 1322 1660 aspera!
1349 1591 1697 1645 concisionis.
1725 1591 1992 1661 Expendit
2019 1591 2163 1644 enim

575 1682 727 1750 quasi
765 1698 980 1736 onmem
1004 1685 1140 1738 artis
1169 1699 1279 1738 suae
1310 1683 1558 1754 peritia-ni
1611 1683 1861 1737 Salvator
1889 1684 1940 1736 in
1971 1683 2066 1745 cis,
2099 1699 2165 1738 ne

575 1773 824 1826 videatur
853 1773 1031 1842 culpa,
1067 1775 1158 1828 sed
1199 1783 1256 1827 ut
1279 1775 1600 1829 ostendatur
1630 1773 1684 1829 in
1728 1775 1806 1828 cis
1831 1773 1997 1828 fuisse
2023 1789 2164 1828 mor-

2273 571 2636 627 dissimilium.
2669 569 2859 628 Simile
2883 583 2966 628 est
2990 590 3118 645 ergo
3154 577 3298 645 quod
3317 579 3405 644 ait,
3433 582 3542 648 quia
3567 583 3771 651 plantavit

2274 663 2505 728 vincam,
2539 674 2593 718 et
2625 679 2751 734 sepe
2803 664 3162 720 circumdedit
3213 683 3348 730 eam,
3377 684 3462 721 seu
3497 676 3708 738 maceria,
3732 688 3773 733 et

2274 760 2396 813 fodit
2443 761 2495 814 in
2541 777 2602 813 ea
2638 761 2894 824 torcular,
2930 769 2983 813 ct
3029 760 3313 815 aedificavit
3342 765 3534 817 turrim.
3560 768 3774 827 Dissimile

2271 867 2420 914 vero,
2455 852 2597 920 quod
2631 851 2682 904 in
2711 852 2848 905 Isaia
2884 851 3054 920 ipsam
3093 852 3304 906 vineam
3337 865 3536 908 accusat
3561 856 3775 925 plantator

2272 944 2440 997 viuere
2465 961 2589 998 cum
2632 945 2706 998 ait
2736 963 2747 996 :
2784 943 3106 1014 Exspeetavi
3140 954 3196 997 ut
3226 944 3418 999 faceret
3444 961 3578 1009 uvas,
3605 959 3650 1002 et
3683 951 3775 1006 fecit

2271 1035 2474 1103 spinas.
2523 1033 2691 1088 Porro
2753 1035 2804 1087 in
2858 1033 3152 1104 Evangelio
3199 1050 3302 1088 non
3349 1035 3492 1088 vinea
3531 1049 3774 1103 accusatur,

2273 1128 2425 1195 quasi
2451 1143 2570 1197 quae
2597 1143 2702 1181 non
2741 1126 2935 1180 fecerit
2971 1126 3206 1181 fructmn
3246 1127 3296 1180 in
3347 1136 3566 1196 tempore
3589 1133 3777 1194 δυο,εεύ

2270 1220 2468 1283 coloni,
2504 1219 2594 1288 qui
2623 1229 2998 1290 susceperunt,
3033 1228 3088 1273 et
3115 1218 3505 1289 patrisfamilias
3543 1235 3696 1297 servos
3718 1224 3775 1276 di-
3807 1289 3816 1297 κ

2272 1311 2442 1364 versis
2493 1309 2836 1364 contumeliis
2877 1309 3196 1373 affecerunt,
3245 1310 3522 1364 novissime
3567 1296 3614 1363 et
3653 1311 3777 1380 ipsius

2270 1404 2677 1476 patrisfamilias
2712 1404 2878 1456 filium
2917 1403 3252 1458 occiderunt.
3282 1404 3348 1456 At
3385 1419 3503 1456 vero
3549 1420 3704 1457 rursus
3742 1422 3778 1458 tn

2270 1497 2402 1551 lsaia
2439 1496 2535 1566 ipsi
2555 1495 2724 1549 vinea:
2755 1495 3136 1557 comminatur,
3157 1494 3371 1549 dicens:
3405 1494 3629 1560 Aufer-am
3653 1512 3779 1564 sepem

2269 1590 2406 1659 ejus,
2430 1597 2476 1642 et
2502 1588 2598 1641 erit
2627 1589 2678 1640 in
2713 1588 2974 1657 rapinam,
3003 1597 3050 1639 et
3083 1587 3351 1639 destruant
3392 1587 3644 1638 maceriam
3680 1585 3779 1653 ejus,
3809 1655 3817 1668 Δ

2269 1689 2315 1732 et
2340 1680 2435 1732 erit
2467 1679 2521 1731 in
2549 1677 2996 1730 conculcationem
3031 1675 3166 1746 (Isa.
3192 1692 3246 1740 v,
3283 1676 3360 1746 5),
3384 1685 3482 1729 etc.
3512 1674 3604 1729 Sed
3641 1684 3686 1729 et
3713 1691 3782 1727 nu-
3810 1671 3822 1688 ⁴

2271 1772 2428 1826 bibus
2473 1786 2528 1825 se
2560 1769 2828 1839 promittit
2888 1769 3289 1832 mandaturum,
3325 1783 3388 1821 ne
3434 1782 3582 1836 super
3623 1767 3781 1819 vineam

556 1861 674 1930 ,bus
721 1862 1044 1918 insanabilis
1077 1883 1088 1916 ε
1123 1865 1248 1933 quia
1297 1874 1424 1920 tunc
1455 1864 1743 1919 laudabilis
1781 1875 1864 1920 est
1905 1865 2165 1930 medicus,
2200 1873 2244 1933 Β
2274 1864 2417 1946 illam
2450 1863 2638 1932 pluant
2683 1861 2932 1924 imbrem,
2961 1876 3080 1930 quae
3120 1859 3221 1913 fuit
3257 1861 3409 1930 juxta
3437 1859 3655 1912 eamdem
3695 1871 3782 1926 pro-

572 1953 671 2006 etsi
724 1969 829 2007 non
874 1962 1032 2008 curat
1072 1953 1365 2019 interdum,
1420 1970 1545 2009 cum
1593 1955 1894 2024 expleverit
1949 1971 2164 2010 omnem

572 2044 825 2114 peritiam
853 2045 989 2099 artis
1011 2062 1120 2099 sua:
1142 2055 1196 2099 et
1222 2046 1554 2115 diligentiam
1583 2046 1890 2102 adhibuerit
1917 2046 2160 2098 curandi.

578 2134 750 2188 Homo
776 2146 913 2200 erat,
943 2136 1142 2205 inquit,
1181 2137 1586 2207 paterfamilias.
1618 2138 1863 2192 Hominis
1897 2138 2162 2208 siquidem

573 2227 812 2293 nomine,
850 2233 906 2281 ut
933 2228 985 2282 in
1017 2219 1287 2298 parabolis
1319 2228 1454 2284 solet
1487 2227 1624 2295 fieri,
1672 2227 1812 2283 Deus
1844 2239 1998 2302 pater
2022 2229 2165 2283 acci-

561 2315 737 2386 pitur,
771 2327 954 2372 etnon
999 2309 1211 2372 natura.
1249 2317 1358 2373 Etsi
1389 2319 1570 2389 aliqua
1609 2319 1661 2372 in
1708 2313 2064 2374 Similitmline
2094 2321 2163 2375 ob

572 2413 814 2459 nostram
852 2408 1203 2479 exiguitatem
1240 2409 1381 2464 Deus
1410 2418 1564 2480 pater
1592 2409 1764 2464 homo‘
1803 2411 2022 2476 dicitur,
2057 2427 2160 2465 non

569 2497 622 2550 in
651 2497 878 2552 veritate
903 2497 1296 2570 accipiendum,
1325 2510 1384 2554 ut
1411 2501 1613 2572 aliquid
1645 2502 1693 2556 ei
1733 2501 1892 2572 digne
1937 2519 2162 2574 compa-

568 2599 740 2653 retur,
773 2589 852 2642 vel
881 2590 995 2660 ipse
1024 2593 1218 2646 similis
1259 2593 1416 2648 alicui
1456 2608 1577 2649 esse
1627 2587 1857 2649 dicatur.
1899 2593 2005 2649 Sed
2040 2594 2160 2650 ideo

566 2682 729 2736 homo
754 2685 1169 2752 paterfamilias,
1215 2701 1338 2740 cum
1370 2685 1441 2741 sit
1477 2685 1762 2742 invisibilis
1810 2696 1863 2742 et
1913 2687 2160 2757 incorpo-

568 2787 717 2838 reus,
749 2773 980 2839 dicitur;
1022 2777 1148 2845 quia
1175 2776 1374 2831 coitum
1405 2784 1459 2830 et
1488 2787 1632 2831 terra
1680 2787 1735 2831 et
1779 2775 1960 2833 omnia
2008 2771 2155 2846 quae-

555 2881 780 2936 cunque
811 2876 934 2920 sunt
981 2877 1191 2933 creata,
1225 2861 1379 2937 quasi
1418 2885 1520 2923 una
1565 2878 1650 2925 est
1694 2869 1918 2935 domus;
1963 2867 2024 2924 in'
2053 2885 2158 2940 qua

567 2956 824 3010 nimirum
853 2958 1013 3013 domo
1037 2959 1350 3030 angelorum
1383 2971 1437 3014 et
1474 2960 1774 3026 hominmn,
1806 2960 1932 3030 quia
1964 2970 2154 3014 natura

566 3046 816 3100 dominus
837 3058 941 3114 est,
976 3049 1111 3118 regit
1142 3058 1196 3103 et
1214 3052 1482 3120 gubernat
1509 3063 1624 3112 cos,
1656 3065 1780 3104 cum
1808 3051 1957 3104 omni
1993 3050 2156 3105 bene—

567 3136 802 3192 volentia
844 3129 1014 3208 patris
1047 3139 1260 3194 affectu.
1285 3140 1386 3207 Qui
1429 3141 1549 3195 ideo
1599 3155 1658 3194 se
1709 3153 1914 3210 patrem
1968 3142 2157 3196 tnaluit

565 3229 696 3295 diei,
731 3240 788 3283 ut
833 3247 1024 3287 omnes
1073 3233 1378 3290 bonitatem
1423 3234 1541 3304 ejus
1588 3235 2001 3291 considerantes
2049 3253 2154 3291 non
2185 3245 2231 3312 C

563 3321 722 3376 inviti
754 3317 1090 3391 serviant'ei,
1125 3335 1182 3378 ut
1214 3318 1341 3380 mali
1386 3321 1552 3391 servi,
1578 3326 1670 3383 sed
1703 3327 1753 3380 in
1785 3327 2056 3383 voluntate
2087 3328 2153 3383 li-

561 3401 717 3483 bera,
777 3407 931 3488 quasi
999 3411 1127 3476 boni
1174 3419 1266 3474 filii
1314 3419 1694 3476 amantissimo
1740 3422 1995 3492 genitori.
2051 3421 2156 3488 Qui

558 3507 813 3577 plantavit
858 3509 1077 3564 vineam.
1134 3503 1398 3578 Quoniam
1440 3514 1667 3570 diversae
1717 3516 1988 3584 parabolae
2030 3527 2156 3571 sunt

558 3602 772 3657 vineam
806 3605 1166 3669 nominantes,
1195 3607 1303 3659 tam
1334 3599 1386 3659 in
1421 3599 1711 3679 Evangelio
1757 3624 1918 3678 quam
1949 3608 2002 3661 in
2030 3624 2155 3678 pro-

560 3695 760 3763 phetis.
809 3697 1158 3765 qmerendum
1202 3706 1382 3751 utrum
1430 3696 1725 3752 secundum
1777 3699 2017 3752 diversas
2068 3714 2155 3754 res

561 3785 716 3857 vinea
758 3786 1104 3854 intelligenda
1132 3786 1222 3852 sit,
1251 3804 1318 3840 an
1352 3789 1648 3842 secundum
1682 3805 1842 3843 unam
1878 3790 2152 3845 eamdem-

555 3893 666 3949 que
692 3895 850 3942 rem:
885 3879 1188 3948 praesertim
1245 3896 1367 3935 cum
1412 3881 1462 3935 in
1508 3882 1612 3936 ﬁne
1657 3882 1817 3950 hujus
1861 3881 2148 3953 parabohe,

555 3960 704 4041 dicat
729 3968 1064 4039 principibus
1111 3971 1453 4025 sacerdotum
1484 3983 1539 4025 ct
1570 3973 1812 4027 Scribis:
1847 3975 2007 4026 Amen
2037 3974 2153 4026 dico

562 4060 700 4112 vobis
747 4060 868 4124 quia
917 4060 1131 4113 tolletur
1185 4079 1215 4113 a
1271 4061 1412 4115 vobis
1454 4080 1667 4132 regnum
1703 4061 1822 4128 Dei,
1857 4075 1903 4117 ct
1941 4065 2153 4117 dabitur

559 4154 700 4223 genti
735 4153 946 4216 facienti
997 4155 1203 4224 fructus
1248 4171 1389 4209 suos.
1418 4155 1556 4221 Quid
1589 4166 1746 4226 putas
1796 4172 2021 4227 regnum
2059 4157 2152 4211 Dei

559 4242 795 4304 dicatur,
819 4245 962 4314 quod
1021 4245 1229 4299 tollitur
1276 4263 1304 4299 a
1349 4247 1600 4316 pessimis
1653 4247 1989 4312 doctoribus,
2048 4249 2151 4304 nisi

561 4332 675 4402 ipsa
701 4335 881 4400 vinea,
907 4352 1028 4411 qua:
1061 4336 1271 4390 locatur
1298 4336 1416 4391 aliis
1440 4339 1714 4409 agricolis,
1745 4341 1997 4410 pessimis
2023 4358 2148 4412 per-

560 4423 704 4476 ditis.
732 4423 1004 4480 FortasSis
1041 4444 1174 4497 ergo
1199 4426 1311 4498 ipsa
1349 4436 1432 4481 est
1480 4429 1637 4482 vinea
1680 4447 1798 4500 quze
1847 4431 2147 4498 colebatur,

557 4514 702 4582 quod
719 4522 773 4570 et
799 4530 1021 4585 regnum
1046 4505 1162 4580 Dei,
1182 4518 1322 4586 quod
1348 4517 1550 4572 tollitur
1570 4534 1599 4573 a
1622 4520 1894 4588 prioribus
1920 4522 2146 4586 colonis,

2274 1958 2511 2026 phctiam
2540 1956 2732 2010 domus
2763 1955 2946 2018 Israel,
2967 1954 3089 2024 quia
3115 1955 3321 2007 nullum
3339 1953 3558 2008 fructum
3580 1952 3783 2005 fecerunt.

2270 2052 2324 2104 In
2354 2052 2454 2104 hae
2487 2065 2614 2103 vero
2643 2047 2895 2116 parabola
2919 2047 3111 2111 vineae,
3145 2062 3250 2102 non
3296 2032 3492 2116 aliquid
3518 2043 3782 2098 viueam'iu‘

2272 2141 2518 2196 venimus
2545 2139 2862 2211 patientem,
2902 2133 3002 2193 sed"
3028 2138 3198 2208 magis
3248 2147 3600 2200 consecutam,
3627 2145 3673 2188 ut
3708 2135 3785 2186 fru-

2267 2243 2388 2287 ctus
2418 2231 2585 2300 possit
2609 2227 2753 2284 ferre
2780 2229 3096 2298 ampliores,
3125 2229 3216 2282 Dei
3267 2223 3651 2298 providentiam.
3677 2226 3788 2280 Diale

2268 2336 2317 2380 ct
2349 2323 2593 2380 aufertur
2623 2325 2690 2377 ab
2719 2323 2898 2392 impiis
2927 2321 3152 2382 colonis,
3185 2331 3242 2375 et
3274 2323 3427 2375 datur
3454 2319 3588 2392 genti
3609 2319 3784 2373 meliori.

2267 2418 2454 2474 Coloni
2510 2426 2690 2471 autem
2741 2416 2890 2486 pravi
2941 2424 2994 2470 ct
3047 2414 3269 2485 pessimi
3317 2429 3522 2468 omnem
3560 2411 3786 2492 excipiunt

2267 2511 2424 2572 iram,
2479 2517 2534 2562 et
2587 2508 2686 2576 ipsi
2741 2511 2930 2561 contra
2989 2523 3047 2561 se
3104 2507 3429 2561 sententiam
3479 2506 3786 2560 inferuutsuze

2267 2599 2658 2660 damnationis,
2713 2615 2832 2653 cum
2882 2599 3066 2653 dicunt
3109 2598 3448 2670 interrogati,
3488 2596 3641 2650 Malos
3689 2593 3787 2646 male

2263 2693 2479 2764 perdet.
2543 2701 2646 2748 et'c.
2708 2693 2782 2746 De
2843 2692 3034 2746 eadem
3095 2707 3337 2764 namque
3391 2677 3536 2746 vinea
3581 2687 3787 2746 Jeremias

2265 2789 2396 2843 dicit
2443 2787 2510 2842 ad
2566 2785 2842 2858 populum,
2888 2784 3002 2856 Ego
3047 2796 3095 2840 te
3139 2785 3377 2856 plantaui
3410 2787 3616 2847 vineam,
3642 2779 3786 2836 fructi-

2263 2880 2456 2944 feram,
2482 2879 2566 2935 vel
2589 2879 2827 2942 electam,
2850 2895 3001 2933 omne
3023 2895 3198 2932 semen
3226 2895 3426 2940 verum,
3451 2875 3679 2949 quomodo
3701 2888 3790 2926 con-

2263 2989 2411 3026 versa
2432 2989 2484 3026 es
2506 2973 2560 3024 in
2581 2971 2991 3024 (tntaritudinem
3006 2972 3122 3025 vitis
3139 2969 3332 3024 aliena:
3351 2972 3376 3024 ?
3390 2969 3518 3042 (Jer.
3545 2985 3601 3031 ιι,
3618 2965 3711 3032 25.)
3726 2961 3788 3016 l'i-

2262 3064 2400 3118 detis
2431 3065 2686 3134 quoniam
2716 3064 2769 3118 in
2810 3064 3091 3134 prophetis
3125 3065 3362 3135 populus
3400 3062 3635 3118 Judaieus
3674 3059 3789 3112 viaea

2263 3158 2582 3232 appellatur,
2624 3167 2680 3212 et
2711 3158 2764 3211 in
2811 3157 3018 3211 eisdem
3062 3159 3422 3213 comminatio
3454 3151 3789 3229 patrisfamilias

2263 3259 2453 3304 contra
2485 3250 2702 3305 vineam
2731 3251 2809 3304 fit.
2839 3249 2908 3303 At
2938 3264 3067 3305 vero
3105 3251 3158 3304 in
3208 3250 3502 3326 Evangelio
3547 3249 3681 3301 vinea
3708 3257 3790 3298 om-

2263 3344 2393 3398 nino
2421 3360 2526 3399 non
2559 3335 2829 3414 culpatur,
2863 3345 2958 3399 sed
2999 3345 3196 3400 coloni.
3232 3346 3304 3401 Et
3335 3347 3455 3401 ideo
3492 3344 3684 3416 quidam
3707 3338 3790 3393 esi-

2263 3437 2356 3490 ntii
2391 3437 2661 3500 doctores,
2692 3437 2908 3491 vineam
2937 3437 3040 3506 hoc
3072 3437 3190 3492 loco
3219 3454 3329 3492 non
3363 3439 3429 3492 ad
3460 3435 3704 3507 p0pulum,
3724 3429 3790 3485 sed

2262 3529 2329 3582 ad
2375 3527 2677 3582 doctrinam
2715 3526 2870 3597 legis,
2905 3526 2989 3582 vel
3048 3527 3112 3581 ad
3155 3528 3428 3598 justitiam
3463 3541 3574 3596 qum
3608 3539 3663 3579 ex
3707 3519 3791 3590 lege

2260 3631 2363 3686 est,
2417 3619 2842 3684 transtulerunt;
2890 3635 2956 3674 eo
2991 3621 3134 3688 quod
3183 3621 3372 3676 cultus
3423 3613 3478 3676 et
3516 3611 3792 3690 providentia

2261 3713 2354 3768 Dei
2384 3714 2434 3766 in
2465 3713 2668 3767 eisdem
2721 3711 3016 3781 Scripturis
3060 3714 3234 3767 sacris
3281 3714 3444 3768 insita
3490 3721 3584 3767 est.
3613 3708 3734 3764 Unde
3753 3710 3791 3757 et

2264 3806 2538 3870 Dominus,
2570 3804 2807 3859 Tolletur
2858 3823 2890 3859 a
2934 3804 3098 3869 vobis,
3147 3806 3355 3876 inquit,
3404 3821 3606 3877 regnum
3643 3799 3790 3861 Debet

2260 3899 2474 3951 dabitur
2525 3899 2665 3969 genti
2705 3899 2922 3975 facienti
2971 3899 3177 3967 fructus
3230 3900 3376 3969 ejus;
3423 3895 3680 3970 Manifesta
3722 3902 3791 3959 per

2261 3991 2577 4060 mysterium
2628 4007 2849 4061 regnum
2897 3992 2988 4045 Dei
3039 3991 3210 4047 voluit
3261 3994 3478 4048 vineam
3523 3984 3734 4056 intelligi,
3755 3980 3791 4036 id

2259 4093 2342 4139 est
2382 4085 2553 4156 legem
2607 4094 2660 4140 et
2700 4069 3012 4157 prophetas,
3047 4094 3102 4140 et
3138 4102 3337 4143 omnes
3365 4087 3570 4156 divinas
3605 4080 3792 4148 δαίμων

2260 4191 2367 4238 ras,
2399 4192 2534 4246 quas
2559 4176 2784 4230 tradidit
2825 4176 3085 4231 Dominus
3123 4179 3320 4234 vineae.
3369 4179 3603 4234 Primum
3625 4171 3793 4246 quidem

2257 4255 2478 4328 colonis,
2510 4267 2706 4336 populo
2746 4267 2820 4321 illi
2867 4253 3034 4336 priori
3067 4311 3080 4334 ,
3131 4271 3258 4340 Quia
3287 4272 3520 4341 primum
3543 4267 3618 4323 eis
3637 4262 3793 4321 credita

2257 4358 2616 4428 suntcloquia
2646 4358 2771 4413 Dei:
2811 4360 3002 4414 deinde
3032 4361 3138 4415 illis
3181 4361 3434 4430 abjcctis,
3482 4358 3697 4438 secundo
3716 4362 3797 4406 tra-

2256 4452 2393 4505 didit
2421 4467 2480 4504 ea
2518 4452 2790 4522 gentibus,
2810 4451 3044 4508 fructum
3065 4453 3478 4523 Scripturarum
3507 4448 3792 4508 facientibus

2255 4542 2299 4595 A
2321 4532 2425 4611 qua
2456 4559 2585 4597 sane
2611 4529 2786 4609 vinea,
2814 4545 2926 4614 jam
2960 4543 3098 4600 ultra
3141 4561 3244 4602 nec
3275 4536 3427 4618 scpis
3468 4529 3796 4607 auierturmec

561 4619 612 4660 et
654 4608 814 4662 datur
861 4607 1008 4680 genti
1057 4610 1231 4678 alteri,
1281 4621 1374 4668 aut
1417 4613 1560 4670 aliud
1587 4617 1860 4672 aastimare
1891 4619 2151 4676 debemus
2177 4618 2230 4680 D
2258 4633 2491 4688 maceria
2507 4619 2822 4699 destruitur,
2841 4653 3016 4706 neque
3041 4637 3181 4692 ultra
3200 4639 3263 4692 in.
3284 4607 3528 4710 rapinam
3555 4645 3604 4692 et
3627 4626 3796 4689 concul-

559 4716 682 4757 esse
705 4718 930 4774 regnum
962 4704 1077 4770 Dei,
1105 4714 1157 4760 et
1185 4705 1330 4761 aliud
1361 4708 1595 4763 vineam.
1622 4707 1752 4762 Nam
1777 4710 1992 4765 vineam
2020 4713 2150 4782 quid

559 4793 858 4865 intelligere
885 4797 1181 4854 debeamus
1211 4815 1355 4863 esse,
1387 4802 1626 4856 ostendit
1649 4802 1806 4856 nobis
1837 4803 2001 4858 lsaias
2029 4809 2151 4874 pro-

558 4885 716 4952 pheta
769 4887 1110 4943 manifestius
1158 4908 1170 4943 :
1223 4891 1478 4954 Cantabo,
1521 4893 1694 4962 inquit
1734 4893 1869 4962 (Isi.
1908 4912 1959 4961 v,
1990 4898 2039 4962 l,
2067 4899 2144 4966 τὶ),

556 4974 880 5032 άλίεειοήιεο
905 4979 1166 5034 canticum
1189 4981 1393 5036 dilectw
1421 5001 1546 5037 mea:
1571 4985 1730 5039 vineae
1766 5006 1782 5039 ;
1811 4988 1957 5042 vinea
2005 4990 2146 5057 farm

545 5076 630 5146 Vest
656 5066 846 5122 dilecto
869 5071 923 5123 in
952 5088 1115 5124 cornu
1147 5073 1198 5124 in
1234 5071 1346 5125 loco
1375 5074 1538 5129 uberi.
1569 5075 1632 5128 Et
1668 5095 1785 5147 sepe
1828 5079 2148 5136 circumdedi

545 5179 674 5236 eam
701 5174 747 5218 et
776 5165 909 5235 fodi,
937 5178 983 5220 et
1011 5166 1249 5237 plantavi
1277 5165 1476 5223 vineam
1517 5168 1736 5226 Soreclt.
1779 5173 1845 5227 Et
1895 5184 1951 5228 ut
2000 5191 2149 5229 eam-

548 5255 679 5309 dem
729 5257 944 5312 vineam
1001 5259 1158 5312 istam
1201 5275 1322 5315 esse
1367 5259 1604 5316 insinuet
1638 5278 1701 5316 ex
1737 5264 2049 5337 Evangelio,
2083 5267 2146 5321 Et

540 5345 855 5426 _a:diﬁcavit,
889 5343 1084 5419 inquit,
1129 5353 1317 5404 turrim
1367 5351 1421 5404 in
1467 5352 1637 5407 medio
1664 5355 1801 5423 ejus,
1833 5367 1880 5408 et
1913 5356 2148 5410 torcular

556 5435 686 5504 fodit
716 5438 771 5492 in
800 5456 880 5492 ea.
928 5439 995 5494 Et
1019 5451 1137 5509 post
1169 5458 1362 5512 pauca,
1422 5441 1580 5498 Vinea
1625 5447 1782 5506 enim,
1810 5445 2005 5516 inquit,
2033 5449 2141 5502 Do-

555 5528 683 5581 mini
705 5528 942 5591 sabaotlr,
977 5531 1163 5586 domus
1186 5531 1359 5588 Israel
1380 5545 1477 5598 est,
1521 5546 1569 5588 et
1603 5537 1758 5589 homo
1789 5537 1933 5591 Juda
1965 5541 2139 5594 novel-

555 5615 665 5670 lum
695 5635 921 5688 germen.
951 5622 1008 5676 ln
1036 5640 1140 5693 qua
1180 5626 1436 5680 nimirum
1466 5628 1745 5696 parabola,
1781 5645 1874 5683 seu
1908 5632 2143 5698 Cantico,

555 5711 800 5778 quaedam
826 5716 1020 5769 similia
1063 5718 1350 5784 habentur,
1377 5736 1496 5789 qua:
1521 5723 1650 5776 etin
1687 5723 1788 5777 hoc
1818 5724 1958 5789 loco,
1993 5743 2143 5798 qua:-

559 5803 680 5858 daui
710 5806 880 5879 884,
916 5820 1094 5865 autem
1145 5812 1445 5867 dissimilia.
1480 5815 1823 5888 Quapropter
1863 5819 2142 5875 videamus

2254 4726 2518 4780 cntionem
2541 4725 2709 4796 885
2733 4727 3138 4796 Scripturarum
3160 4732 3352 4786 venire
3377 4725 3797 4790 crcditur.Sicqne

2255 4817 2508 4887 deinceps
2525 4834 2590 4872 ex
2603 4819 2806 4872 eisdem
2833 4818 3048 4890 Scriptu
3059 4822 3131 4875 ris
3145 4831 3198 4876 et
3213 4825 3423 4878 torcula
3434 4824 3511 4877 ria
3540 4819 3794 4874 traduntur.

2252 4917 2306 4961 et
2336 4909 2501 4963 turris
2539 4910 2590 4963 in
2631 4911 3105 4980 contemplatione,
3149 4921 3203 4968 et
3242 4913 3554 4982 repulsione
3589 4904 3796 4964 hostium.

2255 5003 2322 5056 ab
2363 5003 2442 5056 eis
2469 5004 2604 5056 satis
2635 4993 2890 5058 decenter
2931 5003 3178 5073 erigitur.
3230 5004 3338 5060 Sed
3373 5021 3500 5069 nos,
3541 5002 3657 5072 quia
3693 4994 3796 5052 etin

2247 5096 2359 5174 alia
2413 5095 2671 5162 parabola
2721 5097 2914 5158 vineae,
2955 5098 3103 5168 ipsos
3130 5099 3370 5155 cultores
3406 5100 3596 5164 vineae,
3632 5101 3798 5159 etope’

2255 5185 2428 5239 ralzios
2467 5187 2559 5256 qui
2611 5188 2759 5242 missi
2797 5197 2921 5243 sunt
2973 5207 3069 5259 per
3107 5173 3326 5268 diverSa
3349 5195 3608 5248 horarum
3641 5183 3795 5256 spatia»

2253 5277 2318 5330 ad
2357 5277 2688 5346 operandmn
2729 5279 2782 5332 in
2829 5296 2916 5345 ea,
2960 5282 3127 5350 ipsam
3168 5284 3385 5338 vincam
3430 5299 3551 5340 esse
3587 5279 3798 5336 diximus.

2251 5380 2315 5418 eo
2341 5367 2481 5435 quo.)
2521 5367 2770 5435 palmites
2796 5381 2979 5425 essent
3023 5373 3147 5426 vitis
3175 5389 3318 5428 vera:
3341 5392 3356 5439 ;
3381 5387 3437 5430 et
3470 5385 3598 5445 quot
3623 5379 3800 5425 sanctos

2253 5456 2319 5509 ab
2373 5455 2526 5510 initio
2570 5458 2749 5512 saeculi
2801 5476 2973 5530 usque
3031 5463 3082 5517 in
3130 5464 3334 5530 finem,
3378 5467 3432 5520 in
3485 5483 3554 5522 ea.
3595 5462 3801 5522 Chrile

2255 5547 2536 5613 conduxit,
2575 5552 2730 5620 quasi
2777 5561 2854 5606 tot
2890 5554 3142 5623 palmi-tes
3186 5557 3238 5610 in
3288 5571 3350 5611 se
3400 5553 3718 5628 pwpagavit,
3751 5562 3800 5628 «ﬁt

2254 5639 2451 5707 quibus
2507 5641 2622 5694 huic
2671 5635 2823 5695 vinea
2879 5652 2989 5699 tota
3036 5645 3329 5700 l‘ructiticat
3373 5659 3428 5701 et
3484 5645 3686 5701 crescit.
3735 5637 3800 5691 ld-

2234 5726 2396 5786 icirco
2428 5735 2588 5799 hanc,
2631 5751 2791 5804 quam
2828 5736 3026 5792 locavit
3065 5740 3341 5810 agricolis,
3391 5757 3518 5795 non,
3551 5739 3698 5791 aliam
3726 5743 3801 5798 ιιῡβ

2252 5823 2553 5898 intelligere
2597 5839 2841 5898 oportet,
2895 5847 3056 5901 quam
3114 5834 3284 5904 ipsam
3345 5833 3716 5903 (δειιιιιιοιειῳιευ
3758 5822 3796 5875 in
