4008 6354
212 398 307 454 ΗΞ

1003 392 1356 452 exessum
1392 394 1459 449 IN
1499 368 1936 450 narrasse.
1977 421 2039 434 ..-
2083 392 2211 450 m.
2250 392 2346 463 ix,
2386 393 2537 450 cae.
2580 393 2723 451 xm.

3375 394 3483 455 726

204 529 300 586 ipsa
327 514 499 583 supra
524 512 782 567 conduxit
805 510 1108 580 operarios,
1137 512 1267 565 hora
1293 512 1486 580 prima,
1518 520 1573 565 et
1604 520 1784 574 tertia,
1813 513 1861 571 Α
1890 519 1939 563 et
1978 524 2142 581 usque
2173 512 2242 566 ad
2262 513 2457 583 ﬂumen
2481 514 2793 585 propagines
2814 515 2931 585 ejus
2962 514 3125 585 (Ibid.
3167 532 3213 570 υ.
3245 517 3334 583 il,
3368 515 3487 587 η).

205 615 255 662 et
287 614 469 667 sexta,
515 616 788 671 nonaque.
829 600 900 656 Et
939 616 1167 671 peregre
1209 601 1481 671 profectus
1526 610 1628 666 est,
1678 616 1787 656 non

202 696 295 752 loci
336 694 666 759 mutatione,
699 692 799 748 sed
836 709 941 764 pro
980 692 1237 747 libertate
1274 692 1484 748 arbitrii
1524 692 1677 757 dicit,
1728 702 1791 747 ut

201 788 527 861 vinitoribus
595 787 821 841 daretur
876 785 1109 841 facultas
1170 784 1443 840 interdum
1503 785 1787 855 operaudi.

200 883 449 953 Alioquin
486 882 635 938 Deus
665 882 811 937 unde
858 882 1053 936 abesse
1091 888 1289 951 potest,
1337 880 1429 951 qui
1478 878 1711 949 complet
1734 888 1790 933 et

200 977 664 1049 circumplectitur
684 976 893 1041 omnia,
922 976 1062 1031 sicut
1084 977 1200 1046 ipse
1220 976 1295 1028 ait
1325 990 1418 1043 per
1447 972 1741 1028 Jcremiam
1770 987 1785 1026 :

201 1070 304 1141 Ego
335 1069 487 1124 licus
518 1068 974 1138 appropinquans,
1006 1076 1055 1120 et
1091 1081 1195 1119 non
1234 1065 1298 1119 de
1324 1063 1517 1135 longe?
1542 1061 1654 1117 Sed
1685 1063 1787 1117 hu-

196 1162 274 1233 jus
308 1161 487 1216 vinea
527 1158 789 1231 mtabola
835 1158 961 1213 ideo
985 1157 1091 1212 alia
1122 1157 1336 1210 videtur
1365 1169 1531 1224 quam
1575 1154 1663 1208 illa
1697 1168 1790 1209 si-

202 1253 397 1322 perior,
455 1249 541 1303 vel
591 1249 662 1304 do
707 1263 813 1319 qua
864 1249 1141 1319 prophetas
1190 1247 1514 1317 loquuntur,
1567 1246 1693 1314 quia
1729 1251 1795 1298 ut

203 1359 353 1413 supra
392 1342 769 1405 meridianis,
794 1340 959 1412 longe
981 1339 1143 1395 aiiter
1189 1338 1365 1411 figura
1401 1338 1573 1409 ipsius
1611 1340 1787 1393 intro-

206 1436 413 1490 dat-itu:-
456 1435 804 1489 abumbrata.
854 1432 911 1487 In
956 1446 1061 1504 qua
1111 1448 1221 1488 non
1262 1432 1436 1487 solum
1485 1431 1789 1485 cultoribus

207 1527 373 1579 vicre
396 1524 547 1579 nulla
587 1524 1039 1595 repromittuutur
1068 1523 1325 1595 premis;
1356 1538 1542 1579 venum
1572 1524 1693 1593 ipsi,
1719 1535 1787 1578 ac

208 1616 253 1670 si
292 1614 591 1687 prophetali
634 1614 862 1686 Spiritu,
910 1632 1009 1670 suo
1038 1629 1097 1669 se
1148 1616 1514 1670 condemnant
1553 1613 1778 1682 judicio.

210 1708 285 1763 Ad
314 1710 411 1763 hoc
434 1710 639 1780 quippe
660 1714 851 1764 contra
881 1724 977 1764 eos
1006 1709 1098 1780 qui
1136 1710 1368 1780 superbe
1405 1707 1692 1763 Dominum
1725 1709 1781 1762 in

212 1801 397 1871 templo
421 1805 708 1859 docentem
754 1814 881 1858 sunt
907 1803 1207 1874 congressi,
1252 1805 1365 1858 haec
1403 1802 1655 1873 parabola
1692 1803 1775 1857 in-

1894 600 1953 656 ln
1974 618 2081 673 qua
2128 604 2387 660 nimirum
2430 605 2585 660 vinea
2615 622 2630 671 ;
2667 606 2786 661 aliae
2814 608 3030 662 fuerunt
3053 608 3193 663 vites
3217 624 3338 679 quas
3357 616 3487 667 eam

1896 708 2066 750 versa:
2091 695 2293 750 suntin
2324 695 2764 760 amaritudinem,
2807 697 2965 768 juxta
2997 696 3313 764 Jeremiam,
3351 700 3483 755 vitis

1897 783 2106 850 alienae,
2145 785 2265 842 alia:
2293 802 2413 857 qua
2444 786 2771 858 placabilem
2805 788 2917 843 Deo
2946 787 3189 844 fructum
3222 789 3482 846 tulerunt.

1896 877 1977 932 Ex
2021 878 2221 948 quibus
2267 880 2509 950 utrisque
2550 881 2797 951 partibus
2826 881 2942 952 ipse
2967 889 3205 937 testatur
3223 883 3487 954 propheta

1896 970 2090 1038 David,
2119 973 2263 1043 quod
2285 973 2389 1028 alia
2415 988 2543 1044 pars
2571 973 2689 1042 ejus
2714 974 2854 1029 male
2879 976 3153 1045 perdenda
3177 986 3345 1041 esset,
3377 978 3485 1032 alia

1896 1077 2027 1118 vero
2057 1064 2112 1118 in
2146 1064 2340 1120 melius
2364 1065 2717 1135 perﬁcienda,
2741 1075 2796 1121 et
2824 1083 2988 1138 super
3024 1068 3201 1125 ﬁlium
3225 1069 3486 1136 hominis,

1895 1171 1962 1212 ac
1986 1171 2149 1228 super
2184 1166 2425 1215 montem
2469 1160 2802 1217 collocanda.
2850 1162 3005 1219 Unale
3041 1176 3109 1219 ex
3147 1174 3254 1219 una
3296 1177 3488 1219 earum

1892 1255 2048 1318 parte
2074 1249 2403 1319 prophetans
2429 1264 2495 1305 ac
2520 1264 2746 1321 gemens
2768 1252 2900 1306 dicit
2924 1268 2937 1309 :
2966 1249 3032 1306 Ut
3063 1252 3193 1319 quid
3216 1253 3490 1325 deﬂexis“

1892 1340 2175 1393 maceriam
2194 1340 2334 1411 ejus,
2368 1340 2452 1396 vel
2474 1357 2677 1412 sepem,
2707 1356 2754 1396 et
2787 1344 3107 1398 vindemiant
3149 1360 3266 1399 eam
3309 1358 3490 1399 omnes

1891 1431 1982 1499 qui
2016 1431 2519 1501 pratergrediuntur
2552 1434 2726 1488 viam?
2771 1434 2958 1505 (Ibid,
3003 1435 3092 1506 15)
3135 1434 3307 1503 Quam
3355 1448 3490 1491 sane

1893 1521 2130 1585 vineam,
2160 1519 2288 1591 quia
2326 1524 2594 1593 poenitere
2624 1524 2815 1589 noluit,
2861 1528 3223 1582 exterminavit
3269 1542 3397 1599 aper
3424 1525 3490 1581 de

1890 1610 2055 1678 silva,
2096 1622 2142 1667 et
2180 1612 2322 1682 {erm
2357 1614 2605 1685 depastus
2638 1626 2715 1670 est
2750 1631 2865 1671 eam
2912 1616 3100 1688 (Ibid,
3148 1617 3260 1689 Η),
3320 1618 3372 1672 id
3405 1623 3486 1672 est

1892 1704 2166 1760 exercitus
2203 1703 2577 1763 Romanorum
2614 1709 2714 1763 sub
2751 1707 2876 1765 Tito
2919 1718 2974 1764 et
3004 1710 3357 1780 Vespasiano,
3390 1708 3484 1779 qui

1890 1800 2039 1855 missi
2068 1809 2193 1856 sunt
2220 1801 2287 1855 ad
2305 1802 2611 1871 perdendos
2636 1803 2807 1859 malos
2835 1813 2885 1857 et
2911 1806 3175 1874 pessimos
3196 1806 3369 1861 vinea!
3395 1819 3489 1860 co-

211 1893 528 1959 nsumitur,-
572 1902 639 1948 ut
673 1907 770 1950 eos
812 1895 1055 1949 revincat
1095 1895 1277 1964 potius
1325 1894 1783 1948 exterminasz
1813 1880 1859 1941 Β
1888 1886 2080 1955 lonos;
2112 1890 2206 1960 qui
2238 1905 2343 1945 non
2373 1891 2547 1946 solum
2573 1892 2784 1947 vincam
2809 1894 2914 1947 sibi
2939 1896 3286 1949 commissam
3314 1909 3482 1949 exco-

210 1983 366 2038 viueae
409 1984 611 2050 fuisse,
644 1998 806 2055 quam
855 1987 1113 2040 cultores.
1162 1985 1321 2043 Umie
1341 2001 1509 2056 quam
1563 1986 1789 2055 provide

214 2080 351 2145 satis,
373 2090 441 2137 et
462 2088 631 2152 quam
659 2082 799 2138 bene
843 2096 1081 2151 praesens
1123 2080 1379 2153 parabole
1409 2082 1581 2137 vinea:
1610 2082 1788 2136 varia-

214 2178 322 2224 tur:
361 2172 502 2227 sicut
533 2174 695 2236 et,'iu
738 2173 1156 2244 quamplurimis
1200 2172 1338 2228 locis
1377 2170 1787 2244 Scripturarum

215 2265 539 2320 consuetudo
564 2274 670 2331 est,
697 2273 759 2320 ut
778 2280 883 2320 una
912 2267 1217 2336 eademque
1238 2281 1327 2322 res
1351 2267 1499 2323 varie
1527 2267 1791 2337 ﬁguretur

215 2352 263 2408 in
284 2355 573 2423 parabolis,
618 2365 671 2411 et
710 2356 936 2427 singulm
977 2358 1093 2413 suis
1137 2358 1373 2413 habeam
1417 2357 1628 2428 singula
1657 2357 1790 2413 locis

217 2460 273 2500 ac
300 2448 563 2514 βενεοιιίθν
592 2455 653 2502 et
701 2448 1053 2519 temporibus,
1081 2450 1303 2520 negotia
1333 2452 1621 2504 causarum
1669 2448 1791 2502 ddi-

217 2539 422 2609 gcntius
445 2539 730 2593 attributa.
767 2539 918 2611 [inde
946 2540 1096 2610 prior
1122 2540 1383 2610 parabola
1421 2540 1589 2594 vincte
1629 2538 1789 2593 simul

219 2629 284 2683 ab
309 2629 456 2685 initio
491 2628 681 2685 saeculi
704 2644 876 2700 usque
920 2631 991 2685 ad
1025 2629 1187 2686 linem
1217 2642 1385 2686 eum
1415 2640 1629 2701 tempus
1654 2645 1787 2687 con-

220 2719 406 2787 cludit;
454 2723 741 2793 operarios
788 2723 845 2779 ia
873 2723 1087 2779 vineam
1134 2724 1417 2789 conduxit,
1471 2738 1571 2780 nec
1622 2722 1791 2779 ullum

223 2822 391 2870 tamen
435 2831 465 2870 a
513 2816 876 2872 conventione
922 2818 1131 2872 denarii
1182 2818 1400 2887 privat,
1456 2817 1551 2873 sed
1602 2830 1792 2874 omnes

221 2921 558 2979 Quoscunquo
593 2910 875 2975 conduxit,
930 2910 983 2965 in
1031 2911 1137 2965 fma
1184 2910 1434 2965 mercede
1480 2916 1794 2964 remanent

218 3014 297 3055 sui
322 3001 531 3057 laboris.
551 3002 622 3057 Et
647 3000 771 3057 ideo
798 3017 906 3057 non
932 3002 1035 3056 nisi
1059 3001 1209 3057 solos
1236 3001 1459 3067 electos,
1487 3012 1626 3071 quos
1651 3014 1791 3071 prmo

215 3092 370 3146 scivit
400 3099 455 3146 et
486 3092 921 3163 praedestinavit,
959 3092 1015 3147 in
1044 3108 1107 3146 ea
1156 3092 1414 3163 parabola
1461 3090 1589 3161 jure
1631 3105 1794 3147 vocas

217 3194 299 3241 tos
324 3186 648 3256 accipimus:
672 3185 769 3255 qni
795 3200 987 3240 oinoes
1016 3185 1303 3241 novissimi
1332 3188 1396 3240 ac
1421 3185 1607 3255 primi,
1632 3183 1793 3240 simul

212 3277 265 3333 in
315 3280 514 3334 unitate
573 3279 747 3334 vincat
795 3278 1158 3345 laborarunt,
1216 3293 1430 3349 unaque
1488 3279 1792 3334 teternitate

210 3368 380 3429 beatae
438 3371 865 3427 immortalitatis
929 3370 1326 3441 gloriﬁcantur.
1386 3369 1444 3425 In
1504 3370 1609 3425 hac
1664 3385 1796 3426 vero

210 3462 469 3531 paraliola
518 3464 633 3532 ipsa
681 3463 985 3532 eademque
1028 3462 1185 3518 vinea
1230 3461 1647 3516 commendatur
1675 3500 1691 3525 ,
1740 3466 1797 3515 et

210 3567 351 3607 tum
388 3555 606 3624 amplior
647 3570 714 3631 ac
771 3555 1051 3626 diligentia
1097 3554 1446 3624 exprimitur,
1493 3568 1589 3609 seu
1630 3552 1790 3622 quids

213 3645 353 3716 quid
377 3647 430 3700 in
454 3646 543 3701 illa
564 3647 736 3720 θοθ
756 3648 1188 3718 praetermissum
1217 3655 1324 3714 est,
1357 3656 1467 3701 tam
1495 3646 1605 3711 hic,
1627 3660 1793 3716 quam

212 3738 273 3793 in
322 3739 612 3808 prophetis,
654 3740 722 3794 ad
771 3738 1043 3809 liquidum
1080 3737 1425 3793 describitur.
1477 3736 1701 3805 Insuper
1741 3743 1796 3792 et

214 3828 687 3899 reprolﬁoperarii
718 3828 803 3884 vel
831 3828 1029 3894 coloni,
1070 3829 1162 3898 qui
1204 3829 1277 3884 ad
1299 3843 1422 3885 eam
1444 3827 1795 3883 excolendam

214 3922 387 3977 vocati
435 3931 615 3988 erant,
661 3938 800 3993 quos
843 3922 963 3979 alue
1002 3923 1273 3993 parabolis
1315 3921 1793 3992 praetermiserunt,

208 4012 321 4068 ista
369 4015 423 4069 iu
472 4029 711 4085 persona
758 4013 1156 4071 Pharismorum
1205 4022 1260 4068 et
1314 4011 1629 4069 Scribarum
1678 4027 1797 4067 ma-

218 4104 406 4162 nifeste
430 4108 818 4164 condemnant.
853 4108 1081 4177 Propter
1106 4106 1248 4177 quod
1270 4108 1385 4162 hare
1429 4106 1685 4177 parabola
1717 4107 1797 4161 sic

214 4200 537 4264 contexitur,
572 4200 700 4269 quia
742 4199 871 4255 boui
897 4209 949 4255 et
996 4200 1121 4254 muli
1151 4198 1336 4264 simul,
1381 4198 1511 4253 olim
1544 4199 1612 4253 ab
1641 4198 1796 4254 initio

216 4287 369 4360 legis,
397 4294 538 4348 sicut
564 4301 622 4347 et
664 4308 829 4358 nunc,
863 4294 1007 4348 miin
1040 4300 1230 4357 erant;
1271 4299 1419 4348 utea
1450 4307 1576 4362 pars
1602 4292 1794 4357 vineae,

230 4378 342 4435 licet
368 4384 418 4437 in
453 4384 667 4454 paucis,
719 4399 843 4453 quae
893 4384 1055 4440 iidem
1091 4383 1296 4440 Christi
1326 4394 1613 4453 receptura
1657 4391 1793 4448 erat,

234 4469 641 4529 incontaminata
692 4476 760 4528 ad
788 4475 1145 4531 excolendum
1179 4474 1306 4535 aliis
1350 4476 1602 4530 tradatur
1653 4474 1795 4530 colo-

226 4565 337 4630 his;
372 4582 439 4622 ea
481 4582 615 4624 vero
656 4584 777 4639 quin
820 4582 927 4625 non
979 4568 1155 4625 solum
1199 4566 1437 4624 fructum
1466 4568 1612 4624 ferre
1663 4582 1787 4623 con-
1826 4603 1876 4662 Β

236 4658 461 4725 tempsit,
494 4673 691 4715 verum
708 4660 877 4715 etiam
927 4672 988 4714 ac
1014 4659 1062 4715 si
1109 4660 1347 4729 operarii
1374 4661 1565 4726 viuere,
1611 4661 1703 4730 qui
1729 4658 1796 4714 ad

224 4749 451 4833 semissi
484 4760 614 4807 sunt
660 4765 850 4807 servos
887 4760 1255 4812 peremerunt.
1288 4752 1496 4808 Idcirco
1536 4754 1650 4809 haec
1699 4769 1797 4822 pa-

228 4836 407 4894 nbsla
429 4842 743 4901 introducta
775 4858 881 4898 non
926 4833 1089 4898 latior
1116 4836 1239 4901 esse
1274 4845 1508 4910 videtur,
1536 4861 1703 4916 quam
1731 4862 1799 4912 ex

228 4942 297 4981 eo
334 4941 569 5003 tempore
597 4949 706 5004 quo
745 4932 917 4991 Judaei
973 4935 1218 4991 translati
1277 4946 1404 4993 sunt
1436 4953 1504 4993 ex
1540 4936 1796 5009 Egypto,

230 5029 387 5089 usque
410 5025 477 5080 ad
515 5024 795 5082 Christum
828 5045 843 5082 :
881 5028 948 5084 de
987 5044 1092 5099 qua
1138 5029 1307 5084 David
1363 5032 1532 5096 canit,
1566 5031 1793 5087 dicens:

252 5107 441 5170 Vineam
488 5118 554 5174 de
600 5106 833 5191 Λεπρτο
881 5123 1222 5188 transtulisti,
1269 5123 1469 5194 ejecisti
1506 5135 1700 5194 gentes,
1752 5134 1803 5180 et

218 5201 463 5266 Plantam
491 5229 609 5267 east
653 5212 829 5285 (Paul.
853 5232 1036 5279 LXXIX,
1063 5216 1139 5288 9).
1177 5217 1309 5285 Quae
1337 5219 1593 5274 nimirum
1643 5220 1798 5276 vinea

222 5310 337 5356 Itan
365 5302 539 5359 solum
567 5313 625 5361 et
649 5305 711 5361 in
733 5305 971 5378 Egypto
988 5309 1100 5379 jam
1133 5319 1277 5375 erat,
1315 5322 1502 5367 verum
1540 5313 1701 5367 etiam
1732 5316 1801 5370 ab

218 5389 375 5451 initio
422 5399 605 5453 saeculi
653 5399 1055 5471 propagabatur
1104 5402 1157 5456 in
1197 5403 1403 5457 sanctis
1450 5404 1696 5473 patribus
1744 5416 1802 5461 et

591 5488 699 5544 Sed
721 5489 849 5545 inde
870 5505 934 5547 ac
958 5491 1006 5545 si
1031 5492 1085 5546 in
1116 5501 1269 5547 sexta
1316 5494 1445 5548 hora
1486 5494 1591 5549 diei
1630 5506 1806 5552 transl-

196 5568 353 5644 ιω,
372 5578 557 5648 ejectis
582 5583 861 5654 gentibus,
890 5584 1016 5653 quia
1049 5583 1405 5642 infructuosa;
1444 5596 1620 5653 erant,
1651 5589 1805 5658 plan-

196 5673 339 5727 Ista
354 5687 437 5731 est
465 5678 698 5745 dextera
735 5678 827 5732 [lci
864 5678 917 5733 in
964 5687 1108 5734 terra
1162 5679 1291 5734 olim
1341 5679 1586 5749 patribus
1616 5696 1803 5750 repro-

182 5763 427 5831 ‘nissa',
462 5766 614 5835 etijiis
657 5767 841 5821 umbra
869 5769 1071 5838 operuit
1096 5778 1319 5833 montes,
1360 5777 1406 5822 et
1437 5768 1653 5823 arbusta
1687 5770 1803 5839 ejus

158 5856 401 5913 τράγοι
423 5857 545 5946 ρέὶ,
564 5869 611 5912 et
641 5860 871 5916 extendit
902 5860 1143 5931 palmites
1162 5878 1285 5919 suos
1324 5877 1487 5933 usque
1536 5862 1604 5915 ad
1632 5878 1802 5931 mare,

1892 1980 2024 2046 lere,
2052 1992 2108 2036 ut
2150 1980 2386 2037 fructum
2416 1983 2586 2040 ferret
2610 1985 2727 2051 Dei,
2752 1985 3060 2051 noluerunt,
3093 2002 3282 2042 verum
3317 1988 3481 2041 etiam

1897 2073 2111 2145 seipsos
2137 2075 2207 2130 de
2236 2079 2692 2147 propagineveiae
2710 2078 2840 2134 vitis
2862 2079 3233 2144 absciderunt,
3264 2080 3487 2149 insuper

1892 2175 1947 2223 et
1975 2182 2071 2223 eos
2098 2168 2193 2238 qui
2219 2168 2456 2225 fructum
2498 2172 2552 2225 in
2585 2172 2695 2227 vite
2724 2186 2822 2242 per
2853 2174 3010 2228 ﬁdem
3042 2182 3321 2228 manentes
3344 2170 3488 2228 ferre

1893 2258 2180 2325 curabant,
2211 2262 2482 2331 perimere
2510 2268 2724 2333 semper
2744 2265 3067 2334 gestiebant.
3104 2265 3183 2319 De
3215 2278 3321 2334 qua
3353 2277 3483 2333 pro-

1892 2352 2041 2408 fecto
2070 2354 2251 2419 vinea,
2290 2371 2409 2424 qua:
2440 2357 2743 2426 permansit
2792 2358 2845 2411 in
2894 2357 3021 2422 vite,
3070 2367 3192 2411 orat
3231 2356 3488 2427 pmfatus

1890 2446 2162 2517 Propheta
2186 2448 2374 2502 dicens
2403 2466 2414 2501 :
2451 2447 2590 2502 Deus
2619 2448 2888 2513 virtutum,
2921 2458 3240 2509 convertere,
3288 2447 3485 2516 respice

1892 2539 1957 2593 de
1980 2536 2107 2591 ecula
2126 2547 2173 2590 et
2200 2537 2339 2601 vide,
2363 2548 2410 2593 et
2434 2539 2587 2592 visita
2610 2539 2814 2592 vineam
2848 2538 3016 2608 887
3038 2538 3194 2592 istam
3215 2547 3263 2590 et
3285 2535 3483 2607 perﬁce

1891 2645 2030 2694 eam,
2064 2645 2223 2700 quam
2263 2630 2519 2700 plantavit
2556 2629 2905 2693 dexteratua,
2942 2639 2991 2682 et
3012 2642 3172 2698 super
3194 2627 3369 2697 ﬂiam
3395 2628 3465 2680 lto

1892 2720 2086 2785 minis,
2136 2720 2344 2790 inquit,
2398 2737 2553 2791 quem
2600 2720 2924 2790 conﬁrmasti
2966 2719 3061 2774 tibi
3099 2718 3303 2791 (Ibid.,
3359 2717 3484 2789 15).

1894 2810 2029 2879 Quia
2068 2811 2125 2866 in
2156 2826 2221 2868 eo
2248 2822 2307 2868 et
2337 2813 2435 2882 ipsi
2471 2812 2695 2883 plantati
2724 2821 2902 2876 erant,
2927 2821 2982 2867 et
3004 2809 3315 2866 confirmati
3357 2811 3486 2876 nde,

1894 2904 2018 2960 ideo
2044 2913 2465 2973 permanserunt
2493 2905 2547 2958 in
2578 2904 2760 2961 radice
2791 2919 2904 2959 sua:
2930 2904 3292 2973 pinguedinis.
3323 2901 3492 2959 Catte-

1895 2996 1943 3049 ri
1992 3009 2124 3051 vero
2169 2995 2332 3061 rami,
2374 2995 2459 3049 vel
2502 2995 2755 3065 palmites
2804 2995 2999 3061 vineas,
3040 2996 3173 3066 quia
3221 2994 3492 3050 confracti

1895 3095 2041 3153 sunt,
2083 3096 2366 3142 aruerunt.
2417 3086 2508 3141 isti
2563 3097 2746 3142 autem
2800 3088 3024 3142 dextera
3056 3086 3157 3143 Dei
3198 3087 3495 3143 introducti

1842 3236 1864 3260 Ἰ
1896 3188 2045 3244 sunt,
2081 3180 2222 3236 sicut
2260 3179 2428 3234 Maria
2466 3180 2611 3235 canit
2642 3195 2799 3236 soror
2823 3180 3004 3235 Aaron
3053 3180 3113 3235 in
3143 3179 3391 3245 Cantica,
3439 3180 3492 3235 in

1900 3282 2086 3329 monte
2109 3272 2440 3327 barreditatis
2470 3271 2586 3336 Dei,
2615 3282 2672 3327 et
2695 3272 2923 3344 plantati
2957 3273 3010 3327 in
3063 3273 3377 3330 habitacula
3402 3275 3495 3328 lir~

1899 3366 2145 3423 missimo
2181 3366 2296 3431 Dei,
2329 3364 2472 3436 quod
2498 3374 2755 3435 operatus
2776 3375 2865 3422 est
2896 3367 3065 3431 Dens,
3093 3376 3147 3420 et
3176 3382 3280 3421 non
3302 3366 3487 3432 homo,

1901 3471 1958 3519 et
1981 3462 2039 3519 in
2063 3463 2371 3518 sanctuario
2394 3463 2537 3531 quod
2561 3461 2916 3518 ﬁrmaverunt
2947 3478 3145 3518 manus
3167 3464 3304 3533 ejus.
3358 3463 3491 3531 Quae

1900 3552 2042 3608 bene
2083 3552 2263 3617 vinea,
2305 3552 2534 3622 perditis
2562 3560 2620 3607 et
2652 3551 2840 3621 ejectis
2862 3551 3019 3607 malis
3045 3552 3279 3616 colonis,
3316 3553 3493 3610 iocata

1903 3653 1988 3702 est
2013 3651 2069 3699 et
2090 3644 2382 3699 commissa
2410 3643 2690 3714 apostolis,
2731 3645 2816 3700 vel
2865 3645 3179 3715 apostolicis
3223 3648 3377 3704 viris.
3411 3648 3493 3704 Ad

1902 3750 2065 3808 quam
2107 3736 2289 3792 omnis
2314 3736 2461 3791 mtio
2496 3739 2763 3809 gentium,
2808 3746 2864 3793 et
2908 3738 2962 3792 in
2992 3752 3099 3809 qua
3129 3749 3353 3795 auctore
3383 3740 3495 3796 Deo

1902 3832 2109 3885 inserta
2134 3837 2238 3895 est,
2273 3837 2328 3885 et
2363 3838 2657 3899 propagata
2689 3830 2755 3884 de
2782 3831 2890 3885 vite
2933 3846 3056 3901 quae
3090 3831 3342 3888 Christus
3389 3840 3495 3900 est,

1903 3920 1963 3974 in
1984 3934 2091 3989 qua
2120 3919 2286 3975 Pater
2314 3930 2399 3976 est
2428 3920 2691 3992 agricola,
2732 3929 2789 3977 et
2841 3921 3104 3978 dilatatur
3130 3924 3375 3994 quotidie
3394 3939 3492 3994 per

1903 4012 2216 4069 universum
2277 4014 2484 4068 orbem.
2540 4012 2674 4069 Nam
2750 4030 2973 4085 regnum
3043 4016 3309 4072 calorum
3354 4031 3497 4087 saepe

1901 4123 2142 4178 praesens
2165 4108 2408 4163 Ecclesia
2440 4110 2657 4165 dicitur.
2683 4109 2891 4165 Dicitur
2914 4120 3097 4166 autem
3131 4121 3185 4165 et
3216 4111 3492 4175 Christus,

1896 4201 1995 4271 'qui
2052 4201 2104 4256 in
2155 4216 2219 4256 ea
2264 4209 2426 4267 caput
2465 4210 2569 4263 est,
2603 4200 2919 4272 frequenter
2947 4217 3173 4272 regnum
3210 4200 3494 4257 calorum.

1904 4293 2059 4349 Unde
2090 4308 2213 4349 cum
2250 4293 2322 4347 illi
2362 4294 2582 4363 pessimi
2623 4294 2797 4349 coloni
2849 4295 3099 4366 indignos
3128 4309 3188 4350 se
3209 4293 3493 4365 judicave-

1902 4393 2035 4439 runt
2067 4393 2285 4440 aeterna:
2314 4386 2455 4450 vitta,
2510 4385 2756 4441 nolentes
2787 4386 3069 4443 Christum
3110 4388 3377 4458 recipere,
3406 4402 3500 4443 au-

1902 4476 2079 4534 fertur
2120 4480 2188 4535 ab
2213 4480 2294 4533 eis
2338 4478 2612 4544 ChriStus,
2669 4478 2917 4536 aufertur
2941 4489 2996 4535 et
3029 4480 3291 4546 Ecclesia,
3341 4479 3497 4537 aufe-

1904 4580 2099 4624 runtur
2133 4578 2189 4625 et
2232 4571 2415 4625 omnia
2472 4580 2813 4625 sacramenta
2849 4572 3064 4638 salutis,
3110 4579 3171 4628 et
3223 4573 3386 4628 datur
3412 4571 3499 4629 bis

1902 4664 1995 4733 qui
2025 4664 2253 4719 credunt
2278 4663 2333 4718 in
2359 4663 2601 4727 Christo,
2627 4672 2736 4718 tam
2768 4662 2968 4723 Judacis
2995 4680 3159 4736 quam
3182 4674 3240 4721 ct
3263 4681 3332 4721 ex
3365 4679 3496 4732 gen-

1896 4757 2065 4818 tibus,
2094 4765 2154 4809 ut
2191 4756 2425 4811 reddant
2468 4757 2663 4828 singuli
2716 4755 2948 4812 fructum
2994 4757 3118 4814 ﬁdei
3156 4757 3496 4828 temporibus

1902 4847 2037 4901 suis.
2067 4846 2146 4901 Ac
2176 4861 2273 4915 per
2319 4846 2421 4902 hoc
2450 4862 2559 4901 non
2588 4856 2672 4902 est
2703 4863 2925 4904 necesse
2963 4862 3193 4918 regnum
3229 4845 3325 4903 Dei
3351 4846 3497 4903 solas

1902 4940 2223 5008 Scriptores
2253 4939 2463 4994 divinas
2488 4939 2813 5011 intelligere,
2840 4941 2981 4996 sicut
3009 4938 3257 4996 iiouuulll
3283 4937 3494 5004 volunt,

1905 5040 1963 5086 ut
1993 5031 2063 5085 ab
2099 5030 2180 5086 eis
2214 5030 2374 5085 liceat
2401 5031 2466 5085 de
2497 5031 2611 5100 ipsa
2653 5032 2808 5086 vinea
2838 5032 3003 5086 latius
3031 5030 3420 5103 degmatisare,
3443 5037 3501 5085 et

1908 5120 2165 5177 nonnulla
2183 5122 2533 5177 introducere
2554 5122 2637 5177 sui
2652 5123 2877 5176 erroris.
2898 5122 3070 5176 Porro
3091 5120 3306 5175 vincam
3333 5123 3498 5189 quam

1903 5215 2183 5285 prophetae
2211 5215 2579 5285 degenerasse
2616 5214 2897 5285 plangunt,
2934 5214 3198 5284 quianon
3236 5228 3496 5283 perman-

1904 5318 2052 5365 serat
2078 5309 2131 5363 in
2160 5323 2287 5363 vera
2316 5309 2448 5375 vite,
2479 5310 2599 5364 ideo
2634 5310 2684 5365 in
2720 5309 2822 5364 hoc
2872 5307 2993 5363 loco
3033 5307 3288 5365 Christus
3329 5305 3500 5362 anulos

1906 5400 2126 5456 colonos
2148 5408 2332 5465 vocat,
2378 5409 2433 5455 et
2476 5399 2826 5455 transformat
2871 5398 3184 5468 parabolam
3228 5411 3381 5454 suam
3430 5395 3499 5451 ad

1912 5495 2078 5565 ipsos,
2109 5501 2168 5547 ut
2192 5493 2294 5562 ipsi
2335 5509 2441 5549 non
2472 5494 2627 5547 vinea
2659 5492 2753 5547 sed
2775 5490 3027 5559 agricolze
3054 5492 3325 5556 dicantur,-
3364 5503 3499 5560 qua-

1913 5595 2073 5641 tenus
2099 5587 2167 5639 dc
2192 5600 2252 5639 se
2279 5582 2568 5639 manifeste
2608 5583 2883 5653 principes
2908 5584 3256 5640 sacerdotum
3272 5593 3333 5638 et
3363 5581 3501 5637 scri—

1912 5676 1996 5732 bze
2039 5676 2240 5732 dictum
2297 5673 2624 5744 intelligant,
2652 5689 2817 5744 seque
2861 5676 3083 5746 proprio
3135 5675 3499 5743 condemnant

1905 5769 2131 5839 judicio,
2154 5776 2209 5823 et
2235 5766 2442 5821 alienos
2471 5766 2538 5820 ab
2570 5766 2671 5821 hac
2700 5768 2855 5822 vinea
2893 5781 2953 5822 se
2987 5776 3413 5837 recognoscant;
3441 5776 3496 5821 ut

1909 5860 2152 5918 seniores
2176 5858 2357 5931 populi
2383 5860 2477 5931 qui
2495 5857 2964 5931 mterrogavcrunt
2988 5859 3277 5921 Dominum
3304 5857 3373 5933 In
3393 5870 3498 5931 qua
