4008 6354
621 366 723 424 727

1388 418 1391 423 .
1426 365 1485 419 S.
1526 365 1887 424 PASCHASII
1924 364 2275 421 RADBERT!
2310 364 2601 421 ABBATIS
2640 364 3092 426 COltBEIENSIS
3703 389 3780 447 ἠδ

611 494 864 557 potestate
892 484 1005 539 haec
1024 482 1180 552 facis,
1209 492 1263 559 et
1284 483 1401 555 quis
1424 484 1515 538 tibi
1544 483 1689 538 dedit
1716 485 1851 539 hanc
1872 492 2198 555 potestatem,
2232 481 2279 541 A
2307 489 2391 535 sto
2419 496 2539 537 esse
2569 481 2818 547 dicimus,
2846 483 3105 553 quoniam
3127 486 3299 541 omnis
3321 489 3584 557 speculatio
3606 493 3727 568 legis,
3745 513 3786 559 οι

616 587 674 634 et
692 576 949 633 volebant
986 576 1043 630 in
1082 575 1250 632 verbo
1287 590 1487 647 capere
1518 577 1839 648 sapientiam
1864 577 2002 646 ejus,
2044 592 2203 647 supe-

615 675 871 722 rarentur
894 665 1100 732 verbis,
1133 674 1190 721 et
1215 666 1318 737 ipsi
1349 680 1408 721 se
1431 666 1545 721 suis
1581 667 1802 737 alligent
1847 667 2098 744 vinculis,
2133 684 2202 723 ne

613 758 758 816 ultra
792 758 844 813 ei
897 757 1046 830 loqui
1090 758 1348 814 audeant.
1404 757 1558 815 Alias
1589 769 1791 825 autem,
1842 762 1968 832 quia
2017 777 2205 818 sacras

614 852 926 924 Scripturas
952 853 1143 908 dicunt
1171 852 1324 923 pravi
1352 852 1825 925 dogmatizatores,
1859 855 2032 926 ipsam
2059 857 2203 911 viam

616 958 759 1011 esse.
785 943 869 1000 vel
903 960 1129 1018 regnum
1166 946 1261 1000 Dei
1290 944 1435 1017 quod
1474 945 1723 1001 aufertur
1750 963 1781 1001 a
1811 945 2031 1003 Iudaeis.
2065 947 2208 1016 Quo-

614 1039 779 1095 modo
808 1037 1055 1094 aufertur
1085 1038 1153 1093 ab
1182 1038 1263 1093 eis
1308 1039 1451 1108 quod
1487 1037 1708 1105 habent,
1738 1039 1843 1095 nisi
1887 1054 2008 1094 cum
2053 1038 2209 1095 Chri-

2305 573 2566 627 fortitudo
2599 584 2787 630 contra
2817 576 3003 633 hostes
3031 577 3088 631 in
3114 592 3178 633 ea
3205 588 3312 645 est;
3339 583 3471 638 unde
3493 586 3611 644 bene
3630 594 3683 647 ad
3700 598 3801 652 eum'

2304 680 2566 722 oramus:
2594 667 2720 721 Esto
2766 669 2947 733 nobis,
2979 669 3231 737 Domine,
3274 677 3425 731 turris
3462 677 3790 754 fortitudinis,a

2305 756 2442 826 facie
2487 757 2687 811 inimici
2722 755 2893 830 (Psal.
2928 776 3031 826 ιι,
3067 760 3157 834 4),
3188 764 3433 833 quoniam
3462 768 3521 824 de
3546 771 3667 841 ipso,
3689 779 3791 834 etin

2305 849 2444 919 ipso,
2469 857 2554 904 est
2578 850 2756 905 omnis
2785 853 3170 925 contemplatio
3193 865 3392 923 nostra,
3416 874 3479 915 ne
3502 864 3730 932 capiamur
3745 870 3794 925 ab

2307 942 2587 1010 hostibus,
2621 953 2676 999 et
2720 944 2835 1015 ipse
2883 947 3062 1002 omnis
3112 947 3366 1005 fortitudo
3403 960 3455 1006 et
3498 953 3798 1027 refugium,et

2308 1035 2575 1105 protectio
2604 1044 2812 1091 nostra.
2843 1036 3015 1105 Quem
3045 1039 3172 1109 quia
3202 1038 3368 1097 Judaei
3387 1043 3673 1113 reiecerunt,
3693 1054 3797 1122 rapti

617 1140 755 1198 stus,
787 1131 880 1203 qui
913 1132 968 1186 in
990 1131 1070 1187 eis
1099 1130 1444 1202 praedicatur,
1477 1129 1745 1197 aufertur,
1774 1131 1886 1186 imo
1922 1146 1993 1186 ne
2010 1128 2209 1187 ‘creda-
2278 1132 2437 1182 .sunt
2460 1126 2528 1181 ab
2550 1125 2818 1192 hostibus,
2839 1136 2894 1182 et
2922 1129 3185 1184 subversa
3208 1139 3333 1185 sunt
3355 1146 3528 1188 eorum
3555 1138 3796 1208 toreularia,

621 1232 712 1278 tur
760 1222 1064 1294 repellitur;
1115 1222 1294 1277 omnis
1364 1221 1721 1293 intelligentia
1799 1221 2207 1292 Scripturarum

618 1324 917 1371 evacuatur
956 1322 1007 1369 et
1044 1313 1249 1369 tollitur
1277 1312 1347 1368 ab
1376 1314 1473 1369 eis.
1515 1313 1735 1368 Et'eum
1766 1313 1931 1385 igitur
1960 1329 2059 1373 per
2079 1329 2209 1385 apo-

620 1408 790 1464 stolos
811 1407 983 1479 888
1006 1404 1330 1462 transfertur
1353 1407 1405 1461 in
1448 1407 1717 1478 gentibus,
1749 1407 1947 1477 quibus
1967 1405 2209 1462 Ecclesia

619 1498 915 1555 commissa
944 1506 1047 1563 est,
1080 1498 1357 1555 radicatur
1384 1498 1437 1552 in
1460 1498 1717 1554 cordibus
1741 1513 1951 1562 eorum,
1978 1508 2035 1553 et
2061 1497 2213 1568 plau-

622 1602 770 1647 tatur
803 1591 1052 1648 Christus
1096 1591 1226 1647 vitis
1269 1606 1423 1658 vera,
1467 1601 1529 1646 ut
1556 1606 1749 1648 omnes
1797 1607 1867 1647 ex
1894 1606 1961 1647 eo
2011 1607 2213 1663 propa-

620 1693 834 1754 gentur,
861 1695 917 1742 et
940 1695 1155 1742 crescat
1189 1686 1243 1741 in
1267 1694 1381 1741 toto
1411 1695 1680 1741 terrarum
1721 1687 1855 1743 orbe
1886 1686 2042 1742 vinea
2084 1701 2211 1751 una,

619 1794 787 1848 quant
825 1778 983 1835 bonis
1021 1787 1077 1833 et
1122 1778 1440 1834 melioribus
1467 1778 1721 1834 Christus
1752 1779 2029 1834 commisit
2071 1777 2216 1849 agri-

2310 1232 2470 1288 sepes
2511 1233 2725 1289 quoque
2751 1219 2819 1274 ab
2845 1220 2926 1274 eis
2962 1220 3164 1275 ablata.
3212 1220 3381 1289 Quam
3424 1240 3542 1281 sane
3582 1242 3727 1299 sepem
3748 1233 3801 1286 vi-

2314 1325 2430 1366 neae
2479 1312 2820 1368 extrinsecus
2858 1312 3299 1385 circumpositam
3324 1355 3342 1381 ,
3386 1316 3523 1387 ipsas
3565 1319 3803 1392 Scriptum

2307 1399 2464 1470 juxta
2492 1401 2729 1457 litteram
2771 1416 2895 1459 esse
2933 1403 3154 1474 quidam
3184 1405 3448 1473 dixerunt,
3477 1422 3538 1464 eo
3556 1412 3676 1479 quod
3694 1417 3803 1482 quasi

2313 1508 2504 1549 murus
2526 1502 2623 1569 aut
2647 1495 2792 1565 scpis
2823 1494 3077 1551 claudant
3100 1513 3130 1550 a
3157 1496 3292 1553 foris
3330 1514 3447 1569 qua:
3471 1500 3600 1557 intus
3623 1513 3735 1568 sunt,
3758 1522 3804 1559 ut:

2315 1566 2602 1644 videantur
2644 1588 2855 1645 fructus
2899 1591 3100 1658 vineae,
3152 1594 3243 1663 qui
3287 1566 3413 1651 sunt
3452 1596 3503 1651 in
3546 1566 3804 1655 abscondito.

2318 1679 2488 1736 Porro
2530 1682 2794 1737 severitas
2836 1682 2991 1755 legis,
3022 1692 3077 1740 et
3113 1701 3278 1757 grave
3313 1686 3527 1759 jugum,
3553 1690 3742 1746 torcular
3762 1694 3808 1748 ab

2318 1773 2399 1828 eis
2427 1774 2706 1845 accipitur.
2743 1776 2819 1830 De
2860 1792 2969 1847 quo
3008 1776 3139 1849 jugo
3186 1780 3270 1835 vel
3318 1797 3558 1852 pressura
3594 1784 3809 1854 Apostolus

621 1870 777 1936 colis,
808 1870 900 1941 qui
928 1869 1158 1926 reddant
1187 1871 1237 1925 ei
1267 1869 1508 1926 fructum
1554 1870 1906 1942 multiplicem
1948 1870 2210 1940 tempori-
2240 1861 2289 1923 B
2315 1867 2468 1934 dicit,
2504 1868 2649 1938 quod
2687 1883 2789 1924 nec
2827 1886 2928 1925 nos
2967 1873 3244 1943 potuimus
3288 1883 3526 1945 portare,
3559 1889 3648 1932 nec
3680 1887 3811 1947 patres

620 1960 726 2017 bus
752 1962 888 2017 suis.
921 1961 1130 2029 Quibus
1162 1963 1236 2016 ita
1265 1962 1428 2018 dictis
1452 1971 1641 2018 contra
1667 1978 1763 2019 eos
1791 1964 1884 2033 qui
1926 1964 2113 2019 dicunt
2146 1978 2214 2019 ex

622 2051 781 2107 vinea
838 2037 1111 2108 neminem
1149 2067 1309 2122 posse
1367 2054 1577 2125 perire;
1644 2064 1700 2111 et
1765 2055 1918 2111 aiunt
1975 2070 2082 2111 non
2128 2071 2215 2113 so-

623 2143 735 2200 lum
803 2145 859 2199 in
942 2145 1048 2201 hac
1119 2146 1379 2217 parabola
1444 2147 1647 2203 nullam
1722 2148 1925 2219 culpari
1996 2149 2160 2206 vitem
2197 2190 2211 2214 ,

622 2251 818 2292 verum
842 2237 1013 2292 etiam
1066 2236 1220 2293 salva
1298 2237 1614 2296 melioribus
1693 2241 2053 2297 committitur
2124 2257 2216 2297 co-

625 2324 788 2384 lonis.
2138 2320 2143 2325 ’

626 2446 629 2451 ι
696 2419 939 2478 Tandem
992 2422 1284 2481 redeamus
1307 2425 1378 2480 ad
1413 2424 1659 2482 ordinem
1710 2426 1882 2498 ipsius
1923 2426 2213 2498 parabolas,

622 2515 884 2587 quoniam
931 2515 1194 2588 quidquid
1243 2518 1571 2574 aedificatum
1612 2520 1811 2576 dicitur
1852 2521 1906 2575 in
1951 2537 2013 2576 ea
2045 2530 2216 2576 totum

624 2612 911 2683 augustius
937 2610 1100 2666 hodie
1129 2612 1372 2667 cernitur
1392 2613 1447 2667 in
1471 2612 1737 2669 Ecclesia.
1768 2613 1835 2668 Et
1857 2630 1977 2685 sepe
1997 2614 2220 2667 circnm-

625 2702 767 2756 dedit
805 2719 944 2768 eam,
966 2703 1165 2774 inquit,
1193 2703 1247 2759 id
1276 2713 1362 2759 est
1407 2719 1563 2760 muro
1615 2703 1940 2772 Jerusalem,
1976 2704 2059 2760 vel
2107 2719 2220 2759 me-

627 2794 735 2849 lius
761 2794 1081 2864 angelorum
1102 2795 1371 2851 custodia.
1401 2796 1639 2868 Angelos
1664 2798 1809 2853 enim
1849 2797 1955 2852 illis
1977 2795 2221 2868 praefuis-

626 2900 686 2941 se
717 2886 784 2940 ad
810 2887 1116 2942 custodiam
1163 2902 1324 2944 nemo
1365 2889 1457 2958 qui
1501 2890 1728 2954 dubitet,
1772 2905 1895 2945 cum
1929 2891 1986 2944 in
2035 2889 2218 2945 multis

626 2979 765 3032 locis
798 2978 1208 3050 Scripturarum
1246 2980 1319 3036 sit
1347 2989 1647 3036 ostensum.
1684 2980 1855 3047 Unde,
1890 2992 1950 3037 ut
1987 2981 2104 3052 ipse
2128 2980 2219 3037 Jo-

630 3072 832 3141 sephus
872 3081 1086 3139 narrat,
1135 3087 1257 3128 cum
1300 3074 1416 3144 jam
1471 3075 1797 3129 destruenda
1828 3083 1977 3131 esset
2018 3075 2219 3131 misera

629 3165 846 3232 civitas,
878 3173 933 3220 et
957 3166 1187 3236 papulus
1206 3168 1480 3231 obsessus,
1514 3167 1737 3222 vocibus
1759 3167 1813 3221 in
1838 3182 1901 3222 ea
1926 3166 2214 3232 clamasse,

632 3233 997 3313 Transeamus
1023 3233 1092 3313 ex
1122 3258 1209 3315 his
1233 3259 1470 3315 sedibus.
1497 3258 1566 3313 Et
1610 3259 1743 3329 {odit
1775 3260 1830 3313 in
1869 3276 1930 3313 ea
1956 3258 2214 3324 torcular,
2246 3233 2290 3295 C

633 3352 810 3406 altare
867 3352 1075 3409 scilicet
1119 3353 1173 3408 in
1219 3368 1326 3423 quo
1379 3353 1562 3409 omnia
1611 3368 1801 3410 eorum
1841 3353 2221 3424 eliquabantur

630 3451 778 3498 vota.
815 3440 912 3497 Vel
961 3445 1126 3499 etiam
1178 3444 1282 3500 hoc
1328 3455 1550 3516 propter
1599 3444 1690 3501 illa
1730 3445 2022 3501 toreularia
2066 3445 2216 3513 dicit,

629 3547 752 3602 quze
782 3533 839 3590 in
887 3534 1057 3591 titulis
1096 3536 1258 3591 trium
1310 3536 1639 3607 psalmorum
1698 3547 2104 3609 praenotantur;
2154 3553 2220 3593 eo

630 3628 778 3696 quod
808 3628 861 3682 in
899 3628 983 3686 his
1030 3628 1290 3699 mysteria
1318 3628 1613 3686 Dominieae
1640 3630 1908 3701 passionis
1948 3640 2002 3685 et
2034 3630 2221 3685 Eccle-

628 3718 724 3773 siae
754 3714 1096 3774 sacramenta
1126 3728 1629 3791 praemonstrautur.
1672 3719 1787 3775 Non
1814 3721 1959 3775 enim
1988 3718 2090 3776 fuit
2117 3737 2216 3791 po—

628 3809 792 3880 pulus
813 3809 1123 3867 Iudaeorum
1163 3811 1284 3866 sine
1321 3826 1575 3882 pressura
1623 3812 2005 3879 tentationum,
2044 3825 2221 3882 neque

639 3916 706 3958 ex
731 3910 843 3958 toto
872 3902 1156 3975 Synagoga
1200 3917 1386 3958 eorum
1414 3903 1533 3960 sine
1563 3902 1776 3959 fervore
1831 3902 2068 3974 Spiritus
2097 3918 2220 3958 san-

631 3996 727 4051 cti.
761 3995 892 4063 Quae
920 3995 1210 4052 toreularia
1258 4012 1384 4052 cum
1421 3997 1474 4052 in
1503 3996 1743 4052 Ecclesia
1782 3996 1893 4051 sint
1935 3995 2217 4062 translata,

634 4088 983 4160 repleverunt
1008 4097 1188 4146 musto
1217 4088 1456 4161 Spiritus
1471 4090 1646 4147 sancti
1671 4090 1835 4145 corda
1857 4089 2216 4157 credentium;

633 4185 804 4255 cujus
821 4183 1038 4239 fervore
1054 4199 1178 4240 cum
1204 4191 1389 4239 essent
1428 4183 1621 4255 potati,
1651 4183 1790 4239 ebrii
1826 4182 2147 4238 dicebantur
2167 4192 2224 4240 et

633 4276 775 4349 pleni
808 4284 1006 4333 musto.
1038 4275 1168 4332 lnde
1205 4268 1369 4348 igitur
1393 4285 1478 4332 est
1510 4276 1654 4347 quod
1696 4276 1973 4348 prophetae
1996 4285 2053 4332 et
2097 4291 2220 4333 san-

635 4368 711 4423 cti
737 4383 927 4425 omnes
947 4370 1422 4425 sanctofcrventes
1462 4366 1669 4439 Spiritu
1719 4366 2093 4425 adiciebantur
2128 4384 2222 4424 aro

628 4461 762 4519 dore
789 4463 1097 4531 charitatis,
1150 4464 1216 4520 de
1241 4478 1471 4535 quorum
1495 4462 1839 4535 passionibus
1858 4471 1913 4520 et
1951 4464 2223 4535 pressuris

612 4555 768 4611 bene
803 4554 1007 4611 dictum
1028 4562 1130 4622 est,
1165 4556 1311 4628 quod
1353 4556 1472 4612 vino
1510 4557 1799 4612 toreularia
1849 4555 2220 4612 redundabant

628 4645 818 4723 (Prov.
855 4665 941 4717 Ill,
988 4648 1099 4720 10).
1155 4648 1411 4719 Alioquin
1459 4651 1632 4707 sancti
1679 4664 1906 4716 omnes,
1966 4649 2217 4720 nisi,isto

625 4741 764 4799 ebrii
791 4751 978 4799 essent
997 4742 1002 4747 ’
1024 4752 1227 4809 musto,
1254 4759 1531 4815 nunquam
1571 4745 1695 4800 talia
1724 4751 1982 4815 tantaque
2011 4742 2219 4798 ferrent

628 4830 840 4906 sponte,
865 4851 986 4906 qua:
1004 4835 1516 4909 pertulerunt,quos
1541 4836 1778 4909 Spiritus
1804 4846 2026 4894 sanctus
2052 4844 2215 4892 mun-

632 4927 816 4983 dabat.
851 4926 919 4982 Et
950 4926 1089 4984 bene
1124 4927 1327 4983 dictum
1350 4938 1453 4995 est,
1484 4932 1609 5000 quia
1634 4930 1768 5001 {odit
1798 4931 1854 4985 in
1876 4947 1938 4985 ea
1958 4928 2213 4996 torcular,

623 5033 692 5073 eo
713 5019 860 5089 quod
888 5018 1117 5076 interior
1144 5020 1365 5076 ubertas
1388 5020 1598 5079 fructus
1620 5024 1828 5097 gratim,
1859 5025 1963 5080 nisi
1993 5023 2218 5080 haberet

627 5110 796 5167 latius
834 5113 889 5167 in
923 5110 1191 5168 charitate
1242 5113 1407 5187 cprda
1441 5113 1678 5182 defossa,
1727 5132 1835 5172 non
1879 5126 2027 5173 esset
2071 5117 2216 5187 quod

624 5202 821 5258 ﬂueret
849 5211 1001 5258 tanta
1030 5202 1143 5258 vini
1173 5176 1551 5260 eximerantia.
1604 5176 1687 5260 Ad
1731 5208 1834 5263 hoc
1883 5176 2105 5279 quippe.
2126 5208 2219 5262 de—

624 5295 836 5350 fessum
885 5304 971 5350 est
1017 5293 1278 5361 torcular,
1331 5304 1391 5349 ut
1432 5309 1500 5350 ex
1547 5311 1801 5367 pressura
1857 5297 2219 5352 tribulationis

626 5387 864 5443 ebrietas
885 5386 1092 5443 amoris
1111 5397 1167 5444 et
1186 5395 1424 5444 mustum
1453 5396 1670 5443 mternaa
1702 5389 2002 5444 dulcedinis
2029 5388 2215 5460 cepio-

623 5478 739 5535 sius
783 5495 849 5535 ac
911 5478 1072 5534 latius
1139 5479 1289 5535 ﬂuat.
1347 5478 1420 5534 Et
1455 5478 1739 5550 adiﬁcavit
1789 5482 2000 5535 turrim.
2057 5480 2213 5536 Haud

623 5569 847 5626 dubium
905 5571 1037 5642 quin
1088 5571 1387 5642 templum,
1438 5571 1508 5628 de
1555 5585 1663 5642 quo
1718 5571 1918 5627 dicitur
1965 5588 2063 5644 per
2110 5572 2209 5628 Mi-

623 5661 856 5719 chaeam.
896 5661 967 5718 Et
991 5674 1049 5718 tu
1069 5665 1234 5719 turris
1263 5665 1433 5735 gregis
1464 5664 1713 5721 nebulosa
1746 5664 1859 5734 ﬁlia
1904 5665 2031 5721 Sion
2073 5667 2142 5721 ad
2161 5677 2209 5722 te

621 5755 794 5809 veniat
832 5765 1061 5827 potestas
1095 5756 1266 5827 prima
1298 5754 1482 5826 (Mida.
1513 5772 1592 5821 tv,
1613 5756 1690 5827 8).
1721 5756 1826 5812 Sed
1856 5756 1994 5814 forte
2017 5758 2210 5814 melius

621 5842 796 5932 889
846 5842 1117 5902 verticem’
1161 5845 1315 5916 legis,
1370 5854 1427 5902 et
1477 5846 1889 5917 intelligentiam
1925 5849 1991 5905 de
2052 5849 2211 5909 Chri-

2243 4605 2299 4667 D

2319 1960 2513 2015 nostri.
2547 1960 2762 2016 Turrim
2782 1977 2933 2030 vero,
2956 1972 3016 2018 ut
3034 1965 3167 2033 dixi,
3181 1966 3495 2025 aedificatam
3518 1969 3568 2023 in
3588 1984 3661 2035 ea,
3679 1982 3813 2025 ascen-

2318 2063 2437 2102 sum
2484 2047 2887 2121 Scripturarum
2919 2055 3228 2123 habentem,
3255 2059 3587 2115 eminentiam
3619 2068 3665 2115 et
3686 2059 3813 2115 altitu-

2319 2141 2499 2197 dinem
2543 2142 2928 2215 intelligentia,
2962 2162 3124 2219 super
3169 2151 3381 2207 vineam
3424 2152 3603 2223 ipsam,
3625 2160 3671 2208 et
3704 2166 3815 2221 super

2318 2249 2525 2305 sepem,
2552 2245 2606 2290 et
2627 2252 2792 2309 super
2827 2240 3140 2307 toreularia,
3168 2244 3314 2314 quod
3335 2252 3417 2299 est
3438 2245 3641 2300 verbum
3665 2245 3718 2299 de
3737 2244 3815 2314 ipso

2318 2328 2451 2395 Deo,
2479 2338 2535 2385 et
2577 2330 2644 2387 de
2673 2331 3075 2402 dispensatione
3113 2335 3339 2403 Christi,
3369 2346 3423 2393 et
3451 2337 3677 2408 templum
3699 2336 3815 2392 divini

2320 2436 2531 2506 sensus,
2575 2423 2721 2493 quod
2768 2427 3107 2482 construitur
3132 2428 3186 2483 in
3213 2444 3314 2495 eo;
3345 2430 3468 2501 quia
3493 2431 3750 2501 quicunque
3781 2428 3815 2481 in

2319 2511 2519 2569 Christi
2550 2517 2887 2585 protectione
2914 2519 3180 2587 subsistit,
3211 2537 3487 2593 nunquam
3526 2521 3664 2578 facile
3687 2521 3817 2576 vulne-

2321 2610 2496 2671 ratur,
2528 2621 2805 2677 nunquam
2833 2609 2902 2665 ab
2927 2610 3083 2667 hoste
3111 2612 3332 2671 incaute
3355 2614 3620 2685 decipitur.
3644 2612 3728 2669 Sed
3750 2613 3817 2666 mi-

2320 2694 2431 2750 seri
2473 2698 2784 2755 sacerdotes
2829 2711 2885 2755 et
2910 2700 3116 2759 Scribze
3138 2746 3153 2770 ,
3185 2707 3283 2777 qui
3312 2723 3411 2762 nec
3434 2723 3500 2764 ex
3539 2705 3817 2763 torcularibus

2320 2788 2735 2859 prophetarum,
2756 2792 2812 2848 in
2829 2795 3027 2865 quibus
3048 2798 3218 2868 gratia
3235 2801 3409 2856 sancti
3430 2799 3643 2872 Spiritus
3658 2797 3817 2860 fluebat,

2321 2888 2560 2936 mustum
2583 2883 2881 2940 hauserunt
2900 2886 3159 2958 defecatae
3180 2891 3488 2958 vindemize,
3514 2906 3665 2962 neque
3683 2903 3819 2944 ascen-

2322 2970 2523 3029 derunt
2571 2974 2910 3032 altitudinem
2958 2979 3089 3051 legis
3133 2989 3189 3035 et
3236 2983 3632 3054 prophetarum;
3671 2994 3723 3034 ex
3749 2990 3821 3047 qua

2322 3066 2471 3123 velut
2532 3068 2902 3140 speculatores
2957 3071 3238 3129 Christum
3298 3082 3572 3131 venturum
3622 3069 3823 3144 prospice-

2324 3168 2469 3225 rent,
2497 3170 2552 3216 et
2578 3162 2992 3231 specularentur
3013 3180 3134 3235 quae
3154 3175 3385 3223 ventura
3412 3163 3823 3238 praenuntiabath
3926 3180 3927 3183 η

2324 3269 2379 3308 In
2405 3268 2505 3309 eis.
2956 3302 2959 3307 .

2318 3382 2323 3388 .
2398 3344 2532 3401 Cum
2551 3356 2727 3404 autem
2744 3352 3215 3424 appropinquasset
3233 3363 3439 3428 tempus
3459 3355 3712 3426 fructuum,
3727 3347 3824 3405 misit
3926 3390 3927 3413 1

2322 3455 2499 3494 servos
2532 3456 2656 3494 suos
2693 3441 2764 3495 ad
2793 3444 3084 3513 agricolas,
3121 3455 3175 3499 ut
3208 3448 3505 3518 acciperent
3532 3446 3707 3516 fructu:
3731 3440 3824 3509 εγω.
3926 3490 3927 3499 χ

2326 3530 2585 3602 Agricola?
2623 3543 2798 3589 autem
2841 3537 3179 3607 apprehensis
3219 3540 3389 3595 servis
3423 3539 3550 3609 ejus,
3581 3534 3716 3590 alium
3736 3529 3826 3586 ceri-
3926 3526 3927 3531 “

2324 3624 2536 3690 derunt,
2586 3624 2750 3681 alium
2786 3629 3123 3698 occiderunt,
3170 3632 3344 3688 alium
3378 3650 3495 3689 vero
3522 3630 3826 3701 lapidaverat

2328 3718 2561 3775 Dederat
2589 3721 2736 3776 enim
2764 3722 2845 3778 eis
2864 3733 3136 3795 praecepta
3157 3726 3365 3796 operis,
3394 3733 3451 3780 et
3471 3722 3739 3779 instituerat
3751 3711 3829 3769 cul-

2326 3819 2505 3867 turam
2532 3813 2722 3880 vineae,
2745 3823 2807 3871 ut
2823 3815 3059 3873 fructum
3078 3827 3400 3891 perceptum
3425 3820 3479 3875 in
3501 3813 3828 3875 seexhibcrenl-

2323 3902 2430 3973 lPsi
2459 3920 2591 3962 vero
2630 3907 2841 3963 nullum
2880 3910 3199 3967 exhibentes
3239 3912 3478 3968 fructum
3513 3911 3665 3965 vinea:
3698 3910 3828 3958 serto!

2326 3996 2538 4051 Domini
2561 3997 2644 4053 sui
2666 4008 3038 4069 peremerunt,
3058 4009 3115 4056 et
3133 4001 3257 4059 ideo
3272 4003 3414 4059 bene
3427 4010 3617 4073 tempus
3634 3996 3831 4068 [Nam

2324 4089 2507 4159 posuit
2531 4131 2546 4155 ,
2574 4099 2631 4146 et
2672 4106 2781 4147 non
2805 4102 3151 4163 proventum.
3179 4092 3378 4151 Nu'llus
3406 4094 3550 4150 enim
3586 4080 3831 4151 fructusju-

2325 4181 2490 4236 stitia:
2522 4182 2576 4237 in
2601 4182 2683 4239 eis
2705 4185 2947 4249 exstitit,
2981 4185 3160 4242 nullus
3191 4187 3249 4243 in
3278 4186 3532 4253 Christo,
3559 4182 3640 4255 qui
3666 4173 3835 4235 esttibi

2324 4290 2477 4341 vera,
2506 4274 2782 4347 profectus
2810 4276 2958 4332 fidei.
2990 4277 3068 4333 De
3088 4293 3195 4348 qua
3221 4279 3473 4350 profecto
3498 4278 3643 4331 vinea
3661 4272 3752 4341 ipse
3768 4263 3834 4326 ait.

2324 4365 2651 4438 Exspectavi
2672 4377 2733 4424 ut
2752 4366 2959 4423 faceret
2979 4383 3136 4437 uvas,
3149 4368 3285 4426 fecit
3306 4378 3489 4426 autem
3509 4367 3693 4439 spinas.
3706 4358 3837 4425 Itaque

2324 4474 2434 4513 non
2480 4459 2681 4516 laetitiae
2725 4460 2853 4517 vino
2878 4502 2893 4528 ,
2949 4477 3059 4517 non
3113 4463 3347 4533 spiritali
3400 4470 3574 4518 musto
3619 4445 3837 4513 toreularia

2327 4552 2496 4626 890
2537 4567 2728 4609 eorum
2757 4554 3147 4618 redundarunt,
3181 4555 3279 4611 sed
3309 4563 3592 4611 cruentum
3615 4544 3839 4620 propheta“

2328 4663 2448 4703 rum
2473 4648 2792 4720 sanguinem
2830 4646 3108 4704 fuderunt.
3129 4647 3199 4703 Et
3226 4649 3527 4703 notandum
3553 4641 3680 4715 quod
3696 4630 3838 4708 patris-

2329 4738 2564 4795 familias
2620 4748 2705 4795 est
2741 4739 2909 4796 solius
2932 4781 2961 4820 ,ν
3001 4754 3332 4813 cognoscere
3381 4752 3511 4795 vere
3545 4742 3732 4805 tempus
3766 4722 3841 4820 ltu-

2324 4841 2539 4899 ctuum,
2592 4833 2809 4903 quando
2867 4814 3286 4902 uniuscujusque
3345 4828 3581 4888 hominis
3622 4814 3849 4895 appropin'

2327 4940 2500 4995 quare
2523 4925 2735 4992 debeat,
2768 4924 2854 4980 vel
2876 4924 3092 4993 quando
3117 4924 3294 4980 adhuc
3334 4923 3547 4996 longius
3569 4925 3648 4975 est
3670 4918 3840 4980 templ“-

2328 5019 2482 5088 Quod
2512 5019 2645 5075 satis
2669 5017 3016 5073 considerare
3056 5025 3271 5086 oportet
3300 5032 3404 5088 per
3428 5013 3657 5088 singulas
3687 5010 3842 5063 :etatcs.

2322 5128 2432 5169 non
2487 5109 2660 5166 solum
2717 5118 3057 5180 temporum,
3113 5122 3305 5163 verum
3356 5109 3522 5164 etiam
3565 5114 3618 5162 et
3649 5090 3840 5158 hominis.

2328 5202 2479 5258 Unde
2510 5200 2859 5257 considerare
2885 5208 3101 5271 oportet
3136 5214 3205 5254 ex
3235 5215 3348 5269 quo
3374 5207 3595 5254 vocatus
3631 5199 3703 5248 est
3724 5194 3845 5241 ωιυε·

2319 5295 2583 5366 quisque,
2626 5304 2683 5350 et
2725 5294 3123 5351 discutiendum
3160 5302 3247 5350 est
3283 5301 3500 5365 tempus
3528 5287 3645 5345 ﬁdei
3680 5287 3842 5340 nostra

2321 5402 2381 5446 ut
2402 5393 2575 5463 possit
2608 5391 2794 5447 videre
2818 5390 3045 5462 quilibet
3067 5399 3338 5455 nostrum,
3368 5395 3623 5459 quantum
3646 5376 3721 5434 vel
3749 5383 3845 5442 (1³³⁸

2321 5482 2428 5539 lem
2471 5483 2611 5540 ferat
2640 5481 2879 5539 fructum
2915 5482 3214 5538 secundum
3243 5491 3461 5553 tempus
3489 5475 3657 5535 aetatis
3690 5466 3846 5529 sui.et

2322 5576 2656 5632 incrementa
2688 5575 2846 5642 fidei;
2877 5590 2946 5629 ne
2972 5573 3112 5629 forte
3155 5589 3276 5629 cum
3328 5573 3527 5628 debeat
3567 5562 3739 5635 aliquis
3760 5564 3846 5611 ⁸⁵³⁸

2320 5670 2601 5741 magister,
2657 5668 2951 5724 secundum
3012 5665 3343 5721 maturitatis
3400 5673 3644 5735 tempus,
3698 5654 3847 5746 ἰιθτξιιξξ

2319 5739 2455 5832 opus
2493 5762 2688 5819 habeat
2718 5761 2930 5826 doceri,
2973 5758 3153 5830 qualia
3183 5759 3289 5814 sint
3336 5756 3603 5811 elementa
3650 5739 3847 5820 priutril’ii

2318 5852 2658 5921 eloquiorum
2690 5851 2820 5918 Dei;
2860 5861 2915 5906 et
2965 5866 3089 5905 cum
3127 5847 3430 5921 oportuerit
3466 5846 3572 5901 iam
3617 5835 3752 5912 quasi
3774 5837 3845 5886 HI
