4008 6354
278 356 368 413 729

1037 352 1400 410 exposmo
1436 352 1503 408 m
1543 349 1980 408 MATTHEUM.
2021 382 2092 394 -
2131 353 2256 410 LIB.
2293 355 2385 422 ιχ,
2425 357 2576 413 CAP.
2620 358 2758 416 χχι.
2799 326 2802 329 ’

3442 363 3547 419 730

265 486 555 543 prmeoqua
595 480 968 526 maturescere
999 478 1346 539 mustumque
1377 466 1643 540 proferre,
1676 475 1730 521 et
1764 466 1850 536 ju-
1883 465 1937 528 Α
1961 481 2087 537 gna,
2109 475 2165 523 et
2195 477 2390 524 caetera
2417 486 2538 541 quae
2567 474 2622 526 in
2648 486 2714 528 eo
2736 471 3006 543 leguntur.
3036 473 3176 545 Ergo
3198 477 3339 546 quod
3365 492 3548 549 p.ures

265 562 594 618 cunditatem
647 561 820 618 sancti
845 561 1080 630 Spiritus
1128 561 1418 627 exhibere,
1463 569 1574 614 tum
1615 558 1848 629 primum

262 661 541 725 turgescat
568 654 622 708 in
658 668 947 724 gemmam.
970 652 1097 707 [nde
1127 653 1291 723 igitur
1319 652 1563 722 estquod
1598 667 1722 708 cum
1762 651 1853 706 de-

258 747 446 802 berent
475 747 723 817 quidam,
756 755 1019 817 quantum
1061 744 1128 799 ad
1171 755 1382 816 tempus
1432 745 1852 814 dispensationis

257 837 366 902 Dei,
424 847 484 893 et
532 839 828 894 secundum
864 837 1203 892 vocationem
1253 851 1444 902 suam,
1488 835 1603 904 jam
1643 834 1850 891 fructus

258 929 451 984 aﬁ‘erre
475 927 768 992 ubertatis,
794 936 871 1006 ut.
896 927 1118 982 omnino
1160 943 1268 982 non
1297 927 1564 991 habeant;
1607 937 1694 982 aut
1725 944 1848 982 cum

258 1028 524 1082 deberent
579 1024 778 1079 habere
808 1022 1096 1093 perfectos,
1149 1023 1386 1078 habeant
1436 1031 1589 1078 extra
1641 1030 1850 1091 tempus

259 1118 537 1181 ﬂorentes,
569 1123 627 1170 et
651 1129 754 1170 non
783 1114 836 1168 in
867 1123 1107 1184 tempore
1141 1128 1241 1170 suo
1265 1128 1508 1169 acervos.
1535 1113 1640 1168 Sed
1670 1122 1851 1185 pater—

260 1213 495 1268 familias
526 1209 680 1265 novit
709 1225 808 1280 pro
836 1217 985 1265 certo
1014 1210 1231 1280 quando
1268 1210 1461 1265 debeat
1493 1225 1612 1266 esse
1637 1218 1850 1280 tempus

243 1302 567 1367 vindemiae,
599 1311 656 1356 et
683 1305 898 1372 quando
923 1303 1220 1375 exigendus
1261 1313 1347 1360 est
1374 1303 1583 1360 fructus
1613 1304 1850 1374 singulo-

265 1411 393 1450 rum.
427 1395 499 1450 Et
532 1396 657 1451 ideo
683 1397 761 1452 ait
792 1397 858 1453 de
883 1397 989 1453 illis
1018 1416 1031 1452 :
1057 1395 1189 1453 Cum
1215 1399 1682 1470 appropinquasset
1721 1409 1849 1453 tem-

266 1509 348 1561 pus
409 1491 718 1560 fructuum;
777 1491 902 1560 quia
953 1491 1110 1562 longe
1162 1491 1253 1546 diu
1304 1499 1458 1557 erat,
1497 1492 1714 1561 quando
1754 1506 1851 1561 per

270 1579 479 1650 Moysen
525 1579 702 1650 legem
731 1590 1077 1651 acceperant,
1129 1580 1420 1652 multisque
1448 1582 1542 1637 Dei
1572 1580 1849 1637 beneﬁciis

271 1671 478 1735 eruditi,
499 1670 618 1741 jam
643 1679 856 1743 tempus
879 1683 1000 1728 erat
1035 1680 1095 1727 ut
1117 1671 1354 1728 fructum
1381 1672 1506 1729 ﬁdei
1538 1673 1606 1728 de
1633 1673 1850 1728 Christo

271 1771 319 1817 et
361 1762 427 1817 de
475 1762 590 1818 Deo
619 1761 782 1818 Patre
829 1763 1017 1819 saltem
1072 1765 1125 1819 in
1167 1773 1410 1835 tempore
1458 1765 1845 1836 prophetarum

1926 609 1932 616 .
1956 573 2144 613 rursus
2172 561 2238 614 ad
2267 575 2362 615 eos
2393 563 2699 627 mittuntur,
2715 563 2891 618 'nimia
2919 564 3135 622 bonitas
3177 576 3278 632 est,
3312 577 3368 624 et
3397 569 3539 624 infa-

1953 650 2188 719 tigabilis
2216 652 2494 721 patientia.
2525 651 2625 720 Qui
2653 669 2776 708 cum
2799 664 2922 726 post
2948 663 3096 711 tanta
3114 657 3399 726 beneﬁcia,
3423 660 3543 717 sine

1953 744 2235 797 exactione
2267 743 2385 809 Dei,
2411 755 2464 798 et
2494 745 2880 816 prophetarum
2924 746 3308 815 admonitione,
3345 750 3546 806 debue-

1952 842 2079 888 rant
2109 833 2338 889 Domiuo
2377 833 2603 903 justitia:
2634 851 2768 902 suae,
2803 846 2859 892 et
2905 838 3028 893 fidei
3074 839 3140 895 de
3177 839 3416 906 Christo,
3450 842 3548 896 tri-

1952 925 2080 979 buta
2110 941 2176 981 ac
2219 927 2484 981 bonorum
2514 944 2739 998 operum
2781 929 3094 999 persolvere
3124 930 3326 998 debita,
3357 932 3542 988 reddi—

1953 1015 2149 1071 derunt
2177 1017 2316 1072 mala
2347 1034 2445 1088 pro
2476 1019 2649 1074 bonis.
2700 1018 2812 1075 Nec
2841 1028 3024 1076 tamen
3075 1022 3156 1076 sic
3198 1023 3544 1079 credentibus

1955 1109 2080 1178 illis,
2109 1127 2232 1168 eum
2261 1112 2540 1169 debuisset
2569 1114 2740 1184 magis
2760 1129 2859 1184 pro
2888 1115 3230 1171 contumeliis
3260 1130 3541 1170 servorum

1952 1222 2073 1277 quae
2110 1208 2428 1273 intulerant,
2462 1209 2646 1275 irasci,
2694 1209 2861 1264 mittit
2906 1211 3084 1265 adhuc
3115 1209 3326 1280 plures;
3371 1209 3545 1265 mino-

1952 1312 2040 1354 res
2069 1298 2272 1354 scilicet
2320 1301 2636 1370 prophetas,
2684 1300 2844 1356 simul
2882 1316 3008 1356 cum
3059 1301 3374 1372 majoribus,
3402 1315 3540 1372 quos

1951 1405 2091 1461 peue
2118 1407 2226 1446 uno
2257 1392 2310 1446 in
2347 1401 2589 1461 tempore
2635 1394 2950 1464 aggregavit
2969 1394 3174 1463 pariter
3209 1409 3333 1448 cum
3367 1408 3547 1450 sacer-

1954 1483 2171 1538 dotibus
2201 1491 2256 1538 et
2295 1482 2491 1538 levitis.
2519 1484 2725 1550 Quibus
2756 1484 3078 1552 interfectis,
3109 1487 3184 1541 ita
3211 1495 3271 1541 ut
3291 1485 3545 1542 Hierusa-

1953 1575 2080 1641 lem,
2127 1584 2266 1631 teste
2293 1579 2592 1647 propheta,
2646 1577 2948 1648 repleretur
2993 1579 3274 1650 sanguine,
3320 1588 3543 1650 propter

1951 1666 2249 1722 bonitatem
2274 1676 2328 1722 et
2358 1668 2579 1722 nimiam
2605 1669 2923 1738 patientiam
2953 1684 3127 1735 suam,
3150 1678 3212 1725 ut
3238 1670 3323 1725 vel
3347 1669 3426 1726 sic
3448 1684 3544 1725 eos

1953 1761 2198 1816 vinceret
2227 1776 2321 1831 per
2363 1761 2729 1828 clementiam,
2755 1763 2907 1818 misit
2937 1762 3017 1819 eis
3061 1763 3228 1817 filium
3270 1778 3450 1818 suum.
3475 1761 3544 1818 Et

268 1857 575 1923 redderent,
603 1873 767 1928 quam
801 1867 856 1913 et
902 1859 1006 1929 ipsi
1054 1858 1419 1915 abundantius
1463 1869 1626 1930 atque
1673 1858 1849 1930 perfe-
1877 1843 1926 1903 Β
1954 1857 2100 1912 hunc
2148 1871 2262 1911 non
2311 1855 2468 1926 quasi
2533 1857 2602 1912 ad
2663 1855 2957 1922 obnoxios,
3018 1855 3183 1927 892
3219 1853 3540 1912 sententiam

269 1951 400 2006 ctius
420 1951 842 2006 annuntiabant.
861 1949 969 2007 Sed
993 1951 1065 2006 illi
1087 1951 1420 2006 infidelitatis
1433 1953 1565 2022 jugo
1585 1951 1846 2022 depressi,

271 2041 422 2096 alium
451 2042 791 2106 ceciderunt,
820 2043 963 2099 sicut
990 2041 1288 2109 Michaeam,
1320 2043 1538 2115 quando
1580 2044 1850 2114 percussit

274 2152 384 2192 eum
425 2135 690 2192 Sedecias
744 2136 886 2192 ﬁlius
925 2136 1183 2192 Chanaan
1212 2137 1265 2192 in
1314 2136 1590 2192 maxillam
1621 2137 1853 2206 pseudo-

274 2230 562 2299 prophetre,
611 2230 846 2300 etjussit
885 2244 954 2284 ne
1001 2230 1384 2300 prophetaret;
1425 2230 1590 2284 alium
1638 2228 1853 2286 occide-

280 2331 412 2385 runt,
465 2322 608 2376 sicut
657 2321 996 2387 Zachariam,
1044 2321 1188 2377 inter
1235 2322 1489 2392 templum
1539 2330 1594 2377 et
1643 2321 1848 2388 altare;

283 2413 431 2467 alium
465 2413 861 2484 lapidaverunt,
892 2413 1034 2468 sicut
1066 2412 1374 2478 Nabuthau,
1423 2411 1578 2482 cujus
1606 2413 1706 2468 etsi
1738 2413 1857 2467 nul-

287 2502 383 2558 lum
431 2507 744 2575 accepimus
786 2503 1158 2574 propheticum
1220 2506 1486 2569 verbum,
1546 2504 1856 2575 accepimus

287 2601 450 2652 tamen
479 2596 532 2651 in
555 2612 680 2652 eum
707 2597 1080 2667 propheticum
1115 2597 1346 2663 factum;
1376 2598 1504 2668 quia
1530 2595 1724 2652 multos
1754 2612 1854 2669 pro

287 2688 379 2744 hac
405 2691 559 2745 vinea
610 2689 821 2745 futuros
859 2698 1126 2761 martyres
1171 2689 1390 2760 proprio
1425 2689 1687 2760 sanguine
1730 2705 1856 2760 pro-

282 2781 530 2851 phetavit.
562 2780 670 2837 Sed
693 2779 1048 2838 etJeremiam
1072 2780 1254 2836 multis
1275 2782 1724 2836 excruciaverunt
1749 2790 1856 2837 tor-

283 2875 505 2941 mentis,
563 2889 725 2944 quem
780 2873 999 2930 demum
1051 2874 1106 2928 in
1160 2874 1281 2928 lacu
1332 2873 1613 2928 miserunt.
1666 2872 1856 2928 Isaiam

284 2981 490 3036 quoque
521 2964 736 3019 facilius
769 2979 867 3033 per
908 2964 1142 3019 medium
1167 2973 1444 3030 seearuut,
1482 2980 1512 3017 a
1539 2964 1741 3019 vertice
1763 2979 1857 3019 ea-

279 3061 401 3130 pitis
420 3077 589 3132 usque
614 3063 682 3116 ad
713 3061 840 3125 ima,
873 3076 1035 3131 quam
1088 3060 1204 3129 ejus
1241 3060 1426 3126 ﬁdem,
1462 3061 1684 3131 ejusque
1730 3076 1859 3117 con-

275 3155 524 3209 stantiam
553 3154 971 3224 disrumperent.
1016 3153 1093 3208 E0
1122 3153 1282 3225 891
1319 3153 1482 3223 igitur
1519 3152 1718 3209 factum
1750 3163 1852 3216 est,

272 3243 400 3313 quia
433 3251 645 3312 tempus
673 3240 947 3296 fructuum
999 3240 1252 3306 instabat,
1283 3251 1342 3294 ut
1378 3241 1687 3311 complures
1721 3241 1857 3298 alios

266 3349 459 3390 servos
492 3335 560 3389 ad
601 3333 948 3404 accipiendos
988 3331 1200 3387 fructus
1253 3333 1607 3400 destinasset,
1663 3343 1724 3390 ut
1769 3350 1858 3390 ac-

259 3428 516 3497 ciperent
571 3425 781 3480 fructus
826 3423 1247 3494 uniuscujusque
1295 3424 1441 3479 vitis.
1484 3423 1654 3482 Nemo
1696 3427 1862 3498 igitur

256 3530 379 3585 est,
432 3520 523 3589 qui
570 3519 844 3589 ambigat,
895 3533 1082 3573 servos
1135 3517 1425 3588 prophetas
1479 3518 1618 3583 dici,
1664 3518 1756 3590 qui
1793 3518 1861 3574 ad

259 3624 376 3663 eos
436 3625 595 3678 quam
644 3625 786 3680 saepe
834 3608 989 3664 missi
1041 3618 1184 3663 sunt.
1235 3608 1342 3663 Sed
1384 3607 1525 3664 forte
1575 3610 1709 3665 dicit
1758 3610 1859 3665 ali-

257 3703 401 3773 quis
426 3743 441 3769 ,
493 3703 632 3773 quod
681 3702 960 3773 prophetae
1013 3717 1121 3755 non
1164 3700 1233 3754 ad
1267 3699 1610 3771 accipiendos
1651 3698 1862 3757 fructus

254 3796 426 3851 missi
456 3804 602 3858 sunt,
647 3795 891 3864 quinimo
936 3802 997 3847 ut
1030 3801 1385 3864 operarentur
1415 3793 1536 3862 ipsi,
1569 3801 1623 3847 et
1650 3792 1862 3849 excole-

257 3894 395 3941 rent
453 3886 708 3950 vineam,
773 3883 1004 3955 operarii
1071 3884 1248 3953 potius
1305 3891 1431 3938 sunt
1489 3883 1718 3939 dicendi.
1770 3881 1862 3938 Vi-

257 3980 496 4034 deamus
544 3993 676 4049 ergo
716 3977 762 4032 si
816 3992 1104 4046 possumus
1149 3977 1362 4042 dicere,
1411 3976 1538 4047 quia
1591 3977 1861 4047 spiritales

259 4071 481 4128 fructus
506 4080 564 4129 et
585 4071 796 4126 divinas
819 4071 1121 4126 oblationes
1150 4071 1263 4126 Deo
1292 4070 1442 4127 Patri
1466 4087 1530 4127 ac
1557 4071 1717 4138 Filio,
1746 4071 1858 4141 jam

265 4173 487 4236 tempus
509 4173 650 4228 erat,
687 4167 740 4220 in
777 4165 894 4236 lege
923 4163 1097 4220 edocti
1126 4162 1391 4231 Judaei,ut
1409 4163 1782 4235 persolverent
1808 4166 1863 4220 in

268 4257 403 4324 ﬁde,
440 4259 678 4316 maxime
719 4257 892 4314 levitas
923 4265 977 4312 et
1016 4258 1362 4322 sacerdotes,
1395 4265 1558 4327 atque
1591 4257 1864 4328 principes

272 4353 496 4423 populi,
549 4353 645 4424 qui
701 4351 982 4407 coluerant
1024 4351 1278 4417 vineam,
1329 4356 1385 4405 et
1447 4347 1866 4404 dominabantur

278 4458 486 4500 eorum.
539 4445 623 4498 Ad
684 4461 821 4516 quos
882 4443 1187 4500 transmissi
1249 4449 1375 4496 sunt
1417 4442 1735 4512 prophetae,
1805 4451 1865 4496 ut

1954 1963 2126 2020 poma!
2170 1947 2529 2019 bajulantem,
2585 1949 2687 2003 sed
2734 1947 3163 2002 misericordiam
3209 1947 3379 2001 veniae
3421 1953 3546 2015 post

1957 2051 2035 2098 tot
2081 2041 2313 2107 scelera,
2361 2049 2482 2111 post
2520 2040 2703 2097 omnia
2752 2041 2946 2094 damna
2993 2037 3202 2093 fructus
3229 2081 3245 2107 ,
3284 2044 3410 2107 post
3455 2037 3544 2092 in-

1955 2135 2239 2191 solentiam
2299 2134 2618 2205 pravitatis,
2673 2132 2850 2187 adhuc
2899 2131 2980 2186 eis
3034 2130 3212 2185 locum
3271 2128 3544 2200 poeniten-

1955 2230 2044 2284 tia:
2059 2243 2302 2285 servans.
2335 2227 2401 2281 Et
2422 2227 2556 2282 dicit
2586 2225 2659 2280 ita
2687 2238 2702 2278 :
2735 2221 2988 2278 Forsitan
3011 2221 3322 2276 verebuntur
3344 2216 3546 2272 Filium

1957 2337 2150 2376 meum.
2184 2319 2307 2374 Vult
2333 2333 2461 2390 ergo
2513 2332 2609 2373 eos
2662 2315 2836 2386 magis
2864 2312 3137 2376 confundi,
3173 2328 3237 2368 ac
3286 2309 3543 2373 revereri,

1957 2429 2120 2486 quam
2141 2413 2354 2484 punire.
2397 2409 2648 2478 Alioquin
2679 2422 2778 2479 pro
2811 2406 2978 2461 tantis
3005 2405 3217 2475 injuriis
3265 2403 3402 2458 ultio
3440 2400 3549 2458 cul-

1956 2519 2150 2575 parum
2191 2500 2472 2556 inferenda
2511 2499 2627 2570 jam
2658 2504 2798 2554 erat.
2840 2495 2948 2550 Sed
2994 2492 3384 2564 benignissimo
3434 2492 3545 2546 Deo

1957 2594 2158 2653 sufﬁcit
2205 2593 2320 2650 sola
2368 2591 2600 2646 vindicta
2650 2588 2870 2659 pudoris
2909 2585 2978 2642 ad
3025 2586 3276 2650 veniam,
3323 2591 3378 2638 et
3431 2581 3543 2638 sola

1957 2690 2200 2764 perfecta
2238 2687 2522 2744 conversio
2551 2685 2617 2741 ad
2648 2683 3058 2755 indulgentiam.
3085 2680 3220 2736 Nam
3260 2681 3438 2736 omnis
3466 2678 3550 2737 in-

1953 2785 2098 2853 juria
2147 2784 2321 2838 servis
2359 2780 2505 2835 illata
2535 2779 2604 2834 ad
2637 2776 2852 2834 Domini
2883 2775 3107 2847 respicit
3141 2772 3546 2830 contumeliam.

1961 2878 2166 2934 Tamen
2213 2873 2378 2929 mittit
2401 2873 2599 2927 Filium
2654 2884 2836 2934 suum,
2883 2883 2990 2923 non
3044 2866 3388 2937 adoptivum;
3441 2879 3549 2918 non

1962 2969 2178 3025 aliunde
2219 2982 2382 3038 quam
2428 2981 2494 3020 ex
2548 2979 2607 3020 se
2654 2963 2915 3033 genitum,
2944 2961 3038 3016 sed
3087 2959 3409 3031 proprium,
3457 2955 3551 3028 qui

1962 3060 2200 3133 possidet
2227 3074 2345 3130 quae
2365 3057 2549 3112 Patris
2579 3063 2706 3112 sunt
2736 3064 2766 3109 a
2793 3062 3008 3119 natura,
3038 3052 3224 3108 dicens
3258 3068 3271 3105 :
3300 3047 3552 3104 Forsitan

1962 3153 2277 3208 verebuntur
2297 3148 2499 3204 Filium
2531 3165 2722 3203 meum.
2748 3146 2860 3203 Hoc
2886 3145 3084 3217 quippe
3112 3143 3410 3199 dubitantis
3428 3157 3555 3212 pro-

1963 3247 2245 3313 verbium,
2280 3259 2388 3300 non
2429 3244 2494 3298 de
2542 3242 2851 3314 ignorantia
2900 3240 3084 3305 venit,
3136 3253 3312 3308 neque
3341 3252 3408 3292 ex
3446 3235 3554 3292 ulla

1962 3340 2237 3395 dubietate
2257 3335 2613 3409 praascientite
2641 3333 2760 3390 Dei.
2793 3330 2933 3401 Quid
2964 3331 3109 3387 enim
3144 3329 3352 3385 nesciat
3371 3337 3554 3399 pater-

1961 3431 2216 3496 familias,
2259 3427 2561 3499 praesertim
2590 3440 2714 3480 cum
2769 3424 2873 3479 hoc
2912 3422 3033 3477 loco
3063 3419 3208 3476 Deus
3257 3419 3420 3474 Pater
3471 3417 3556 3473 in-

1967 3522 2274 3593 telligatur?
2314 3521 2422 3577 Sed
2482 3519 2604 3574 ideo
2662 3517 2939 3588 ambigere
2999 3514 3231 3580 dicitur,
3290 3521 3351 3569 ut
3384 3511 3556 3570 libera

1963 3615 2046 3670 eis
2072 3612 2321 3667 voluntas
2370 3617 2698 3674 reservetur,
2752 3615 2808 3662 et
2851 3605 3026 3676 gratia
3064 3602 3344 3660 offeratur.
3397 3601 3550 3658 Unde

1963 3707 2224 3779 arguendi
2251 3713 2378 3760 sunt
2408 3701 2669 3768 haeretici,
2702 3699 2794 3771 qui
2825 3698 3012 3755 dicunt
3039 3695 3238 3752 Filium
3275 3696 3551 3767 ignorare,

1963 3818 2029 3860 eo
2073 3799 2213 3872 quod
2242 3798 2320 3854 ait
2360 3797 2504 3852 diem
2553 3793 2902 3850 novissimam
2951 3789 3226 3846 neminem
3256 3789 3399 3844 scire
3448 3787 3552 3844 nisi

1961 3894 2203 3950 Patrem.
2231 3889 2375 3945 Dicit
2394 3887 2542 3943 enim
2567 3885 2711 3958 quod
2738 3883 2880 3939 diem
2905 3880 3053 3938 illam
3080 3895 3242 3936 nemo
3267 3879 3414 3934 novit
3448 3875 3556 3933 nisi

1964 3986 2112 4042 solus
2145 3984 2336 4047 Pater,
2368 3987 2422 4036 et
2449 3979 2536 4034 cui
2587 3979 2705 4050 ipse
2745 3975 2980 4032 voluerit
3019 3989 3140 4031 eam
3190 3972 3454 4038 revelare,
3503 3977 3559 4025 et

1968 4089 2146 4135 tamen
2170 4077 2224 4130 in
2256 4073 2402 4129 nullo
2421 4071 2594 4152 Filius
2613 4071 2792 4126 minor
2814 4068 2974 4123 Patre
2999 4065 3347 4137 praedicatur,
3372 4078 3555 4134 neque

1967 4173 2020 4227 in
2046 4174 2335 4241 potestate,
2387 4177 2563 4234 neque
2611 4161 2666 4216 in
2717 4159 2975 4225 scientia,
3009 4171 3182 4227 neque
3215 4156 3268 4211 in
3308 4155 3416 4210 ulla
3449 4153 3560 4209 alia

1965 4279 2046 4319 re.
2080 4260 2294 4316 Idcirco
2340 4256 2483 4312 sicut
2515 4253 2586 4310 ibi
2620 4252 2690 4308 ad
2737 4250 2944 4322 aliquid
2979 4262 3038 4305 se
3073 4249 3288 4305 nescire
3314 4247 3447 4304 dicit
3469 4245 3561 4302 Fi-

1967 4357 2106 4421 lius;
2159 4354 2234 4408 ita
2261 4359 2314 4407 et
2339 4349 2430 4405 hic
2458 4349 2524 4404 ad
2553 4343 2755 4416 aliquid
2807 4343 2972 4400 Pater
3021 4341 3270 4398 dubitare
3300 4338 3560 4396 creditur.

1967 4447 2197 4516 Propter
2223 4440 2364 4511 quod
2395 4447 2450 4494 et
2493 4436 2819 4493 sententiam
2853 4442 3140 4504 temperat,
3171 4448 3276 4488 non
3317 4438 3379 4486 ut
3408 4430 3562 4502 igno-

285 4538 589 4610 acciperent
609 4535 901 4608 perfectam
931 4533 1339 4605 intelligentiam
1366 4547 1574 4598 eorum,
1604 4534 1670 4589 de
1704 4534 1864 4589 Patre
1896 4563 1944 4623 Β
1969 4546 2054 4595 ret
2098 4533 2243 4606 quod
2292 4530 2535 4586 futurum
2565 4537 2707 4592 erat,
2747 4525 2844 4581 sed
2893 4533 2957 4623 lit
2995 4522 3563 4623 introducatnmodum

286 4640 343 4683 et
367 4629 516 4699 Filio,
547 4631 715 4686 etiam
745 4636 800 4684 et
829 4628 895 4683 de
923 4626 1132 4697 Spiritu
1160 4633 1378 4691 sancto;
1410 4640 1625 4680 necnon
1653 4633 1710 4680 et
1747 4639 1862 4680 om-

292 4722 376 4775 nia
407 4732 559 4778 rectae
588 4721 713 4776 ﬁdei
743 4735 932 4791 opera,
973 4734 1094 4789 quae
1125 4719 1179 4772 in
1215 4717 1351 4788 lege,
1407 4725 1517 4772 tam
1549 4715 1864 4787 signiﬁcan-

295 4816 372 4869 dac
408 4831 565 4890 quam
616 4813 837 4886 agendae
883 4812 1027 4878 vitae,
1070 4810 1268 4865 tradita
1311 4816 1465 4874 sunt,
1516 4817 1570 4864 et
1610 4807 1869 4864 offerrent

295 4921 391 4972 ea,
441 4906 598 4978 quasi
642 4904 989 4966 sacerdotes,
1040 4901 1172 4955 Deo.
1205 4900 1272 4954 Et
1318 4899 1447 4970 quia
1487 4898 1602 4969 jam
1656 4908 1888 4979 tempus

295 4998 568 5054 vindemia:
611 5005 984 5068 permaturum
1012 5001 1150 5058 erat,
1180 5000 1240 5046 ut
1273 4992 1341 5046 ab
1385 4991 1515 5062 ipsis
1559 4991 1869 5060 acciperent

299 5091 589 5146 ubertatem
639 5087 964 5160 spiritalium
1018 5101 1197 5141 rerum
1252 5085 1496 5148 fructus,
1550 5092 1604 5140 et
1652 5083 1868 5155 plenam

301 5183 532 5238 notitiam
578 5181 837 5246 Deitatis;
869 5178 1018 5234 missi
1056 5185 1182 5234 sunt
1206 5177 1282 5232 ita
1308 5185 1367 5231 ut
1407 5187 1462 5230 et
1505 5176 1606 5246 ipsi
1633 5177 1870 5247 operarii

301 5285 469 5330 eSsent
491 5276 661 5330 vineae
694 5271 1096 5350 perfectissimi,
1123 5279 1176 5324 et
1197 5269 1432 5324 fructum
1464 5266 1670 5324 ferrent
1708 5270 1897 5326 uber-.

303 5366 506 5433 rimum,
543 5383 608 5422 ac
633 5367 678 5422 si
707 5365 956 5436 palmites
986 5379 1128 5418 vera:
1156 5362 1299 5417 vitis.
1339 5361 1541 5416 Deinde
1582 5361 1875 5432 peremptis

301 5460 652 5528 paucioribus,
678 5455 1069 5529 paterfamilias
1114 5453 1260 5508 misit
1287 5452 1470 5522 plures
1501 5451 1774 5521 prioribus
1801 5450 1869 5506 ad
1895 5511 1898 5514 ,

302 5552 506 5606 eosdem
553 5550 727 5604 vinea:
773 5546 1034 5611 colonos,
1081 5554 1134 5599 et
1189 5545 1434 5599 fecerunt
1480 5543 1559 5598 eis
1600 5541 1866 5598 similiter.

299 5639 454 5699 Plena
492 5653 577 5700 est
610 5643 1015 5713 Scripturarum
1051 5639 1220 5694 series
1270 5635 1482 5690 Veteris
1510 5635 1869 5701 Testamenti,

299 5741 435 5805 quod
460 5739 774 5794 innumeros
794 5725 1108 5792 occiderunt
1131 5732 1440 5804 prophetas.
1462 5730 1568 5786 Sed
1592 5737 1647 5784 et
1677 5729 1873 5784 Paulus
1906 5777 1908 5780 ,

299 5843 478 5885 comm
500 5830 761 5886 describit
787 5843 1004 5900 agones,
1036 5827 1178 5898 quod
1209 5841 1305 5898 per
1328 5823 1487 5880 ﬁdem
1514 5821 1763 5878 vicerunt
1792 5836 1866 5877 re-
1903 5872 1906 5876 ί

1968 4623 2253 4698 loquendi,
2283 4623 2471 4691 sicque
2503 4633 2598 4674 eos
2647 4631 2748 4672 suo
2791 4615 2968 4687 capiat
3012 4613 3215 4686 judicio
3243 4611 3440 4684 quibus
3484 4610 3564 4665 lo-

1969 4721 2194 4792 quitur,
2243 4723 2300 4771 et
2348 4719 2591 4784 praestet,
2655 4725 2719 4765 ac
2776 4709 2821 4764 si
2887 4709 3124 4764 lmmano
3167 4706 3414 4776 eloquio,
3481 4704 3563 4760 lo-

1971 4828 2095 4870 cum
2153 4805 2530 4866 convertendi.
2581 4803 2655 4859 At
2688 4818 2820 4859 vero
2849 4801 3122 4870 haeretici
3151 4798 3412 4870 quidquid
3463 4796 3568 4852 hoc

1970 4903 2090 4962 loco
2129 4916 2230 4973 pro
2261 4906 2418 4972 parte
2461 4895 2859 4967 responderint,
2894 4903 3065 4949 totum
3112 4904 3433 4962 responsum
3479 4889 3564 4944 in-

1975 4998 2217 5068 telligant
2241 5001 2296 5048 et
2329 5006 2428 5062 pro
2452 4989 2611 5053 Filio,
2643 4988 2737 5060 qui
2776 5002 2834 5042 se
2865 4986 2996 5041 dicit
3023 4985 3271 5057 ignorare
3314 4996 3568 5037 consum-

1977 5085 2231 5146 mationis
2275 5082 2437 5138 diem.
2485 5078 2598 5134 Nisi
2643 5077 2779 5133 forte
2827 5077 2931 5132 alio
2975 5090 3136 5130 sensu
3183 5074 3297 5129 haec
3345 5070 3572 5142 quaestio

1978 5183 2084 5238 ista
2111 5176 2373 5240 solvatur,
2402 5181 2462 5228 ut
2499 5170 2589 5226 alii
2625 5171 2733 5227 sint
2759 5186 2822 5224 ex
2854 5167 3056 5230 htdaais
3087 5165 3178 5236 qui
3214 5162 3430 5219 reveriti
3463 5162 3574 5217 sint

1980 5270 2176 5326 Filium
2207 5267 2325 5330 Dei,
2357 5272 2412 5319 et
2439 5263 2526 5319 alii
2557 5261 2735 5317 coloni
2765 5259 2864 5324 illi,
2901 5258 2991 5327 qui
3036 5256 3287 5311 dixerunt
3313 5272 3325 5308 :
3364 5251 3467 5307 llic
3496 5263 3572 5308 est

1981 5363 2172 5424 hwres,
2215 5357 2404 5421 venite,
2451 5353 2750 5408 occidamus
2791 5366 2951 5404 eum-
2977 5347 3044 5403 Et
3090 5357 3271 5402 tamen
3311 5347 3465 5418 quasi
3508 5345 3574 5400 de

1977 5453 2229 5510 omnibus
2264 5450 2394 5505 dicit
2427 5445 2648 5511 Judreis,
2691 5440 2836 5514 quod
2865 5440 3100 5496 occisuri
3129 5441 3236 5495 sint
3274 5455 3420 5506 eum,
3449 5453 3573 5495 cum

1978 5559 2087 5600 non
2127 5556 2318 5597 omnes
2359 5538 2529 5594 Judaei
2569 5534 2866 5590 occiderint
2898 5531 3192 5597 Christum,
3226 5533 3320 5588 sed
3367 5539 3574 5587 tantum

1977 5636 2070 5707 qui
2110 5632 2406 5688 secundum
2444 5643 2664 5682 carnem
2712 5625 2928 5679 fuerunt
2976 5624 3118 5679 servi
3149 5622 3350 5690 Judaei;
3402 5623 3475 5678 ita
3520 5631 3577 5678 et

1981 5729 2069 5785 hic
2120 5736 2286 5781 totum
2331 5739 2429 5793 pro
2477 5721 2638 5775 Patre
2697 5719 2835 5774 forte
2895 5720 3148 5792 ponitur,
3206 5720 3578 5775 reverebantur

1982 5820 2186 5876 Filium
2235 5833 2426 5882 meum,
2471 5815 2624 5885 quasi
2662 5829 2850 5869 omnes
2905 5830 3028 5869 eum
3083 5813 3190 5868 sint
3247 5811 3542 5870 rever-ituri
