4008 6354
119 371 205 426 .733
889 359 1254 418 EXPOSITIO
1289 361 1352 416 ΙΝ
1392 360 1690 416 ΜΔΤΤΗᾸ

1792 360 1828 416 l.
1865 387 1940 407 --
1974 357 2099 415 un.
2139 356 2232 425 tu,
2274 359 2436 414 CAP.
2465 357 2605 427 xxi.

3279 358 3382 426 78

127 504 178 558 ad
197 516 290 556 eos
312 499 406 569 qui
444 498 729 560 dicebant,
762 495 916 561 Non,
943 497 1031 550 sed
1062 497 1262 550 seducit
1301 497 1482 550 turbas
1511 495 1694 566 (Joan.
1725 497 1775 558 Α
1803 497 1870 549 rit
1899 497 1956 549 iu
1979 499 2108 550 eum
2139 512 2242 550 non
2281 493 2630 564 confundetur
2677 494 2812 565 (Iba.
2865 491 3062 561 xx'vm’,
3099 498 3208 570 16).
3255 499 3376 570 Ipse

129 612 182 650 vn
201 636 220 658 ,.
246 592 355 662 li).
397 589 546 662 Quia
589 590 643 642 in
690 575 893 642 eisdem
928 589 1102 644 turbis
1132 589 1251 666 dua:
1293 596 1477 658 partes
1505 595 1690 653 erant,

119 669 216 741 una
242 700 356 755 qua:
380 681 598 737 favebat
623 681 846 736 Christo
863 721 878 746 ,
909 680 1242 750 quibuslibet
1263 695 1328 734 ex
1354 681 1534 736 causis
1554 721 1568 746 ,
1591 680 1696 736 alia

131 795 228 850 quae
266 775 693 832 contradicebat.
746 774 811 826 Et
858 774 982 828 ideo
1021 775 1122 828 hoc
1167 773 1286 828 loco
1315 774 1570 840 fuerunt,
1603 776 1694 844 qui

133 869 494 940 responderent
521 867 913 937 interroganti,
944 865 1118 920 Malos
1160 866 1294 921 ntale
1326 868 1538 937 perdet;
1566 875 1621 922 et
1650 869 1693 924 si

131 979 212 1017 non
235 962 316 1014 aiii
347 944 488 1014 forte
512 959 584 1013 illi
613 959 704 1027 qui
733 958 1096 1012 clamaveranl
1118 999 1132 1024 ,
1157 958 1469 1014 Benedictus
1491 961 1582 1030 qui
1611 976 1696 1014 vc-

129 1057 184 1108 m‘t
223 1057 272 1108 in
318 1053 532 1106 nomine
563 1051 793 1105 Domini.
827 1052 1024 1106 lterum
1073 1051 1288 1106 fuerant
1317 1052 1534 1121 quidam
1556 1093 1571 1118 ,
1603 1053 1693 1122 qui

130 1145 278 1201 verbis
322 1137 540 1197 Domini
591 1141 1062 1220 contradicentes,
1118 1143 1513 1212 responderunt
1565 1144 1692 1198 illud

129 1238 243 1307 quod
271 1236 447 1290 Lucas
477 1233 588 1298 ait,
613 1233 787 1288 Absit.
819 1232 991 1288 Porro
1015 1234 1132 1288 alio
1155 1235 1346 1299 modo,
1375 1237 1518 1305 quod
1553 1246 1684 1291 nutu

130 1329 231 1390 Dei,
263 1327 512 1396 quamvis
541 1327 775 1393 nollent,
823 1337 881 1382 ut
933 1328 1080 1393 dixi,
1129 1329 1181 1383 in
1229 1330 1512 1400 prophetia
1545 1331 1694 1386 dixe-

128 1427 248 1481 runt,
269 1418 436 1473 Malos
460 1419 604 1473 male
626 1420 835 1489 perdet,
868 1421 1031 1475 corde
1053 1433 1180 1474 vero
1205 1429 1391 1475 cont-ra
1417 1421 1688 1487 dixerunt,

123 1493 270 1566 Absit.
303 1511 455 1568 Unde
482 1527 625 1566 unus
653 1512 1114 1582 evangelistarnm
1141 1513 1281 1568 dixit
1308 1513 1436 1568 illud
1464 1515 1606 1582 quod
1635 1515 1692 1568 in

123 1606 265 1659 corde
288 1613 592 1676 gesserunt.
642 1604 793 1660 Sicut
835 1606 1038 1661 dicitur
1065 1607 1118 1662 in
1149 1606 1411 1670 Psalmis,
1461 1605 1567 1660 Ore
1594 1623 1689 1660 suo

125 1697 464 1750 bcnedicebont
483 1738 498 1762 ,
543 1706 592 1750 et
620 1697 776 1750 corde
805 1713 904 1750 suo
929 1696 1307 1756 maledicebant
1356 1697 1528 1766 (Paul.
1563 1715 1683 1762 mu,

121 1792 186 1858 b).
215 1790 383 1845 liabet
411 1783 556 1845 enim
580 1791 757 1847 omnis
788 1791 952 1847 homo
986 1793 1273 1864 scientiam
1301 1792 1428 1847 boni
1455 1802 1510 1846 et
1536 1792 1682 1856 mali;

1785 602 2035 665 ~mutique
2062 596 2146 642 est
2170 587 2308 656 lupis
2333 586 2587 655 adjutorii
2613 628 2626 652 ,
2653 586 2788 657 lapis
2814 583 2983 658 quem
3018 591 3191 644 erexit
3215 589 3384 652 Jacob

1797 681 1854 746 in
1882 680 2094 751 signum
2112 720 2131 744 ,
2159 689 2216 735 et
2240 679 2481 751 perfudit
2509 681 2662 746 oleo;
2697 682 2962 750 quoniam.
2982 693 3275 752 perunctus
3303 694 3387 740 est

1786 773 1917 828 oleo
1966 773 2204 840 Spiritus
2246 774 2417 828 sancti
2451 788 2561 842 pra:
2603 773 2959 842 participibus
3007 771 3139 830 suis.
3180 776 3250 830 De
3278 788 3387 845 quo

1788 866 1974 934 lapide
1994 867 2190 921 Petrus
2211 881 2424 935 quoque
2445 865 2688 934 loquitur
2704 865 3038 920 conﬁdenter
3055 868 3119 920 ad
3138 866 3381 923 Iudaeos:

1796 961 1920 1014 Istc.
1951 961 2085 1030 lapis
2127 961 2216 1030 qui
2250 960 2576 1029 rcprcbatus
2616 968 2699 1013 est
2767 974 2798 1011 a
2853 960 3003 1013 vobis
3063 960 3384 1015 aedifica-nti“-

1788 1055 1920 1116 bus,
1943 1052 2106 1123 897
2131 1052 2219 1122 qui
2252 1052 2426 1107 factus
2451 1060 2530 1105 est
2577 1052 2634 1104 in
2675 1060 2834 1120 caput
2877 1051 3074 1120 anguli.
3108 1047 3376 1118 Quoniam

1786 1158 1856 1200 et
1880 1147 2156 1217 angularis
2178 1157 2262 1202 est
2284 1146 2566 1215 lapisiste,
2591 1155 2644 1199 et
2669 1139 3078 1199 fundamentum
3103 1143 3381 1199 Ecclesia.

1788 1237 1840 1289 -Α
1871 1236 2114 1300 Domino,
2145 1237 2341 1306 inquit,
2363 1236 2561 1305 factum
2583 1245 2658 1290 est
2689 1235 2852 1298 istud,
2877 1245 2924 1288 et
2954 1244 3028 1288 est
3059 1233 3300 1289 mirabile
3325 1236 3382 1289 in

1791 1326 1962 1381 oculis
1996 1326 2388 1397 uostris~(l’sal.
2414 1342 2578 1388 cxvn,
2611 1324 2724 1396 22).
2761 1325 2888 1380 Haec
2915 1340 3020 1379 vox
3052 1335 3134 1380 est
3163 1334 3384 1384 sancto-
3472 1332 3474 1335 ’

1788 1435 1913 1474 mm
1942 1419 2243 1484 confessio;
2277 1421 2420 1488 quod
2447 1420 2514 1471 ab
2539 1419 2784 1480 homine,
2812 1424 2987 1487 neque
3020 1417 3253 1471 humana
3279 1418 3386 1472 vir-

1791 1520 1914 1566 tute
1939 1511 2144 1566 factum
2176 1520 2282 1572 est.
2319 1511 2416 1566 sed
2451 1511 2692 1581 potentia
2725 1510 2819 1564 Dei
2859 1519 2914 1564 et
2953 1509 3154 1566 virtute
3183 1509 3384 1576 Patris,

1789 1614 1849 1657 et
1884 1603 2007 1658 ideo
2045 1611 2130 1657 est
2173 1603 2419 1657 mirabile
2468 1618 2575 1657 non
2620 1603 2673 1658 in
2713 1613 3005 1673 conspectu
3064 1603 3386 1669 inﬁdelium,

1789 1697 1890 1752 sed
1923 1697 1976 1750 in
2009 1697 2180 1751 oculis
2223 1698 2464 1751 omnium
2513 1711 2700 1750 eorum
2731 1700 2822 1767 qui
2857 1700 3142 1752 credentes
3187 1697 3383 1753 illumi-

1791 1790 1912 1846 natl-
1950 1797 2076 1844 sunt
2127 1803 2222 1859 per
2270 1789 2450 1843 ﬁdem.
2496 1790 2647 1856 Quod
2693 1786 2948 1844 mirabile
2980 1805 3089 1860 pra:
3134 1791 3386 1846 ori-mitius

123 1895 165 1937 et
191 1886 304 1940 ideo
330 1885 419 1940 isti
438 1927 458 1951 ,.
487 1885 748 1955 quidquid
787 1885 980 1940 borum
1012 1886 1293 1952 dixerunt,
1322 1887 1466 1942 aliud
1495 1899 1682 1943 contra
1711 1877 1762 1946 Β
1789 1881 2073 1937 miraculis
2121 1879 2424 1934 mirabilius
2459 1890 2567 1944 est,
2607 1889 2665 1934 ut
2709 1881 2858 1933 Deus
2903 1880 3074 1934 homo
3111 1879 3283 1943 ﬁeret,
3327 1887 3384 1934 et

119 1978 378 2042 dixerunt,
413 1979 556 2033 unde
601 1986 658 2031 et
701 1977 1125 2047 cogitationibus
1150 1993 1340 2033 eorum
1386 1980 1680 2036 secundum

117 2069 424 2137 impietatem
455 2085 611 2125 suam
643 2070 1000 2141 interrogatio
1034 2081 1172 2125 erat.
1203 2070 1338 2137 Quia
1373 2072 1477 2127 etsi
1501 2071 1685 2127 verbis

118 2159 384 2224 dixerunt,
430 2160 602 2225 absit,
653 2161 988 2216 conscientia
1034 2161 1268 2217 confessi
1318 2173 1475 2227 sunt,
1521 2163 1682 2232 quia,

119 2250 264 2304 Μαίας
281 2252 424 2305 male
437 2253 638 2322 perdet.
659 2252 994 2322 Frequenter
1012 2253 1180 2324 896
1195 2263 1378 2308 autem
1403 2253 1683 2323 Scriptura

115 2341 448 2408 cogitationes
470 2341 652 2396 cordis
685 2342 764 2396 sic
793 2343 1014 2411 exponit
1035 2345 1191 2412 quasi
1223 2345 1366 2400 dicta
1394 2344 1682 2399 sermonis.

119 2431 241 2487 Unde
266 2431 397 2498 Job,
429 2432 570 2487 Dicit
601 2434 798 2507 impius
814 2433 946 2496 Deo,
976 2434 1193 2489 discede
1223 2451 1252 2488 a
1285 2450 1392 2501 me,
1423 2434 1540 2489 vias
1565 2444 1684 2490 tuas

116 2538 247 2580 nosse
271 2525 424 2579 nolo.
455 2519 522 2579 Et
547 2525 672 2580 alibi
706 2525 976 2595 Propheta
999 2566 1011 2590 ,
1047 2525 1303 2579 Dixerunt
1323 2565 1337 2591 ,
1363 2542 1467 2579 non
1495 2525 1684 2579 videbit

119 2615 347 2692 Do'ninus
366 2658 382 2684 ,
413 2634 506 2693 nec
537 2618 786 2688 intelliget
814 2618 954 2672 Deus
983 2617 1152 2672 [αι’οὸ
1184 2616 1360 2689 (Ρεαι.
1401 2634 1531 2674 item
1555 2659 1568 2684 ,
1607 2619 1679 2687 7).

115 2707 192 2764 Sic
216 2721 263 2766 et
289 2712 352 2766 in
381 2712 508 2765 aliis
534 2711 950 2782 quamplurimis
990 2711 1145 2766 locis.
1190 2711 1444 2782 Alioquin
1476 2711 1688 2766 videtur

115 2816 214 2855 esse
234 2793 578 2858 contrarium
599 2843 612 2866 ,
645 2804 771 2873 quia
799 2802 1176 2858 intellexerant
1207 2812 1398 2857 contra
1424 2817 1484 2857 se
1513 2802 1686 2857 dictas

114 2908 215 2948 esse
254 2895 589 2966 parabolas;
616 2895 688 2949 ita
719 2904 780 2948 ut
804 2895 1004 2949 vellent
1039 2910 1164 2948 eum
1206 2910 1334 2947 mox
1381 2903 1598 2957 tenere,
1628 2902 1686 2947 ut

117 2990 253 3042 corde
271 2999 323 3042 et
365 3005 465 3042 ore
497 2981 871 3043 consentirent
895 3003 1015 3058 quae
1040 2987 1380 3041 dicebantur.
1411 2985 1561 3052 Unde
1585 2985 1688 3040 illis

115 3095 201 3133 non
225 3077 729 3150 acqn‘iescentibns,
776 3079 923 3132 aliud
973 3079 1150 3132 adhuc
1201 3077 1499 3131 introducit
1541 3076 1687 3131 Scri-

117 3185 264 3245 ptum:
295 3173 676 3230 testimonium
710 3172 922 3237 dicens,
955 3171 1242 3243 Nunquam
1283 3169 1514 3242 legistis,
1555 3184 1619 3222 ac
1641 3169 1685 3223 si

1786 1972 1902 2040 ipse
1951 1971 2086 2040 lapis
2128 1969 2598 2040 crescendojuxta
2629 1972 2978 2040 prophetam,
3018 1986 3235 2024 onmem
3268 1981 3377 2023 tet»i

1787 2064 2206 2132 ramvimpleret;
2232 2065 2322 2134 qui
2346 2064 2588 2118 coelestia
2615 2063 2855 2117 simul~et
2877 2073 3090 2117 terrena
3104 2065 3378 2133 iungeret,

1786 2158 2031 2227 duasque
2072 2157 2221 2228 leges
2267 2159 2320 2212 in
2366 2174 2426 2213 se
2457 2172 2565 2212 uno
2601 2157 2897 2228 colligeret.
2943 2159 3010 2211 Et
3053 2159 3173 2211 ideo
3217 2157 3378 2211 val-do

1785 2251 2035 2310 mirabile
2067 2260 2154 2308 est
2195 2250 2249 2304 in
2287 2251 2460 2306 oculis
2493 2254 2838 2315 sanctorum,
2862 2249 3106 2319 quorum
3134 2264 3238 2304 vox
3284 2251 3382 2304 ista

1784 2351 1892 2405 est,
1912 2342 2038 2410 quia
2059 2351 2224 2411 caput
2251 2350 2338 2396 est
2356 2342 2594 2397 cwlestis
2628 2342 2865 2405 mdiiicii,
2897 2351 2950 2395 et
2971 2341 3382 2395 fundamentum

1785 2433 1970 2488 domui
1991 2433 2250 2487 donatum
2278 2450 2307 2485 a
2338 2431 2446 2487 Deo
2472 2432 2653 2487 Patre.
2692 2431 2844 2495 Idea,
2868 2431 3068 2502 inquit,
3107 2431 3383 2501 auferetur

1786 2541 1821 2580 α
1848 2524 1988 2580 vobis
2025 2535 2241 2594 regnum
2264 2523 2385 2588 Dei,
2419 2534 2466 2579 et
2497 2523 2711 2578 dabitur
2741 2523 2879 2593 genti
2919 2521 3133 2591 [animi
3175 2521 3379 2589 fructus

1788 2618 1937 2685 ejus;
1971 2618 2037 2673 de
2068 2633 2176 2685 quo
2195 2614 2310 2684 jam
2334 2631 2498 2686 supra
2521 2614 2654 2670 satis
2673 2615 2930 2678 diximus,
2956 2613 3057 2668 nisi
3088 2612 3229 2681 quod
3260 2611 3383 2666 dili-

1788 2713 2004 2783 gentius
2047 2712 2500 2782 perscrutandum
2538 2721 2622 2766 est
2663 2711 2806 2780 quod
2843 2712 2958 2775 ait,
3002 2707 3223 2765 dabitur
3261 2708 3383 2762 aliis

1790 2803 2038 2873 agricolis
2078 2803 2169 2872 qui
2218 2803 2451 2858 reddunt
2495 2803 2546 2857 ei
2585 2801 2821 2856 fructum
2867 2800 3203 2872 teniporlbus
3239 2801 3376 2856 suis.

1789 2894 1930 2961 Quin
1982 2896 2182 2951 nemini
2222 2896 2382 2951 datur
2449 2909 2672 2966 regnum
2714 2896 2808 2950 De:
2833 2935 2848 2959 ,
2891 2895 2954 2950 id
2991 2904 3076 2950 est
3115 2894 3382 2966 mysteria

1791 2988 1944 3044 verbi
1967 2988 2079 3050 Dei,
2107 2989 2208 3043 nisi
2244 2987 2571 3044 facientibus
2618 2987 2859 3043 fructm
2903 2988 2956 3042 in
2994 3003 3084 3053 eo,
3113 2999 3166 3044 et
3197 2999 3261 3042 ex
3294 3003 3383 3043 eo.

1789 3077 1944 3146 Quod
1971 3079 2014 3132 si
2056 3079 2127 3132 ita
2151 3087 2256 3142 est,
2285 3078 2487 3150 nemini
2517 3079 2679 3134 datur
2702 3080 2791 3148 qui
2816 3087 3024 3148 peccat.
3073 3078 3212 3133 Hinc
3247 3078 3387 3134 forte

1792 3173 2035 3226 dicturus
2072 3180 2156 3226 est
2202 3171 2440 3239 aliquis:
2468 3169 2525 3224 Si
2567 3169 2772 3225 nemini
2813 3171 2976 3241 tiatur
3007 3182 3232 3238 regnum
3266 3168 3386 3232 Dei,

116 3267 336 3320 diceret:
374 3267 540 3334 Quod.
561 3267 610 3321 si
649 3257 962 3336 parabolam
1009 3279 1190 3346 meam
1217 3278 1324 3315 non
1353 3261 1686 3333 intelligitis,
1717 3252 1764 3318 ρ
1795 3264 1899 3318 nisi
1932 3262 2148 3318 facienti
2181 3260 2394 3317 fructus
2417 3261 2560 3332 eius;
2583 3260 2852 3331 quomodo
2876 3259 3387 3331 ilii-po‘puhrdatunl
3479 3276 3487 3282 ·

115 3369 192 3413 aut
218 3377 317 3416 non
349 3362 514 3414 vultis
544 3351 664 3414 eam
700 3360 938 3429 recipere
961 3399 984 3420 ,.
1010 3357 1092 3411 vel
1123 3358 1282 3410 istam
1316 3355 1687 3424 Scripturam,

113 3473 218 3525 quzr
242 3458 294 3512 in
333 3457 619 3528 prophetia
652 3455 806 3510 vobis
853 3455 974 3522 data
1001 3460 1087 3508 est
1116 3452 1410 3516 revolvi-te,
1439 3451 1530 3506 cui
1559 3465 1688 3504 con-

116 3550 369 3601 Iradicere
400 3564 504 3602 non
534 3547 764 3616 potestis
783 3586 796 3606 .
823 3543 1075 3614 Lapidem
1103 3560 1256 3613 quem
1287 3543 1687 3612 reproboverunt

110 3639 452 3705 ludiﬁcantes,
486 3641 564 3693 hic
593 3639 767 3710 factus
807 3647 880 3692 est
923 3637 976 3698 in
1023 3646 1175 3704 raput
1210 3635 1410 3704 anguli.
1462 3633 1594 3686 Nam
1640 3633 1689 3690 si

112 3733 177 3784 illi
211 3749 368 3803 supra
401 3734 832 3802 acquievissent,
859 3738 920 3784 ut
951 3730 1200 3784 dicerent
1228 3729 1419 3796 dignos
1461 3743 1519 3782 se
1564 3741 1687 3782 esse

113 3839 286 3890 pinna,
328 3841 435 3879 nOn
483 3826 698 3879 videtur
749 3823 914 3878 fuisse
959 3836 1184 3876 necesse
1235 3809 1376 3872 istud
1421 3817 1683 3887 proferre.

113 3912 245 3967 Nunc
271 3926 455 3969 autem
487 3931 582 3968 eos
609 3929 742 3982 quos
771 3914 983 3968 dixerat
1023 3910 1290 3982 agricolas
1332 3908 1688 3962 tUtUﬁCﬂlOl’CS

75 4057 84 4066 ,
112 4005 284 4059 (lamus
307 4015 516 4070 vocati;
563 4015 620 4059 et
652 4007 816 4070 bene,
862 4005 994 4075 quia
1023 4004 1140 4072 ipsa
1171 4004 1326 4057 vinea
1347 4043 1360 4066 ,
1393 4011 1530 4057 tes-te
1557 4001 1689 4055 Pro-

111 4097 272 4164 pheta,
303 4100 502 4152 domus
526 4095 690 4150 Israel
716 4106 852 4149 erat.
888 4101 963 4149 Ac
992 4095 1037 4148 si
1063 4095 1266 4148 diceret
1292 4093 1391 4157 eis,
1427 4092 1562 4160 Quia
1594 4108 1689 4146 vos

111 4189 453 4245 aediﬁcatores
481 4188 619 4243 estis
651 4188 842 4241 domus
879 4202 1046 4256 quare
1074 4202 1180 4240 non
1225 4187 1477 4256 cogitatis
1505 4188 1557 4240 in
1591 4195 1714 4240 (ευ--

104 4279 177 4344 jus
203 4285 416 4338 rediiicii
469 4280 664 4351 angulo
713 4280 993 4349 ponendus
1026 4279 1116 4332 ille
1158 4278 1294 4348 lapis
1338 4279 1442 4343 sit,
1479 4279 1698 4346 deqno

109 4371 348 4444 Propheta
379 4375 556 4428 dicit:
588 4371 723 4426 Nam
748 4387 842 4426 vos
867 4368 1225 4425 aedificatores
1251 4369 1440 4424 donius
1460 4403 1474 4432 ,
1507 4384 1692 4438 repro-

109 4463 299 4520 letores
329 4464 551 4520 inventi
576 4463 709 4517 estis
736 4461 896 4532 hujus
920 4460 1134 4530 lapidis.
1162 4445 1412 4528 Nunquid
1433 4460 1486 4512 in
1515 4469 1690 4516 vestra

109 4561 362 4624 [adtentius
394 4565 489 4613 est
515 4565 813 4622 structura,
833 4553 923 4623 qui
955 4553 1275 4622 reprobatur
1304 4567 1333 4605 a
1365 4551 1546 4606 vobis?
1575 4550 1692 4605 Non
1720 4581 1727 4624 ;

108 4654 296 4719 utique,
343 4652 454 4708 sed
485 4652 539 4706 in
583 4650 690 4705 alio
724 4639 990 4713 :edilicio,
1034 4656 1090 4701 et
1141 4647 1193 4700 in
1240 4647 1435 4717 angulo
1464 4647 1690 4702 deorum

106 4746 438 4816 populorum,
462 4754 519 4798 nt
542 4761 644 4797 una
665 4743 735 4796 sit.
758 4744 970 4804 domus,
992 4739 1198 4794 sicntet
1217 4754 1248 4792 a
1264 4738 1416 4794 vobis
1432 4738 1696 4819 translata

105 4848 191 4888 una
205 4847 284 4889 est
297 4837 492 4898 vinea,
512 4821 724 4903 unaqtie
739 4819 997 4886 Ecclesia.
1016 4829 1168 4897 Quod
1183 4831 1227 4883 si
1247 4830 1388 4884 aliud
1404 4828 1695 4910 :edilicium

105 4923 321 4982 futurum
337 4939 425 4984 est
439 4969 460 4993 ,
481 4935 662 4981 vestra
680 4925 967 4980 rcdilicatio
994 4922 1416 5002 contemptibilis
1429 4931 1536 4977 est.
1558 4925 1690 5002 Quae

106 5020 340 5084 Ιιξιηίιίηη
375 5010 726 5075 conStructio
770 5000 1012 5080 versus;
1023 5000 1180 5085 juxta
1215 5000 1691 5092 liltcram_videlnr

107 5111 434 5170 SUIUBCiSlﬂtlS
452 5128 598 5177 esse,
616 5113 756 5167 sicut
771 5112 920 5176 illud,
940 5113 1127 5166 urbem
1144 5126 1304 5180 quam
1323 5121 1502 5165 statuo
1520 5129 1534 5162 ι
1549 5121 1697 5184 estra

105 5215 202 5263 cst.
244 5224 342 5276 ιιι-υ
375 5223 448 5270 eo
492 5204 636 5273 quin
665 5203 848 5258 debuit
876 5187 1055 5280 dicere
1079 5202 1225 5256 urbs.
1263 5200 1367 5255 Sed
1398 5202 1500 5256 hoc
1524 5217 1694 5280 genus

105 5306 176 5348 est
198 5297 509 5353 locutionis
539 5297 591 5350 in
625 5279 927 5367 Scriptnris
951 5281 1166 5357 divinis,
1194 5309 1258 5347 eo
1280 5295 1423 5363 quod
1456 5279 1698 5363 oportuit.

103 5388 290 5456 dicere,
312 5389 488 5464 Lapis
517 5406 677 5457 quem
714 5371 1164 5457 reprolmvernnt,
1188 5387 1299 5456 ipse
1324 5387 1500 5440 factus
1527 5395 1607 5440 est
1637 5387 1690 5438 in

102 5492 248 5549 eaput
266 5482 486 5553 anguli,
507 5481 709 5534 utdnas
727 5480 847 5533 inse
862 5473 1153 5548 coniungat
1170 5478 1423 5547 parietes.
1441 5476 1576 5544 Quia
1596 5477 1691 5542 illi,

101 5572 138 5625 si
153 5575 336 5629 essent
353 5571 725 5629 aedificatores
744 5561 1071 5641 probabiles,
1089 5586 1364 5639 nunquam
1388 5567 1696 5638 huiusmodi

101 5661 324 5733 Inprletn
348 5668 768 5735 reprobassent.
797 5655 870 5716 De
885 5679 994 5732 quo
1022 5678 1150 5716 sane
1167 5662 1344 5732 lapide
1362 5661 1528 5715 lsaias
1545 5647 1699 5714 dixe?

102 5770 178 5813 I'at
210 5780 223 5813 :
257 5761 405 5815 Ecce
454 5777 590 5828 pono
629 5760 679 5811 in
733 5757 864 5826 Sion
898 5757 1121 5826 lapidem
1165 5773 1216 5810 tu
1255 5756 1696 5826 futtdunwutum,

102 5850 326 5920 lapidem
348 5853 604 5920 electum,
619 5863 922 5922 pretiosum,
941 5845 1269 5920 angularem,
1287 5863 1332 5905 et
1357 5850 1444 5922 qui
1466 5850 1700 5904 credide-

1795 3365 1903 3421 est,
1933 3368 1962 3408 a
1993 3370 2104 3423 quo
2127 3354 2366 3409 ablatura
2399 3365 2506 3418 est,
2529 3354 2654 3422 quia
2683 3352 2924 3408 fruemur
2948 3353 3068 3422 ejus
3096 3368 3206 3407 non
3229 3351 3383 3406 fecit;

1797 3448 1906 3502 Sed
1937 3447 2392 3501 considerandum
2427 3447 2560 3516 quia
2599 3457 2762 3516 supra
2801 3446 2884 3499 illi
2923 3445 3121 3514 populo
3160 3446 3268 3499 non
3301 3451 3386 3499 est

1795 3542 2024 3601 dictum,
2070 3539 2222 3594 dedit
2263 3555 2382 3592 eam
2427 3539 2661 3602 colonis;
2701 3539 2815 3606 sed,
2835 3537 3076 3601 Locavit,
3123 3536 3206 3591 vel
3248 3537 3389 3591 sicut

1795 3632 1988 3701 melius
2028 3631 2079 3684 in
2113 3631 2307 3687 ϐιαιρο
2345 3632 2609 3695 habetur,
2644 3629 2890 3686 Tradidit
2933 3643 3052 3682 eam
3105 3628 3384 3699 agri-colis.

1793 3723 1895 3778 llic
1930 3732 2111 3778 autem
2149 3723 2426 3788 aufertur,
2453 3724 2556 3786 ait,
2592 3732 2652 3778 et
2688 3722 2904 3783 (labitur
2944 3720 3065 3774 aliis
3104 3720 3378 3788 agricolis.

1792 3816 2019 3883 Quodsi
2052 3832 2215 3886 supra
2268 3817 2349 3875 ita“
2377 3816 2633 3879 dixisset,
2679 3815 2844 3876 dedit,
2898 3801 3384 3882 qucum-shabitum}

1791 3907 2021 3971 locavit,
2066 3908 2152 3962 vel
2201 3908 2450 3970 tradidit,
2503 3905 2892 3961 indissolubilis
2947 3913 3090 3958 esset
3137 3905 3384 3973 quaestio.

1792 3997 1954 4051 Nune
2003 4007 2192 4051 autem
2219 3999 2440 4052 dabitur
2475 3998 2642 4059 dixit,
2685 3996 2818 4066 quia
2849 3995 2998 4063 quod
3030 3996 3190 4048 datur
3221 3992 3391 4064 gratis

1794 4090 2114 4160 intelligitur
2150 4091 2360 4154 datum,
2401 4091 2542 4159 quod
2582 4105 2709 4144 vero
2762 4089 2971 4142 locatur
3005 4087 3088 4140 vel
3130 4087 3383 4149 traditur,

1793 4199 1900 4237 non
1931 4184 2154 4237 omnino
2184 4182 2354 4251 gratis
2383 4182 2563 4245 datur,
2597 4195 2772 4250 neque
2801 4180 2954 4248 quasi
2994 4177 3180 4232 electis
3216 4174 3297 4228 vel
3329 4175 3392 4227 li-

1794 4278 2011 4333 delibus
2033 4276 2254 4331 tradidit
2281 4274 2366 4328 vel
2396 4274 2614 4337 locavit,
2643 4273 2784 4327 sicut
2810 4273 3006 4342 quibus
3034 4269 3205 4340 gratis
3231 4267 3381 4320 dedit

1796 4389 1918 4436 curn
1943 4371 2148 4442 judicio
2176 4369 2583 4434 clectionis,~et'
2604 4383 2808 4422 nnnex
2843 4366 3049 4421 uteri-to
3068 4380 3177 4420 sua:
3210 4362 3387 4416 virtu-

1800 4465 1889 4528 tis,
1920 4472 1984 4517 ut
2021 4463 2131 4516 sint
2155 4460 2381 4531 jnstitios
2405 4447 2510 4514 Dei
2533 4459 2788 4529 subjecti;
2830 4469 2887 4513 et
2925 4473 3029 4512 non
3061 4456 3174 4511 suis
3209 4453 3392 4524 operis

1762 4565 1764 4626 ς
1799 4557 1897 4610 bus
1925 4571 1991 4608 ex
2022 4555 2137 4625 lege
2160 4553 2466 4622 iustiﬁcati.
2501 4553 2635 4619 Quia
2684 4552 2807 4626 talis
2832 4551 3044 4622 iustitia
3089 4549 3394 4604 babetme-

1797 4649 1980 4709 ritnm,
2017 4648 2111 4702 sed
2151 4663 2256 4701 non
2287 4661 2352 4701 ex
2378 4647 2509 4700 Deo.
2543 4644 2802 4715 Sequitur

1870 4738 1937 4792 Et
1975 4740 2062 4809 qui
2096 4738 2280 4794 cecidit
2319 4753 2476 4806 super
2518 4733 2748 4805 lapidem
2785 4737 2973 4800 istum,
3013 4732 3394 4804 confringatur,

1795 4813 1950 4905 super
1981 4847 2136 4902 quem
2171 4827 2598 4905 uerdcecideril,
2639 4839 2866 4883 conteret
2906 4844 3052 4881 eum;
3101 4826 3176 4879 De
3217 4823 3395 4892 seipso

1795 4904 1945 4986 «ιιυιὶ,
1979 4922 2105 4991 quia
2142 4936 2200 4976 se
2231 4904 2343 4974 vult
2374 4920 2600 4990 intelligi
2631 4909 2865 4994 positum
2900 4920 2952 4973 iu
2985 4917 3393 4972 fnmlamentum

1799 4995 1962 5068 latins
1999 5007 2275 5068 Ecclesiae.
2318 5011 2476 5086 Quod
2519 5011 2664 5066 aliud
2693 5021 2777 5066 est
2813 5008 3087 5084 oll'endere
3115 5007 3394 5062 Christum

1799 5124 1895 5178 per
1933 5107 2074 5161 mala
2109 5121 2293 5184 opera,
2331 5114 2386 5159 et
2421 5105 2567 5159 aliud
2613 5119 2811 5175 negare
2833 5103 3133 5174 Gliristutn,
3173 5109 3228 5152 ct
3267 5115 3296 5152 a
3337 5113 3396 5153 se

1802 5184 2088 5274 repellere.
2131 5197 2285 5276 Unde
2310 5192 2690 5272 quipeccator
2719 5203 2822 5260 est,
2847 5195 3016 5266 893
3039 5201 3094 5247 et
3133 5201 3310 5245 tamen
3341 5190 3394 5276 in

1798 5293 1890 5362 illo
1918 5293 2118 5352 credit,
2145 5291 2293 5368 cadit
2317 5291 2557 5364 quidem,
2586 5289 2680 5343 sed
2711 5279 2872 5358 super
2905 5284 3162 5364 lapidem,
3188 5294 3243 5336 et
3274 5282 3396 5336 ideo

1798 5383 2163 5454 confringitur
2190 5385 2255 5437 ad
2283 5383 2684 5456 paenitentiam,
2712 5379 2807 5434 sed
2848 5393 2952 5431 non
2990 5375 3213 5430 omnino
3263 5389 3394 5428 con-

1798 5479 1994 5547 teritur
2027 5478 2243 5548 penitus
2289 5478 2354 5531 ad
2396 5476 2700 5538 interitum,
2751 5472 2878 5542 quia
2912 5477 3161 5525 servatur
3210 5465 3390 5520 allisus

1798 5572 2131 5627 contritione
2175 5565 2379 5634 cordis,
2427 5570 2492 5623 ad
2527 5565 2919 5636 indulgentiam
2953 5561 3165 5618 salutis.
3221 5559 3396 5630 Super.

1800 5644 1962 5736 quem
2004 5680 2131 5719 vero
2179 5665 2265 5718 ille
2309 5662 2588 5726 ceciderit,
2621 5662 2723 5716 hoc
2755 5669 2857 5724 cst,
2892 5673 3054 5730 quem
3101 5657 3244 5727 lapis
3283 5655 3396 5724 ipse

1800 5756 2049 5832 repulsus
2096 5772 2126 5809 a
2172 5755 2334 5809 corde
2377 5752 2729 5822 oppresserit,
2772 5751 2822 5805 id
2863 5761 2958 5820 est,
2991 5750 3084 5820 qui
3117 5748 3400 5814 Christum

1801 5851 2104 5925 negaverit,
2134 5850 2212 5904 sic
2239 5855 2486 5922 conteret
2513 5861 2640 5921 eun:
2665 5855 2726 5920 ut
2763 5861 2866 5918 nec
2893 5853 3036 5914 testa
3059 5842 3284 5930 quidem
3311 5856 3396 5896 μοι
