4008 6354
667 367 774 426 735

1446 359 1506 418 S.
1544 356 1903 417 PASCHASII
1945 357 2297 416 RADBERTI
2319 337 2630 418 'ABBATIS
2664 350 3142 418 CORBEIENSISV
3756 380 3828 435 τεο

665 487 902 544 maneat,
943 491 1048 550 qua
1102 474 1389 531 hauriatur
1417 472 1671 545 pusillum
1714 486 1894 564 aquae,
1926 470 2012 526 vel
2055 471 2112 526 in
2142 487 2250 542 qua
2279 479 2333 541 Α
2359 475 2804 542 fundamentum,
2859 477 2911 532 id
2959 486 3046 532 est
3119 478 3283 552 899
3322 496 3473 552 supra
3510 495 3712 555 petram,
3747 510 3831 564 qua

667 581 916 645 portetur
959 567 1226 642 igniculus
1267 567 1334 622 de
1375 565 1649 620 incendio.
1695 562 1929 631 Quidam
1959 571 2140 618 tamen
2163 580 2260 619 vo-

668 665 804 730 lunt,
832 679 928 719 eos
954 661 1044 732 qui
1077 674 1239 730 super
1282 656 1521 727 lapidem
1561 654 1878 720 ceciderint,
1907 653 2136 726 intelligi
2165 655 2257 725 qui

665 767 886 831 propter
914 755 1194 811 Christum
1231 766 1461 823 corpora
1506 765 1603 806 sua
1653 750 1710 804 in
1746 758 1975 804 mortem
2022 748 2260 804 tradide-

669 859 818 915 runt,
847 848 901 904 id
925 856 1026 913 est,
1056 861 1219 918 super
1248 846 1426 917 ipsum
1455 843 1775 900 occubuerit
1799 851 1855 898 et
1881 841 2259 913 confringatur

671 959 800 1001 caro
822 951 878 998 et
901 956 1024 998 ossa
1052 956 1266 996 eorum.
1299 938 1476 1010 Super
1501 952 1639 1008 quos
1671 952 1799 992 vero
1825 936 2076 992 Christus
2119 949 2234 992 ecca
2251 967 2264 977 ι

669 1034 831 1100 derit,
863 1034 916 1088 id
955 1040 1060 1097 est,
1098 1031 1191 1102 qui
1229 1045 1354 1086 eum
1396 1031 1615 1100 penitus
1660 1028 2000 1100 negaverint,
2035 1035 2094 1082 ut
2120 1027 2260 1092 dixi,

670 1127 851 1182 veniet
876 1125 983 1181 illis
1007 1124 1238 1194 desuper
1268 1123 1322 1178 in
1341 1120 1632 1191 judicium,
1661 1137 1785 1177 cum
1813 1135 1974 1191 paena
2001 1119 2263 1190 perditio-

671 1217 776 1272 nis.
808 1215 877 1270 Et
912 1215 1034 1270 ideo
1071 1213 1230 1278 dixit,
1258 1220 1504 1268 conteret
1529 1226 1657 1277 eos,
1698 1220 1759 1266 ut
1789 1212 1900 1266 sint
1944 1210 2094 1280 impii
2138 1218 2262 1264 tan-

671 1325 836 1381 quam
877 1307 1053 1378 pulvis
1103 1321 1263 1377 quem
1316 1304 1532 1377 proiicit
1582 1313 1774 1360 ventus
1819 1320 1850 1358 a
1901 1303 2040 1358 facie
2081 1311 2260 1359 terra}.

672 1400 928 1457 Nonnulli
956 1413 1086 1454 vero
1125 1406 1332 1454 textum
1385 1404 1768 1467 sequentes-et
1796 1393 2267 1451 circumstantiam

671 1494 951 1558 lectionis,
991 1491 1181 1548 dicunt
1213 1499 1404 1564 gentes
1445 1505 1585 1555 esse,
1627 1504 1748 1559 quae
1796 1503 1958 1558 super
1985 1486 2266 1543 Christum

673 1586 845 1642 allisa
875 1595 1022 1652 sunt,
1053 1593 1110 1641 et
1133 1585 1273 1641 bene
1295 1584 1362 1640 de
1399 1583 1649 1654 superbia
1695 1598 1792 1638 sua
1823 1582 2140 1638 ceciderunt
2172 1597 2266 1636 su-

672 1695 770 1750 per
801 1694 946 1745 eum,
979 1686 1035 1734 et
1077 1676 1375 1734 confracta:
1415 1678 1470 1732 in
1501 1674 1863 1731 humilitatem
1899 1683 1959 1728 ut
1987 1674 2267 1730 salvaren-

674 1779 780 1825 tur.
814 1768 953 1838 Quia
988 1784 1113 1824 cum
1150 1770 1231 1825 sic
1263 1767 1524 1824 ceciderit
1557 1765 1754 1836 justus,
1787 1779 1896 1820 non
1924 1773 2262 1831 conteretur,

2359 565 2616 621 Christus
2637 574 2744 633 est,
2774 568 3005 638 quisque
3041 571 3185 625 cadit
3229 586 3334 628 non
3357 575 3432 629 sic
3458 573 3767 651 eonfringitur,
3793 598 3834 642 ut

2360 678 2471 718 non
2516 672 2710 734 potens
2756 664 2828 719 sit
2873 665 3066 737 figulus
3109 667 3201 723 luti
3247 669 3312 726 de
3345 671 3532 727 eisdem
3566 679 3740 734 testulis
3769 697 3833 740 ras

2361 770 2556 811 rursus
2602 755 2842 811 formare
2881 758 2935 812 in
2981 759 3264 826 honorem,
3306 762 3406 817 nisi
3445 762 3571 820 forte
3598 768 3836 828 obduruerit

2359 845 2580 916 aliquis,
2615 861 2684 902 ne
2714 848 2958 904 bitumen
2996 851 3224 920 recipiat
3253 852 3538 922 charitatis,
3563 866 3611 913 et
3634 875 3689 914 ne
3712 863 3836 919 molle-

2361 951 2520 993 scere
2547 941 2717 1009 possit
2753 956 2943 996 rursus
2973 942 3041 996 ad
3071 943 3392 1000 ablutionem
3415 951 3618 1018 peccati.
3643 950 3835 1011 Caeterum

2363 1041 2532 1096 super
2564 1042 2728 1097 quem
2771 1029 2910 1100 lapis
2952 1032 3118 1098 cadit,
3153 1049 3258 1088 non
3296 1036 3542 1105 quaeritur
3572 1055 3704 1110 quam
3725 1059 3837 1114 grave

2367 1117 2533 1173 fuerit
2573 1121 2717 1190 quod
2745 1136 3066 1192 oppressum
3107 1133 3192 1180 est
3220 1126 3423 1193 subtus,
3465 1138 3549 1184 aut
3585 1145 3715 1199 quam
3744 1134 3837 1200 lere,

2366 1224 2437 1265 ne
2463 1220 2556 1266 aut
2581 1213 2651 1266 de
2676 1212 2808 1279 alto,
2835 1223 2938 1268 aut
2960 1215 3028 1270 de
3052 1215 3262 1282 humili,
3288 1217 3410 1287 quia
3442 1227 3572 1275 totus
3603 1225 3836 1278 conteritur.

2366 1300 2437 1356 Et
2467 1303 2586 1359 ideo
2613 1302 2752 1359 forte
2780 1304 3126 1362 Christianus
3152 1323 3382 1378 peccans
3409 1325 3510 1366 non
3539 1320 3711 1368 tantum
3731 1317 3838 1384 perit,

2367 1401 2628 1463 quantum
2671 1403 2852 1465 potest
2891 1412 3016 1451 eum
3058 1400 3288 1468 perdere
3316 1401 3570 1469 Christus,
3595 1405 3664 1458 vel
3694 1419 3841 1475 quanta

2369 1485 2587 1540 virtutis
2609 1484 2860 1542 Christus
2885 1497 2990 1552 est,
3018 1490 3114 1544 sed
3141 1501 3398 1560 quantum
3428 1510 3482 1550 se
3510 1495 3610 1565 ipse
3631 1499 3841 1553 secundum

2368 1593 2534 1649 opera
2577 1595 2676 1635 sua
2720 1580 3040 1650 perdiderit.
3097 1582 3306 1640 idcirco
3361 1588 3549 1657 cogitet
3573 1587 3842 1653 Christianus,

2372 1675 2498 1728 dum
2532 1681 2764 1743 tempus,
2797 1681 2853 1728 et
2880 1688 3045 1744 super
3070 1686 3279 1746 petram
3306 1685 3407 1744 est,
3431 1693 3533 1749 quo
3554 1679 3746 1750 pondere
3762 1695 3842 1749 pec-

2371 1771 2622 1820 catorum
2657 1767 2970 1834 premittur,
3000 1766 3084 1822 vel
3109 1783 3274 1838 quam
3302 1768 3369 1825 de
3393 1769 3524 1836 alto,
3557 1770 3603 1824 id
3629 1782 3694 1826 est
3716 1773 3762 1827 de
3777 1789 3844 1842 quo

674 1865 801 1934 quia
832 1863 1094 1920 Dominus
1123 1864 1380 1934 supponit
1412 1877 1633 1918 manum
1671 1876 1847 1917 suam.
1899 1860 2076 1932 Super
2104 1873 2267 1931 quem
2296 1845 2348 1907 Β
2374 1856 2546 1928 gradu
2571 1854 2798 1922 cecidit;
2831 1864 2892 1911 ut
2911 1867 3042 1926 puta
3072 1859 3118 1913 Si
3143 1859 3376 1916 clericus
3403 1871 3484 1916 est
3520 1870 3604 1916 aut
3626 1864 3844 1949 continent,

677 1971 812 2013 vero
851 1957 1130 2022 ceciderit,
1178 1957 1233 2012 id
1269 1964 1384 2023 est,
1417 1972 1583 2028 super
1601 1955 1836 2021 Iudaeos,
1869 1957 1961 2025 qui
1991 1971 2115 2012 eum
2151 1972 2184 2012 a
2212 1971 2273 2014 se

675 2051 1024 2121 expulerunt,
1058 2059 1406 2118 conteretur;
1457 2061 1515 2108 et
1550 2051 1674 2107 ideo
1703 2051 1782 2107 sic
1810 2051 2033 2106 contriti
2065 2059 2193 2107 sunt
2216 2059 2272 2106 et

679 2143 995 2200 comminuti
1029 2159 1154 2200 cum
1195 2145 1407 2201 venerit
1443 2144 1511 2199 ad
1547 2143 1832 2216 judicium,
1867 2152 1926 2198 ut
1964 2143 2097 2199 nihil
2127 2143 2272 2200 aliud

679 2235 1025 2304 superveniet
1061 2236 1172 2302 eis,
1211 2235 1319 2291 nisi
1357 2236 1675 2306 repentinus
1721 2235 1996 2290 interitus.
2047 2233 2275 2307 Magnus

678 2337 764 2383 est
787 2340 916 2398 ergo
938 2327 1043 2384 iste
1073 2327 1212 2400 lapis
1241 2336 1296 2384 et
1322 2327 1495 2384 fortis.
1528 2327 1597 2382 Et
1627 2327 1746 2383 ideo
1770 2327 2083 2398 quicunque
2110 2341 2276 2398 super

679 2431 805 2473 eum
832 2419 977 2475 cadit
1011 2428 1067 2476 et
1100 2420 1337 2490 percutit
1375 2435 1519 2487 eum,
1565 2419 1680 2490 ipse
1713 2434 1774 2474 se
1801 2419 2009 2475 collidit
2050 2427 2108 2474 et
2143 2433 2275 2474 con-

679 2507 898 2580 fringit;
941 2509 1174 2582 lapidem
1199 2525 1331 2568 vero
1355 2511 1634 2567 Christum
1664 2526 1824 2567 nemo
1853 2511 2030 2577 laedit;
2070 2525 2130 2566 se
2155 2511 2278 2582 qui-

680 2601 804 2656 dem
833 2604 1158 2674 corrumpit,
1201 2603 1330 2674 quia
1360 2619 1524 2674 super
1555 2603 1789 2674 lapidem
1822 2612 2080 2674 peccator
2105 2603 2272 2659 cadit.

682 2695 751 2750 Et
779 2711 887 2751 non
923 2695 1062 2768 lapis
1098 2713 1224 2752 eum
1268 2706 1478 2752 tantum
1527 2696 1822 2768 confringit
1850 2698 1977 2768 quia
2006 2697 2276 2770 benignus

681 2796 788 2853 est,
819 2796 1081 2858 quantum
1112 2789 1228 2860 ipse
1257 2805 1316 2845 se
1358 2789 1531 2844 allidit
1574 2790 1642 2844 ad
1688 2789 1944 2859 lapidem.
1995 2788 2132 2858 Quia
2165 2804 2275 2845 non

682 2881 979 2936 secundum
1006 2897 1066 2937 se
1090 2881 1235 2951 quod
1274 2882 1410 2951 lapis
1441 2889 1522 2937 est
1549 2880 1725 2948 fortis,
1753 2879 2025 2951 frangitur
2049 2881 2272 2952 aliquis,

682 2969 779 3026 sed
805 2971 1101 3026 secundum
1131 2987 1293 3042 quam
1324 2971 1539 3053 fortiter
1577 2973 1694 3042 ipse
1723 2973 2006 3028 ceciderit.
2037 2972 2277 3028 Fortiter

682 3074 866 3118 autem
891 3064 1057 3130 cadit,
1083 3065 1230 3135 quod
1277 3065 1421 3120 cadit
1451 3073 1546 3120 aut
1573 3075 1795 3136 propter
1822 3067 2037 3137 pondus
2065 3067 2274 3138 pr0prii

683 3156 888 3222 oneris,
917 3165 1011 3212 aut
1043 3166 1266 3229 propter
1299 3158 1662 3225 altitudinem,
1691 3174 1801 3229 qua
1843 3159 2077 3230 quisque
2110 3161 2273 3218 altius

683 3247 847 3304 fuerit
885 3249 1230 3306 sublimatus.
1267 3249 1423 3307 Unde
1462 3265 1571 3306 non
1599 3252 1778 3308 omnis
1809 3267 1967 3308 casus
1991 3245 2273 3324 aequaliter

683 3348 929 3397 ruentem
962 3340 1276 3414 confringit,
1303 3343 1444 3398 sicut
1473 3358 1575 3399 nec
1601 3343 1882 3415 aequaliter
1907 3343 2272 3413 omnesjuxta

683 3431 1022 3503 Apostolum,
1061 3450 1226 3506 super
1262 3434 1674 3493 fundamentum
1709 3438 1851 3508 quod
1885 3419 2138 3494 Christus
2161 3449 2270 3506 est,

682 3522 972 3580 aedificant.
1004 3525 1072 3580 Et
1103 3527 1226 3582 ideo
1255 3528 1554 3598 perpendat
1598 3531 1969 3600 unusquisque
2007 3540 2270 3602 quantum

683 3623 740 3670 et
764 3617 909 3672 unde
951 3616 1115 3685 cadit,
1146 3621 1372 3690 etquod
1413 3621 1580 3677 cadit.
1625 3621 1894 3690 Quoniam
1934 3622 2093 3678 aliter
2127 3624 2275 3680 cadit

685 3720 784 3776 per
810 3707 1208 3779 humilitatem,
1247 3720 1310 3766 ut
1336 3720 1603 3786 resurgat,
1642 3724 1697 3770 et
1727 3713 1886 3770 aliter
1915 3714 2006 3770 ille
2044 3723 2104 3770 ut
2144 3731 2274 3772 con-

686 3791 974 3868 fringatur,
1003 3808 1059 3856 et
1081 3800 1223 3857 male
1257 3800 1468 3860 fractus
1488 3805 1692 3876 jaceat.
1722 3805 1929 3862 Tamen
1955 3806 2083 3863 dum
2111 3822 2276 3878 super

2303 3213 2350 3278 C

2377 1950 2422 2004 si
2439 1949 2699 2005 sacerdos
2727 1957 2832 2016 est,
2859 1949 3155 2005 autLevita
3185 1951 3272 2006 vel
3287 1951 3585 2018 Monachus,
3611 1953 3648 2008 si
3666 1953 3782 2009 vidua
3795 1964 3848 2008 est

2376 2041 2462 2096 vel
2488 2040 2662 2111 virgo.
2715 2039 2982 2095 Similiter
3015 2049 3070 2095 et
3098 2042 3413 2112 magnitudo
3453 2044 3639 2113 peccati
3662 2042 3728 2098 vel
3746 2059 3848 2098 enor-

2378 2135 2541 2190 mitas
2581 2133 2975 2190 consideranda
3018 2143 3122 2189 est.
3173 2134 3332 2202 Quia,
3383 2135 3514 2190 sicut
3552 2134 3665 2201 dixi,
3710 2144 3847 2188 tantum

2379 2227 2753 2298 unusquisque
2802 2225 3191 2297 confringitur,
3253 2237 3449 2298 quanto
3481 2228 3683 2298 amplius
3706 2228 3846 2299 gravius

2377 2327 2709 2398 peccaverit.
2743 2324 2849 2393 Qui
2891 2333 3077 2380 autem
3118 2341 3230 2381 non
3277 2327 3344 2381 de
3382 2325 3486 2382 alto
3525 2325 3711 2380 honoris
3739 2323 3847 2394 gradu

2377 2420 2594 2482 cecidit,
2640 2433 2819 2489 neque
2863 2417 2930 2474 de
2973 2418 3220 2489 pondere
3260 2417 3516 2489 gravioris
3549 2415 3723 2487 peccati
3748 2428 3849 2484 super

2380 2509 2677 2576 Christum,
2731 2523 2909 2579 neque
2951 2509 3462 2571 arena.delictorum
3487 2519 3706 2580 gravatus
3731 2505 3849 2567 fuerit,

2381 2602 2653 2658 interdum
2696 2601 2824 2657 talis
2867 2615 2976 2656 non
3028 2603 3262 2667 laeditur,
3307 2617 3411 2658 non
3461 2600 3660 2656 multum
3696 2597 3846 2652 laditur.

2382 2696 2512 2766 quia
2556 2695 2799 2766 quotidie
2845 2695 2901 2750 in
2937 2696 3186 2750 oratione
3236 2696 3482 2766 precibus
3524 2699 3750 2764 purgatur.
3785 2687 3848 2741 Sed

2381 2788 2508 2859 quia
2535 2787 2820 2857 prolixitas
2846 2786 2969 2842 libri
3001 2786 3165 2842 finem
3187 2786 3443 2858 postulat,
3471 2784 3677 2841 orandus
3692 2779 3849 2836 estDeus

2375 2881 2603 2955 jugiter,
2631 2890 2692 2936 ut
2719 2881 2811 2950 qui
2838 2881 2996 2936 nobis
3037 2879 3342 2951 intelligere
3364 2879 3506 2934 dedit
3531 2873 3771 2948 periculum
3793 2883 3849 2922 uo-

2383 2986 2575 3042 strum,
2607 2976 2722 3045 ipse
2746 2989 2944 3030 cavere
2965 2976 3257 3040 concedat,
3284 2989 3351 3030 ne
3371 2981 3461 3028 aut
3480 2972 3541 3026 de
3562 2967 3746 3037 altojam
3762 2960 3850 3015 ultra

2383 3085 2625 3136 ruamus,
2662 3077 2756 3124 aut
2782 3069 3000 3140 gravius
3040 3083 3334 3139 peccemus
3377 3068 3632 3136 deinceps.
3654 3059 3719 3116 vel
3741 3053 3852 3112 ¹¹¹¹³¹⁰⁴

2381 3163 2577 3236 plicius
2610 3161 2853 3218 minimis
2875 3159 3122 3232 quatidie
3161 3175 3452 3232 gravemur
3475 3155 3676 3214 delictis.
3719 3148 3849 3203 lmoea

2380 3269 2502 3326 quae
2521 3253 2862 3318 admisimus,
2874 3251 3082 3323 jugiter
3100 3249 3353 3308 deflendo
3373 3259 3649 3322 tergamus;
3671 3247 3850 3313 quatenus

2378 3364 2475 3421 per
2505 3347 2682 3418 ipsum
2695 3343 2994 3411 Christum,
3020 3345 3115 3414 qui
3143 3353 3234 3400 est
3262 3344 3398 3416 lapis
3422 3344 3585 3406 vivus,
3608 3339 3849 3393 renovemur.

2383 3420 2446 3494 ac
2472 3437 2768 3494 solidemur
2792 3435 2847 3490 in
2871 3434 3086 3500 melius,
3115 3442 3174 3489 ut
3197 3448 3301 3504 per
3327 3435 3498 3506 ipsum
3521 3439 3572 3486 et
3596 3430 3641 3484 in
3661 3427 3750 3495 ipso
3766 3420 3853 3473 inter

2383 3529 2500 3599 ejus
2523 3527 2767 3584 membra
2790 3539 3276 3582 connumercmur.
3309 3524 3381 3582 Ut
3403 3525 3456 3579 in
3477 3520 3682 3581 Christo,
3704 3513 3752 3568 de
3771 3519 3850 3609 qua.

2383 3631 2439 3678 et
2468 3623 2522 3676 in
2559 3636 2688 3692 quo,
2719 3629 2805 3676 est
2835 3619 2960 3674 finis
2997 3618 3142 3685 libri,
3189 3621 3250 3676 in
3292 3622 3408 3691 ipso
3455 3628 3507 3674 et
3540 3631 3627 3689 per
3659 3613 3784 3667 iosum
3813 3607 3854 3653 sil

2386 3716 2641 3787 deinceps
2662 3713 2788 3769 finis
2817 3713 3046 3786 peccati,
3074 3721 3130 3769 et
3149 3715 3308 3786 origo
3336 3714 3494 3771 totius
3525 3709 3653 3767 boni.

689 3960 3850 4010 —____—_—_——_—__——_____——-—‘

1810 4124 2232 4188 PROLOGUS
2273 4124 2488 4188 LIBRI
2531 4123 2840 4188 DECIMI.

758 4373 929 4430 Nemo
951 4371 1312 4442 evangelistas
1342 4385 1464 4442 cum
1493 4369 1625 4442 legit
1644 4371 1880 4428 aestimet
1903 4387 1998 4430 eos
2026 4372 2093 4431 de
2113 4371 2278 4431 Chri-

687 4475 773 4523 sto
801 4463 1002 4534 aliquid
1049 4462 1243 4519 falsum
1285 4461 1526 4530 ﬁnxisse,
1569 4471 1629 4518 ut
1670 4464 1824 4520 multi
1850 4465 2159 4523 Judaeorum
2185 4482 2280 4523 ca-

2387 4371 2443 4428 in
2464 4369 2619 4428 brevi
2651 4369 2810 4436 forte,
2847 4385 3068 4428 sensum
3099 4386 3291 4429 eorum
3326 4371 3529 4445 poteris
3559 4369 3807 4438 dignoscere
3826 4354 3866 4408 ad

2387 4465 2626 4536 plenum,
2656 4473 2859 4535 quanta
2889 4465 3069 4521 unitas
3106 4466 3161 4520 in
3189 4465 3272 4522 eis
3300 4465 3392 4531 sit,
3415 4472 3694 4536 quantaque
3723 4459 3866 4508 sentcn-

687 4533 1052 4625 lumniantur;
1091 4573 1266 4629 neque
1313 4558 1518 4631 aliquid
1553 4559 1604 4616 ei
1652 4560 1774 4632 plus
1804 4563 2079 4629 tribuisse,
2114 4579 2277 4634 quam
2306 4533 2361 4594 Β
2387 4533 2587 4612 tiarum
2635 4533 2962 4624 concordia,
3016 4567 3220 4629 quanta
3269 4533 3525 4614 virtutum
3571 4545 3807 4610 harmonia,
3835 4544 3869 4589 el

686 4667 744 4708 se
773 4651 971 4707 veritas
995 4650 1180 4717 habet,
1211 4661 1272 4706 ut
1298 4652 1520 4722 quidam
1543 4668 1878 4725 paganorum
1905 4655 2275 4721 mentiuntur;

686 4742 1135 4813 neque'quamvis
1161 4741 1305 4798 inter
1330 4757 1391 4798 se
1418 4743 1602 4799 verbis
1629 4744 1942 4816 discrepare
1967 4746 2278 4813 videantur,

687 4848 850 4889 sensu
896 4831 1061 4904 900
1097 4833 1150 4886 in
1179 4832 1374 4913 aliquo
1416 4833 1519 4890 sibi
1560 4836 1837 4891 contraria
1862 4837 2173 4908 protulisse,
2218 4847 2280 4893 ut

689 4924 902 4994 plurimi
928 4925 1178 4981 veritatis
1220 4925 1431 4982 inimici
1475 4937 1804 4983 senserunt:
1831 4929 2092 5000 quoniam
2137 4945 2280 4987 unus

690 5016 743 5072 in
774 5017 856 5072 eis
885 5016 1108 5088 spiritus
1143 5016 1266 5085 fuit,
1293 5033 1398 5073 una
1425 5027 1481 5074 et
1508 5019 1747 5090 perfecta
1776 5022 2004 5077 scientia
2036 5023 2103 5077 de
2125 5020 2282 5078 Chri-

688 5118 792 5176 sto,
819 5119 876 5166 et
897 5125 1002 5165 una
1028 5109 1184 5166 fides.
1211 5109 1368 5179 Quod
1394 5120 1454 5166 ut
1479 5111 1694 5182 plenius
1721 5113 1897 5183 possis
1925 5128 2278 5185 cognoscere,

689 5202 926 5273 prudens
979 5201 1169 5269 lector,
1198 5217 1362 5273 quam
1399 5203 1742 5259 concorditer
1794 5203 2066 5271 dixerint,
2118 5220 2281 5275 quam

690 5307 949 5360 consone,
984 5292 1111 5350 licet
1131 5285 1184 5349 in
1207 5293 1394 5350 multis
1413 5295 1670 5349 variando
1689 5295 1891 5360 verbis,
1914 5297 1984 5352 ob
2005 5296 2285 5368 dispensa-

691 5386 894 5442 tionem
938 5397 1403 5444 sacramentorum
1431 5387 1546 5452 Dei,
1577 5386 1834 5443 nonnulla
1869 5388 2030 5442 etiam
2058 5397 2283 5459 prseter-

692 5480 974 5546 mittendo,
1001 5496 1095 5537 seu
1119 5482 1337 5553 propria
1373 5481 1625 5545 dicendo,
1652 5480 1739 5534 vel
1777 5481 2152 5551 postponenth
2178 5481 2282 5536 ali-

690 5587 819 5641 qua,
842 5572 1116 5629 interdum
1138 5572 1483 5644 anticipando
1501 5571 1584 5628 vel
1609 5573 2008 5642 recapitulando
2029 5573 2278 5644 plurima,

690 5659 809 5719 haec
838 5665 1022 5720 omnia
1050 5666 1284 5722 vicissim
1314 5680 1436 5735 quae
1464 5667 1740 5720 contraria
1773 5665 2025 5721 videntur
2051 5667 2282 5721 indoctis

692 5753 776 5807 vel
827 5754 1145 5823 ineruditis,
1202 5757 1361 5812 velim
1411 5756 1561 5829 legas
1597 5757 1739 5813 beati
1777 5756 2064 5828 Augustini
2116 5755 2284 5812 libros

693 5854 949 5916 quatuor,
979 5863 1115 5918 quos
1151 5849 1323 5906 edidit
1359 5850 1426 5906 de
1447 5850 1749 5908 Concordia
1793 5849 2278 5922 evangelistarum;

2385 4647 2643 4720 splendor
2688 4649 3006 4714 varietatis;
3046 4656 3400 4720 quantusque
3427 4655 3635 4704 ornatus
3669 4639 3866 4695 dictorum.

2383 4755 2595 4796 necnon
2630 4748 2687 4794 et
2722 4740 3102 4811 multiplicatio
3129 4754 3413 4808 sensuum,
3440 4749 3496 4796 et
3526 4735 3716 4794 claritas
3737 4735 3870 4823 serat?

2385 4848 2536 4888 num.
2574 4831 2652 4888 lta
2684 4841 2743 4887 ut
2773 4848 2841 4887 ex
2870 4847 2937 4887 eo
2976 4833 3121 4902 quod
3150 4833 3366 4889 variant
3403 4829 3624 4888 divinior
3645 4832 3792 4882 sensus
3817 4826 3868 4911 In:

2385 4922 2660 4995 telligatur
2710 4922 2894 4978 inesse
2938 4921 3042 4978 illis
3069 4964 3085 4988 ,
3129 4933 3186 4979 et
3222 4924 3497 4979 amuentia
3527 4919 3729 4992 Spiritus
3757 4911 3869 4965 sane“

2384 5014 2628 5070 uberior.
2670 5011 2808 5080 Quia
2849 5015 2949 5069 etsi
2973 5023 3210 5084 quatuor
3235 5024 3364 5071 sunt
3387 5011 3676 5084 Evangelia,
3701 5015 3802 5060 unus

2385 5105 2504 5162 fons
2551 5121 2780 5178 surgens
2815 5105 2882 5161 de
2927 5114 3076 5162 terra
3116 5122 3185 5162 ex
3219 5123 3326 5179 qua
3363 5109 3561 5163 veritas
3590 5111 3692 5160 orta
3720 5100 3869 5158 esH'"

2385 5213 2599 5253 onmem
2666 5198 2857 5267 irrigat
2903 5206 3109 5255 terram
3155 5208 3211 5256 et
3251 5201 3562 5271 paradisum
3617 5211 3646 5250 a
3688 5180 3870 5264 princiP“?

2383 5291 2574 5362 prima:
2602 5291 2897 5347 creationis
2918 5292 3035 5348 Dei.
3079 5292 3306 5365 Ipseque
3330 5293 3521 5350 dividit
3545 5292 3594 5346 in
3614 5294 3799 5361 quatuor
3812 5273 3871 5328 ﬂu-

2386 5387 2592 5441 minum
2621 5386 2819 5456 capita,
2863 5395 2920 5440 ct
2949 5385 3184 5442 inebriat
3213 5396 3385 5442 totum
3424 5384 3717 5457 quadratum
3747 5370 3869 5462 οὼθηξ

2386 5480 2783 5551 superfundens
2827 5481 3027 5536 omnia.
3077 5481 3145 5537 Et
3186 5481 3308 5537 ideo
3330 5496 3438 5537 non
3460 5486 3684 5550 possunt,
3706 5477 3754 5524 ιιι
3775 5470 3869 5558 Ρηῖ¹

2387 5573 2634 5629 homines
2674 5583 2944 5628 conantur
2988 5590 3255 5640 asserere,
3300 5575 3444 5630 inter
3483 5588 3537 5629 se
3576 5581 3682 5628 esse
3721 5560 3870 5616 diWS'v

2385 5665 2510 5736 quia
2540 5667 2608 5721 ab
2636 5681 2743 5721 uno
2766 5665 2937 5722 fluunt
2961 5665 3127 5723 fontis
3157 5668 3378 5739 impetu,
3396 5683 3493 5724 nec
3517 5661 3706 5721 aliunde
3722 5654 3872 5748 tuatui"?

2387 5759 2692 5827 probantur
2727 5774 2888 5830 quam
2925 5759 2993 5816 de
3037 5763 3292 5833 paradiso
3332 5761 3445 5827 Dei,
3479 5757 3608 5814 unde
3633 5754 3719 5807 ista
3731 5744 3872 5834 inim}?

2386 5852 2624 5910 caelestis
2669 5854 2736 5910 de
2775 5855 2916 5912 coelo
2955 5831 3255 5929 prospexit,
3284 5864 3342 5912 et
3371 5853 3438 5910 ad
3477 5865 3568 5907 nos
3592 5855 3736 5916 usque
3761 5831 3869 5889 venit
