4008 6354
123 397 228 463 τδτ

887 402 1249 463 EXPOSITIO
1282 404 1351 462 1N
1389 405 1829 467 ΜΑΤΤΗᾹΞΠΜ.
1866 439 1938 451 -
1975 411 2102 468 LIB.
2149 409 2217 480 Χ,
2255 411 2410 469 CAP.
2454 413 2593 470 XXI.

3273 421 3376 477 758
3407 443 3410 445 λ

125 519 228 590 quia
260 517 626 588 justiﬁcamur
672 532 881 574 omnes.
928 519 1153 575 Constat
1198 519 1384 593 igitur,
1425 520 1553 590 quia
1585 535 1693 576 non
1721 526 1773 586 Α
1797 523 1958 590 rium,
1981 526 2229 597 quisquis
2257 534 2404 583 recte
2428 527 2775 594 intellexerit,
2809 543 2915 584 non
2941 529 3102 586 aliter
3123 533 3375 604 accipiet,

125 617 275 682 potest
305 624 429 665 esse
466 609 744 666 diversum
774 610 920 680 quod
963 620 1048 666 est
1085 628 1271 667 unum.
1321 611 1455 667 Nam
1487 621 1544 668 et
1582 613 1684 684 ipsi

125 705 412 775 priusquam
453 703 572 758 nati
612 711 796 759 essent
829 703 885 759 in
913 719 1099 772 carne,
1140 706 1194 761 in
1221 707 1490 776 paradiso,
1526 707 1578 762 id
1603 715 1688 764 est

125 799 166 854 in
189 795 338 863 caelo,
360 795 468 852 visi
490 803 648 863 sunt;
683 812 784 868 per
808 813 944 868 quos
972 813 1036 854 ac
1061 798 1108 854 si
1135 814 1235 870 per
1256 799 1409 856 vivos
1437 799 1686 857 Christus

124 891 207 945 huc
237 888 470 960 illucque.
505 888 641 946 ﬁuit.
691 889 842 947 Unde
890 899 946 947 et
990 901 1179 964 postea
1217 909 1248 948 a
1277 891 1521 959 Joanne,
1562 909 1685 950 cum

122 988 238 1037 esset
262 979 375 1050 ipse
413 995 557 1036 unus
585 995 654 1036 ex
686 981 916 1048 eisdem,
958 982 1012 1037 in
1052 982 1191 1039 caelo
1228 984 1331 1040 visi
1371 993 1496 1041 sunt
1534 1001 1600 1040 ac
1638 984 1709 1042 si

123 1082 323 1146 quatuor
368 1075 661 1142 animalia;
702 1077 793 1134 ubi
841 1094 966 1135 cum
1011 1080 1207 1135 darent
1247 1079 1328 1135 illi
1364 1079 1589 1152 gloriam
1631 1091 1688 1138 et

123 1167 355 1224 honorem
383 1177 443 1224 et
469 1170 902 1227 benedictionem
954 1172 1163 1227 sedenti
1204 1186 1365 1244 super
1404 1173 1684 1239 thronum,

123 1261 282 1332 viginti
317 1271 374 1317 et
400 1271 640 1334 quatuor
666 1264 909 1320 seniores
941 1261 1244 1335 procedunt
1284 1264 1562 1321 mittentes
1587 1280 1684 1322 co-

126 1369 261 1410 ronas
273 1370 422 1422 suas,
451 1363 508 1410 et
522 1355 752 1412 adorant
764 1357 1035 1412 viventem
1051 1357 1105 1412 in
1125 1355 1321 1412 saecula
1339 1356 1685 1414 mulorum.

121 1446 244 1514 Quod
271 1447 400 1502 siin
429 1446 572 1503 casio
613 1447 810 1504 fratres
854 1449 961 1505 mei
988 1448 1090 1504 visi
1134 1457 1280 1515 sunt,
1322 1456 1378 1504 et
1417 1449 1486 1503 ad
1525 1461 1686 1505 voces

119 1553 282 1594 eorum
321 1537 782 1613 dicitur‘surgere
825 1539 969 1596 illius
992 1547 1211 1596 aeternae
1240 1540 1405 1596 curia:
1437 1550 1683 1608 senatus,

119 1630 163 1684 id
190 1640 267 1686 est
301 1631 469 1688 omnis
513 1633 648 1689 ordo
681 1633 1119 1704 praedicatorum,
1148 1642 1204 1688 et
1233 1633 1462 1688 adorare
1497 1632 1687 1689 viven-

120 1730 216 1776 tem
253 1721 304 1777 in
329 1723 521 1779 sa'cula
557 1724 902 1790 saeculorum,
931 1732 1137 1795 quanto
1162 1724 1334 1794 magis
1357 1738 1458 1779 nos
1492 1723 1684 1779 audire

117 1821 306 1882 oportet
345 1821 401 1867 et
445 1813 498 1868 in
544 1829 732 1870 eorum
775 1815 998 1870 vocibus
1045 1814 1356 1879 intendere,
1407 1813 1534 1882 quia
1572 1828 1680 1869 non

1791 616 1910 674 istis
1937 634 2104 674 unum
2131 620 2502 687 narrantibus,
2532 621 2626 692 qui
2659 623 2727 678 ad
2751 623 2856 678 hoc
2885 631 3012 679 ante
3037 625 3222 680 mundi
3254 641 3382 682 con-

1789 708 2122 766 stitutionem
2141 711 2489 782 praeordinati
2505 720 2632 768 sunt
2652 712 2705 768 in
2728 713 3021 786 Evangelio
3039 715 3144 773 hoc
3164 718 3380 787 quadri-

1788 802 2010 874 partito,
2057 820 2218 875 quam
2249 805 2296 860 si
2323 805 2496 876 ipsam
2548 821 2766 862 manum
2820 806 3055 874 Domini,
3109 824 3270 879 quam
3321 809 3411 865 in.

1787 893 2010 966 proprio
2042 910 2270 967 corpore
2297 911 2395 951 suo
2417 897 2686 967 gestabat,
2719 898 3044 954 scribentem
3072 915 3408 970 conspexe-.

1789 984 1879 1040 rit.
1907 985 1974 1041 Et
1996 985 2120 1041 ideo
2149 987 2290 1041 ratio
2314 996 2399 1042 est
2425 995 2484 1041 ut
2511 987 2655 1043 sicut
2681 996 2810 1044 ante
2840 990 3098 1045 thronum
3155 989 3251 1046 Dei
3305 991 3376 1048 ad

1787 1089 1978 1132 vocem
1997 1091 2187 1133 eorum
2218 1076 2412 1148 viginti
2439 1084 2495 1133 et
2523 1085 2760 1148 quatuor
2787 1079 3032 1136 seniores
3080 1078 3380 1150 procedunt

1789 1176 1844 1224 et
1866 1168 2135 1225 adorant:
2165 1167 2240 1224 ita
2262 1176 2320 1224 et
2339 1184 2440 1226 nos
2467 1183 2710 1226 consona
2729 1184 2866 1226 voce
2893 1170 3080 1226 demus
3110 1170 3376 1226 honorem

1789 1260 1902 1316 Deo
1927 1269 1984 1315 et
2005 1260 2225 1317 laudem
2271 1275 2337 1317 ac
2369 1260 2635 1333 gloriam,.
2670 1269 2725 1318 et
2772 1261 3060 1319 adoremus
3107 1261 3378 1317 viventem

1788 1353 1844 1410 in
1867 1355 2063 1410 szecula
2102 1355 2442 1423 saeculorum,
2491 1357 2584 1428 qui
2639 1357 2943 1414 resurrexit
2968 1373 2998 1412 a
3027 1358 3277 1424 mortuis,
3323 1365 3381 1413 et

1787 1456 2047 1503 venturus
2069 1455 2154 1504 est
2180 1449 2248 1503 ad
2272 1445 2578 1518 judicium;
2612 1449 2668 1505 in
2697 1465 2928 1520 quorum
2954 1449 3200 1514 vocibus,
3249 1448 3379 1520 quia

1787 1537 1956 1593 multa
1977 1538 2134 1595 nobis
2161 1538 2228 1593 de
2254 1539 2387 1605 Deo,
2417 1547 2474 1595 et
2499 1538 2791 1596 ineﬁ'abilia
2843 1549 3084 1597 reserata
3128 1548 3257 1595 sunt
3298 1554 3382 1595 sa-

1789 1639 2091 1695 cramenta,
2136 1645 2299 1686 nemo
2328 1631 2395 1687 de
2427 1631 2514 1687 his
2548 1631 2758 1688 dubitet
2803 1647 2924 1703 quae
2969 1631 3204 1702 Spiritus
3253 1646 3378 1687 san-

1787 1735 1907 1782 ctus
1930 1741 2027 1798 per
2053 1740 2147 1782 eos
2197 1725 2457 1782 Ecclesiis
2490 1725 2764 1792 dictavit;
2819 1741 2999 1792 nemo,
3035 1725 3138 1782 etsi
3189 1732 3377 1796 aperta

1785 1817 2038 1872 videntur
2066 1831 2188 1886 qua:
2208 1816 2414 1882 dicunt,
2438 1823 2612 1873 totum
2637 1831 2698 1873 se
2719 1816 3019 1888 intelligere
3060 1824 3377 1887 praesumat,

115 1912 218 1958 sunt
260 1905 482 1962 diversae
521 1920 700 1978 neque
737 1905 989 1970 dissonae,
1036 1903 1292 1975 quoniam
1332 1919 1473 1960 unus
1514 1903 1569 1958 in
1599 1904 1681 1960 eis
1708 1891 1759 1951 Β
1786 1909 1930 1981 quod
1957 1910 2025 1966 ab
2050 1910 2131 1966 eis
2160 1918 2244 1966 est
2268 1909 2694 1982 promulgatum.
2748 1908 2866 1966 Non
2895 1910 2986 1965 vili
3018 1909 3256 1980 quidem,
3315 1916 3378 1962 ut

115 1997 313 2065 spiritus
361 2013 608 2068 unusque
655 1998 797 2053 fons.
843 1996 914 2051 Et
943 1997 1064 2053 ideo
1101 1996 1466 2052 communiter
1508 2010 1676 2049 unum

116 2095 329 2160 dicunt;
373 2093 533 2165 θοι
581 2106 858 2164 unumque
915 2091 1168 2164 sapiunt,
1217 2091 1342 2161 quia
1399 2089 1500 2162 ipsi
1545 2088 1679 2144 nihil

113 2188 228 2243 aliud
267 2197 396 2244 sunt
435 2204 596 2260 quam
648 2201 908 2260 organum
949 2186 1186 2258 Spiritus
1233 2185 1424 2242 sancti.
1478 2185 1680 2240 Verum

115 2279 216 2348 quia
244 2279 397 2334 rivus
425 2293 533 2334 non
569 2277 783 2334 aliunde
803 2278 920 2333 ﬁuit
948 2293 1113 2349 quam
1137 2276 1204 2333 de
1233 2275 1386 2332 fonte
1415 2316 1432 2342 ,
1475 2274 1680 2331 idcirco

113 2384 195 2425 non
220 2377 349 2426 sunt
377 2369 678 2436 audiendi,
732 2369 824 2440 qui
870 2377 1122 2424 astruunt
1167 2366 1447 2424 Christum
1497 2366 1680 2438 potius

111 2479 187 2518 sua
208 2479 304 2535 per
337 2479 401 2520 se
430 2464 671 2520 scribere
700 2473 850 2537 gesta
879 2464 1150 2530 debuisse,
1182 2479 1345 2535 quam
1388 2479 1488 2534 per
1542 2462 1681 2517 tales

112 2556 184 2625 qui
205 2570 300 2612 nec
337 2558 482 2611 inter
527 2555 736 2626 seipsos
785 2553 889 2610 sibi
940 2554 1005 2610 ad
1048 2553 1282 2610 invicem
1331 2551 1678 2619 conveniunt,

112 2661 212 2701 cum
238 2647 310 2703 illi
347 2647 481 2702 nihil
512 2646 658 2702 aliud
679 2646 1032 2718 scripserunt,
1048 2660 1209 2715 quam
1237 2659 1358 2715 quae
1385 2643 1474 2699 ille
1499 2654 1682 2700 osten-

111 2739 175 2794 dit
196 2750 243 2796 et
271 2740 430 2795 dixit.
464 2739 651 2809 Neque
677 2748 807 2810 puto
831 2738 1142 2803 dicendum,
1179 2737 1322 2808 quod
1357 2737 1474 2808 ipse
1517 2734 1680 2792 Chri-

112 2840 206 2887 stus
229 2833 289 2888 de
312 2847 376 2888 se
401 2831 644 2888 scribere
699 2831 957 2894 noluerit,
990 2837 1044 2885 et
1071 2843 1180 2884 non
1233 2827 1382 2894 fecit,
1437 2827 1682 2899 quando-

112 2925 298 2995 quidem
337 2925 584 2981 membra
619 2925 759 2996 ejus,
796 2923 852 2979 id
873 2933 957 2978 est
984 2938 1180 2978 manus
1225 2931 1281 2977 et
1306 2921 1458 2993 digiti
1488 2936 1682 2992 corpo-

114 3019 174 3073 ris
197 3020 552 3092 scripserunt,
602 3017 746 3088 quod
773 3017 1009 3073 dictante
1061 3015 1240 3087 capite
1277 3013 1517 3081 Christo,
1577 3013 1680 3084 ipsi

112 3110 234 3168 intus
253 3113 570 3169 audiebant.
599 3109 736 3166 Nam
760 3121 969 3166 certum
996 3117 1081 3164 est
1099 3108 1251 3193 quod
1297 3106 1556 3178 quidquid
1589 3106 1680 3162 ille

112 3202 167 3257 de
185 3206 284 3261 suis
312 3204 473 3261 factis
497 3213 554 3261 et
579 3203 740 3260 dictis
766 3218 865 3258 nos
887 3202 1066 3274 legere
1092 3200 1282 3266 voluit,
1310 3201 1414 3256 hoc
1439 3200 1680 3256 scribere

1781 2002 2002 2074 quidam
2035 2001 2309 2057 aestimant
2337 2016 2612 2067 sermone,
2649 2000 2745 2057 sed
2781 2001 2986 2067 divino,
3028 2001 3083 2056 in
3110 2016 3218 2070 quo
3265 2014 3407 2060 non,

1780 2093 2112 2163 eloquentia,
2136 2093 2231 2149 sed
2255 2093 2432 2149 virtus
2458 2092 2654 2150 renitet
2680 2092 2979 2164 sapientiae.
3037 2092 3246 2149 Interea
3299 2099 3380 2146 ta-
3405 2137 3409 2146 .

1780 2199 1928 2250 men,
1961 2184 2208 2254 quamvis
2226 2193 2282 2241 et
2309 2199 2408 2256 ego
2459 2192 2610 2240 tanto
2653 2185 2904 2256 indignus
2955 2184 3142 2241 videar
3189 2197 3375 2254 opere,

1782 2291 1884 2332 nec
1909 2276 2228 2348 intelligam,
2257 2277 2472 2334 mallem
2503 2277 2684 2333 suavis
2706 2294 2828 2334 esse
2854 2278 3136 2334 sententiis
3177 2284 3232 2333 et
3256 2275 3372 2331 θαί-

1783 2383 1884 2422 cax
1915 2368 2209 2434 intellectu,
2245 2384 2409 2439 quam
2438 2369 2705 2426 facundus
2735 2371 2788 2425 in
2818 2371 3016 2427 verbis.
3068 2371 3204 2438 Quia
3234 2369 3379 2424 sicut

1784 2464 2064 2535 Scriptura
2095 2464 2471 2521 dicitdivina:
2503 2463 2605 2532 Qui
2631 2463 2812 2520 suavis
2856 2474 2943 2520 est
2976 2463 3208 2534 eloquio,
3254 2477 3372 2516 ma-

1777 2558 1898 2628 jora
1920 2558 2202 2630 percipiet.
2227 2557 2363 2612 Nam
2414 2558 2599 2614 suavis
2643 2556 2833 2613 Graece
2882 2560 3101 2630 Χρίστος
3152 2554 3372 2619 dicitur,

1783 2665 1892 2721 quo
1920 2651 2087 2706 verbo
2115 2658 2170 2704 et
2194 2649 2370 2705 bonus
2399 2648 2742 2721 intelligitur,
2772 2656 2828 2703 et
2849 2648 3032 2703 suavis
3066 2663 3130 2702 ac
3159 2645 3298 2700 lenis
3318 2651 3376 2700 et

1783 2750 2002 2799 llllClllS.
2035 2743 2166 2810 Quae
2192 2743 2375 2797 omnia
2415 2742 2556 2797 bono
2608 2749 2911 2814 congruunt
2957 2741 3094 2808 viro,
3138 2740 3402 2795 maxime.

1782 2845 1845 2890 ut
1875 2834 2080 2906 Spiritu
2109 2841 2296 2890 sancto
2325 2834 2396 2889 sit
2420 2833 2694 2899 delinitus,
2726 2848 2833 2904 quo
2873 2832 3148 2904 sapienter
3197 2829 3372 2901 magis

1786 2943 1947 2997 quam
1971 2926 2287 2997 eloquenter
2308 2925 2480 2996 possit
2506 2925 2706 2980 dicere.
2749 2923 2904 2981 Unde
2946 2924 3075 2980 licet
3116 2923 3172 2978 in
3225 2920 3373 2977 nullo

1784 3020 1979 3075 horum
2031 3033 2118 3074 me
2169 3015 2414 3074 suﬁicere
2465 3018 2723 3084 credam,
2788 3025 2969 3074 tamen
3021 3025 3403 3086 utrorumque.

1784 3112 1908 3182 quia
1947 3109 2159 3167 debitor
2198 3127 2338 3176 sum,
2387 3118 2499 3166 tam
2529 3110 2684 3166 vobis
2720 3109 2916 3180 quibus
2941 3108 3120 3165 scribo
3163 3107 3371 3163 charis-

1784 3204 1960 3270 simis,
1993 3219 2156 3275 quam
2187 3212 2244 3260 et
2266 3203 2529 3258 fratribus
2559 3203 2756 3273 quibus
2786 3200 3068 3258 servitutis
3099 3207 3223 3272 vota
3246 3213 3371 3270 per-

113 3294 317 3364 Spiritus
351 3297 497 3353 Deus
540 3295 656 3351 suis
689 3269 1284 3364 manibus‘imperavit.
1337 3291 1681 3363 Quapropter
1707 3269 1754 3332 ί)
1788 3296 1960 3362 solvo,
2000 3269 2254 3366 precibus
2283 3295 2494 3351 conﬁdo
2734 3303 2791 3349 et
2831 3270 3102 3362 praesumo
3147 3269 3374 3354 meritis,

112 3384 198 3440 hoc
221 3388 439 3443 unitatis
461 3387 822 3453 consortium,
860 3395 916 3441 et
947 3385 1000 3440 in
1029 3384 1257 3440 diversis
1305 3382 1497 3439 oﬁiciis
1550 3399 1680 3441 con-

109 3479 258 3535 corde
280 3482 651 3538 membrorum
684 3480 786 3536 sub
814 3468 1132 3549 unocapite
1160 3476 1380 3533 Christo
1433 3477 1679 3534 ministe-

1787 3385 1930 3457 quod
1955 3385 2072 3456 ipse
2103 3384 2256 3441 dabit
2284 3383 2494 3440 dicendi
2523 3382 2797 3450 eﬂ'ectum,
2822 3383 2915 3453 qui
2943 3382 3091 3438 dedit
3120 3390 3180 3437 ut
3224 3381 3370 3437 face-

1786 3491 1903 3532 rem
1929 3471 2214 3531 charitatis
2239 3473 2515 3546 explendae
2545 3481 2748 3529 votum.

262 3629 3188 3655 Μ

1310 3767 1615 3850 LIBER
1688 3766 2171 3892 DECIMUS.

169 4014 286 4073 Cum
307 4019 584 4074 audissent
635 4017 891 4088 principes
943 4018 1272 4072 sacerdotum
1317 4023 1366 4070 et
1419 4014 1678 4072 Pharisaei

111 4110 357 4176 parabolas
379 4111 528 4182 ejus,
552 4119 900 4180 cognouerunt
942 4110 1081 4180 quod
1112 4109 1176 4164 de
1200 4109 1328 4180 ipsis
1371 4109 1586 4174 diceret,
1630 4120 1680 4167 et

111 4194 368 4266 querentes
426 4219 553 4257 eum
598 4211 768 4256 tenere
807 4202 1090 4256 timuerunt
1141 4200 1342 4265 turbas,
1407 4201 1677 4272 quoniam,

111 4291 217 4346 sicut
241 4296 553 4364 prophetam
576 4310 693 4348 eum
714 4293 992 4349 habebant.
1051 4293 1192 4349 Ecce
1249 4301 1473 4364 propter
1525 4293 1675 4349 duri-

114 4384 217 4441 tiam
264 4391 451 4445 cordis
509 4397 565 4444 et
606 4387 1043 4443 incredulitatem
1099 4395 1261 4458 atque
1322 4388 1676 4458 impietatem,

1783 4030 1878 4070 seu
1903 4010 2237 4070 insidiatoris
2283 4006 2469 4067 Iesum
2514 4017 2701 4068 tenere
2751 4013 2961 4081 volunt,
3001 4023 3094 4070 aut
3145 4014 3371 4074 verbum

1783 4104 2030 4161 veritatis
2049 4101 2476 4178 apprehendere,
2498 4118 2774 4175 nunquam
2794 4121 2917 4161 eum
2943 4115 3127 4164 tenere
3144 4118 3368 4178 queunt,

1785 4214 1885 4254 nec
1909 4177 2337 4268 apprehendere.
2377 4195 2540 4250 Multa
2563 4197 2797 4270 denique
2823 4198 3125 4258 diﬁ'erentia
3153 4177 3238 4258 est
3290 4202 3372 4258 in-

1787 4298 1870 4344 ter
1895 4302 1991 4344 eos
2017 4287 2109 4358 qui
2140 4300 2265 4341 eum
2291 4300 2477 4341 amore
2507 4293 2692 4341 tenere
2715 4298 2987 4356 quaerunt,
3029 4299 3083 4346 et
3105 4290 3249 4347 inter
3277 4307 3372 4348 eos

1785 4381 1878 4452 qui
1909 4380 2051 4436 odio.
2084 4377 2239 4435 Sicut
2265 4378 2353 4433 isti
2380 4393 2505 4433 eum
2551 4378 2710 4434 aliter
2761 4391 3017 4449 quaerunt
3056 4391 3260 4452 tenere,
3318 4393 3373 4440 et

110 4490 241 4545 quam
263 4479 546 4537 habebant
576 4479 630 4535 in
659 4478 855 4535 Filium
883 4479 1000 4545 Dei,
1027 4479 1254 4535 audiunt
1292 4478 1515 4534 auribus
1560 4493 1680 4548 qua;
1714 4545 1738 4548 _
1785 4471 1944 4527 aliter
1971 4485 2166 4541 sponsa
2196 4471 2249 4525 in
2281 4469 2541 4532 Canticis,
2563 4484 2682 4538 qua:
2705 4485 2936 4540 surgens
2973 4472 3087 4527 ibat
3110 4489 3206 4545 per
3254 4475 3372 4545 pla-

111 4570 243 4627 oorde
262 4574 496 4630 credere
524 4571 836 4627 noluerunt.
860 4570 1102 4625 Audiunt
1123 4577 1342 4640 apertas
1355 4545 1680 4640 propositio-
1709 4545 1756 4603 ί)
1785 4573 1900 4620 leas
1927 4564 2196 4619 circuiens
2221 4562 2494 4618 civitatem
2517 4561 2894 4629 etnundinaS;
2926 4579 3048 4634 qua:
3084 4576 3368 4637 postquam

107 4675 187 4716 nes
206 4679 235 4718 a
261 4663 514 4730 Christo,
543 4679 680 4735 quas
700 4677 896 4735 negare
923 4678 1028 4718 non
1050 4670 1325 4733 poterant,
1373 4671 1428 4718 et
1477 4661 1676 4717 intelli-

108 4763 217 4821 gunt
245 4771 441 4813 omnes
472 4766 658 4811 contra
689 4769 749 4809 se
774 4754 987 4810 Domini
1019 4756 1317 4810 sententias
1332 4768 1456 4809 esse
1483 4753 1679 4824 quibus

107 4844 372 4906 debuerant
399 4849 624 4907 emoliri
653 4849 722 4903 ad
750 4848 931 4904 ﬁdem.
959 4846 1090 4904 ‘Sed
1130 4849 1272 4904 unde
1300 4849 1544 4906 converti
1588 4849 1682 4903 de-

106 4935 302 4996 buerant
329 4943 401 4999 ad
435 4941 684 5006 veniam,
715 4940 838 4996 inde
866 4939 1046 5011 potius
1073 4949 1464 4996 convertuntur
1487 4940 1554 4995 ad
1581 4939 1681 4993 im-

103 5031 350 5102 pietatem,
375 5044 442 5091 ut
477 5033 723 5089 videntes
763 5049 871 5088 non
899 5032 1152 5114 videant,
1209 5042 1267 5088 et
1322 5033 1682 5104 intelligentes

107 5140 193 5182 non
223 5130 558 5203 intelligant.
617 5128 686 5183 Et
719 5127 963 5183 volentes
1005 5136 1190 5183 tenere
1237 5137 1298 5182 ut
1347 5126 1678 5192 occiderent,

106 5218 342 5280 timebant
364 5239 480 5280 non
508 5223 702 5289 Deum,
729 5220 823 5278 sed
849 5221 1058 5286 turbas,
1086 5221 1215 5291 quia
1261 5220 1401 5276 sicut
1450 5221 1684 5290 prophe-

105 5317 196 5367 tam
221 5330 342 5373 eum
372 5315 673 5373 habebant.
701 5315 857 5383 Quod
885 5313 1071 5371 volunt
1091 5329 1216 5370 eum
1261 5323 1443 5370 tenere
1487 5321 1544 5372 et
1592 5329 1685 5370 oc-

102 5403 282 5473 cidere,
311 5417 374 5464 ut
402 5424 577 5480 supra
591 5407 706 5478 jam
730 5407 864 5474 dixi,
915 5422 1022 5464 non
1053 5407 1213 5463 modo
1258 5405 1326 5462 de
1377 5405 1682 5477 ignorantia

101 5498 252 5567 venit,
276 5503 428 5573 quod
454 5503 576 5573 ipse
603 5501 678 5557 sit
701 5500 971 5564 Christus,
1006 5501 1100 5556 sed
1127 5501 1194 5555 de
1213 5498 1435 5569 perﬁdia
1469 5506 1527 5553 et
1549 5513 1680 5554 con-

103 5593 305 5657 temptu.
338 5590 488 5659 Quia
504 5591 656 5661 juxta
677 5589 1047 5656 Salomonem,
1077 5591 1276 5660 impius
1304 5604 1426 5644 cum
1471 5588 1526 5644 in
1554 5604 1684 5660 pro-

101 5672 305 5736 fundum
338 5680 617 5736 malorum
653 5682 887 5748 venerit,
915 5680 1236 5737 contemnit.
1298 5680 1364 5735 Et
1416 5679 1539 5735 ideo
1583 5694 1685 5736 nec

100 5768 187 5825 sibi
213 5781 476 5842 parcunt,
505 5773 629 5844 quia
658 5773 842 5829 multis
871 5771 1052 5828 obruti
1079 5771 1234 5828 malis
1267 5771 1336 5826 ad
1368 5770 1541 5826 lucem
1565 5767 1680 5840 jam

100 5868 356 5930 respicere
387 5875 690 5934 nequeunt.
714 5865 1032 5936 Quicunque
1058 5881 1188 5936 ergo
1215 5865 1339 5922 ﬁcte
1367 5865 1449 5919 vel
1499 5864 1680 5922 dolose

1783 4657 2134 4729 pertransivit
2159 4670 2348 4711 omnes
2372 4653 2458 4707 vix
2488 4652 2791 4721 inveniens,
2821 4656 2996 4711 tenuit
3022 4671 3147 4712 eum
3179 4675 3243 4730 ac
3291 4660 3373 4714 di-

1782 4754 1904 4808 xit:
1935 4750 2154 4807 Tenebo
2213 4764 2357 4815 eum,
2410 4755 2466 4802 et
2491 4763 2600 4803 non
2637 4748 2906 4804 dimittam
2950 4748 3121 4805 illum.
3173 4751 3373 4822 Sicque

1786 4851 2077 4918 tenuerunt
2094 4843 2257 4914 pedes
2283 4842 2538 4898 mulieres
2558 4840 2685 4907 illae,
2713 4857 2781 4898 ex
2795 4843 3228 4911 resurrectione,
3251 4861 3384 4914 quin.

1785 4938 1936 4994 illum
1959 4945 2360 5002 adoraverunt;
2391 4944 2768 4991 verumtamen
2797 4951 2903 4991 non
2935 4951 3054 5006 qua
3098 4951 3223 4992 eum
3275 4953 3368 4993 su-

1785 5031 1993 5102 spicata
2021 5038 2104 5084 est
2136 5027 2506 5093 hortulanum,
2532 5028 2619 5083 cui
2651 5027 2854 5084 dictum
2904 5037 2989 5084 est
3041 5029 3193 5100 (quia
3249 5045 3374 5086 nec-

1785 5125 1915 5179 dum
1937 5137 2060 5178 eum
2090 5119 2325 5176 Verbum
2354 5119 2533 5176 Patris
2554 5135 2676 5176 esse
2704 5120 2981 5191 credebat)
3010 5119 3138 5175 Noli
3160 5138 3240 5177 me
3261 5131 3374 5176 tun-

1783 5230 1902 5286 gere
1935 5211 2118 5283 (Joan.
2144 5227 2240 5276 xx,
2267 5210 2376 5282 l7).
2425 5210 2495 5265 Et
2524 5209 2670 5277 ideo,
2693 5219 2755 5265 ut
2783 5210 2918 5276 dixi,
2975 5226 3134 5266 nemo
3187 5219 3373 5268 tenere

1783 5306 2059 5364 Christum
2080 5311 2276 5375 potest,
2301 5317 2462 5359 nemo
2488 5311 2737 5374 tangere,
2763 5301 2868 5358 nisi
2913 5302 2959 5356 is
3015 5302 3107 5373 qui
3146 5318 3212 5359 ex
3266 5301 3374 5358 ﬁde

1785 5407 1888 5464 est,
1919 5405 1976 5453 et
2006 5396 2093 5452 cui
2123 5395 2434 5466 permiserit
2459 5395 2592 5467 ipse.
2657 5393 2852 5449 Turbae
2885 5402 3067 5449 autem
3111 5410 3248 5464 quas
3301 5395 3371 5450 ti-

1788 5496 2008 5551 mebant
2051 5492 2326 5564 principes
2378 5492 2561 5564 populi
2600 5499 2654 5546 et
2699 5490 3010 5548 sacerdotes
3060 5491 3224 5564 903
3270 5491 3374 5562 ipsi

1786 5587 1893 5642 huc
1928 5585 2164 5656 illucque
2197 5584 2449 5640 ﬂuctibus
2481 5582 2855 5650 trahebantur,
2903 5583 3028 5654 quia
3069 5585 3374 5656 imperfecti

1786 5689 1962 5738 erant.
1986 5678 2150 5735 Forte
2170 5677 2272 5750 ipsi
2303 5675 2583 5746 erantqui
2628 5690 2793 5746 supra
2837 5691 3043 5732 osanna
3096 5688 3370 5744 canentes,

1789 5773 2043 5830 dicebant
2077 5789 2089 5825 :
2122 5769 2434 5825 Benedictus
2467 5768 2557 5836 qui
2599 5767 2732 5823 uenit
2774 5767 2832 5822 in
2884 5769 3104 5852 nomine.
3135 5767 3372 5826 Domini.

1791 5864 1899 5922 Sed
1923 5865 2048 5936 quia
2073 5862 2256 5919 miseri
2289 5863 2598 5934 sacerdotes
2635 5862 2702 5916 ab
2747 5861 2828 5918 eis
2884 5861 3117 5918 tulerant
3167 5862 3374 5919 clavem
