4008 6354
119 351 198 415 ut
879 348 1241 409 exrosrrto
1271 347 1348 406 tu
1385 337 1828 409 lA'l‘TﬂA-ZUM.
1870 375 1939 387 -
1979 343 2214 415 LIB._X,
2254 341 2406 401 CAP.
2446 333 2608 400 χχιι.

3298 329 3420 428 ιθ.»

120 473 246 529 Deus
263 477 355 524 est
381 468 660 524 locuturus
687 473 836 522 esset
859 507 874 530 ,
907 481 1067 524 nemo
1095 464 1407 520 mortalium
1451 461 1692 518 sustine-
1721 463 1774 534 Α
1804 458 1856 513 in
1879 473 2044 514 carne
2065 459 2432 532 credideram.
2465 458 2616 530 Unde
2641 458 2756 514 ait:
2793 458 2859 511 Et
2887 458 3023 514 misit
3057 473 3230 512 servos
3272 474 3396 518 suos

121 573 205 621 ret.
247 563 542 632 Dispensat
580 570 762 616 autem
804 561 948 614 Dens
979 559 1230 614 homines
1272 573 1378 613 non
1421 556 1700 626 capientes

121 657 406 729 dispensari
440 671 500 712 se
529 655 661 710 satis
693 670 723 708 a
755 655 867 708 Deo
890 695 905 719 ,
933 652 1064 722 quia
1092 653 1317 708 omnino
1346 652 1489 705 Dens
1512 660 1614 711 est,
1643 658 1702 704 et

122 750 163 804 in
187 764 251 804 eo
279 748 426 818 quod
457 746 735 815 dispensat
755 744 1042 808 homines;
1070 743 1213 798 unde
1235 755 1461 797 necesse
1489 741 1700 805 habuit,

121 843 300 896 homini
331 841 561 895 addere.
595 839 730 907 Quia
781 853 887 893 non
929 839 1226 898 secundum
1255 852 1315 892 se
1340 837 1488 892 Deus
1512 835 1700 899 Pater,

123 936 203 990 sed
233 934 542 990 secundum
597 948 776 986 mores
813 939 1028 985 nostros
1074 930 1231 988 nobis
1270 929 1585 983 hominibus
1630 928 1703 982 lo-

122 1029 404 1100 qnehatur;
440 1035 497 1082 et
543 1028 721 1081 adhuc
769 1041 918 1080 more
960 1026 1199 1079 humano
1242 1023 1504 1093 loquitur,
1533 1023 1704 1076 donec

123 1124 314 1175 dicatur
336 1120 496 1173 nobis
523 1138 536 1172 :
568 1118 682 1189 Ego
703 1119 930 1184 dixi,dii
951 1119 1099 1181 estis,
1122 1127 1170 1170 et
1194 1115 1292 1186 ﬁlii
1314 1115 1503 1170 excelsi
1525 1131 1704 1169 omnes

124 1212 276 1283 (Psal.
328 1228 524 1276 tum,
548 1212 602 1281 ti)
638 1229 651 1266 :
684 1219 738 1265 et
770 1219 920 1273 tunc,
955 1218 1010 1264 ut
1042 1211 1231 1272 credo,
1266 1209 1561 1264 cessabunt
1589 1209 1705 1264 ista:

123 1303 746 1372 similitudines,quando
760 1301 1188 1356 videbitur-Deus
1211 1311 1270 1354 ut
1293 1308 1397 1363 est,
1415 1309 1469 1354 et
1489 1301 1705 1370 quando

125 1399 221 1466 ipse
246 1396 425 1454 Filius
473 1396 655 1466 palam
689 1395 756 1448 de
794 1394 956 1448 Patre
999 1393 1342 1447 annuntiabit
1392 1393 1566 1456 nobis,
1615 1392 1704 1460 qui

127 1492 235 1546 fecit
283 1491 502 1561 nuptias
545 1489 655 1543 lilio
697 1505 812 1543 suo.
859 1487 976 1542 Jam
1027 1488 1152 1558 quia
1202 1487 1252 1540 in
1289 1483 1576 1540 manifesto
1623 1493 1707 1540 est

124 1581 552 1654 persona‘lhitris
581 1591 636 1635 et
663 1580 786 1634 Filii
818 1621 831 1643 ,
865 1580 953 1634 cui
999 1580 1154 1634 facta:
1183 1585 1312 1632 sunt
1338 1577 1539 1646 nuptiae
1568 1618 1581 1638 ,
1627 1577 1706 1630 di-

125 1672 428 1743 stinguenda
481 1681 567 1726 est
605 1672 721 1725 haec
767 1669 1055 1738 parabola;
1108 1669 1306 1738 quibus
1369 1667 1707 1736 temporibus

127 1764 268 1817 factae
294 1764 442 1828 sint;
473 1762 732 1832 quoniam
766 1761 983 1830 nuptias
1023 1759 1202 1814 facere
1233 1799 1248 1823 ,
1284 1767 1340 1814 et
1371 1759 1610 1813 auctoris
1651 1768 1708 1813 et

127 1855 370 1925 temporis
391 1863 494 1908 est.
521 1853 970 1923 Legiumsitaque
997 1852 1050 1905 in
1079 1851 1180 1904 alia
1207 1851 1460 1920 parabola
1491 1859 1704 1920 tempus

125 1948 425 2017 nuptiarum
453 1963 578 2002 esse
609 1945 850 2002 futurum
879 1986 893 2009 ,
929 1945 1149 2014 quando
1195 1959 1259 1998 ex
1293 1945 1480 2004 decem
1531 1943 1702 2013 virgi-

126 2041 266 2095 nibus
291 2041 549 2110 quinque
587 2038 755 2110 906
797 2054 918 2108 quis
966 2045 1167 2106 paratae
1193 2045 1374 2100 erunt,
1423 2037 1704 2091 intrabunt

125 2147 226 2186 cum
258 2146 467 2201 sponso
498 2130 714 2184 Christo
753 2130 820 2183 ad
862 2130 1098 2199 nuptias,
1131 2131 1217 2183 cui
1253 2127 1406 2184 factae
1437 2129 1551 2183 ista:
1581 2145 1703 2184 cre—

125 2226 328 2279 duntur.
353 2223 516 2280 Unde
542 2225 586 2277 si
613 2224 680 2278 de
710 2223 794 2276 his
820 2223 1025 2292 nuptiis
1058 2237 1200 2277 nunc
1229 2237 1409 2276 sermo
1439 2231 1540 2284 est,
1567 2237 1706 2277 nova

65 2321 67 2323 ’
124 2319 242 2374 ratio
292 2327 385 2372 est
437 2317 533 2371 sic'
559 2317 818 2371 invitasse
869 2317 934 2370 ad
981 2316 1198 2371 easdem
1251 2316 1498 2386 nuptias;
1537 2315 1704 2369 etiam

123 2411 274 2466 iactas
308 2426 458 2474 esse,
496 2409 721 2464 dixisse.
769 2410 967 2464 Verum
1020 2409 1145 2479 quia
1202 2409 1282 2462 lim
1334 2406 1534 2478 nuptiae
1582 2408 1706 2462 vitae

121 2503 349 2558 celestis
379 2509 463 2557 est
495 2500 769 2565 introitus,
802 2509 860 2554 et
883 2514 948 2554 ex
981 2498 1382 2554 resurrectione
1407 2498 1707 2568 suscipien-

121 2593 228 2646 dum
249 2602 346 2647 est
370 2601 593 2645 teterna:
619 2591 804 2661 gloriae
838 2600 1262 2646 sacramentum.
1297 2589 1450 2645 Unde
1473 2605 1573 2644 nec
1599 2589 1703 2643 im—

121 2683 306 2736 merito
341 2697 370 2734 a
402 2680 690 2748 Patrejam
720 2682 878 2735 factm
909 2681 1200 2743 dicuntur;
1231 2679 1357 2749 quia
1385 2678 1706 2734 :e’ternitatis

121 2771 258 2840 hujus
289 2772 537 2827 societas
565 2811 580 2834 ,
629 2779 684 2826 et
738 2772 862 2826 novi
901 2771 1149 2841 corporis
1178 2770 1542 2839 dispensatio,
1593 2771 1704 2841 jam

121 2865 352 2935 perlecta
402 2866 546 2928 facta
586 2875 702 2920 erat
743 2866 797 2919 in
845 2864 1099 2928 Christo,
1139 2873 1195 2918 et
1248 2873 1376 2918 tunc
1429 2863 1570 2918 facta
1622 2872 1704 2918 est

121 2969 215 3025 tam
251 2976 405 3015 nova
446 2970 500 3014 et
552 2961 790 3016 inaudita
829 2959 1138 3029 conjunctio
1165 3001 1178 3022 ,
1209 2960 1423 3029 quando
1454 2959 1505 3013 in
1550 2967 1703 3014 utero

120 3054 336 3126 virginis
360 3069 374 3108 :
413 3053 638 3108 Verbum
673 3070 798 3107 caro
822 3053 1020 3122 factum
1051 3063 1148 3116 est,
1176 3062 1222 3105 et
1246 3066 1343 3121 per
1366 3050 1468 3105 hoc
1491 3052 1704 3105 habita-

119 3148 178 3201 uit
201 3150 251 3202 in
281 3150 438 3203 nobis
471 3147 656 3217 (Joun.
685 3163 721 3209 ι,
751 3145 858 3215 14).
888 3145 1023 3212 Quia
1056 3146 1194 3198 sicut
1223 3145 1462 3204 omnium
1507 3144 1704 3197 electo-

121 3256 227 3296 rum
263 3241 601 3296 resurrectio
635 3240 688 3294 in
715 3238 916 3298 Christi
959 3247 1042 3292 est
1083 3239 1482 3292 resurrectione
1511 3255 1524 3290 :
1553 3237 1624 3290 ita
1651 3245 1705 3291 et

121 3333 196 3388 ha:
239 3335 443 3406 nuptiae
486 3335 539 3388 in
585 3334 699 3402 ipso
747 3331 1031 3386 celebratm
1075 3340 1234 3395 sunt,
1279 3339 1335 3384 et
1381 3330 1569 3399 juncta
1625 3338 1712 3384 est

120 3442 309 3498 sponso
344 3427 579 3481 Ecclesia
607 3426 729 3497 jure
753 3423 1140 3494 sponsalitatis,
1164 3422 1382 3492 quando
1413 3422 1554 3475 dona
1582 3419 1706 3490 Spi-

118 3524 252 3577 ritus
281 3522 460 3576 sancti
501 3536 564 3574 ex
618 3521 830 3589 integro
864 3524 1024 3572 homo
1053 3516 1196 3580 Deus
1227 3515 1430 3583 accepit
1456 3555 1471 3578 ,
1501 3522 1558 3567 et
1595 3521 1707 3567 tota

121 3615 481 3683 corporaliter
515 3614 766 3668 divinitas
797 3613 848 3665 in
881 3610 969 3664 illo
999 3609 1217 3663 tnansit.
1253 3609 1328 3661 Ex
1361 3608 1554 3676 quibus
1578 3621 1706 3678 pro-

119 3702 259 3762 fecto
287 3708 468 3771 donis,
487 3717 541 3760 ut
569 3708 916 3776 dixi,sponsa
947 3705 1062 3768 iure
1084 3702 1454 3773 sponsalitatis
1476 3701 1586 3768 jam
1610 3717 1709 3771 pro

121 3799 238 3853 dote
261 3799 461 3854 arrhas
482 3799 712 3868 accepit,
738 3805 794 3852 et
817 3797 953 3849 dona
979 3793 1221 3863 ejusdem
1237 3793 1480 3862 Spiritus
1509 3793 1706 3856 sancti,

119 3890 202 3958 qui
253 3898 402 3945 totus
439 3890 492 3944 in
544 3889 762 3943 Christo
804 3885 1039 3949 mansit;
1070 3901 1134 3939 ex
1176 3897 1283 3952 quo
1324 3884 1483 3937 homo
1535 3881 1709 3936 factus

120 3991 214 4047 est,
242 3992 296 4037 et
325 3986 600 4053 processit
623 3990 879 4050 tanquam
911 3993 1143 4048 sponsus
1171 3978 1236 4030 de
1265 3983 1416 4030 utero
1451 3975 1705 4046 Virginis,

118 4075 234 4143 quia
265 4085 458 4130 uterus
488 4071 606 4141 ejus
636 4071 907 4127 thalamus
953 4070 1071 4123 fuit.
1111 4069 1180 4122 At
1223 4083 1351 4121 vero
1381 4066 1618 4121 Ecclesia
1653 4066 1717 4121 in-

120 4166 294 4220 collem
337 4175 535 4220 renata
558 4164 749 4233 spiritu
779 4178 843 4217 ex
877 4177 1036 4229 aqua,
1067 4175 1229 4214 unum
1259 4174 1456 4228 corpus
1479 4157 1712 4214 edicitur

120 4256 166 4309 in
190 4256 438 4321 Christo,
470 4265 530 4309 ut
557 4258 670 4310 sint
693 4255 798 4308 duo
828 4255 880 4308 in
912 4269 1077 4307 carne
1111 4265 1236 4314 una,
1270 4250 1412 4319 quod
1461 4265 1710 4320 magnum

119 4357 183 4400 est
213 4358 619 4408 sacramentum
645 4349 700 4398 in
725 4343 934 4400 Christo
964 4355 1010 4398 et
1037 4344 1091 4396 in
1136 4342 1369 4398 Ecclesia
1399 4340 1614 4412 (Ep/tes.
1653 4357 1706 4406 v,

119 4437 216 4508 3i).
283 4439 568 4496 Tenditur
595 4446 774 4492 autem
815 4445 1024 4504 tempus
1053 4433 1360 4503 nuptiarum
1388 4435 1456 4488 ab
1485 4431 1713 4489 exordio-

119 4529 512 4586 incarnationis
542 4528 778 4590 Christi,
810 4542 1091 4597 quousque
1114 4526 1225 4594 ipse
1250 4525 1435 4580 redeat
1461 4524 1710 4579 Christus

115 4627 164 4672 ut
208 4623 398 4678 omnia
450 4621 766 4690 nuptiarum
794 4617 1176 4687 compleantur.
1219 4624 1599 4681 sacramenta;
1657 4625 1713 4670 et

118 4722 230 4769 tunc
255 4731 382 4786 quae
404 4723 775 4780 servaverunt
802 4712 1040 4782 legitimo
1065 4709 1189 4777 jura
1228 4715 1392 4782 tanta:
1428 4708 1708 4780 sponsali-

114 4809 246 4870 tatis,
283 4814 580 4878 etparata:
609 4813 793 4869 erunt,
839 4802 1116 4858 intrabunt
1143 4798 1538 4856 officiosissime
1585 4815 1708 4854 cum

112 4920 169 4956 eo
207 4905 273 4957 ad
305 4904 447 4958 illas
479 4911 710 4962 aeternas
737 4899 982 4969 nuptias.
1008 4896 1226 4950 [nterim
1254 4895 1456 4949 etenim
1496 4892 1712 4947 ducitur

111 4995 317 5060 Christo
356 4999 514 5060 viro,
565 5010 700 5048 uxor
731 5002 785 5047 et
807 5006 1042 5060 sponsa;
1073 4997 1130 5043 et
1157 4993 1445 5057 sponsatur
1470 4985 1710 5054 quotidie

114 5086 158 5138 in
186 5088 288 5142 fide
312 5097 376 5144 et
406 5085 788 5141 misericordia
818 5085 992 5137 donec
1020 5081 1208 5134 redeat
1233 5079 1367 5147 ipse.
1386 5075 1450 5132 Et
1476 5078 1600 5132 hinc
1628 5084 1711 5133 est

111 5183 242 5248 quod
289 5181 511 5235 Paulus
559 5177 785 5233 aiebat:
831 5173 1096 5243 Despondi
1143 5172 1281 5224 enim
1315 5186 1400 5224 eos
1433 5170 1522 5222 uni
1563 5170 1708 5232 riro,

112 5274 358 5343 rirgiucm
391 5283 597 5326 castum
633 5261 872 5324 exhibere
903 5265 1118 5320 Christo
1153 5267 1172 5329 (
1191 5263 1213 5316 ,Ι
1241 5261 1366 5317 Cor.
1399 5276 1452 5316 xl
1473 5301 1487 5323 ,
1533 5259 1620 5329 ‘2);
1655 5267 1714 5314 ut

109 5381 222 5417 cum
261 5365 495 5420 venerit
516 5404 533 5428 ,
565 5363 725 5417 sitnul
751 5360 974 5415 collecta
1011 5357 1252 5418 Ecclesia
1285 5363 1394 5410 tam
1422 5355 1488 5408 de
1511 5351 1711 5412 Judaeis

109 5474 261 5524 quam
287 5461 358 5512 de
386 5458 680 5518 Gentibus,
707 5471 813 5509 una
844 5453 1105 5521 amplecta
1117 5461 1201 5503 tur
1229 5464 1447 5517 sponsa,
1470 5446 1668 5521 conjux
1691 5485 1706 5510 ,

107 5560 157 5603 et
184 5567 342 5606 uxor.
379 5551 590 5606 Omnes
617 5563 853 5618 namque
882 5545 1057 5600 sancti
1092 5542 1302 5597 Veteris
1331 5540 1664 5598 Testamenti
1692 5566 1708 5603 ,-

106 5659 190 5713 tpn
219 5637 289 5700 ab
318 5644 491 5699 initio
512 5641 688 5701 saeculi
709 5641 951 5702 inerunt,
968 5639 1033 5691 ad
1058 5639 1156 5690 has
1177 5635 1452 5704 pertinent
1471 5631 1706 5700 nuptias,

106 5717 236 5806 quas
265 5755 374 5810 per
415 5737 596 5797 tidetn,
642 5744 694 5788 ct
723 5735 766 5788 si
794 5749 823 5786 a
855 5733 1009 5802 longe
1034 5735 1456 5798 wnspexerunt,
1479 5724 1711 5794 quicun-

106 5835 206 5898 ijue
225 5829 543 5887 «Christum
579 5838 694 5894 pro
718 5824 890 5879 salute
920 5821 1142 5877 humani
1171 5817 1397 5888 generis
1426 5824 1710 5882 venturum

1804 569 1989 618 vocare
2017 553 2260 618 invitatos
2291 551 2361 606 ad
2389 552 2617 621 nuptias.
2647 549 2764 620 Jatn
2796 551 2938 630 enim
2969 542 3059 624 qui
3090 537 3355 616 vocantur
3378 591 3395 618 ,

1804 645 2012 710 invitati
2063 656 2249 709 erant;
2283 645 2536 713 quoniam
2566 660 2755 714 olunes
2779 644 2853 716 ab
2884 645 3000 717 ipso
3030 637 3164 700 Abel
3205 642 3354 719 justo
3383 686 3394 708 ,

1805 737 1961 806 hujus
1991 738 2566 808 atlv_entuni,inspirati
2595 754 2625 794 a
2647 738 2778 802 Deo,
2805 739 3216 811 exspectabant.
3247 736 3400 793 Unde

1807 831 1857 894 in
1908 833 2074 902 ﬁgura
2107 831 2311 896 Christi
2361 848 2558 903 agnum
2601 831 3134 903 obtulisse-legitur;
3182 841 3236 886 et
3278 831 3400 904 ideo

1808 925 2048 992 Respexit
2075 925 2237 995 907
2265 925 2329 980 ad
2361 941 2482 988 eum
2524 925 2784 986 Dominus
2803 966 2818 991 ,_
2851 935 2897 991 ﬁt
2925 926 3001 993 _ad
3041 943 3257 992 munera
3286 926 3400 996 ejus

1809 1014 2056 1097 (GeuJV,
2077 1016 2135 1084 4)
2169 1033 2182 1069 :
2218 1017 2650 1085 respexitautem
2675 1017 2815 1088 sicut
2844 1016 2968 1082 alibi
2997 1017 3250 1087 legimus,
3274 1018 3414 1087 quia.

1808 1109 2177 1166 inﬂammavit.
2199 1111 2403 1172 Idcirco
2421 1122 2567 1166 recte
2584 1112 2965 1181 dieimus,qu,ia
2988 1114 3053 1170 ad
3079 1113 3177 1176 has
3191 1118 3410 1183 nuptias.-

1807 1200 1986 1256 omnis
2030 1202 2178 1256 natio
2221 1201 2439 1268 humani
2472 1203 2690 1271 generis
2715 1217 2820 1270 per
2845 1201 3027 1272 legent
3079 1185 3286 1272 natura:
3325 1204 3406 1255 ill-

1807 1293 1970 1348 vitata
2009 1291 2131 1354 fuit.
2169 1291 2301 1354 Nam
2339 1293 2444 1356 alia
2472 1293 2960 1362 exemplaria,pr
2989 1292 3110 1356 loco
3145 1309 3251 1356 non
3283 1309 3401 1348 ser-

1807 1398 1904 1436 vos
1927 1382 2232 1452 pluraliter,
2258 1383 2352 1438 sed
2376 1398 2601 1448 servum
2633 1383 3068 1456 (impugnabant;
3115 1398 3208 1452 per
3242 1399 3415 1452 quctn.

1810 1473 1948 1528 forte
1979 1488 2192 1528 servum
2233 1481 2376 1528 recte
2425 1472 2634 1543 Moyses
2657 1472 3000 1543 intelligitur.
3027 1472 3182 1542 qunti
3214 1473 3256 1528 si
3284 1488 3401 1527 ser-

1811 1577 1903 1614 vos
1935 1561 2228 1632 legerimus
2252 1605 2267 1627 ,
2303 1573 2362 1616 ut
2390 1571 2445 1618 et
2493 1562 2546 1616 in
2591 1563 2782 1632 Crch
2816 1563 3077 1631 habetur,
3109 1564 3407 1633 prophetas

1809 1653 2154 1722 apertissime
2187 1653 2621 1724 incarnationem
2650 1652 2851 1726 Christi
2900 1655 3276 1724 pradicantes,
3299 1668 3402 1728 acu

1807 1744 1989 1814 ciperc
2028 1744 2308 1799 debemus.
2353 1744 2458 1800 Sed
2495 1745 2570 1814 illi
2601 1747 2839 1816 primum
2885 1745 3140 1817 nolebant
3165 1739 3356 1818 venire
3383 1783 3407 1816 ,

1735 1832 1781 1890 B
1809 1836 1935 1905 quia
1967 1838 2190 1904 credere
2229 1837 2540 1906 noluerunt.

1877 1927 2080 1984 lterum
2109 1929 2252 1984 misit
2281 1930 2415 1995 alios
2451 1947 2625 1984 servos
2657 1930 2834 1984 dicens
2867 1945 2883 1981 :
2922 1929 3088 2000 Dicite
3121 1932 3405 2001 invitatis;

1807 2037 1922 2082 ecce
1950 2020 2232 2090 prandium
2259 2037 2430 2090 meum
2456 2022 2822 2090 parari.tauri
2845 2024 2945 2098 mei
2963 2033 3013 2091 et
3041 2023 3211 2090 altilia
3235 2026 3406 2092 occisa

1807 2124 1950 2178 sunt,
1975 2124 2023 2167 et
2051 2116 2226 2178 omnia
2249 2125 2458 2185 parata,
2475 2117 2641 2181 venite
2667 2116 2736 2180 ad
2761 2105 2990 2183 piamina.
3023 2117 3116 2172 Bis
3141 2119 3407 2192 siquidem

1810 2208 1979 2271 ll'llSll,
2009 2207 2134 2276 quia
2164 2208 2400 2276 primum
2428 2207 2724 2278 prophetae.
2771 2209 2966 2264 deinde
2997 2209 3224 2278 apostoli
3255 2210 3409 2268 missi

1809 2309 1964 2366 sunt;
2012 2309 2069 2353 ut
2118 2316 2237 2369 qtae
2280 2300 2556 2370 prOpheta:
2613 2301 2764 2370 prius
2808 2303 2989 2367 futura
3042 2303 3403 2370 nuntiarunt,

1808 2399 1990 2461 postea
2026 2406 2121 2460 per
2153 2390 2425 2460 apostolos
2451 2391 2718 2453 exhibita,
2755 2391 3215 2457 ministrarentur,
3243 2402 3409 2462 atque

1809 2481 2062 2550 operibus
2094 2480 2437 2536 conﬁrmata.
2475 2479 2624 2548 Licet
2654 2482 2871 2550 quidam
2916 2482 3036 2548 ideo
3069 2482 3158 2550 liis
3193 2482 3412 2549 misisse

1809 2575 2013 2639 dicant,
2046 2589 2111 2629 eo
2140 2575 2282 2643 quod
2311 2570 2608 2643 prophetas
2653 2562 2876 2629 secundi
2917 2574 3124 2638 ordinis
3170 2575 3408 2640 miserit.

1811 2667 1915 2722 Sed
1943 2661 2142 2734 melius
2172 2667 2287 2720 haec
2319 2667 2552 2731 secunda
2588 2666 2852 2729 invitatio,
2878 2666 3004 2734 quia
3033 2684 3194 2739 supra
3223 2668 3409 2737 plures

1812 2760 1960 2815 missi
1983 2769 2140 2822 sunt,
2169 2759 2234 2822 ad
2279 2759 2552 2830 apostolos
2579 2759 2848 2832 refertur,
2869 2776 2964 2829 per
2989 2776 3124 2830 quos
3141 2761 3258 2832 jam
3293 2777 3406 2824 ma-

1809 2852 2006 2908 nifeste
2057 2852 2256 2906 dicitur
2299 2869 2310 2904 :
2348 2850 2482 2918 Ecce
2525 2853 2810 2921 prandium
2849 2868 3021 2906 naenia
3063 2835 3266 2922 parari,
3296 2864 3404 2908 etc.

1812 2945 2078 3014 Quoniam
2107 2959 2205 3015 per
2238 2954 2424 3002 tauros
2453 2944 2587 3010 bene
2612 2943 2806 3010 Patres
2835 2942 3045 3013 Veteris
3073 2929 3406 3011 'l‘cstattteiiti

1809 3039 2174 3109 accipiuntur,
2205 3037 2403 3108 quibus
2433 3022 2905 3106 virtutecorporis
2934 3019 2996 3106 ac
3017 3035 3069 3107 si
3099 3052 3276 3106 cornu
3327 3037 3408 3100 (e-

1810 3131 1918 3198 rire
1945 3129 2151 3204 licitum
2178 3138 2297 3182 erat
2320 3167 2335 3192 ,
2381 3135 2437 3181 et
2474 3126 2662 3182 ulcisci
2699 3127 2767 3181 de
2815 3127 3050 3198 inimicis
3085 3127 3196 3194 suis
3219 3167 3232 3194 ,
3266 3127 3408 3190 sicut

1811 3223 2014 3296 dictum
2045 3231 2129 3276 est
2167 3239 2178 3272 :
2209 3219 2276 3274 Et
2313 3219 2431 3290 odio
2487 3219 2698 3293 (iubebis
2728 3219 2999 3293 inimicum
3039 3218 3419 3294 tuttqt._Porrq

1811 3329 1907 3384 per
1934 3313 2102 3370 altilia
2133 3311 2322 3383 Patres
2359 3310 2490 3366 Novi
2531 3309 2862 3376 Testanteuti
2913 3309 3293 3380 designantur,
3342 3325 3408 3368 eo

1813 3407 1954 3482 quod
1999 3404 2203 3458 fuerint
2239 3402 2471 3474 amplius
2512 3410 2566 3456 et
2598 3399 2893 3470 perfectius
2937 3395 3180 3478 .Spi'ritus
3233 3401 3408 3456 sancti

1813 3497 1987 3567 gratia
2021 3494 2277 3565 saginati.
2311 3492 2443 3546 Nam
2474 3492 2525 3546 in
2560 3489 2751 3546 Graeco
2778 3505 2882 3543 non
2914 3489 3078 3544 altilia
3099 3530 3114 3556 ,
3144 3491 3240 3544 sed
3269 3490 3409 3561 sagi-

1813 3597 1939 3646 nata
1970 3587 2153 3651 habet,
2183 3585 2327 3650 unde
2359 3592 2413 3637 ct
2441 3582 2608 3660 altilia
2655 3582 2910 3636 dicuntur
2955 3580 3153 3636 alatilia
3181 3621 3195 3645 ,
3227 3582 3294 3646 ab
3341 3594 3410 3636 eo

1813 3680 1955 3753 quod
1985 3688 2066 3734 est
2097 3678 2263 3731 alere.
2299 3675 2362 3730 Et
2401 3676 2522 3730 ideo
2566 3674 2840 3752 apostolos
2877 3685 3036 3748 atque
3085 3671 3410 3752 apostolicos

1812 3777 1981 3838 viros,
2019 3780 2172 3844 recte
2199 3786 2458 3838 vocamus
2484 3768 2561 3833 alt
2585 3768 2677 3832 lia,
2711 3767 2798 3842 qui
2827 3765 2953 3845 dum
2985 3766 3155 3838 gratia
3179 3765 3410 3824 internae

1813 3866 2156 3940 pinguedinis
2206 3864 2548 3933 saginantur,
2605 3861 2673 3914 ad
2726 3847 3039 3920 sublimiora
3077 3856 3410 3930 contempla-

1817 3962 1976 4017 tionis
2016 3961 2154 4014 dona
2188 3973 2364 4027 penna
2395 3956 2662 4012 levantur.
2700 3953 2992 4032 Quaehanc
3019 3935 3198 4034 occisa
3227 3960 3282 4005 et
3311 3967 3406 4022 pa-

1813 4065 1930 4110 rata
1951 4054 2062 4126 jam
2093 4051 2272 4107 omnia
2300 4051 2577 4124 dicuntur,
2598 4055 2654 4102 et
2674 4046 2838 4109 dicit,
2865 4043 3142 4126 [vendend
3165 4044 3413 4118 nuptias.

1813 4150 1890 4204 Ac
1907 4118 2180 4204 sivdiceret
2205 4163 2218 4199 :
2240 4118 2901 4218 Patruinipraacedcntium
2931 4118 3030 4212 pro
3051 4118 3175 4216 fide,
3197 4147 3410 4210 inputes

1814 4241 2067 4310 aspicite,
2120 4237 2306 4306 sicque
2347 4251 2444 4305 per
2473 4249 2664 4306 eorum
2694 4232 2939 4304 exempla
2989 4230 3220 4320 instituti
3247 4231 3314 4284 ad
3345 4229 3410 4282 ἰξα-

1816 4337 1935 4390 dem
1967 4374 1982 4398 ,
2017 4331 2258 4402 remedia
2287 4338 2485 4384 vestra:
2517 4328 2638 4381 vita:
2683 4327 2913 4397 cogitate
2937 4365 2951 4392 ,
3003 4333 3165 4400 atque
3215 4322 3410 4394 pabula

1815 4425 2006 4481 aeterni
2055 4421 2289 4478 convivii
2333 4419 2579 4490 quaerite.
2624 4417 2795 4484 Quam
2831 4418 2982 4491 bene
3035 4415 3200 4490 [igitur
3240 4414 3407 4486 ptiori

1820 4516 2136 4572 invitatione
2163 4513 2295 4566 nihil
2325 4513 2390 4565 dc
2420 4511 2589 4564 tauris
2608 4509 2833 4576 dicitur,
2878 4508 2930 4561 in
2963 4507 3195 4570 secunda
3227 4521 3370 4560 vero
3391 4545 3406 4570 ,

1817 4619 1871 4667 et
1895 4608 2035 4664 tauri
2064 4616 2117 4660 et
2145 4604 2308 4659 altilia
2335 4603 2512 4658 occisa
2541 4642 2554 4666 ,
2588 4609 2642 4660 et
2676 4601 2855 4655 omnia
2886 4609 3074 4669 parata
3103 4613 3411 4675 ιιιειιιριιιιιέ

1819 4713 1923 4762 tur.
1969 4702 2103 4769 Quia
2135 4700 2276 4766 Deus
2297 4697 2668 4767 omnipotens,
2716 4709 2837 4750 cum
2871 4694 3033 4766 verba
3079 4674 3268 4745 audire
3316 4673 3408 4744 vo?

1816 4797 2014 4860 lumus,
2046 4791 2292 4861 exempla
2319 4787 2617 4860 swpissime
2647 4785 2846 4857 jungit,
2886 4794 2942 4837 ut
2969 4782 3254 4837 convincat
3278 4769 3412 4851 pra?

1815 4889 2038 4942 vitatem
2086 4884 2401 4945 humanam,
2442 4887 2496 4934 et
2525 4893 2683 4933 nemo
2709 4879 2774 4932 de
2822 4872 3251 4946 impossibilitate
3281 4886 3406 4922 Ctltl-

1816 4987 1986 5054 SBllll'.
2029 4976 2414 5042 Verumtamen
2480 4971 2619 5027 tauri
2681 4979 2736 5040 et
2793 4968 3005 5032 altilia,
3067 4981 3188 5038 qua:
3227 4965 3406 5018 occisa

1819 5075 2093 5135 dicuntur,
2127 5083 2402 5140 nunquam
2432 5082 2528 5138 pro
2549 5063 2753 5122 Christi
2795 5062 3000 5135 nuptiis
3029 5060 3407 5138 occiderentur

1819 5171 1885 5226 ad
1935 5169 2125 5240 eptrlas
2171 5166 2334 5228 etiam
2389 5145 2816 5227 comitantium,
2842 5158 2952 5224 nisi
2989 5145 3047 5227 et
3077 5155 3175 5230 ipsi
3199 5153 3358 5226 prius
3386 5193 3408 5218 ,

1817 5261 2111 5332 908jam
2133 5257 2382 5315 convivio
2405 5254 2554 5311 verbi
2581 5253 2674 5308 Dei
2705 5251 2842 5322 pasti
2873 5257 3052 5304 essent
3081 5244 3403 5316 et-enutriti.

1816 5353 2086 5420 Quoniam
2131 5349 2222 5419 qui
2271 5349 2340 5402 ab
2390 5347 2495 5402 hoc
2531 5343 2779 5400 convivio
2813 5341 2975 5396 Verbi
3028 5348 3110 5407 est
3147 5337 3406 5409 jejunus.

1819 5445 2137 5518 tttiqttenon
2162 5440 2327 5505 .vivit;
2359 5439 2481 5508 quia
2515 5436 2636 5490 Non
2671 5437 2726 5490 in
2757 5433 2866 5488 solo
2897 5449 3032 5502 pane
3069 5433 3187 5485 civit
3227 5431 3411 5518 [temo].

1815 5536 1904 5596 sed
1935 5528 2488 5599 inomniyerboquod
2513 5525 2745 5596 procedit
2771 5524 2834 5584 de
2859 5540 2946 5576 ore
2969 5522 3066 5578 Dei
3084 5519 3298 5593 (Matth.
3324 5534 3404 5582 tv,

1814 5627 1891 5699 4).
1926 5625 2064 5680 Vere
2095 5624 2254 5686 verba
2289 5621 2382 5678 Dei
2410 5629 2626 5683 teternze
2659 5607 3106 5686 vitieprandinm
3157 5619 3302 5686 situt,
3351 5601 3405 5682 et

1817 5717 1906 5788 qui
1939 5715 2024 5775 his
2047 5713 2216 5780 {uegit
2233 5707 2792 5782 ,saginatus,spiritali,
2804 5705 3051 5772 convivio
3066 5701 3406 5780 pinguescit;

1819 5810 2071 5879 impletur
2105 5805 2306 5874 Spiritu
2335 5811 2549 5869 sancto,
2591 5811 2644 5855 ct
2686 5799 2944 5864 dilatatur
2986 5796 3255 5877 sensibus.
3303 5809 3409 5878 una
