4008 6354
637 347 744 403 τιὸ

1427 340 1486 395 S.
1527 336 1882 395 PASCHASII
1922 328 2271 390 RADBERTI
2306 326 2600 386 ABBATIS
2635 326 3083 385 CORBEIENSIS
3714 343 3787 398 “ut

637 456 800 513 tritor
823 453 946 517 ﬁde,
979 452 1178 508 crescit
1199 449 1251 506 in
1276 450 1539 507 eharitate
1567 470 1580 506 :
1613 460 1670 507 et
1694 451 1786 522 qui
1817 451 1885 506 ab
1914 450 2000 506 his
2016 447 2226 519 jejunat
2253 447 2304 508 Α
2330 443 2592 514 probatur
2624 459 2746 500 esse
2775 444 3060 500 mittentis.
3115 443 3344 510 Quorum
3373 446 3612 505 insolentia
3636 456 3791 528 attingit

636 552 932 601 evacuatur
988 543 1220 613 spiritu,
1274 541 1574 614 languescit
1615 543 1887 607 sensibus,
1926 550 1980 597 et
2028 541 2227 597 arescit

640 636 764 692 ﬁde.
794 634 1068 690 Interdum
1101 643 1284 690 autem
1315 633 1492 690 inedia
1520 635 1718 699 victus,
1774 633 1960 704 sicque
2006 634 2115 688 ruit
2173 633 2226 688 in

639 737 890 783 mortem.
919 727 988 782 Et
1012 727 1140 797 quia
1176 741 1366 782 omnes
1401 734 1526 782 sunt
1554 726 1768 782 invitati
1803 727 1870 782 ab
1919 726 2072 782 initio
2103 725 2228 782 ﬁdei

640 819 706 873 ad
750 819 855 875 hoc
901 819 1189 890 prandium
1244 819 1594 889 nuptiarum,
1648 819 1798 874 exire
1865 834 1966 874 nos
2019 826 2232 888 oportet

641 923 763 963 cum
793 908 937 964 ﬁdeli
973 909 1247 964 Abraham
1281 909 1348 964 de
1395 917 1538 964 terra
1579 909 1761 964 carnis
1799 917 2027 973 nostrae,
2065 918 2121 964 et
2163 910 2229 964 de

641 1001 966 1074 cognatione
992 1001 1250 1056 vitiorum
1276 1042 1292 1067 ,
1344 1001 1431 1056 cui
1471 1001 1675 1057 dictum
1705 1009 1789 1055 est
1820 1017 1834 1054 :
1880 999 2012 1054 Veni
2040 1001 2095 1054 in
2122 1010 2229 1054 ter-

641 1111 776 1159 ram,
801 1110 958 1165 quam
985 1102 1342 1148 monstravere
1383 1093 1477 1146 tibi
1503 1091 1657 1163 (Cen.
1687 1108 1748 1155 ll,
1787 1092 1860 1161 1).
1895 1090 2027 1159 Quae
2071 1091 2232 1145 nimi-

639 1200 761 1239 rum
796 1193 963 1249 terra,
1012 1192 1156 1240 terra
1191 1183 1487 1238 viventium
1536 1192 1638 1248 est,
1683 1183 1751 1238 ad
1784 1199 1946 1253 quam
1992 1184 2230 1254 suspirat

643 1277 810 1333 David
838 1317 852 1341 ,
885 1277 1070 1332 dicens
1100 1294 1112 1330 :
1145 1273 1314 1331 Credo
1353 1275 1525 1331 videre
1563 1276 1699 1330 bona
1731 1274 1944 1330 Domini
1998 1277 2054 1331 in
2088 1286 2230 1331 terra

641 1369 919 1424 viventium
963 1365 1134 1439 (Pent.
1167 1382 1328 1434 xxvr,
1359 1367 1470 1439 l5).
1527 1367 1594 1422 Et
1626 1367 1683 1422 'si
1723 1367 1922 1438 quieris
1945 1407 1959 1431 ,
2016 1367 2188 1421 lector
2212 1406 2227 1431 ,

642 1458 858 1528 quando
887 1458 1172 1528 incmperit
1197 1458 1297 1514 ista
1322 1458 1571 1513 invitatio
1595 1457 1944 1514 Iudaeorum?
1975 1459 2098 1511 audi
2130 1458 2232 1512 Do-

645 1549 848 1604 minum
891 1549 1210 1604 invitantem
1248 1559 1457 1621 patrem
1497 1557 1742 1606 nostrum
1782 1551 2090 1615 Abraham,
2137 1551 2228 1620 qui

643 1642 943 1713 appellatus
980 1652 1064 1699 est
1091 1653 1247 1712 pater
1274 1645 1565 1700 multarum
1596 1647 1857 1717 gentium,
1908 1661 1992 1700 cui
2025 1647 2228 1700 dictum

642 1742 756 1790 est:
777 1733 1006 1790 Omnem
1030 1744 1230 1791 terram
1243 1752 1622 1807 quamcunque
1641 1736 1934 1792 calcaverit
1957 1752 2054 1808 pes
2081 1745 2225 1802 tuus,

2330 537 2492 592 etiam
2519 552 2690 608 usque
2717 539 2786 592 ad
2815 535 3067 605 injuriam
3100 537 3295 606 sponsi,
3314 547 3365 592 et
3386 542 3700 598 contumeliam
3722 564 3792 601 nu-

2329 629 2588 701 ptiarum.
2620 627 2688 682 Et
2713 627 3010 684 notandum
3038 627 3090 682 in
3118 627 3218 683 hac
3239 629 3491 698 parabola,
3515 634 3632 700 quod
3653 635 3704 690 de
3727 637 3796 694 im-

2332 719 2621 774 molatione
2648 733 2744 774 sua
2773 719 2959 783 tacuit,
2983 717 3076 788 qui
3099 717 3212 786 jam
3240 719 3300 772 de
3322 734 3376 774 se
3402 735 3542 790 supra
3565 723 3608 776 in
3631 725 3713 779 alia
3728 743 3796 798 pa-

2333 808 2517 865 rabola
2541 817 2916 880 proposuerat,
2938 817 3162 880 prepter
3182 810 3330 880 cujus
3350 811 3514 866 odium
3533 824 3577 869 et
3595 815 3675 870 ista
3699 816 3797 874 facta

2333 910 2476 957 sunt.
2509 901 2749 957 Duarum
2768 917 2898 958 vero
2922 902 3452 972 partium'distinctio,
3477 921 3580 975 quae
3600 909 3654 962 ad
3671 911 3799 966 villam

2333 997 2412 1060 ﬁt,
2468 1003 2523 1050 et
2571 1012 2691 1067 qua
2743 997 2810 1051 ad
2859 996 3299 1065 negotiationem,
3329 1013 3502 1054 omnes
3545 1010 3670 1056 actus
3710 1019 3803 1074 quos

2333 1095 2501 1158 agunt
2529 1087 2775 1143 homines
2800 1087 2855 1142 in
2880 1087 2984 1144 hoc
3009 1088 3228 1154 mundo,
3264 1089 3382 1144 vita:
3423 1093 3718 1158 necessarios,
3737 1097 3801 1149 de-

2331 1178 2523 1248 pingit.
2556 1178 2796 1245 Quorum
2824 1178 3018 1248 duplex
3041 1179 3204 1242 actio,
3240 1179 3510 1233 autvillam
3529 1193 3723 1247 exercet,
3740 1193 3803 1238 aut

2335 1270 2769 1341 negotiationem.
2788 1270 2870 1326 Ad
2884 1271 3064 1326 villam
3078 1286 3206 1342 ergo
3224 1271 3405 1336 ire,est
3416 1287 3635 1329 exercere
3646 1283 3802 1340 terram,

2334 1370 2427 1416 aut
2451 1361 2665 1432 aliquod
2691 1377 2825 1432 opus
2855 1371 3129 1417 terrenum
3161 1363 3401 1418 manibus
3427 1366 3634 1433 operari,
3657 1375 3700 1420 ut
3718 1375 3806 1436 puta

2333 1469 2521 1525 agrum
2550 1453 2636 1507 vel
2661 1454 2894 1519 vineam,
2923 1454 3008 1509 vel
3027 1469 3163 1523 opus
3185 1454 3311 1526 ligni
3334 1464 3422 1508 aut
3447 1454 3580 1520 ferri,
3602 1457 3805 1512 autalicu-

2325 1543 2414 1613 jus
2467 1545 2703 1600 artificii.
2755 1545 2884 1612 Quae
2937 1547 3121 1601 omnia
3147 1546 3274 1600 dum
3320 1546 3551 1602 manibus
3574 1559 3805 1618 operantur,

2332 1635 2511 1690 villam
2561 1635 2798 1690 incolere
2842 1646 2946 1701 est,
3001 1635 3054 1690 id
3097 1645 3184 1691 est
3236 1645 3442 1691 terrena
3486 1639 3681 1708 operari.
3705 1638 3806 1706 Quod

2333 1734 2513 1780 autem
2535 1741 2642 1780 non
2663 1726 2716 1780 in
2741 1726 2924 1782 labore
2946 1743 3204 1782 manuum
3229 1738 3542 1795 nostrarum,
3563 1730 3642 1786 sed
3659 1730 3808 1784 aliumle

644 1826 740 1882 tibi
785 1827 926 1882 dabo
958 1837 1014 1882 et
1038 1827 1233 1884 semini
1265 1837 1358 1884 tuo
1381 1837 1503 1899 post
1531 1836 1583 1883 te
1612 1828 1664 1882 in
1695 1837 1954 1883 aeternum
1980 1844 1994 1891 ;
2026 1836 2225 1882 terram
2259 1811 2304 1870 Β
2334 1817 2481 1873 lucra
2533 1828 2963 1888 conseqlllllllur.
3015 1830 3076 1874 ιη
3129 1829 3260 1890 PU“
3295 1822 3514 1876 honores
3547 1822 3806 1890 (ιυωτθῖθνίιι

641 1919 829 1988 utique
853 1918 1105 1975 ﬂuentem
1133 1919 1216 1974 lac
1239 1927 1294 1975 et
1318 1919 1442 1983 mel,
1472 1919 1669 1989 quibus
1707 1919 1948 1973 nutritur
1970 1927 2024 1973 et
2056 1919 2230 1988 pasci-

643 2017 731 2063 tur
768 2010 946 2064 omnis
987 2010 1190 2076 anima,
1233 2026 1354 2080 quae
1405 2020 1656 2065 versatur
1702 2009 1754 2064 in
1811 2009 2058 2065 convivio
2111 2010 2226 2064 Dei.

643 2097 798 2167 Quod
832 2115 965 2155 sane
991 2100 1295 2154 convivium
1335 2100 1478 2155 Deus
1515 2099 1679 2155 Pater
1717 2100 1954 2154 instituit
1984 2101 2039 2154 in
2078 2100 2232 2156 Chri-

639 2199 746 2256 sto,
787 2199 844 2247 et
872 2190 1084 2261 paravit
1123 2192 1408 2261 prandium
1450 2193 1780 2262 nuptiarum.
1809 2192 1925 2248 Non
1961 2195 2106 2248 enim
2147 2204 2231 2249 est

637 2284 706 2339 de
728 2292 869 2338 terra
898 2285 1023 2350 hac,
1051 2286 1308 2355 quoniam
1356 2287 1410 2340 in
1461 2302 1527 2342 eo
1571 2295 1774 2342 aeterna
1821 2288 2056 2344 societas
2089 2289 2229 2344 cele-

638 2373 846 2440 bratur,
880 2390 1057 2444 neque
1089 2377 1156 2429 de
1190 2386 1332 2431 terra
1366 2375 1526 2446 hujus
1565 2379 1747 2432 smculi
1775 2419 1788 2442 ,
1831 2380 2084 2449 quoniam
2137 2379 2227 2434 illa

635 2481 908 2538 nunquam
951 2468 1033 2524 lac
1083 2468 1237 2524 ﬁuxit
1272 2485 1449 2542 neque
1482 2471 1608 2526 mel.
1643 2471 1750 2527 Sed
1779 2480 1924 2528 terra
1949 2473 2034 2526 illa
2061 2473 2227 2528 ratio-

635 2558 774 2615 nalis
801 2575 963 2630 quam
991 2561 1238 2618 Christus
1265 2564 1524 2634 suscepit,
1551 2565 1616 2619 de
1643 2580 1748 2634 qua
1778 2574 1960 2620 nostra
1986 2567 2226 2636 pascitur

633 2649 884 2717 infantia,
929 2655 994 2708 de
1022 2669 1127 2724 qua
1166 2655 1344 2710 omnis
1374 2655 1600 2711 dulcedo
1631 2664 1850 2722 manat;
1881 2667 1936 2712 et
1959 2669 2225 2728 parantur

630 2745 802 2814 epulae
827 2747 1156 2816 nuptiarum.
1188 2747 1318 2815 Qure
1345 2748 1546 2818 nuplize
1569 2749 1787 2819 quando
1821 2748 2070 2806 Christus
2109 2752 2224 2806 haec

632 2835 983 2904 loquebatur,
1005 2836 1120 2904 jam
1145 2847 1302 2893 erant
1327 2839 1380 2893 in
1406 2840 1524 2910 ipso
1545 2849 1766 2911 pr0pter
1785 2840 2221 2909 conjunctionem

633 2936 690 2985 et
733 2931 1129 3002 susceptionem
1174 2935 1298 2990 novi
1336 2936 1594 3001 hominis,
1643 2938 1786 3007 quod
1836 2953 2088 3007 magmnn
2139 2949 2223 2994 est

634 3031 1037 3079 sacramentum
1065 3023 1120 3079 in
1143 3024 1361 3082 Christo
1390 3036 1445 3082 et
1479 3027 1534 3082 in
1560 3027 1825 3084 Ecclesia.
1867 3028 2030 3084 Forte
2057 3030 2222 3098 igitur

631 3117 828 3187 quaerit
876 3117 1093 3188 aliquis,
1124 3119 1215 3188 qui
1244 3129 1369 3175 ante
1392 3120 1665 3176 Abraham
1702 3121 1940 3187 fuerunt,
1964 3131 2218 3178 utrumne

2333 1911 2523 1966 militia
2577 1927 2915 1982 permanere,
2971 1912 3056 1968 vel
3113 1913 3341 1985 alicujus
3383 1915 3680 1970 mercimonii
3701 1929 3809 1967 causa

2332 2005 2584 2072 mercari,
2617 2022 2712 2060 seu
2744 2006 2797 2059 in
2839 2005 3017 2076 aliqua
3065 2007 3362 2062 intentione
3391 2007 3648 2071 desudare,
3684 2005 3808 2060 omnia

2331 2098 2446 2153 hate
2469 2098 2590 2165 jure
2636 2099 2931 2170 negotiatio
2982 2099 3342 2169 appellantur.
3389 2099 3507 2154 lstis
3531 2114 3642 2170 ergo
3665 2097 3811 2152 duobus

2331 2191 2510 2246 verbis
2531 2206 2690 2246 omne
2714 2205 2848 2261 opus
2895 2190 3192 2245 humanum
3215 2189 3488 2246 conclusit.
3521 2188 3613 2244 Sed
3637 2190 3715 2242 hoc
3733 2187 3810 2241 loco

2330 2281 2682 2345 solummodo,
2717 2281 2862 2351 quod
2886 2280 3170 2336 inhoneste
3202 2281 3283 2345 ﬁt,
3308 2292 3360 2335 et
3385 2279 3697 2334 immoderate
3713 2278 3811 2331 dam-

2329 2377 2496 2431 navit.
2545 2376 2699 2443 Quod
2742 2392 2872 2432 vero
2926 2379 3153 2433 honeste
3181 2386 3358 2450 potest
3388 2377 3496 2432 ﬁeri
3539 2385 3588 2431 et
3613 2374 3810 2429 madente

2328 2470 2408 2535 ﬁt,
2454 2484 2561 2524 non
2609 2470 2974 2539 reprehendit,
3009 2471 3150 2526 sicut
3185 2472 3261 2526 ait
3317 2470 3578 2535 Salomon,
3610 2468 3676 2522 Ne
3697 2466 3814 2520 oderis

2330 2563 2724 2616 rusticationem
2759 2603 2774 2628 ,
2846 2566 3095 2634 quoniam
3149 2565 3216 2619 ab
3275 2564 3530 2618 Altissimo
3595 2570 3731 2615 creata
3764 2567 3812 2610 et!

2328 2651 2516 2721 (Eccli.
2541 2668 2638 2716 vti,
2667 2652 2774 2724 16).
2814 2653 2879 2708 Ει
2910 2655 3203 2722 Apostolus
3228 2656 3316 2711 die
3365 2671 3427 2710 ac
3473 2662 3614 2709 nocte
3635 2647 3814 2704 manibus

2327 2746 2438 2801 suis
2463 2746 2694 2812 laborat,
2722 2758 2777 2802 et
2801 2747 3052 2802 laborare
3074 2749 3251 2819 jubet.
3279 2749 3427 2820 Rogo
3449 2757 3611 2802 autem
3634 2758 3723 2805 vos,
3742 2739 3814 2793 ira-

2327 2847 2456 2902 tres,
2489 2839 2685 2909 inquit,
2715 2841 2952 2895 studium
2984 2841 3190 2897 habere
3229 2842 3446 2912 quietis,
3478 2839 3626 2912 910
3651 2850 3816 2908 operan-

2326 2941 2407 2987 tes
2437 2934 2684 2988 manibus
2708 2935 2924 3000 vestris,
2951 2945 3006 2990 et
3047 2936 3252 2992 nullius
3281 2935 3555 3007 indigentis
3595 2931 3652 2986 ab
3675 2929 3739 2985 his
3757 2927 3814 2996 qui

2324 3021 2460 3078 foris
2485 3032 2627 3078 sunt.
2664 3022 2799 3079 Nam
2827 3027 3005 3081 omnis
3031 3027 3178 3082 actio
3214 3027 3298 3084 vel
3331 3026 3607 3098 negotiatio
3631 3037 3724 3092 qua:
3745 3029 3816 3071 tur-

2323 3114 2407 3186 pis
2439 3114 2574 3170 lucri
2601 3116 2772 3186 gratia
2807 3116 2884 3180 ﬁt,
2911 3117 3197 3173 inhonesta
3216 3117 3343 3188 jure
3369 3126 3619 3174 censetur.
3645 3113 3709 3169 Ad
3725 3108 3816 3179 quod

627 3174 832 3264 fuerint
883 3174 1330 3278 inv-itati?.Quod
1377 3213 1488 3281 jam
1545 3213 1601 3268 in
1659 3213 1794 3270 Abel
1835 3215 2172 3270 ostendimus
2200 3233 2214 3281 ;
2245 3174 2289 3238 C
2324 3208 2466 3263 forte
2495 3208 2740 3262 dicturus
2761 3218 2847 3263 est
2871 3209 3090 3280 aliquis,
3127 3212 3262 3282 quid
3293 3210 3496 3281 peccati
3519 3217 3595 3264 est
3617 3205 3672 3261 ad
3694 3202 3816 3258 villam

631 3299 812 3354 videat
848 3300 968 3372 ipse
1005 3318 1102 3373 per
1132 3319 1322 3359 omnes
1348 3303 1562 3370 Patres,
1591 3314 1647 3360 et
1672 3305 1935 3378 intelligat
1970 3307 2024 3361 in
2066 3307 2218 3375 cujus

630 3394 804 3466 ﬁgura
834 3395 946 3453 Noe
990 3413 1173 3454 arcam
1228 3399 1595 3466 fabricaverit,
1643 3413 1712 3454 ne
1749 3401 1951 3471 periret
1974 3400 2213 3470 aliquis;

628 3496 683 3543 et
704 3487 889 3546 videre
919 3491 1119 3560 poterit
1140 3493 1284 3562 quod
1312 3493 1379 3547 ah
1402 3493 1556 3548 initio
1579 3492 1646 3547 ad
1674 3493 1772 3548 has
1804 3495 2041 3564 nuptias,
2069 3503 2124 3550 et
2151 3495 2218 3550 ad

630 3579 736 3634 hoc
761 3581 1068 3636 convivium
1091 3597 1281 3640 omnes
1305 3595 1432 3639 sunt
1455 3584 1687 3650 invitati,
1715 3587 1963 3655 quamvis
1999 3588 2102 3642 ﬁde
2125 3603 2220 3642 no-

629 3671 834 3728 luerint
870 3675 1079 3731 venire.
1111 3674 1264 3731 Sicut
1295 3685 1350 3732 et
1377 3677 1551 3732 adhuc
1584 3677 1744 3733 hodie
1779 3678 1931 3733 multi
1967 3689 2093 3734 sunt
2127 3680 2218 3749 qui

629 3764 685 3820 in
740 3766 883 3822 hanc
919 3783 1103 3824 arcam
1128 3810 1143 3836 ,
1185 3770 1237 3825 id
1277 3779 1360 3826 est
1392 3770 1595 3827 Christi
1641 3771 1938 3828 Ecclesiam
1965 3813 1979 3838 ,
2032 3772 2220 3828 nolunt

627 3857 862 3925 intrare,
914 3877 1091 3932 neque
1139 3864 1344 3920 foedera
1397 3865 1708 3936 nuptiarum
1755 3868 2073 3932 nobiscum,
2136 3867 2217 3922 vel

625 3953 935 4008 convivium
960 3994 974 4020 ,
1013 3956 1308 4026 suscipere.
1363 3956 1516 4023 Quod
1566 3973 1695 4014 sane
1731 3960 2036 4028 prandium,
2082 3961 2222 4017 sicut

629 4052 686 4100 et
736 4046 936 4116 nuptim
968 4088 984 4114 ,
1037 4047 1127 4104 hic
1168 4060 1565 4122 prmgustatur,
1618 4053 1712 4106 sed
1775 4053 1826 4107 in
1877 4053 1967 4108 illa
2022 4062 2220 4109 aeterna

622 4133 791 4206 909
822 4136 1072 4194 satietate
1095 4139 1164 4195 ad
1195 4139 1412 4210 plenum
1465 4141 1792 4210 perfruetur.
1827 4142 2050 4199 Interim
2091 4161 2222 4200 vero

627 4242 692 4283 ac
716 4227 760 4282 si
786 4227 968 4297 regale
1010 4231 1339 4296 convivium,
1374 4232 1558 4287 multis
1585 4232 1899 4289 deliciarum
1934 4237 2222 4306 speciebus

626 4329 942 4385 exornatur,
975 4329 1031 4376 et
1059 4321 1290 4378 diversis
1320 4323 1746 4394 Scripturarum,
1780 4326 1944 4382 veluti
1969 4326 2215 4392 ferculis,

566 4439 570 4442 η
627 4411 855 4482 dapibus
905 4412 1218 4478 decoratur,
1268 4415 1341 4469 ita
1388 4425 1444 4470 ut
1497 4416 1605 4471 illic
1662 4418 1905 4474 invenies
1961 4419 2221 4490 quidquid

626 4504 926 4560 dulcedinis
949 4515 1054 4572 est,
1083 4507 1344 4576 quidquid
1376 4515 1593 4562 aeternae
1622 4509 1921 4566 suavitatis.
1962 4511 2068 4566 Sed
2097 4527 2218 4566 cum
2250 4541 2302 4601 Ι)

626 4595 700 4650 ita
753 4604 934 4651 essent
961 4597 1142 4650 omnia
1196 4597 1250 4652 in
1289 4597 1507 4654 Christo
1545 4597 1658 4667 jam
1686 4610 1899 4669 parata,
1945 4602 2217 4666 abierunt,

626 4687 776 4743 Alius
807 4689 861 4742 in
900 4687 1076 4742 villam
1105 4705 1280 4755 suam,
1317 4689 1453 4743 alius
1483 4691 1534 4743 in
1581 4693 1982 4762 negotiationem
2033 4711 2218 4760 suum;

628 4780 819 4852 reliqui
837 4797 951 4835 vero
967 4791 1426 4836 tenueruutserros
1444 4782 1577 4851 ejus,
1600 4793 1648 4837 et
1665 4785 1992 4840 contumeliis
2006 4787 2219 4854 a/fectos

627 4872 950 4927 occiderunt.
978 4872 1104 4927 Haec
1131 4881 1239 4927 tam
1270 4873 1336 4927 ad
1368 4875 1595 4943 primam
1628 4879 1965 4932 vocationem
2003 4875 2217 4930 Judaeu-

628 4981 747 5022 rum
777 4965 1049 5036 pertinere
1074 4965 1396 5036 probantur,
1425 4981 1585 5036 quam
1615 4969 1682 5023 ad
1719 4969 2034 5024 secundam.
2081 4968 2218 5034 Quia

628 5070 737 5111 non
787 5056 967 5111 minus
994 5055 1284 5127 prophetas
1315 5073 1476 5127 quam
1499 5067 1554 5113 et
1579 5061 1850 5129 apostolos
1877 5059 2220 5114 contumeliis

626 5144 944 5212 affecerunt,
987 5155 1042 5201 et
1085 5147 1404 5203 occiderunt
1444 5149 1708 5221 plurimos
1752 5168 1818 5206 ex
1860 5151 1984 5205 illis.
2016 5150 2220 5204 Tamen

630 5251 737 5292 non
778 5252 970 5292 omnes
994 5234 1163 5291 Judaei
1198 5237 1302 5292 hoc
1326 5237 1592 5303 Iecerunt,
1624 5242 1718 5295 sed
1753 5240 1958 5295 Scribce
1987 5255 2051 5293 ac
2078 5237 2222 5294 Pha-

627 5329 790 5394 risaei,
818 5337 872 5384 et
901 5329 1142 5385 seniores
1171 5331 1371 5402 populi.
1406 5330 1558 5386 Unde
1583 5333 1805 5386 minoris
1831 5332 2078 5386 criminis
2099 5339 2225 5385 sunt

625 5421 718 5492 qui
741 5423 988 5492 occupati
1038 5421 1160 5478 aliis
1186 5423 1349 5478 rebus
1377 5423 1563 5477 venire
1590 5424 1905 5490 noluerunt,
1949 5439 2112 5494 quam
2142 5425 2219 5479 illi

627 5510 721 5580 qui
750 5511 925 5568 solum
947 5522 1393 5584 contempserunt
1415 5516 1657 5571 vocantis
1688 5515 1992 5586 imperium,
2025 5531 2216 5573 verum

629 5601 793 5656 etiam
829 5604 1111 5671 beneﬁcia,
1141 5615 1195 5661 et
1220 5605 1613 5662 humanitatem
1639 5606 1877 5677 pietatis,
1902 5623 1967 5662 ae
1989 5611 2221 5679 gratiam

629 5701 910 5750 verterunt
934 5695 988 5750 iu
1020 5695 1273 5766 injuriam
1303 5707 1357 5753 et
1383 5698 1760 5754 crudelitatem
1789 5697 2035 5754 nimiam.
2067 5699 2214 5768 Quo-

629 5784 778 5845 niam
829 5788 1152 5843 contumelia
1196 5803 1383 5846 eorum
1427 5790 1519 5858 qui
1570 5789 1721 5846 missi
1771 5799 1917 5853 sunt.
1950 5791 2223 5862 despectin

2321 3300 2434 3356 ire?
2463 3299 2581 3356 Jam
2623 3302 2668 3357 si
2721 3303 3039 3374 negotiatio,
3067 3315 3162 3360 aut
3190 3306 3409 3370 militia,
3440 3314 3529 3360 aut
3572 3299 3748 3356 honoris
3765 3309 3819 3348 se-

2322 3395 2506 3457 ctatio,
2532 3394 2623 3448 vix
2643 3404 2735 3448 aut
2760 3412 3034 3467 nunquam
3065 3398 3184 3453 sine
3215 3407 3439 3470 peccato
3464 3404 3562 3459 est,
3580 3392 3725 3447 villam
3740 3398 3822 3439 m0

2321 3486 2569 3542 excolere
2604 3486 2808 3542 nullum
2863 3498 3143 3560 peccatum
3194 3499 3299 3546 est.
3347 3489 3454 3545 Nec
3500 3502 3590 3542 nos
3634 3481 3817 3537 dicimus;

2323 3576 2426 3632 nisi
2459 3577 2720 3647 quidquid
2741 3578 2933 3634 horum
2952 3594 2982 3633 a
3004 3580 3110 3636 ﬁde
3141 3588 3194 3636 tc
3223 3587 3463 3645 revocat,
3487 3577 3564 3632 vel
3588 3591 3615 3630 a
3637 3567 3822 3641 religione

2322 3671 2548 3736 Christi,
2599 3680 2657 3728 et
2700 3671 3144 3741 impedimentum
3197 3683 3283 3730 est
3329 3689 3398 3728 ne
3450 3670 3612 3743 possis
3659 3664 3823 3730 ireposl

2323 3764 2620 3832 Christum,
2653 3776 2934 3838 peccatum
2965 3779 3069 3824 est.
3099 3769 3221 3825 Non
3255 3785 3386 3841 ergo
3411 3768 3609 3824 cultura
3632 3762 3822 3818 villarum.

2324 3866 2628 3928 peccatum,
2654 3859 2747 3914 sed
2772 3868 2828 3914 tu
2849 3860 3188 3930 praeferendo
3213 3879 3335 3918 eam
3361 3862 3491 3927 Deo,
3516 3858 3635 3914 facis
3658 3853 3731 3907 tibi
3748 3859 3824 3902 esse

2324 3959 2633 4020 peccatum;
2655 3952 2781 4020 quia
2796 3952 3105 4022 quicunque
3128 3953 3369 4009 voluerit
3381 3954 3582 4008 amicus
3598 3961 3698 4004 esse
3721 3941 3825 4010 hl'lu"

2325 4043 2526 4108 smeuli,
2554 4042 2807 4098 inimicus
2833 4043 2928 4098 Dei
2949 4045 3334 4101 constituetur.
3369 4046 3439 4100 Et
3475 4045 3588 4099 ideo
3613 4039 3714 4101 alia,
3744 4035 3824 4086 sum

2324 4150 2486 4204 opera
2509 4132 2754 4202 justitite,
2776 4151 2897 4205 quin
2917 4144 3122 4192 attente
3149 4139 3340 4194 facere
3363 4137 3631 4198 debemus,
3653 4128 3733 4185 alit
3748 4134 3826 4193 qui

2326 4227 2392 4279 ad
2439 4228 2888 4282 sustentationem
2937 4239 3203 4295 nostram,
3245 4240 3307 4285 et
3362 4246 3426 4285 ea
3473 4214 3830 4284 Iransitoricsine

2327 4323 2688 4378 sollicitudine
2714 4340 2906 4396 agere;
2931 4326 3057 4394 quia
3085 4343 3252 4382 nemo
3280 4327 3524 4382 militans
3545 4323 3644 4378 Deo
3664 4310 3834 4385 ἰωνιῖωί

2326 4434 2384 4472 se
2415 4417 2644 4488 negotiis
2669 4418 3037 4472 saecularibus.
3072 4418 3199 4474 llaec
3249 4420 3457 4490 quippe
3485 4415 3676 4488 gemina
3703 4402 3834 4462 distin’

2328 4512 2434 4566 ctio
2469 4527 2630 4565 unam
2656 4511 2798 4580 parit
2833 4509 3241 4580 negligentiam,
3305 4511 3403 4567 sed
3449 4510 3578 4564 duas
3607 4501 3835 4580 .ludeorutll

2328 4603 2571 4670 designat
2597 4579 2876 4671 personas.
2911 4579 3048 4667 Quia
3079 4617 3176 4670 per
3199 4601 3611 4671 occupationem
3636 4579 3836 4647 villzetul‘

2325 4708 2444 4763 gos,
2476 4707 2570 4746 seu
2603 4692 2920 4762 popularem
2949 4691 3299 4748 demonstrat
3343 4692 3578 4764 plebem,
3606 4697 3718 4758 quos
3737 4683 3838 4731 amor

2327 4782 2510 4836 mundi
2544 4780 2782 4849 sejunxit
2805 4798 2833 4836 a
2865 4781 3113 4844 Christo;
3159 4775 3264 4852 per
3316 4779 3715 4852 negotiationem
3737 4776 3838 4819 γενος

2326 4875 2639 4931 sacerdotes
2665 4884 2721 4930 et
2739 4875 3015 4946 principes
3053 4875 3242 4946 populi
3274 4884 3608 4944 caeterosque
3642 4861 3841 4923 ministros

2328 4968 2513 5037 templi
2544 4967 2833 5036 signiﬁcat,
2859 4983 2994 5038 quos
3016 4977 3262 5038 quaastus
3287 4969 3450 5033 lucri,
3473 4965 3555 5021 vel
3581 4964 3709 5018 favor
3728 4954 3846 5018 110lle

2326 5062 2419 5124 ris,
2473 5075 2567 5115 seu
2619 5062 2846 5115 avaritia
2876 5071 2933 5115 et
2975 5061 3200 5116 ambitio
3253 5078 3443 5116 rerum
3494 5054 3695 5115 retraxit
3731 5039 3843 5101 aflth

2325 5153 2548 5208 Christi.
2581 5152 2685 5222 Ipsi
2712 5155 2856 5208 enim
2894 5170 2924 5207 a
2950 5153 3422 5209 sollicitudinibus
3455 5163 3511 5208 et
3543 5145 3718 5205 divitiis
3735 5132 3845 5230 suntr

2329 5245 2463 5311 cati,
2492 5245 2694 5299 nullum
2720 5246 2958 5301 tulerunt
2983 5245 3243 5301 fructum.
3282 5246 3352 5301 Et
3378 5247 3433 5300 in
3458 5243 3573 5300 istis
3595 5251 3704 5308 ergo
3727 5240 3845 5319 0mm

2330 5339 2453 5402 bus,
2484 5337 2579 5390 alii
2629 5346 2758 5391 sunt
2809 5339 2902 5408 qui
2948 5338 3100 5408 prius
3126 5339 3323 5394 venire
3390 5337 3690 5393 noluerunt;
3733 5321 3846 5384 “Ml”

2327 5429 2683 5500 neglexerunt
2709 5429 2894 5484 mundi
2911 5429 3187 5485 amoribus
3216 5428 3488 5494 involuti;
3513 5424 3600 5481 alii
3623 5418 3702 5491 qui
3719 5418 3847 5510 cel-Illu'

2327 5522 2559 5578 maciter
2597 5522 2650 5577 in
2677 5536 2864 5578 servos
2891 5522 3033 5592 regis
3060 5537 3260 5577 manus
3302 5523 3594 5580 miserunt,
3617 5522 3666 5569 et
3697 5500 3850 5563 υευὶιιε·

2327 5623 2455 5669 runt
2480 5629 2592 5671 eos.
2619 5613 2726 5670 Sed
2751 5622 2807 5670 et
2837 5615 2890 5668 in
2915 5614 3137 5683 nuptiis,
3175 5614 3225 5668 si
3270 5613 3421 5669 bene
3455 5597 3850 5683 perpendasjum

2327 5708 2774 5764 consuetudinem
2827 5708 3169 5778 nuptiarum,
3232 5707 3344 5762 alia
3401 5714 3486 5761 est
3541 5712 3716 5772 sponsa
3771 5694 3852 5757 ιίυε

2329 5800 2501 5864 nubit,
2545 5799 2636 5854 alii
2673 5799 2993 5856 invitatores
3021 5799 3231 5856 diversi
3273 5799 3489 5856 ordinis
3518 5794 3604 5867 qui
3654 5781 3852 5851 invitanti
