4008 6354
150 294 239 357 ’με
484 281 488 285 ‘
928 279 1286 341 EXPOStTlO
1320 277 1386 333 1N
1427 269 1857 331 MATTH.£L’!t.
1898 300 1968 310 —
2006 268 2130 322 Lm.
2167 266 2233 334 x,
2274 266 2424 322 exp.
2468 265 2626 319 xxu.

3276 255 3386 315 7&6

151 413 223 469 alii
244 407 330 481 qui
354 404 652 462 invitantur
680 402 749 457 ad
777 400 1013 470 nuptias.
1046 397 1111 453 Et
1135 396 1257 451 licet
1284 393 1498 450 diversa
1533 388 1692 481 meri-
1720 391 1767 451 Α
1795 392 1903 481 ιξιν,
1926 379 2492 481 Νθοὶρίέίιὶιῖρτίξηωη
2516 376 3029 481 ηοξιιονυιιξηγθηίςθν
3063 390 3160 428 nec
3187 372 3380 443 ίηίαέιί

149 480 302 559 torum
312 495 545 568 qualitas
564 494 970 564 ligaretur,una
988 497 1167 558 tamen
1184 485 1332 541 estin
1353 483 1440 538 his
1451 480 1702 537 omnibus

151 606 319 665 mensa
333 588 418 644 cui
436 593 703 658 parantur
716 582 940 653 nuptiae;
965 589 1021 636 et
1035 581 1088 635 in
1101 595 1163 635 ea
1186 585 1311 634 sunt
1322 586 1379 630 et
1398 575 1489 645 qui
1508 579 1705 665 vocant

152 662 196 740 et
207 682 287 752 qui
304 685 586 734 vocantur.
613 674 758 729 Deus
785 681 966 727 autem
995 670 1099 725 scit
1124 681 1314 723 omnes
1333 667 1471 720 istos
1483 662 1704 718 ordines

151 771 484 842 singulorum,
512 777 809 835 earumque
827 762 1058 817 virtutes
1080 760 1384 814 animarum
1409 763 1465 810 et
1488 768 1702 817 causas,

152 882 243 937 quo
262 864 412 918 modo
432 859 627 930 singuli
652 858 703 913 in
721 856 1090 927 complexione
1111 866 1322 923 sponsa:
1346 851 1700 922 accipiantur.

154 960 326 1016 Omnes
358 964 538 1009 tamen
561 965 669 1007 una
700 941 941 1005 Ecclesia
963 961 1083 1002 esse
1111 945 1329 1010 debent,
1366 944 1443 999 ita
1463 950 1525 997 ut
1545 955 1707 1011 nemo

153 1052 213 1105 sit
233 1050 279 1103 in
301 1060 381 1109 ea,
406 1045 502 1115 qui
531 1058 638 1098 non
668 1045 824 1097 v‘dcet
852 1054 911 1095 se
931 1046 988 1093 et
1009 1037 1146 1092 alios
1167 1036 1236 1091 ad
1275 1034 1581 1091 convivium
1606 1047 1707 1087 nua

154 1143 392 1213 pziarum‘;
423 1151 586 1191 nemo
611 1134 703 1204 qui
743 1146 805 1188 se
847 1146 954 1187 non
983 1129 1247 1199 intelligat
1283 1140 1409 1182 esse
1432 1133 1702 1189 vocatum,

153 1242 199 1286 et
230 1232 522 1297 incorpore
549 1232 773 1280 manere
797 1221 979 1292 sponsi
1005 1235 1071 1275 ac
1087 1234 1317 1290 sponsae,
1349 1217 1491 1273 sicut
1512 1224 1568 1272 et
1580 1230 1711 1287 ope-

154 1322 303 1376 rarius
334 1320 503 1374 vineae
548 1330 712 1372 unam
754 1316 990 1371 diximus
1031 1327 1156 1368 esse
1206 1311 1443 1375 vineam,
1483 1310 1551 1365 de
1598 1308 1709 1363 vite

153 1426 256 1480 qua:
287 1408 531 1464 Christus
569 1414 672 1470 est,
701 1404 809 1460 llde
857 1410 1126 1459 renatam.
1174 1398 1252 1455 Ac
1297 1414 1397 1471 per
1429 1398 1534 1453 hoc
1586 1397 1711 1468 qui-

156 1517 345 1572 cunque
398 1508 628 1555 vocatus
681 1504 765 1554 est
813 1495 970 1565 juxta
1023 1490 1398 1565 Apoca'lypsim
1442 1490 1667 1546 Joannis
1690 1530 1707 1555 ,

157 1604 207 1648 et
238 1595 407 1658 audit,
465 1593 613 1648 dicat
657 1599 713 1647 et
759 1592 874 1659 ipSe
916 1588 1131 1655 :Veni,
1179 1594 1241 1641 ut
1292 1599 1401 1640 una
1447 1583 1521 1639 sit
1565 1582 1712 1638 actio

158 1685 299 1754 911
357 1684 596 1739 omnium
624 1724 641 1750 ,
714 1695 933 1753 unaque
993 1694 1118 1753 spes
1173 1676 1473 1735 vocationis
1523 1675 1711 1746 singuo

157 1777 322 1831 lerunt.
384 1802 389 1805 ·
1024 1778 1027 1779 ⁷

215 1865 317 1919 Rex
349 1876 523 1920 autem
553 1881 671 1920 cum
701 1863 953 1927 audisset,
982 1862 1150 1917 iratus
1178 1867 1274 1916 est.
1307 1859 1503 1915 Servat
1530 1864 1710 1913 autem

154 1956 513 2025 proprietatem
558 1953 847 2024 parabolae,
891 1953 987 2009 sed
1024 1966 1133 2006 non
1174 1950 1379 2020 absque
1406 1963 1602 2020 magno
1629 1948 1712 2002 in-

155 2046 439 2118 telligentia:
467 2049 811 2101 documento.
844 2044 1057 2099 Etenim
1084 2056 1245 2114 supra
1266 2044 1499 2108 dixerat,
1527 2040 1711 2096 Simile

149 2145 208 2186 est
228 2152 433 2204 regnum
448 2134 693 2189 caelorum
713 2133 912 2189 homini
934 2132 1063 2203 regi.
1092 2130 1193 2187 llic
1213 2141 1394 2186 autem
1414 2144 1523 2186 non
1548 2131 1709 2186 homo

150 2226 364 2291 ponitur,
393 2226 491 2280 sed
517 2227 852 2282 solummodo
880 2242 990 2281 rex.
1041 2225 1196 2294 Quod
1244 2240 1351 2282 non
1387 2227 1485 2282 abs
1524 2240 1583 2280 re
1625 2224 1737 2281 fam

149 2320 275 2367 ctum
301 2315 550 2381 dixerim,
584 2324 645 2371 ut
678 2317 773 2372 ubi
801 2317 942 2373 Deus
966 2324 1121 2387 pater
1144 2316 1357 2372 Domini
1384 2317 1555 2372 nostri
1580 2314 1708 2372 Jesu

149 2403 327 2460 Christi
351 2421 447 2461 rex
470 2413 527 2461 et
568 2408 733 2463 homo
778 2407 1013 2474 dicatur,
1064 2408 1156 2464 ubi
1183 2408 1317 2465 satis
1346 2409 1710 2479 comparative

107 2560 117 2571 .
149 2505 286 2563 parat
305 2497 522 2568 nuptias
548 2497 661 2553 tilio
691 2513 823 2564 suo;
851 2498 941 2554 hic
972 2507 1165 2555 autem
1184 2499 1562 2555 tantummodo
1588 2514 1705 2566 rex,

149 2588 226 2641 ubi
244 2596 301 2643 et
330 2589 504 2645 iratus
550 2591 924 2654 introducitur,
955 2606 1022 2647 eo
1067 2591 1210 2662 quod
1241 2592 1474 2647 audierit
1521 2605 1707 2648 servos

146 2690 257 2734 satis
296 2681 351 2734 in
395 2695 493 2735 sua
540 2680 735 2751 injuria
761 2682 1103 2739 contumeliis
1137 2681 1386 2749 affectos,
1417 2691 1471 2737 et
1497 2681 1708 2738 oecisos

147 2768 206 2822 ab
244 2770 321 2824 eis
370 2770 571 2839 quibus
630 2785 727 2825 sua
764 2772 1085 2842 disponebat
1137 2772 1399 2827 beneficia
1450 2781 1709 2844 prtestare

146 2860 313 2929 gratis.
341 2861 407 2914 Et
427 2861 552 2930 quia
580 2861 713 2917 ultio
745 2863 1047 2932 justissime
1071 2863 1454 2933 consequenda
1500 2871 1619 2920 erat
1648 2865 1706 2919 in

146 2949 231 3012 eis,
248 2948 373 3016 jure
400 2951 574 3006 iratus
623 2951 907 3022 ﬁguratur,
927 2954 1183 3022 quoniam
1213 2954 1520 3024 parabolice
1541 2968 1703 3024 supra

147 3041 234 3093 nisi
266 3043 426 3096 homo
456 3041 806 3110 ﬁguraretur,
842 3045 1144 3116 intelligere
1166 3046 1381 3116 nuptias
1409 3046 1504 3102 filii
1526 3048 1704 3104 minus

151 3134 517 3198 potuissemus.
547 3134 615 3190 Et
653 3145 712 3191 ut
740 3146 923 3207 posset
949 3138 1017 3193 de
1062 3139 1172 3194 Deo
1196 3139 1499 3196 intellectus
1522 3149 1707 3196 noster

147 3222 233 3277 has
250 3224 562 3281 affectiones
586 3228 846 3297 recipere,
877 3228 1238 3284 introducitur
1262 3231 1496 3300 primum
1528 3247 1622 3287 rex
1655 3241 1708 3287 et

147 3310 309 3381 homo,
337 3318 555 3385 quando
582 3317 772 3371 invitat
813 3317 884 3372 ad
919 3318 1136 3389 nuptias
1178 3328 1233 3374 et
1279 3320 1389 3392 agit
1413 3334 1576 3390 opera
1600 3321 1708 3377 cle-

145 3407 355 3461 mentia}.
382 3408 533 3465 Tune
562 3409 830 3479 siquidem
856 3418 1040 3480 aperte
1066 3412 1370 3481 appositum
1389 3421 1473 3467 est
1511 3424 1706 3469 nomen

144 3493 364 3554 hominis
387 3517 409 3560 ι
434 3516 574 3557 nunc
614 3502 832 3570 quando
859 3501 925 3555 ad
962 3501 1220 3557 ultionem
1249 3516 1432 3558 sermo
1463 3504 1705 3569 festinat,

148 3588 307 3644 homo
327 3591 460 3646 bene
487 3604 713 3657 tacetur,
740 3603 799 3649 et
831 3610 924 3649 rex
970 3602 1179 3650 tantum
1209 3597 1425 3661 dicitur,
1457 3607 1513 3653 et
1537 3599 1708 3653 iratus

144 3678 524 3750 introducitur;
573 3686 703 3756 quia
734 3686 816 3740 ira
844 3687 988 3758 regis
1026 3676 1251 3742 nuntius
1298 3689 1488 3744 mortis
1538 3706 1552 3743 :
1599 3702 1708 3744 non

142 3770 278 3837 quod
304 3773 379 3826 ira
409 3774 551 3829 cadit
575 3775 629 3828 in
654 3774 847 3839 Deum,
884 3775 978 3831 sed
1007 3788 1167 3831 suam
1186 3777 1451 3847 tropicam
1492 3792 1708 3833 conser-

140 3874 223 3918 vat
262 3868 546 3922 rationem.
580 3867 707 3933 Qui,
752 3868 925 3922 missis
970 3869 1282 3923 exercitibus
1332 3870 1461 3933 suis,
1485 3868 1710 3939 perdidit

141 3956 411 4012 homicidas
456 3957 599 4022 illos,
641 3969 691 4012 et
727 3958 985 4013 civitatem
1018 3959 1229 4013 illarum
1269 3960 1535 4014 succendit
1577 3960 1706 4029 igni.

141 4045 295 4103 liabet
310 4048 458 4104 enim
487 4050 804 4104 innumeros
821 4050 1096 4105 exercitus
1122 4065 1269 4113 suos,
1293 4059 1347 4104 et
1378 4049 1500 4105 ideo
1529 4048 1711 4105 Domi-

140 4154 227 4193 nus
275 4142 528 4205 sabaoth,
576 4140 628 4195 id
682 4150 765 4195 est
814 4141 1074 4196 Dominus
1102 4148 1196 4195 aut
1238 4155 1335 4195 rex
1374 4140 1710 4196 exercituum

133 4224 237 4295 iure
257 4243 509 4289 vocatur.
538 4233 824 4288 Exercitus
847 4242 1028 4289 autem
1046 4248 1182 4300 quos
1206 4232 1372 4296 misit,
1397 4247 1489 4287 seu
1508 4231 1710 4287 ultores

137 4325 336 4393 angelos
363 4323 694 4394 accipimus,
716 4324 799 4379 vel
833 4337 1116 4393 poenarum
1144 4323 1233 4391 (de
1261 4323 1459 4392 quibus
1486 4322 1538 4377 in
1559 4320 1709 4377 Psal-

135 4414 222 4467 mis
256 4416 490 4487 dicitur)
540 4416 915 4469 immissionem
961 4430 1053 4485 per
1078 4414 1288 4486 angelos
1328 4413 1495 4468 malos
1532 4410 1705 4485 (Psal.

134 4517 316 4573 exxvtt,
344 4508 471 4578 49),
506 4520 600 4561 seu
641 4506 940 4561 Romanum
989 4506 1284 4561 exercitum
1336 4504 1705 4575 intelligimus,

132 4594 218 4649 sub
237 4599 369 4654 duce
415 4595 762 4666 Vespasiano
787 4613 849 4652 ac
886 4597 1030 4661 Tito,
1061 4598 1152 4667 qui
1179 4597 1373 4653 occisis
1398 4597 1449 4651 in
1473 4597 1709 4652 vindicta

132 4684 212 4739 Dei
245 4688 452 4744 ludam:
503 4689 734 4759 populis,
780 4698 833 4742 et
879 4689 1176 4753 distractis,
1224 4689 1707 4758 pravaricatriccm

130 4781 454 4834 succendunt
477 4780 784 4843 civitatem,
809 4788 865 4833 et
891 4788 1244 4834 vastaverunt
1265 4780 1467 4834 omnia.
1492 4779 1598 4835 Sed
1620 4797 1712 4835 an-

129 4877 329 4939 tequam
359 4874 469 4928 ista
498 4871 926 4941 complerentur,
952 4871 1323 4941 lapidavcrunt
1352 4871 1706 4942 Stephanum,

127 4962 273 5017 etiam
300 4973 356 5020 et
404 4965 478 5021 de
522 4971 699 5019 morte
742 4961 928 5018 Jacobi
958 4962 1129 5034 gavisi
1168 4970 1324 5030 sunt;
1365 4978 1464 5019 nec
1515 4980 1622 5020 non
1653 4971 1709 5019 et

127 5048 371 5110 Iacobum
404 5055 620 5125 Alpinaei
650 5054 976 5125 lapidarunt.
1007 5053 1233 5123 Propter
1257 5069 1377 5123 quae
1405 5055 1585 5110 omnia
1608 5056 1711 5110 mi-

126 5155 231 5198 sera
257 5144 576 5201 Jerusalem
601 5146 870 5201 destructa
898 5153 983 5199 est
1009 5161 1039 5199 a
1082 5143 1357 5200 Romanis.
1411 5145 1479 5199 Et
1520 5155 1710 5201 notam-

126 5231 239 5286 dum
282 5237 432 5304 quod
492 5235 770 5289 Romanus
828 5234 1099 5290 exercitus
1164 5235 1258 5291 Dei
1317 5248 1437 5290 esse
1489 5234 1707 5309 dicitur,

126 5318 336 5394 eiusque
365 5325 617 5391 ultores;
637 5325 762 5394 quia
788 5339 1061 5394 nunquam
1093 5324 1158 5379 ad
1177 5339 1297 5379 eam
1325 5325 1578 5388 venisset,
1605 5325 1708 5379 nisi

125 5409 377 5470 Dominus
406 5424 687 5481 vocasset,
719 5414 869 5470 sicut
889 5423 945 5468 et
971 5414 1025 5467 in
1057 5414 1334 5484 prophetis
1369 5429 1532 5485 quam
1570 5430 1714 5485 saepe

120 5500 360 5579 legimus.
694 5536 699 5541 -
894 5500 901 5505 ’

186 5597 331 5653 Tunc
360 5609 442 5653 au
490 5600 648 5673 servis
672 5600 822 5654 suis:
852 5597 1067 5667 Nuptiae
1096 5598 1304 5668 quidem
1345 5608 1547 5671 parata:
1569 5610 1711 5667 sunt,

118 5689 201 5744 sed
223 5692 315 5762 qui
353 5690 572 5746 inritati
603 5700 754 5745 erant
799 5706 903 5744 non
932 5689 1141 5759 fuerunt
1170 5689 1334 5761 digni.
1366 5689 1445 5745 Ac
1472 5692 1515 5747 si
1562 5692 1711 5748 dica-

570 5784 839 5846 ΡΑτιιοι..
888 5783 1085 5845 CXX.

1768 474 2019 529 'demnm
2054 472 2219 543 912
2250 470 2621 542 neglexerunt,
2647 484 2746 524 nec
2779 468 2851 522 illi
2879 467 2972 537 qui
2999 481 3187 522 servos
3231 480 3385 523 meos
3436 514 3441 519 .

1802 562 2115 619 occiderunt.
2139 578 2154 614 :
2185 560 2267 615 Ite
2283 576 2404 630 ergo
2431 560 2501 614 ad
2537 560 2708 613 exitus
2729 558 2952 621 viarum,
2982 566 3032 612 et
3050 573 3384 628 quoscunque

1801 656 2121 719 inveneritis,
2151 654 2310 708 bonos
2358 670 2421 707 ac
2448 651 2636 715 malos,
2686 662 2865 707 vocate
2894 652 2965 707 ad
3004 653 3236 722 nuptias.
3264 651 3384 709 Non

1803 747 1946 802 enim
1971 745 2195 815 apostoli
2221 745 2455 815 primum
2481 744 2551 801 ad
2574 744 2753 800 exitus
2772 745 2978 799 viarum
3001 746 3199 812 ierunt,
3221 761 3407 816 quam.

1805 838 1905 907 ipsi
1931 836 2103 893 Judaei
2126 851 2186 892 se
2210 845 2428 893 aeternae
2450 836 2561 893 vita
2603 836 2850 907 indignos
2879 833 3289 905 iudicaverunt;
3332 847 3390 895 et

1739 942 1749 954 ί
1805 929 2082 1000 ejecerunt
2123 943 2220 984 eos
2268 942 2299 983 a
2347 943 2427 993 se,
2472 936 2734 999 tanquam
2769 928 2991 984 malum.
3027 928 3178 986 Tunc
3206 938 3388 986 autem

1806 1019 2091 1090 compulsi,
2112 1018 2336 1088 iubente
2358 1018 2487 1085 Deo,
2518 1019 2768 1075 exierunt
2788 1019 2856 1075 ad
2883 1030 3092 1091 gentes,
3122 1037 3260 1091 quas
3281 1039 3388 1080 non

1808 1110 1862 1166 in
1892 1111 1995 1166 viis
2028 1110 2147 1177 Dei,
2178 1110 2272 1168 sed
2294 1110 2352 1166 in
2375 1110 2613 1167 exitibus
2631 1110 2969 1167 diversarum
3000 1112 3209 1168 viarum
3244 1115 3394 1172 inve-

1808 1212 2023 1258 nerunt.
2047 1201 2330 1270 Quoniam,
2364 1203 2505 1259 sicut
2553 1213 2684 1260 sunt
2728 1204 2829 1259 viae
2867 1204 3080 1261 Domini
3105 1216 3292 1276 rectae,
3315 1209 3392 1265 ita

1808 1304 1865 1350 et
1889 1295 1989 1351 vim
2031 1295 2212 1351 saeculi
2254 1295 2493 1351 diversae
2526 1303 2689 1367 atque
2735 1296 3052 1363 innumeras,
3094 1300 3393 1358 secundum

1808 1402 2022 1444 errores
2041 1398 2098 1443 et
2122 1390 2530 1447 adinventiones
2551 1390 2913 1462 singulorum.
2944 1391 3016 1449 Ut
3037 1405 3166 1465 puta
3187 1395 3397 1465 profes-

1812 1472 1892 1534 si‘o
1916 1479 2287 1550 philosophiae,
2318 1496 2439 1552 qute
2463 1482 2529 1538 ad
2554 1483 2763 1543 diversa
2789 1483 2961 1539 tendit
2986 1486 3273 1558 dogmata;
3306 1486 3394 1545 vel

1810 1568 2073 1639 professio
2115 1570 2339 1626 cultura:
2366 1572 2656 1628 multorum
2700 1575 2944 1640 deorum,
2978 1593 3186 1635 necnon
3217 1590 3273 1636 et
3293 1595 3393 1636 vo-

1812 1656 1991 1713 luntas
2013 1659 2367 1730 singulorum,
2389 1661 2545 1732 juxta
2567 1666 2712 1733 quod
2738 1676 2897 1734 poeta
2919 1669 3080 1730 canit,
3113 1669 3269 1725 Ducit
3293 1687 3393 1726 sua

1741 1749 1787 1809 B
1812 1763 2062 1819 quemque
2116 1749 2371 1806 voluntas.
2416 1752 2547 1819 Quae
2590 1757 2772 1811 omnia
2803 1758 3012 1814 viarum
3063 1761 3195 1819 foris
3238 1778 3269 1818 a
3304 1764 3393 1821 via

1812 1840 1927 1906 Dei,
1957 1841 2137 1898 exitus
2165 1844 2373 1900 viarum
2420 1847 2598 1902 saeculi
2650 1858 2806 1915 sunt;
2854 1852 2943 1907 ubi
2972 1854 3136 1909 etiam
3177 1853 3311 1911 foris
3336 1858 3393 1913 in

1808 1934 1988 2004 capite
2017 1935 2256 1990 omnium
2278 1936 2488 1993 viarum
2517 1941 2779 2011 sapientia
2809 1942 3072 2011 clamitat,
3114 1954 3169 2003 et
3196 1947 3250 2002 in
3278 1949 3425 2019 pla-‘

1811 2022 1913 2076 teis
1945 2023 2038 2078 dat
2075 2037 2258 2079 vocem
2291 2041 2443 2081 suam
2475 2028 2699 2085 dicens:
2732 2031 2789 2086 Si
2818 2033 2941 2102 quis
2975 2034 3151 2105 diligit
3174 2039 3397 2107 sapien-

1811 2114 1963 2179 tiam,
1999 2117 2067 2170 ad
2109 2130 2196 2171 me
2225 2117 2455 2174 declinet
2479 2129 2536 2175 et
2575 2122 2642 2176 ad
2683 2138 2768 2177 me
2815 2125 3018 2191 veniat,
3065 2136 3123 2183 et
3159 2128 3396 2187 inveniet

1808 2219 1928 2260 eam
1953 2214 2011 2261 et
2059 2221 2183 2261 cum
2221 2222 2343 2263 eam
2373 2210 2658 2279 invenerit,
2707 2215 2901 2272 beatus
2946 2218 3054 2273 erit
3080 2220 3127 2275 si
3159 2223 3398 2277 tenuerit

1769 2307 1777 2314 ‘
1807 2310 1949 2351 eam.
1979 2295 2043 2350 Et
2071 2302 2264 2369 egressi
2306 2303 2463 2367 servi,
2493 2304 2646 2374 juxta
2675 2317 3006 2378 praeceptum
3055 2310 3269 2368 Domini
3312 2314 3397 2370 sui

1809 2401 1838 2439 a
1866 2383 2074 2452 Iudaea,
2125 2389 2239 2443 sive
2276 2391 2451 2462 angeli
2487 2393 2637 2467 pacis
2678 2396 2748 2450 ab
2799 2397 3154 2456 interioribus
3198 2402 3396 2460 finibus

1806 2473 2133 2543 Jerusalem,
2202 2494 2638 2551 congregaverant
2698 2502 3032 2560 quoscunque
3091 2492 3396 2549 invenerunt

1809 2566 1967 2622 bonos
1986 2578 2032 2622 et
2052 2568 2241 2637 malos,
2262 2581 2310 2625 et
2330 2572 2557 2643 impletis
2579 2586 2699 2631 sunt
2722 2580 2920 2649 nuptiae
2938 2581 3393 2641 discumbentium.

1808 2659 1994 2731 Itaque
2022 2676 2130 2717 non
2160 2662 2282 2719 ideo
2305 2674 2569 2721 vocantur
2595 2668 2742 2735 mali,
2768 2679 2826 2724 ut
2852 2672 2978 2727 mali
3001 2688 3396 2743 permaneant;

1808 2769 1983 2827 neque
2012 2756 2133 2813 ideo
2159 2757 2295 2813 dicit
2320 2758 2493 2816 bonos
2524 2770 2620 2816 eos
2653 2774 2896 2829 vocasse,
2937 2774 2996 2821 ut
3025 2766 3240 2825 benitas
3283 2769 3401 2827 illo-

1810 2861 1928 2901 rum
1953 2847 2033 2903 eis
2052 2846 2322 2906 sutliceret
2351 2850 2420 2905 ad
2444 2851 2631 2907 vitam.
2658 2852 2813 2910 Unde
2833 2857 3228 2916 nonimmerito
3252 2876 3400 2932 quas-

1807 2940 1948 2995 ritur
1990 2942 2259 3011 quomodo
2313 2943 2441 2999 boni
2485 2943 2738 3000 dicantur
2792 2948 2992 3015 vocati,
3022 2950 3116 3020 qui
3166 2954 3397 3008 necdum

1807 3033 2004 3088 donum
2033 3033 2223 3103 gratiae
2242 3044 2621 3104 perceperant,
2651 3037 2769 3092 sine
2785 3053 2890 3108 qua
2912 3053 3073 3097 nemo
3096 3052 3177 3098 est
3204 3044 3397 3102 bonus.
3478 3068 3486 3081 ~

1732 3114 1776 3178 C
1810 3124 1916 3180 Sed
1942 3122 2098 3180 facile
2133 3125 2250 3180 haec
2275 3127 2505 3195 quaestio
2555 3127 2804 3194 solvitur,
2838 3130 2884 3185 si
2935 3132 3100 3188 verba
3146 3134 3397 3205 Apostoli

1808 3217 1876 3271 ad
1908 3217 2142 3272 medium
2170 3217 2522 3281 deducantur,
2548 3219 2641 3274 ubi
2668 3220 2765 3285 ait,
2794 3222 2962 3277 etiam
2994 3222 3128 3280 foris
3162 3239 3231 3280 ex
3270 3241 3402 3298 gen-

1809 3308 1953 3363 tibus
1971 3307 2387 3377 quodammodo,
2416 3310 2559 3380 quod
2580 3310 2635 3365 in
2653 3316 3057 3383 comparatione
3088 3313 3398 3372 Jndteorum

1808 3399 1933 3454 boni
1965 3399 2328 3455 inveniantur.
2357 3401 2447 3454 Ait
2483 3402 2629 3457 enim
2662 3403 2738 3458 ita
2769 3402 2943 3475 (Rom.
2973 3421 3034 3472 ιι,
3076 3406 3167 3480 14)
3201 3425 3214 3461 :
3254 3407 3401 3463 Gen-

1809 3498 1892 3546 tes
1944 3491 2268 3546 naturaliter
2309 3491 2570 3549 facientes
2604 3509 2668 3550 ea
2705 3510 2828 3566 quae
2860 3496 2996 3569 legis
3031 3508 3178 3564 sunt,
3207 3485 3398 3556 osten-

1808 3582 1945 3638 dunt
1980 3598 2114 3653 opus
2150 3583 2286 3655 legis
2332 3584 2388 3639 in
2418 3585 2672 3642 cordibus
2695 3588 2825 3653 suis,
2857 3596 3060 3646 etcum
3089 3590 3261 3660 legem
3289 3608 3397 3648 non

1809 3672 2063 3738 habeant,
2091 3673 2192 3744 ipsi
2227 3674 2329 3729 sibi
2358 3683 2484 3730 sunt
2509 3676 2614 3732 lex.
2639 3677 2750 3734 Nec
2777 3686 2956 3736 tamen
2981 3681 3103 3738 ideo
3131 3692 3242 3739 tam
3268 3685 3396 3739 Izoni

1809 3773 1869 3820 nt
1895 3780 1999 3821 non
2027 3774 2224 3835 egeant
2246 3767 2420 3835 gratia
2448 3768 2563 3823 Dei.
2597 3769 2892 3842 Propterea
2921 3782 2977 3829 et
3004 3786 3269 3831 vocantur
3293 3778 3397 3848 ipsi

1808 3856 2204 3926 quodammodo
2243 3857 2368 3912 boni
2399 3874 2523 3916 cum
2568 3860 2744 3927 malis,
2774 3869 2832 3917 ut
2859 3864 3018 3919 simul
3058 3880 3246 3922 omnes
3273 3868 3399 3923 boni

1811 3962 1878 4002 ex
1907 3947 2048 4002 dono
2091 3955 2148 4002 et
2181 3961 2250 4003 ex
2289 3950 2464 4025 gratia
2492 3949 2589 4005 Dei
2620 3951 2770 4019 ﬁant,
2806 3968 2911 4024 qua
2950 3957 3075 4011 vitat
3106 3960 3400 4016 anterioris

1810 4039 1991 4094 omnia
2011 4038 2281 4096 donantur
2302 4042 2552 4108 crimina,
2580 4053 2636 4099 et
2674 4056 3005 4116 prtestanlur
3028 4050 3189 4104 dona.
3221 4052 3400 4123 Atque

1813 4130 1932 4187 ideo
1953 4134 2045 4202 qui
2073 4133 2223 4189 missi
2247 4145 2375 4190 sunt
2393 4136 2460 4190 ad
2487 4136 2666 4193 exitus
2694 4139 2902 4194 viarum
2920 4140 3179 4212 jubentur
3206 4145 3390 4210 exire:

1812 4224 1938 4295 quia
2008 4225 2306 4282 secundum
2360 4227 2525 4283 tinem
2595 4232 2854 4301 temporis
2904 4233 3153 4289 omnibus
3221 4246 3395 4291 retro-

1811 4324 1930 4371 acta
2007 4316 2277 4372 donantur
2338 4320 2617 4389 culparum
2652 4362 2667 4389 ,
2732 4338 2856 4377 cum
2900 4324 3146 4381 defectus
3196 4328 3399 4386 finierit

1812 4409 2107 4465 actionum.
2174 4408 2283 4465 Nec
2338 4411 2506 4479 igitur
2550 4412 2722 4470 bonos
2765 4424 2822 4471 et
2884 4418 3054 4475 malos
3088 4420 3185 4476 alis
3223 4438 3283 4478 re
3321 4424 3395 4480 si-

1814 4500 1924 4555 mul
1952 4500 2133 4555 vocari
2170 4500 2359 4570 jubet,
2411 4503 2665 4572 quoniam
2717 4506 2927 4561 vocatio
2972 4506 3065 4563 Dei
3116 4519 3302 4567 sancta
3342 4522 3398 4568 et

1810 4595 2012 4665 optima
2062 4602 2184 4659 est,
2230 4609 2351 4664 quae
2398 4593 2559 4649 simul
2613 4608 2805 4652 omnes
2854 4598 3026 4655 bonos
3076 4600 3245 4668 facit,
3293 4606 3398 4661 nisi

1813 4701 1909 4756 per
1934 4685 2123 4740 vitium
2170 4683 2364 4755 aliquis
2402 4685 2746 4742 inemendate
2774 4687 3063 4757 voluptatis
3105 4692 3394 4750 discrimen

1810 4778 1973 4850 913
1997 4784 2228 4832 maneat.
2276 4775 2426 4831 Unde
2455 4777 2698 4845 sequitur
2724 4796 2738 4832 :
2772 4776 2994 4834 Intravit
3022 4792 3195 4835 autem
3220 4800 3310 4838 rex
3338 4795 3394 4838 ut

1812 4871 2004 4926 videret
2033 4868 2432 4923 discumbentes.
2456 4866 2597 4943 Mira
2619 4878 2675 4922 et
2718 4867 3005 4925 ineffabilia
3062 4873 3201 4926 ratio
3233 4884 3291 4927 ut
3314 4874 3394 4929 di-

1820 4969 1977 5015 catur
2004 4960 2205 5015 intrare
2237 4973 2436 5031 regem,
2468 4960 2770 5031 quiubique
2795 4970 2899 5037 est,
2921 4972 2976 5018 et
3001 4979 3265 5035 nusquam
3294 4983 3395 5025 nec

1818 5069 2053 5126 unquam
2084 5053 2257 5119 abest,
2295 5062 2395 5108 nec
2423 5060 2508 5108 est
2527 5053 2620 5109 ubi
2648 5069 2754 5110 non
2806 5056 2876 5111 sit
2903 5057 2994 5126 qui
3023 5058 3202 5113 omnia
3247 5074 3394 5115 com-

1818 5144 1947 5215 plet.
1971 5146 2076 5202 Sed
2105 5143 2222 5213 ejus
2246 5145 2471 5210 intrare,
2493 5152 2577 5201 est
2606 5155 2814 5202 mentes
2850 5148 3181 5219 singulorum
3209 5153 3390 5208 discu-

1820 5246 1935 5292 tere
1961 5251 2026 5291 ac
2056 5235 2348 5306 respicere,
2372 5236 2441 5291 ad
2468 5251 2603 5306 quas
2638 5252 2800 5294 nemo
2840 5238 2976 5293 alter
2994 5247 3171 5309 potest
3190 5242 3394 5298 intrare

1821 5325 1902 5379 vel
1932 5323 2222 5395 respicere.
2256 5322 2389 5378 Nam
2422 5324 2558 5395 ipse,
2593 5341 2661 5380 ex
2706 5342 2805 5382 usu
2843 5326 3242 5399 Scripturarum
3301 5333 3392 5387 ubi

1820 5414 2034 5487 aspicit,
2060 5430 2152 5470 seu
2177 5429 2276 5485 per
2307 5415 2769 5484 approbatiOnem,
2795 5431 2888 5472 seu
2911 5434 3009 5488 per
3050 5418 3396 5492 reprobatio-

1821 5524 1965 5574 nem,
2013 5523 2253 5579 praesens
2286 5523 2407 5563 esse
2464 5509 2689 5576 dicitur;
2719 5511 2806 5565 ubi
2856 5526 2985 5567 vero
3036 5513 3166 5568 nihil
3200 5515 3393 5570 horum

1821 5601 1958 5664 vult,
1985 5597 2180 5655 absens
2203 5599 2436 5664 videtur,
2468 5601 2593 5654 dum
2634 5608 2734 5656 suo
2766 5603 2996 5673 quisque
3045 5605 3272 5665 arbitrio
3300 5622 3390 5662 rc-
3458 5588 3483 5609 ’

1823 5691 2106 5761 linquitur.
2141 5689 2295 5748 Unde
2346 5705 2466 5746 cum
2519 5689 2635 5746 dies
2686 5693 3041 5763 inspectionis
3069 5712 3161 5752 seu
3201 5697 3396 5767 jndicii

2960 5788 3036 5849 Ωιι
