4008 6354
587 245 687 298 7η

1393 240 1450 294 S.
1489 239 1847 295 PASCIlASll
1889 237 2236 293 RADBERTI
2276 236 2566 291 ABBATIS
2607 234 3052 292 COllBElENSlS
3680 257 3748 313 ηε

586 355 864 414 alvenerit
894 353 949 406 in
983 351 1399 413 resurrectione,
1419 358 1545 404 tunc
1567 351 1908 420 inspecturus
1932 349 2172 404 omnium
2199 356 2247 412 Α
2278 348 2422 403 intus
2448 355 2686 410 accusat,
2713 355 2766 399 et
2795 354 2984 400 contra
3016 361 3152 416 quos
3179 347 3360 404 clunat
3388 355 3508 408 mala
3535 365 3751 421 conscien-

588 442 952 498 conscientias
981 439 1226 502 intrabit,
1253 448 1310 494 et
1341 448 1542 494 cretum
1584 438 1729 494 illius
1757 438 2174 493 resurrectionis

587 537 910 609 penetrabit,
949 544 1006 588 ut
1026 535 1210 589 videat
1253 533 1585 604 singulorum
1615 531 1779 598 facta,
1826 541 1881 586 et
1929 547 2175 601 compro-

588 638 682 690 bet
699 628 1212 686 «habitus-omnium.
1239 624 1338 680 Ubi
1351 626 1772 695 circumspiciens
1800 626 1950 689 vidit,
1979 624 2174 693 inquit,

590 725 662 778 ibi
687 725 1084 777 hominemne:
1112 719 1352 773 vestitum
1379 726 1516 771 veste
1545 715 1792 786 nuptiali,
1823 731 1929 770 non
1954 714 2095 784 quod
2123 713 2176 767 in

589 812 732 869 illius
747 811 1024 868 examinis
1041 809 1143 865 die
1159 808 1305 865 solus
1337 809 1438 863 iste
1465 822 1606 863 unus
1633 823 1742 862 non
1771 807 2001 862 vestitus
2025 815 2176 861 veste

590 905 1190 978 nupti’aliinvenietur;
1249 901 1343 957 sed
1375 916 1516 956 unus
1565 915 1716 955 more
1774 899 2177 970 Scripturarum

591 996 972 1069 precantibus
1020 994 1256 1065 ponitur,
1311 1007 1541 1062 quorum
1593 1005 1716 1046 sors
1737 1005 1843 1045 una
1871 997 1929 1044 et
1964 1004 2067 1042 una
2095 988 2180 1042 in-

594 1086 1033 1160 terrogatioerit.
1067 1083 1176 1140 Nec
1209 1083 1276 1138 de
1304 1095 1566 1153 corporeo
1620 1080 1807 1137 habitu
1827 1081 1928 1135 ista
1955 1079 2060 1134 erit
2089 1078 2176 1133 in-

595 1179 908 1249 terrogatio,
940 1175 1032 1232 sed
1087 1177 1154 1230 de
1198 1174 1382 1228 habitu
1411 1173 1606 1226 mentis
1641 1179 1695 1226 et
1745 1171 1811 1226 de
1868 1170 2181 1225 indumento

595 1272 891 1326 virtutum;-
918 1267 1161 1336 Hincque
1189 1265 1292 1329 ait,
1316 1265 1513 1326 Amice,
1543 1261 1804 1334 quoniodo
1827 1262 1929 1315 huc
1950 1260 2180 1322 intrasti,

596 1381 702 1418 non
730 1363 922 1416 habent
947 1370 1131 1415 vestem
1157 1355 1484 1426 nuptialem?
1513 1353 1638 1410 Haec
1692 1362 1775 1408 est
1811 1351 1904 1407 illa
1951 1351 2186 1405 interro-

597 1457 774 1526 gatio.
799 1455 998 1522 dcqna
1045 1450 1278 1513 dicitur,
1313 1448 1440 1517 quia
1477 1447 1534 1500 in
1583 1443 1983 1516 cogitationibus
2035 1441 2182 1512 impii

597 1549 692 1600 erit
726 1543 1064 1613 interrogatio
1104 1540 1258 1609 (Sep.
1288 1555 1327 1605 ι,
1361 1539 1438 1609 9).
1463 1537 1716 1606 Nunquid
1749 1551 1841 1590 rex
1878 1533 2184 1589 invitando-

603 1653 722 1688 rum
748 1634 988 1688 habitum
1017 1632 1415 1700 designaverat,
1441 1642 1565 1682 cum
1590 1625 1804 1680 invitari
1832 1638 2184 1695 quoscunque

2281 443 2372 494 tia.

2349 532 2490 586 Tunc
2517 534 2589 586 ait
2624 549 2714 587 rex
2740 533 3016 597 ministris,
3053 533 3106 588 id
3135 543 3216 589 est
3247 535 3496 607 ministris
3516 556 3753 613 ptruarum,

2278 624 2478 695 Ligatis
2516 626 2732 694 pedibus
2750 627 2866 696 ejus
2895 637 2942 681 et
2973 627 3232 692 manibus,
3256 629 3427 684 mittite
3449 649 3549 686 eum
3583 636 3628 690 in
3657 649 3759 694 tente-

2280 715 2401 769 bras
2425 715 2741 779 exteriores;
2765 716 2837 768 ibi
2856 717 2955 770 erit
2977 717 3131 786 ﬂetus
3143 726 3193 770 et
3223 718 3405 772 stridor
3425 722 3636 778 dentium.
3649 727 3764 784 Sicut

2281 822 2414 877 ergo
2444 817 2526 862 est
2555 808 2855 864 dill'erentia
2879 809 3088 880 gloriae,
3113 817 3168 863 et
3199 809 3406 865 claritas
3425 813 3581 883 dispar
3601 831 3761 874 sancto-

2280 917 2401 957 rum
2443 912 2578 957 teste
2631 901 2910 972 Apostolo,
2967 903 3040 956 ita
3077 911 3133 957 et
3162 902 3406 973 supplicia
3434 913 3764 966 tormentorum.

2282 993 2422 1050 Sunt
2443 995 2586 1050 enim
2618 994 2907 1050 interiores
2936 995 3190 1060 tenebrae,
3233 995 3283 1049 id
3303 1005 3381 1049 est
3409 997 3594 1062 cordis;
3619 1012 3768 1055 suntet

2283 1086 2600 1150 exteriores,
2620 1085 2686 1140 de
2701 1084 2895 1154 quibus
2909 1085 3024 1150 jam
3043 1100 3205 1154 supra
3221 1085 3458 1149 diximus,
3470 1087 3591 1155 quod
3605 1104 3688 1142 non
3699 1090 3768 1142 im-

2287 1177 2483 1232 merito
2507 1177 2560 1230 in
2577 1177 2896 1238 exteriores,
2906 1177 3027 1246 jure
3046 1175 3293 1238 mittitur,
3316 1177 3401 1246 qui
3423 1177 3552 1230 intus
3566 1177 3610 1230 in
3622 1179 3768 1239 animo.

2285 1285 2454 1340 usque
2511 1271 2577 1324 ad
2626 1270 2788 1326 ﬁnem
2833 1279 2991 1334 vitae,
3042 1279 3378 1339 peccatorum
3404 1270 3609 1325 tenebris
3648 1286 3771 1326 ceca-

2287 1371 2374 1418 tus
2395 1361 2577 1416 fuerit.
2605 1360 2735 1416 Nam
2764 1377 2829 1416 ex
2855 1377 2921 1416 eo
2945 1361 3086 1432 quod
3117 1376 3222 1418 non
3245 1360 3338 1424 ait,
3369 1361 3772 1431 ingressusestrex

2286 1465 2346 1512 ut
2369 1463 2677 1511 remaneret
2699 1455 2927 1518 amicos,
2958 1467 3132 1522 neque
3157 1453 3298 1522 quod
3323 1452 3474 1508 simul
3492 1467 3651 1512 culpes
3684 1468 3775 1510 mn-

2287 1549 2612 1622 gregaverit,
2631 1546 2848 1617 quidam
2871 1546 3216 1616 suspicantur
3249 1561 3351 1599 non
3373 1543 3435 1598 de
3455 1543 3612 1600 futuro
3631 1545 3777 1614 judicio

2289 1641 2416 1697 dici.
2441 1638 2748 1694 Praesertim
2781 1652 2904 1692 cum
2936 1652 3040 1692 non
3080 1635 3173 1696 ait,
3214 1635 3405 1689 Mittite
3448 1649 3560 1690 eum
3603 1634 3648 1688 in
3671 1644 3778 1688 tene-

603 1729 776 1779 bonos
795 1733 848 1778 ct
873 1723 1041 1777 malos
1074 1718 1359 1788 jussisset?
1388 1717 1468 1771 vel
1497 1715 1738 1784 nunquid
1774 1729 1913 1769 unus
1933 1713 2183 1770 omnibus

2326 1746 2414 1786 ras
2441 1729 2758 1793 inferiores;
2792 1739 2850 1781 ut
2872 1742 2967 1781 eas
3015 1727 3288 1790 tenebras,
3335 1723 3569 1780 inferiora
3604 1723 3697 1778 loca
3726 1723 3782 1777 in-

602 1820 738 1874 ineo
763 1830 908 1871 creta
935 1825 1146 1885 poterat
1167 1828 1294 1867 esse
1322 1813 1571 1872 vestitus,
1595 1818 1689 1862 aut
1717 1807 1882 1862 animi
1929 1806 2184 1862 habitus?

600 1887 905 1963 Praesertim
935 1922 1058 1960 cum
1088 1906 1132 1958 si
1161 1913 1344 1960 certus
1371 1919 1436 1957 ex
1468 1902 1862 1957 consuetudine
1891 1899 2186 1954 convivan-

603 2000 737 2052 timu
771 1999 823 2050 in
846 1997 1050 2066 nuptiis
1078 1995 1292 2050 habitus
1329 2008 1449 2049 esse
1492 1991 1764 2046 debuisset
1785 1991 2061 2053 exterius,
2095 2004 2188 2058 po-

606 2098 746 2141 terat
775 2085 914 2140 forte
955 2086 1023 2139 ab
1053 2083 1406 2138 invitantibus
1437 2097 1501 2136 ac
1547 2079 1810 2134 ministris
1841 2093 1908 2133 ne
1957 2077 2078 2132 talis
2108 2077 2188 2131 in-

606 2177 796 2233 troiret
827 2175 1078 2232 inhiberi.
1112 2174 1220 2230 Sed
1243 2174 1368 2243 quia
1411 2171 1581 2226 malos
1636 2170 1690 2224 in
1721 2168 2054 2224 conscientia
2107 2167 2188 2221 in-

608 2278 696 2322 ts
709 2267 1006 2338 intelligere
1017 2281 1121 2321 non
1134 2265 1383 2320 omnium
1395 2273 1474 2319 est
1493 2281 1508 2329 ;
1534 2263 1786 2332 quoniam
1812 2262 2046 2316 humana
2061 2259 2189 2314 sim-

608 2359 820 2428 plicitas
853 2356 1067 2412 dillicile
1097 2355 1514 2410 fraudulentiam
1573 2352 1840 2408 simulatae
1873 2351 2071 2406 mentis
2095 2366 2189 2421 po-

612 2460 714 2504 test
751 2448 1178 2518 deprchendere,
1217 2446 1423 2502 idcirco
1448 2447 1592 2500 hunc
1617 2445 1813 2499 malum
1836 2452 2036 2499 coetum
2062 2456 2188 2512 pec-

609 2543 873 2604 cantium,
905 2555 1136 2610 quorum
1184 2554 1290 2594 non
1339 2546 1501 2593 erunt
1552 2536 1777 2591 remissa
1826 2542 2044 2604 peccata
2092 2549 2192 2588 nec

609 2633 847 2697 obtecta,
874 2633 1026 2688 solus
1053 2633 1194 2688 Deus
1215 2629 1476 2686 terribilis
1504 2638 1562 2684 et
1617 2642 1711 2684 rex
1742 2643 1987 2698 magnus,
2039 2628 2190 2682 inve-

611 2726 723 2780 niet
739 2725 834 2794 qui
869 2723 1205 2793 singulorum
1232 2720 1500 2790 conspicit
1543 2718 1926 2774 conscientias.
1962 2717 2039 2772 Ed
2072 2717 2194 2772 ideo

612 2818 738 2887 quia
769 2817 877 2870 hoc
919 2816 1159 2870 divinum
1193 2823 1278 2868 est
1321 2813 1658 2876 discernere,
1687 2811 1804 2866 sine
1825 2810 2195 2866 additament‘o

615 2906 871 2969 hominis,
901 2906 1040 2958 sicut
1064 2913 1120 2958 et
1145 2918 1328 2972 supra,
1367 2917 1457 2956 rex
1495 2901 1731 2970 ponitur.
1758 2899 1892 2954 Nam
1940 2900 2117 2954 callidi
2141 2909 2196 2954 et

617 3000 972 3054 sintulatores-
1003 2995 1488 3066 impraesentiarum
1523 2994 1576 3048 in
1608 2993 1710 3048 hoc
1753 2993 2022 3054 convivio,
2056 2993 2197 3047 inter

2287 1825 2525 1877 ferorum
2555 1821 2760 1876 sentire
2789 1820 3076 1889 possimus.
3112 1817 3265 1872 Sicut
3301 1826 3381 1870 est
3429 1816 3566 1880 illud,
3590 1813 3780 1882 Etipaisti

2287 1917 2522 1971 animum
2545 1929 2711 1967 meam
2743 1928 2808 1966 ea:
2829 1911 3036 1981 inferno
3060 1909 3302 1979 inferiori
3331 1906 3494 1979 (Ptol.
3523 1922 3686 1970 uuv,
3706 1904 3782 1965 l5).

2288 2009 2426 2076 Quia
2461 2008 2601 2063 sicut
2631 2015 2756 2061 sunt
2797 2005 3086 2061 interiores
3124 2003 3384 2065 tenebrse,
3413 2002 3482 2055 ita
3519 2007 3626 2054 sunt
3646 2008 3690 2051 et
3717 2013 3782 2051 ex-

2291 2103 2550 2164 teriores;
2593 2107 2648 2152 et
2683 2097 2822 2151 sicut
2852 2095 3157 2157 inferiores,
3192 2093 3268 2147 ita
3315 2101 3368 2146 et
3398 2091 3787 2156 novissime,qua

2289 2191 2502 2246 suntin
2548 2189 2856 2244 novissimis
2890 2187 3041 2242 locis.
3092 2186 3160 2240 Et
3199 2187 3324 2240 ideo
3370 2181 3786 2254 irnprzescutiarum,

2291 2285 2434 2340 sicut
2465 2291 2518 2336 et
2554 2281 2654 2350 ipsi
2682 2280 2887 2344 volunt,
2928 2295 3050 2333 cum
3083 2277 3304 2347 quidam
3355 2275 3597 2330 accedunt
3632 2272 3790 2325 adeoa-

2291 2377 2494 2430 vivium
2538 2373 2961 2442 Scripturarum,
3001 2370 3084 2424 vel
3121 2370 3189 2424 ad
3245 2382 3437 2438 corpus
3473 2374 3525 2421 ct
3552 2363 3790 2433 satiguiucm

2292 2464 2517 2528 Christi,
2535 2463 2680 2518 vitiis
2695 2461 2953 2518 sordidati
2985 2468 3038 2516 et
3063 2459 3402 2521 criminibus,
3420 2471 3518 2511 non
3533 2454 3682 2511 vestiti
3691 2461 3794 2506 veste

2293 2553 2543 2625 nuptiali,
2564 2552 2714 2621 justo
2739 2553 2830 2606 Dei
2853 2551 3058 2621 judicio
3091 2559 3369 2605 caicantur
3393 2546 3652 2618 aliquando
3673 2546 3712 2598 in
3727 2558 3790 2612 pe-

2288 2650 2382 2721 jus
2408 2647 2600 2720 spiritu
2630 2646 2853 2709 erroris,
2873 2645 2947 2698 ita
2978 2652 3036 2697 ut
3059 2643 3150 2714 qui
3179 2643 3420 2698 latebant
3448 2643 3596 2700 intus,
3622 2636 3798 2692 exterius

2296 2737 2572 2794 ntanilesti
2607 2737 2757 2799 liant,
2786 2744 2842 2789 et
2880 2733 2973 2788 ﬁat
3002 2733 3154 2798 illud,
3183 2733 3318 2787 dum
3355 2748 3448 2801 per
3490 2730 3682 2799 abrupta
3715 2739 3797 2794 gri-

2295 2827 2460 2893 ditur,
2485 2826 2628 2897 quod
2655 2824 2890 2879 Joannes
2918 2824 2971 2877 in
3011 2822 3340 2894 Apocalypsi
3393 2819 3546 2892 915
3589 2831 3669 2872 sua
3693 2815 3796 2875 dicit,

2300 2918 2403 2984 Qui
2435 2928 2604 2978 nocet.
2633 2926 2692 2972 ut
2712 2917 2886 2969 adhuc
2913 2917 3084 2986 magis
3109 2926 3334 2979 noceat;
3365 2924 3412 2968 et
3439 2914 3590 2983 quiin
3625 2907 3799 2965 sordibus

2303 3019 2401 3072 est,
2429 3008 2602 3061 adhuc
2625 3007 2890 3060 sordescat
2921 3005 3106 3074 (Apoc.
3142 3021 3282 3068 xx",
3340 3004 3446 3074 il),
3499 3003 3565 3057 ita
3595 3007 3646 3053 ut
3689 2994 3800 3055 ultra,

616 3105 875 3146 concessa
927 3088 1090 3142 nobis:
1139 3086 1398 3140 divinitus
1443 3093 1818 3148 sacramenta,
1871 3085 1973 3138 etsi
2035 3084 2201 3136 latere
2231 3094 2276 3158 ε
2303 3101 2415 3167 jam
2455 3099 2635 3168 “satis
2653 3098 2877 3168 pedibus
2900 3113 2964 3151 ac
3015 3097 3290 3160 manibus.
3336 3096 3522 3166 5pm,“
3549 3101 3706 3161 αδδινγ
3736 3088 3803 3139 im.

618 3195 838 3254 queunt,
871 3181 1110 3252 nunquid
1133 3178 1316 3234 fallere
1349 3185 1575 3247 possunt
1601 3177 1790 3240 Deum,
1817 3185 1872 3231 et
1923 3175 1991 3230 ab
2031 3173 2202 3228 oculis

620 3273 1137 3345 divinae-maiestatis
1161 3271 1362 3328 celari?
1386 3271 1451 3325 Et.
1481 3271 1602 3327 ideo
1633 3270 1761 3340 quia
1809 3269 1969 3324 simul
2014 3282 2203 3323 omnes

621 3369 809 3424 adlias
841 3367 1054 3436 nuptias
1096 3363 1234 3419 male
1276 3363 1454 3418 vestiti
1504 3361 1745 3425 veniunt,
1800 3359 2000 3415 clamat
2050 3359 2206 3414 nobis

621 3462 908 3533 Apostolus
921 3460 1193 3532 quotidie:
1222 3457 1414 3511 Exuite
1429 3466 1645 3511 veterem
1663 3457 2056 3525 Item-inemeum
2078 3453 2206 3506 acti-

622 3554 885 3608 bus-suis.
935 3549 1410 3622 qni'eorrtmtpitur
1450 3547 1734 3601 secundum
1764 3544 2206 3615 concupiscentiae

621 3645 836 3697 erroris.
864 3642 932 3696 Et
961 3640 1160 3694 induite
1189 3655 1400 3704 novum,
1432 3639 1521 3708 qui
1543 3637 1830 3693 secttndum
1863 3636 2027 3690 Deum
2060 3651 2207 3690 crea-

595 3723 706 3789 ltus
731 3745 808 3788 est
863 3735 914 3786 in
963 3729 1128 3802 915.
1168 3731 1380 3800 justitia
1432 3739 1478 3782 ct
1523 3727 1936 3796 sanctiﬁcatione
1977 3725 2209 3779 veritatis

625 3826 840 3894 (Ephee.
875 3839 949 3886 tv,
976 3823 1067 3886 25,
1089 3821 1205 3891 Ἠ).
1233 3822 1387 3889 Quod
1413 3829 1594 3875 autem
1617 3820 1768 3883 dicit,
1801 3819 1852 3872 in
1877 3816 2108 3885 justitia,
2142 3819 2210 3873 ad

627 3933 842 3971 ttlllllctll
869 3917 1335 3970 conversationem
1365 3917 1596 3986 pertinet
1621 3923 1962 3978 nostram,-ut
1980 3914 2210 3968 candida

626 4011 752 4072 sint,
814 4009 954 4061 sicut
1005 4007 1258 4062 Salomon
1313 4009 1410 4072 ait,
1449 4011 1588 4062 omni
1632 4019 1860 4078 tempore
1905 4009 2212 4063 restimenta

629 4111 805 4153 nostra
837 4099 1034 4168 (ἔξει-ιε.
1060 4115 1114 4153 1x
1134 4137 1149 4163 ,
1194 4101 1270 4167 8).
1311 4100 1464 4167 Quod
1491 4109 1698 4164 autem,
1731 4102 1785 4154 in
1806 4101 2090 4156 sanctitate
2120 4115 2214 4154 ve-

630 4192 825 4252 rit-itis,
861 4190 926 4244 ad
953 4205 1144 4260 puram
1182 4189 1590 4261 ﬁdei-pertinet
1618 4191 2025 4245 conscientiam.
2078 4191 2214 4258 Quia

631 4287 766 4340 sicut
813 4300 975 4354 opera
1034 4294 1378 4354 peccatorum
1423 4293 1554 4338 sunt
1592 4283 1808 4338 sordida
1845 4292 1901 4337 et
1949 4284 2218 4354 corrupti-

629 4375 756 4428 lnlia
797 4393 808 4428 :
843 4376 911 4429 ita
936 4390 1098 4445 opera
1119 4375 1390 4445 justorum
1421 4374 1650 4428 candida
1683 4383 1736 4428 et
1776 4374 1993 4436 decora,
2056 4382 2218 4443 atque

633 4467 1060 4536 int-.orruptibilia
1095 4475 1380 4530 etsancta,
1429 4466 1483 4519 in
1532 4465 1726 4534 quibus
1751 4466 1986 4520 maxime
2027 4474 2218 4535 regnat
2245 4455 2294 4514 D

632 4559 888 4612 cbaritas.
919 4557 1069 4624 Quod
1101 4566 1280 4612 autem
1332 4551 1452 4612 cina
1509 4558 1741 4612 amicqu
1797 4565 1984 4622 vocat,
2018 4573 2217 4627 expro-

633 4652 943 4706 ln'antisest
992 4651 1162 4720 magis
1194 4666 1357 4719 quam
1399 4649 1741 4704 blandientis.
1777 4649 1859 4704 Ac
1907 4649 1953 4704 si
1987 4649 2216 4714 dicatur,

634 4742 833 4806 Amice,
861 4757 957 4811 per
983 4741 1142 4794 tidem
1183 4751 1239 4794 et
1278 4741 1675 4796 simulationem
1723 4740 1848 4795 ﬁdei
1883 4750 1941 4797 et
1969 4741 2222 4812 hypocri-

634 4833 738 4896 sin,
772 4843 827 4886 et
875 4846 981 4884 non
1014 4832 1184 4886 amice
1234 4846 1327 4900 per
1369 4833 1757 4902 operationem,
1808 4832 2068 4902 quomodo
2120 4833 2221 4885 hue

634 4925 842 4990 intrasti
867 4924 1395 4979 non-habens-oestem
1447 4924 1772 4995 nuptialem?
1823 4924 1937 4980 Non
1967 4925 2112 4994 quod
2142 4924 2220 4978 ul-

637 5016 864 5072 luscam
895 5017 1338 5072 essese-adhes
1390 5019 1604 5086 nuptias
1653 5017 1913 5083 attulerit,
1971 5020 2064 5074 sed
2094 5018 2220 5087 quia

637 5109 944 5178 quicunque
1011 5107 1358 5178 baptizantur
1410 5108 1684 5162 Christum
1741 5108 1970 5164 induant
2024 5124 2221 5164 novum

639 5197 937 5264 hominem,
984 5206 1043 5252 ut
1085 5199 1340 5267 deinceps
1379 5196 1656 5252 ambulent
1702 5198 1755 5251 in
1799 5192 2038 5252 novitate
2077 5199 2221 5262 vitae,

643 5289 696 5343 in
723 5290 955 5359 justitia,
992 5299 1046 5344 et
1095 5291 1384 5344 sanctitate
1419 5290 1684 5344 veritatis.
1737 5289 1910 5356 Quam
1954 5289 2223 5358 justitiam

641 5386 698 5432 et
735 5380 1079 5434 sanctitatem
1128 5381 1231 5434 nisi
1282 5378 1752 5442 isteamisisset,
1811 5393 2085 5447 nunquam
2148 5379 2228 5432 in—

644 5477 1016 5541 terrogaretur
1061 5481 1170 5526 tam
1215 5473 1495 5544 atrociter,
1535 5484 1710 5538 neque
1759 5470 2118 5541 interrogatus
2145 5485 2228 5526 se-

644 5561 750 5613 mel
799 5562 880 5616 sic
926 5562 1322 5627 obmutuisset;
1388 5562 1512 5630 quia
1565 5576 1752 5614 eorum
1801 5563 1890 5616 ubi
1948 5563 2092 5617 nulla
2146 5573 2230 5618 est

646 5652 945 5716 excusatio,
985 5667 1089 5704 non
1121 5652 1392 5706 innuerim
1424 5652 1589 5705 invita
1621 5660 1701 5707 est
1742 5653 2040 5722 responsio,
2093 5669 2227 5726 quos

2308 3190 2530 3255 mundo,
2559 3205 2625 3244 ne
2657 3205 2714 3244 se
2742 3188 2995 3259 expedire
3023 3204 3263 3256 unquam
3288 3189 3472 3258 possit.
3505 3183 3599 3240 Sed
3623 3195 3702 3236 nos
3725 3179 3802 3231 hac

2305 3282 2488 3338 omnia
2521 3281 2712 3336 melius
2731 3281 2797 3335 de
2819 3280 2998 3334 luturo
3033 3279 3384 3350 intelligenda
3433 3289 3686 3332 censemus
3703 3268 3803 3340 judi-

2307 3377 2416 3442 cio,
2449 3391 2518 3431 ne
2537 3373 2626 3428 ulli
2651 3372 2956 3442 desperatio
2983 3381 3265 3435 nascatur,
3321 3371 3527 3440 quando
3560 3361 3806 3421 universitas

2310 3466 2572 3522 malorum
2605 3463 2659 3518 in
2691 3478 2858 3517 unum
2883 3462 3110 3518 collecta
3143 3462 3381 3532 pelletur
3410 3462 3476 3515 ab
3535 3458 3626 3522 illo
3659 3456 3808 3508 interno

2309 3558 2558 3616 convivio
2578 3567 2797 3613 :eternte
2821 3557 3088 3611 satietatis
3126 3571 3190 3609 ac
3247 3552 3543 3610 dulcedinis
3564 3592 3577 3615 ,
3603 3557 3649 3604 et
3684 3544 3810 3599 mitte-

2312 3659 2398 3704 tur
2425 3649 2592 3713 foras,
2642 3647 2824 3718 ligatis
2851 3646 3098 3700 manibus
3146 3661 3210 3699 ac
3262 3644 3505 3715 pedibus,
3543 3643 3590 3694 in
3635 3635 3812 3692 tenebras

2313 3743 2644 3806 exteriores;
2671 3756 2737 3796 ne
2767 3741 2906 3796 ultra
2935 3740 3148 3810 possint
3184 3739 3406 3810 operari
3435 3738 3568 3792 bona
3595 3731 3664 3788 vel
3701 3724 3810 3785 mala.

2313 3846 2488 3902 neque
2521 3831 2586 3885 de
2613 3829 2753 3886 malo
2783 3830 2848 3883 ad
2877 3830 3079 3884 bonum
3113 3830 3374 3883 transire.
3413 3827 3542 3880 Nam
3586 3835 3719 3892 opera
3753 3817 3815 3869 h0-

2316 3921 2498 3984 minis,
2533 3931 2679 3975 recte
2703 3935 2915 3982 manus,
2947 3919 3091 3974 sicut
3112 3927 3166 3973 et
3195 3929 3402 3982 motus,
3433 3916 3585 3988 pedes
3617 3908 3813 3979 accipiun-

2317 4023 2423 4069 tur.
2451 4015 2581 4081 Qua:
2611 4029 2800 4067 manus
2839 4023 2892 4067 ct
2942 4013 3124 4082 pedes,
3171 4022 3305 4067 tunc
3359 4028 3455 4082 per
3507 4005 3815 4063 districtiorem

2317 4110 2618 4171 sentcntiae,
2641 4107 2763 4176 jure
2811 4107 3076 4175 ligantur;
3113 4107 3372 4174 quoniam
3400 4120 3430 4157 a
3453 4101 3620 4173 pravis
3638 4089 3817 4166 cperibus

2318 4199 2607 4254 noluerunt
2637 4196 2722 4251 hic
2753 4197 2926 4267 ligari,
2964 4198 3090 4250 dum
3124 4197 3280 4250 licuit
3327 4211 3427 4265 per
3477 4185 3822 4248 melioratioutm

2318 4288 2461 4349 vitae,
2495 4295 2551 4339 nt
2580 4297 2704 4340 tunc
2727 4302 2820 4339 eos
2845 4301 3001 4353 puvna
3030 4285 3175 4355 liget,
3193 4301 3338 4353 quos
3365 4283 3521 4338 modo
3542 4297 3568 4335 a
3591 4276 3718 4333 bonis
3733 4281 3821 4338 ope-

2323 4380 2471 4435 ribus
2502 4379 2687 4448 ligavit
2714 4379 2886 4446 culpa.
2915 4378 3184 4432 Caeterum
3217 4378 3310 4432 ubi
3343 4390 3534 4431 manus
3577 4379 3626 4425 et
3651 4359 3826 4439 pedcs'i'

2321 4481 2539 4543 gantur,
2567 4481 2619 4525 ct
2647 4471 2736 4524 ubi
2785 4472 2940 4525 lletus
2967 4470 3276 4530 oculorum,
3327 4479 3382 4523 et
3413 4466 3605 4521 stridor
3651 4453 3824 4543 (lentim!l

2323 4563 2540 4626 dicitur,
2598 4563 2670 4616 ibi
2723 4563 2925 4617 veritas
2965 4565 3390 4618 resurrectitmis
3449 4559 3656 4616 omnino
3696 4542 3830 4620 pr-mll'

2321 4665 2495 4710 catur.
2533 4655 2596 4708 Et
2623 4671 2744 4707 cum
2779 4655 2828 4708 in
2853 4655 3155 4710 exteriores
3179 4656 3436 4710 tenebras
3467 4653 3738 4707 mittuntur.
3759 4645 3828 4688 ηοη

2323 4749 2524 4818 passim
2564 4747 2760 4816 ubique
2802 4756 2993 4809 erunt,
3033 4747 3174 4800 sicut
3223 4748 3448 4818 quidam
3503 4757 3659 4813 nuper
3688 4728 3835 4806 garrire

2324 4847 2637 4910 ccepcrnnt;
2674 4853 2848 4908 neque
2871 4837 3238 4892 indifferenter
3259 4839 3478 4908 reprobi
3501 4825 3736 4891 commisti
3752 4830 3832 4873 cum

2324 4930 2480 4985 bonis
2504 4927 2753 4981 localiter
2797 4936 2974 4981 erunt.
3023 4927 3156 4994 Quia
3205 4929 3469 4990 omnino,
3516 4923 3665 4979 velint
3701 4911 3837 4969 nolit".

2330 5022 2375 5076 si
2423 5035 2648 5087 corpora
2695 5028 2892 5082 erunt,
2941 5035 3066 5074 vere
3118 5019 3171 5073 in
3222 5019 3347 5074 loco
3378 5058 3393 5080 ,
3443 5026 3518 5070 et'
3556 5027 3651 5066 non
3699 5001 3838 5063 abii“

2329 5117 2511 5164 erunt.
2538 5108 2818 5178 Segregati
2847 5108 3062 5177 quidem
3089 5108 3158 5161 ab
3203 5107 3463 5168 invicem,
3517 5111 3574 5156 ut
3623 5106 3672 5153 et
3699 5092 3837 5162 ἱυειοέι

2331 5198 2424 5268 qui
2465 5198 2703 5252 innovati
2745 5206 2904 5251 erunt
2943 5197 3178 5252 retineat
3216 5197 3420 5252 caelum
3469 5204 3654 5248 novum
3676 5193 3719 5237 et
3740 5186 3839 5232 tem

2332 5301 2492 5352 nova,
2518 5288 2658 5342 sicut
2682 5302 2780 5341 vox
2808 5287 2986 5340 divina
3003 5288 3220 5352 clamat,
3246 5287 3389 5340 Ecce
3415 5286 3556 5355 facio
3570 5276 3723 5336 omne
3756 5278 3841 5320 nera

2333 5379 2516 5448 (Apoc.
2549 5396 2659 5443 xxi,
2681 5381 2755 5448 v),
2785 5378 2906 5434 illos
2927 5380 3042 5434 loca
3059 5395 3369 5449 prunarum,
3384 5387 3541 5433 extra
3558 5378 3687 5429 hunc
3703 5361 3842 5418 ctutum

2332 5485 2528 5526 novum
2561 5482 2616 5525 et
2646 5482 2843 5524 terram
2877 5487 3093 5526 novam.
3125 5473 3188 5526 Et
3221 5473 3346 5526 ideo
3405 5471 3458 5524 in
3509 5461 3772 5522 exteriores
3791 5458 3844 5499 ιε’

2331 5565 2528 5618 nebras
2560 5564 2719 5618 ali‘eni
2748 5580 2777 5617 a
2806 5564 2926 5618 luce
2950 5575 3126 5627 erunt,
3161 5565 3246 5619 ubi
3273 5575 3360 5618 est
3394 5562 3535 5632 ignis
3563 5561 3752 5627 paratus
3765 5541 3846 5596 dia-

2333 5657 2454 5711 bolo
2475 5665 2529 5710 ct
2557 5657 2762 5726 angelis
2787 5656 2925 5725 ejus,
2959 5673 3080 5712 cum
3110 5659 3307 5728 quibus
3362 5666 3419 5712 et
3449 5655 3542 5710 isti
3568 5653 3725 5707 erant.
3763 5645 3848 5688 Ηο·
