4008 6354
179 311 280 367 749

933 303 1292 358 EXPOSITIO
1332 299 1394 356 IN
1439 300 1869 356 lliA'l"fll:Elj.\l.
1913 331 1978 339 -——
2020 301 2143 354 Lill.
2186 299 2249 364 Χ,
2289 301 2437 353 CAP.
2480 299 2641 354 XXII.

3323 299 3425 353 7.30

175 435 385 497 pterea,
419 430 476 476 ut
506 422 593 474 isti
625 419 828 481 volunt,
859 435 962 472 non
997 420 1200 487 absque
1226 419 1398 488 pmnis
1419 427 1575 471 erunt
1604 419 1751 470 ﬂatu-
1778 405 1828 478 Ἀ
1857 414 2108 484 aequales.
2159 415 2258 480 Qui
2321 415 2506 468 dicunt
2567 414 2613 466 ei
2641 454 2654 476 ,
2722 413 2970 482 Magister
2998 454 3012 475 ,
3064 414 3254 466 scimus
3301 414 3426 483 quia

176 528 411 578 marum,
441 513 495 566 in
546 512 740 580 quibus
779 510 934 564 ﬂetus
989 519 1043 562 et
1096 508 1297 562 stridor
1342 507 1580 561 dentium
1628 506 1749 560 erit.

176 604 295 658 Erit
317 602 587 672 siquidem
615 602 777 665 dixit,
798 610 854 655 et
880 615 1010 661 non,
1047 609 1119 652 est
1141 639 1154 663 ,
1183 599 1308 667 quia
1349 608 1474 652 ante
1515 612 1754 652 resurre-

174 694 554 758 ctionisdiem,
570 694 625 747 in
647 693 858 747 inferno
872 692 1018 746 nulla
1040 691 1316 744 hominum
1329 704 1555 759 corpora
1571 699 1750 745 erunt.

170 787 322 842 Licet
349 786 584 856 prmfati,
609 783 975 854 pbilocumphi
1015 783 1186 852 magis
1214 797 1374 850 quam
1425 781 1750 851 philosophi,

171 882 222 934 in
256 880 363 933 hoc
391 892 538 942 aere,
575 893 682 946 quo
709 877 1005 930 secundum
1030 873 1343 943 Apostolum
1370 874 1642 927 daemones
1667 873 1750 926 in-

172 973 386 1028 terdum
417 979 723 1034 versantur,
753 967 1036 1023 etanimas
1067 966 1265 1020 ibidem
1296 964 1581 1033 poenaliter
1625 979 1754 1017 con-

169 1061 377 1116 versari
407 1067 724 1119 susurrent;
753 1066 811 1111 et
833 1057 921 1111 ubi
942 1072 1036 1111 eas
1063 1055 1261 1125 potius,
1292 1070 1358 1108 ex
1383 1055 1598 1123 propria
1625 1067 1754 1109 cou-

169 1151 402 1204 scientia
435 1148 673 1216 torqueri
701 1154 1002 1210 autumant,
1029 1161 1191 1214 quam
1217 1145 1340 1199 aliis
1360 1159 1640 1214 pcenarum
1670 1158 1756 1215 ge-

169 1241 418 1296 neribus.
447 1237 559 1292 Nec
589 1239 940 1292 considerant
974 1237 1026 1290 hi
1052 1237 1194 1306 quod
1219 1236 1293 1289 ita
1333 1251 1438 1290 non
1468 1235 1680 1291 diabolo
1701 1243 1755 1289 et

169 1333 379 1404 angelis
409 1330 529 1399 ejus
551 1339 738 1401 parata
767 1341 893 1384 sunt
920 1345 950 1384 a
982 1329 1232 1394 Domino,
1257 1343 1379 1399 quae
1404 1327 1502 1398 ipsi
1534 1327 1636 1382 sibi
1663 1336 1757 1382 aut

169 1427 260 1481 isti
279 1433 575 1494 pararunt,
598 1423 691 1478 sed
709 1438 772 1476 es
791 1423 1126 1492 praescientia
1144 1422 1236 1476 Dei
1258 1436 1319 1476 ea
1337 1430 1525 1490 parata
1546 1421 1753 1484 dicunt,

168 1519 370 1586 quibus
398 1515 476 1568 illi
505 1528 603 1583 pro
633 1530 728 1568 sua
756 1513 1046 1582 puniantur
1063 1512 1292 1576 malitia,
1323 1520 1380 1565 et
1423 1511 1511 1566 isti
1553 1510 1756 1579 pariter

170 1623 298 1661 cum
323 1621 554 1676 corpore
578 1605 632 1659 in
659 1606 855 1673 quibus
891 1613 1270 1674 peccaverunt,
1308 1618 1406 1673 pro
1440 1603 1554 1657 suis
1582 1601 1756 1672 culpis

170 1699 321 1766 iusto
352 1699 442 1752 Dei
467 1697 679 1766 judicio
701 1706 914 1767 agente,
946 1705 1299 1766 torqueantur
1323 1695 1502 1759 inviti,
1551 1695 1604 1749 in
1636 1694 1756 1749 loco

1857 521 2012 559 verax
2036 521 2109 568 es,
2150 516 2196 558 et
2221 508 2356 558 viam
2420 505 2514 558 Dei
2577 506 2631 557 in
2675 505 2886 557 veritate
2905 505 3080 557 doces.
3111 503 3436 573 Magistrum-

1855 615 1977 653 eum
2003 608 2217 664 vocant,
2244 601 2337 654 sed
2360 599 2572 665 callide,
2596 609 2652 654 et
2681 615 2926 654 veracem
2948 615 3070 653 eum
3112 601 3423 668 adulantur,

1857 699 1913 742 ut
1942 689 2146 743 honore
2180 690 2264 744 vel
2302 689 2462 746 laude
2486 678 2575 746 sui
2601 700 2814 762 captus,
2875 693 3190 762 mysterium
3247 696 3427 750 cordis

1854 781 1937 833 sui
1968 781 2290 850 simpliciter
2316 783 2395 838 eis
2423 784 2640 853 pandat.
2669 784 2748 838 Ad
2783 784 2885 838 hoc
2925 785 3120 855 quippe
3144 786 3280 841 istos
3304 801 3426 841 cum

1854 868 2173 927 llerodianis
2226 873 2508 938 miserant,
2556 881 2617 928 ut
2660 887 2756 942 per
2799 873 2953 938 istos,
3006 873 3290 929 mulcendo
3334 877 3430 930 de-

1854 961 2144 1030 ciperetur,
2197 978 2262 1017 ac
2303 978 2399 1032 per
2454 963 2572 1018 illos
2623 964 2818 1019 Caesari
2878 966 3260 1020 eontradicens
3304 982 3430 1022 cen—

1855 1062 1971 1102 sum
2003 1050 2121 1104 dari
2143 1053 2358 1116 debere,
2401 1068 2465 1108 ac
2495 1053 2537 1107 si
2591 1070 2714 1108 reus
2769 1055 2821 1108 in
2871 1055 3083 1110 Caesare
3132 1067 3429 1112 teneretur.

1855 1137 2022 1193 Erant
2072 1142 2215 1195 enim
2247 1143 2535 1197 llerodiani
2595 1145 2910 1198 tuinistrarii
2964 1146 3192 1202 Herodis
3239 1148 3385 1216 regis
3414 1188 3430 1210 ,

1855 1245 2013 1298 quem
2063 1243 2429 1304 prmpdsuerat
2474 1251 2641 1306 nuper
2688 1235 2872 1292 Cmsar
2920 1240 3195 1311 Augustus
3236 1241 3290 1296 in
3339 1241 3434 1295 Ju-

1855 1322 2068 1387 dzeam,
2133 1340 2332 1395 regem.
2385 1327 2518 1381 Nam
2573 1344 2675 1382 non
2743 1329 2900 1401 longe
2943 1328 3126 1386 Judaaa
3175 1331 3434 1387 Romanis

1856 1410 2093 1479 subjecta
2121 1415 2283 1486 917
2314 1428 2451 1482 erat,
2481 1420 2695 1488 quando
2741 1421 2792 1474 in
2843 1429 2956 1475 toto
2997 1423 3127 1477 orbe
3159 1433 3243 1478 est
3285 1421 3444 1478 celo-9

1855 1503 2007 1556 brata
2045 1505 2356 1578 descriptio,
2396 1519 2452 1564 et
2484 1510 2625 1566 facta
2675 1521 2759 1566 est
2803 1513 3086 1568 tributaria
3130 1515 3253 1570 illis.
3281 1515 3435 1571 Unde

1857 1599 2032 1654 adhuc
2073 1600 2126 1652 in
2168 1601 2364 1670 populo
2391 1600 2695 1657 Judzeorum
2734 1604 2924 1658 seditio
2958 1621 3149 1678 magna
3179 1615 3316 1671 erat,
3353 1606 3436 1661 di-

1856 1693 2102 1747 eentibus
2149 1691 2290 1757 aliis,
2340 1695 2465 1762 quia
2522 1693 2749 1750 Romani
2802 1711 2898 1766 pro
2935 1699 3186 1754 omnibus
3237 1699 3436 1754 milita-

172 1792 281 1853 ubi,
319 1786 441 1842 Erit
470 1791 626 1858 ﬂetus
652 1797 700 1841 et
722 1790 920 1843 stridor
943 1788 1175 1842 dentium
1208 1786 1360 1858 (Luc.
1389 1803 1510 1850 xm,
1534 1787 1644 1856 38).
1679 1787 1756 1841 Ex
1791 1767 1833 1826 Β
1864 1783 2009 1845 bant,
2042 1798 2140 1853 pro
2167 1783 2454 1839 securitate
2490 1793 2545 1838 et
2572 1798 2703 1854 pace
2735 1787 2932 1842 debere
2969 1787 3183 1846 Judzeos
3213 1791 3429 1856 tributa,

165 1896 272 1949 quo
295 1895 400 1949 per
423 1880 796 1949 metaphoram
829 1879 1192 1934 membrorum
1243 1879 1602 1947 corporalium
1645 1893 1758 1932 ma-

164 1970 396 2039 gnitudo
426 1969 730 2023 ostenditur
764 1977 1175 2023 tormentorum.
1204 1967 1372 2038 916
1393 1966 1552 2020 Multi
1583 1976 1758 2021 autem

164 2069 282 2112 sunt
305 2060 512 2124 vocati,
544 2059 697 2126 pauci
735 2073 854 2111 vero
877 2057 1049 2110 electi.
1082 2055 1196 2110 Non
1227 2057 1389 2126 igitur
1415 2056 1658 2125 paucitas
1683 2056 1760 2109 im

165 2152 478 2205 vitatornm
504 2159 775 2212 narratur,
807 2150 900 2202 sed
931 2147 1176 2217 paucitas
1196 2146 1515 2201 eiecturum.
1540 2145 1674 2213 Quia
1704 2145 1758 2199 in

164 2244 503 2298 invitatione
524 2243 727 2312 absque
741 2240 844 2294 ulla
862 2240 1198 2309 exceptione,
1215 2238 1493 2294 immensa:
1507 2236 1760 2293 bonitatis

162 2347 246 2392 est
273 2336 636 2405 magnitudo;
667 2335 720 2388 in
747 2333 992 2388 invitatis
1018 2347 1148 2386 vero
1172 2329 1428 2386 discretio
1445 2338 1530 2383 est
1546 2326 1757 2398 iudicii,

161 2443 214 2486 et
237 2429 546 2501 probitatis
571 2428 786 2482 electio.
819 2425 950 2492 Qua:
981 2411 1237 2478 nimirum
1273 2421 1539 2477 sententia
1573 2433 1762 2474 omnes

162 2527 262 2581 has
289 2521 600 2593 parabolas
644 2516 1074 2588 comprehendit,
1103 2523 1158 2570 et
1186 2513 1460 2570 concludit
1489 2512 1557 2568 de
1599 2524 1761 2581 opere

163 2618 374 2679 vineae,
407 2621 466 2667 et
493 2611 563 2666 de
589 2609 948 2665 aediﬁcatione
969 2608 1179 2670 domus,
1209 2617 1420 2660 necnon
1457 2612 1512 2656 et
1559 2602 1757 2666 istam;

163 2709 216 2761 in
253 2705 472 2776 quibus
499 2701 750 2757 omnibus
801 2715 907 2756 non
957 2699 1112 2754 initia
1159 2695 1477 2768 quaeruntur
1512 2709 1760 2766 operum,

164 2797 256 2851 sed
293 2795 454 2849 ﬁnis.

235 2907 400 2961 Tunc
423 2906 674 2959 abeuntes
697 2902 960 2958 Phariscei
982 2901 1261 2956 consilium
1294 2902 1547 2967 inierunt,
1584 2910 1638 2954 ut
1670 2917 1761 2954 ca-

164 3019 354 3079 perent
395 3022 516 3062 cum
542 3007 594 3059 in
620 3020 874 3059 sermone.
901 3003 958 3058 Id
995 3013 1100 3068 est,
1147 3010 1273 3057 tunc
1321 3017 1444 3056 cum
1489 3002 1766 3058 audissent

167 3111 460 3182 principes
488 3107 828 3162 sacerdotum
850 3105 948 3160 has
983 3103 1290 3175 parabolas,
1318 3113 1372 3158 et
1399 3113 1766 3176 cognoverunt

170 3216 322 3285 quod
363 3216 430 3268 de
465 3212 596 3282 ipsis
619 3211 845 3266 diceret.
876 3209 1011 3276 Quia
1064 3209 1276 3264 Marcus
1311 3219 1363 3264 et
1392 3207 1588 3275 Lucas,
1641 3209 1767 3264 licet

166 3318 317 3371 hanc
365 3311 678 3384 parabolam
727 3310 790 3364 de
819 3309 1040 3379 nuptiis,
1096 3323 1214 3377 quae
1245 3307 1298 3362 in
1342 3307 1520 3362 medio
1559 3308 1766 3377 prolata

167 3425 281 3480 est,
317 3410 794 3483 prmtermiserint,
813 3417 993 3463 tamen
1023 3407 1374 3462 nihilominus
1400 3406 1649 3462 Salvator
1702 3424 1768 3463 eo

170 3506 394 3568 inloco,
410 3517 518 3572 quo
540 3509 932 3572 cognoscentes
956 3515 1078 3554 eum
1100 3499 1164 3554 de
1185 3514 1245 3554 se
1268 3499 1468 3564 dicere,
1484 3499 1768 3555 voluerunt

174 3609 383 3652 tenere
419 3593 727 3656 eutn,hanc
749 3592 829 3646 eis
893 3590 1140 3660 impingit
1189 3589 1502 3660 parabolam
1554 3590 1768 3660 uuptia~

177 3702 337 3741 rum.
363 3684 434 3738 Et
459 3684 572 3738 ideo
615 3684 743 3753 quia
776 3691 959 3736 tenere
988 3688 1207 3751 propter
1245 3681 1431 3735 turbas
1486 3696 1591 3735 nou
1643 3689 1769 3734 sunt

171 3778 328 3843 ausi,
361 3777 750 3830 tuncabierunt
771 3783 825 3827 et
855 3773 1093 3828 inierunt
1123 3772 1410 3828 consilium
1457 3772 1591 3827 satis
1630 3772 1764 3826 insi-

170 3871 360 3933 diose,
391 3877 450 3921 ut
471 3877 710 3937 caperent
734 3883 850 3920 cum
873 3868 927 3919 in
953 3881 1207 3919 sermone.
1235 3862 1387 3919 Unde
1426 3863 1608 3933 liquet,
1641 3865 1767 3934 quia

171 3979 285 4018 non
307 3963 380 4016 de
397 3960 721 4031 ignorantia,
749 3959 844 4014 sed
867 3959 934 4013 de
959 3958 1234 4028 proposito
1256 3957 1397 4012 malo
1416 3957 1622 4021 caecati,
1648 3973 1775 4026 pecs

169 4067 332 4112 cant.
364 4054 438 4108 Et
468 4053 588 4107 ideo
614 4061 736 4121 post
764 4051 944 4106 omnia
976 4050 1057 4104 eis
1086 4051 1294 4120 objecta
1327 4065 1430 4104 non
1459 4059 1583 4104 sunt
1627 4064 1771 4105 com-

171 4147 375 4219 pancti
408 4144 478 4199 ad
502 4143 902 4215 pmnitentiam,
930 4143 1025 4198 sed
1065 4141 1316 4196 abierunt
1365 4156 1486 4196 cum
1530 4140 1673 4196 dolo.
1705 4141 1772 4195 Et

169 4257 284 4310 quo
311 4236 609 4292 abiertunt?
640 4235 824 4304 utique
858 4235 924 4289 ad
951 4232 1302 4298 llerodianos,
1325 4243 1380 4288 et
1420 4248 1545 4288 eum
1569 4233 1771 4288 eisdem

170 4327 788 4390 consiliuminieruut;
840 4326 964 4380 mali
995 4341 1117 4380 cum
1159 4323 1426 4394 pessimis.
1483 4323 1617 4379 Vere
1665 4338 1770 4378 nou

167 4421 502 4483 consilium,
530 4419 625 4473 sed
658 4418 900 4472 fraudem
926 4426 981 4470 et
1002 4416 1180 4471 dolum
1212 4431 1333 4469 cum
1370 4415 1451 4470 eis
1507 4423 1774 4472 tractave-

1862 1883 1922 1928 ut
1943 1875 2209 1929 sancitum
2237 1877 2353 1930 erat
2379 1892 2409 1930 a
2448 1886 2659 1942 senatu,
2690 1879 3015 1948 persolvere.
3044 1882 3115 1937 At
3143 1898 3270 1938 vero
3294 1882 3433 1939 Pha-

1863 1965 2026 2029 risaei,
2054 1966 2144 2034 qui
2175 1966 2275 2020 sibi
2304 1966 2629 2036 plaudebant
2656 1969 2708 2022 in
2729 1968 2935 2038 justitia
2963 1987 3081 2038 sua,
3109 1987 3141 2027 e
3161 1975 3434 2028 contrario

1863 2054 2154 2108 renitentes
2185 2054 2430 2109 dicebant
2487 2070 2592 2110 non
2643 2057 2842 2113 debere
2887 2059 3139 2129 populum
3184 2061 3299 2127 Dei,
3341 2062 3432 2131 qui

1862 2145 2099 2200 decimas
2122 2146 2382 2211 solvebat,
2413 2156 2468 2202 et
2496 2148 2761 2218 primitias
2791 2151 2972 2214 dabat,
3001 2159 3056 2206 et
3078 2161 3291 2218 caetera,
3317 2170 3437 2224 quas

1863 2237 1915 2292 in
1941 2237 2057 2309 lege
2080 2239 2230 2308 iussa
2273 2249 2420 2304 sunt,
2449 2240 2699 2295 humanis
2724 2241 2930 2314 legibth
2958 2243 3254 2312 subjacere.
3285 2245 3438 2300 Unde

1861 2335 1916 2383 et
1941 2327 2182 2398 quidam,
2213 2329 2354 2384 sicut
2385 2330 2606 2384 historia
2645 2331 2830 2397 refert,
2858 2335 3066 2389 exstitit
3094 2335 3261 2391 indas
3286 2335 3435 2390 Gali-
3470 2336 3475 2342 '

1861 2416 2011 2484 latus,
2041 2418 2196 2489 cujus
2221 2435 2429 2477 memor
2455 2430 2540 2476 est
2565 2430 2618 2478 et
2645 2423 2818 2478 Lucas
2843 2427 2899 2479 in
2924 2426 3150 2481 Actibus
3171 2428 3438 2498 apostolo-

1862 2525 2001 2573 rum,
2030 2511 2338 2568 conducens
2367 2527 2551 2568 secum
2583 2515 2806 2570 multam
2841 2516 3147 2574 Judaeorum
3192 2520 3436 2575 multitu-

1863 2599 2062 2666 dinem,
2096 2600 2323 2656 docebat
2366 2602 2564 2660 Czesari
2609 2620 2716 2661 non
2754 2616 3004 2677 oportere
3041 2609 3170 2664 dare
3217 2610 3439 2678 tributa,

1863 2706 2038 2761 neque
2066 2693 2371 2759 dominum,
2403 2710 2575 2766 neque
2600 2696 2866 2753 Caesarem
2906 2699 3183 2770 appellari,
3213 2704 3352 2771 quod
3382 2715 3438 2758 et

1863 2785 2032 2839 armis
2069 2793 2294 2842 conatus
2319 2795 2404 2843 est
2426 2787 2741 2854 defendere;
2785 2791 3105 2848 sed'milites
3133 2794 3274 2864 regis
3307 2794 3439 2850 tales

1866 2875 2044 2932 subito
2071 2877 2444 2934 contriverunt
2478 2894 2661 2936 ausus.
2695 2882 2760 2935 Et
2786 2881 2906 2937 ideo
2949 2883 3040 2938 isti
3069 2885 3290 2940 mittunt
3311 2893 3438 2942 ‘curu

1869 2965 2207 3032 Herodianis,
2235 2969 2288 3024 id
2316 2978 2399 3024 est
2432 2985 2556 3026 cum
2595 2971 2868 3028 militibus
2914 2973 3142 3030 Herodis
3181 2976 3286 3046 (vel
3317 2992 3440 3031 cum

1868 3057 1954 3113 his
1978 3073 2114 3126 quos
2151 3057 2432 3124 Pharisaei,
2465 3061 2746 3117 illudentes
2776 3078 2841 3117 ex
2880 3062 3077 3120 Judmis
3114 3067 3204 3136 qui
3240 3067 3441 3122 tributa

1792 3150 1838 3213 Ο
1867 3146 2126 3202 Romanis
2155 3148 2451 3216 solvebant,
2484 3151 2817 3208 llerodianos
2840 3169 2935 3210 eos
2958 3155 3244 3228 vocabant)
3273 3160 3444 3229 magis

1870 3258 2032 3313 quam
2078 3242 2259 3296 divino
2305 3243 2472 3298 cultui
2522 3244 2760 3309 debitos;
2796 3247 2887 3315 qui
2924 3247 3083 3300 simul
3128 3249 3279 3304 missi
3318 3265 3445 3320 pro-

1868 3345 2051 3406 pterea
2091 3333 2361 3401 dicebant,
2397 3335 2512 3390 Non
2549 3347 2624 3391 est
2663 3337 2755 3390 tibi
2778 3354 2906 3392 cura
2949 3339 3013 3393 de
3043 3335 3256 3411 aliqua;
3283 3359 3445 3413 neque
3478 3373 3480 3377 -

1871 3427 2080 3497 respicis
2105 3443 2380 3496 personam
2419 3429 2708 3483 hominum.
2749 3428 2848 3482 Dic
2868 3445 2990 3500 ergo
3023 3432 3169 3485 nobis
3197 3433 3326 3502 quid
3350 3433 3444 3487 tibi

1870 3519 2093 3581 videtur,
2117 3517 2232 3571 licet
2249 3534 2459 3584 censum
2486 3518 2604 3571 dari
2623 3518 2824 3572 Ca'sari
2844 3535 2912 3572 an
2941 3535 3043 3573 non
3063 3521 3086 3571 ἵ
3107 3520 3308 3576 Blande
3329 3523 3447 3591 qui-
3477 3547 3480 3554 -

1870 3611 2012 3675 dem,
2041 3610 2136 3665 sed
2168 3619 2346 3664 astute
2376 3625 2442 3664 ac
2479 3609 2846 3664 fraudulenter
2876 3609 3003 3666 illuc
3026 3625 3150 3666 eum
3184 3621 3445 3681 provocat

1870 3702 1936 3756 ad
1975 3701 2424 3771 restiondendum,
2464 3710 2525 3756 ut
2572 3703 2744 3774 magis
2788 3702 2953 3758 Deum
2983 3718 3145 3773 quam
3173 3704 3442 3761 Caesarem
3525 3755 3528 3758 .

1869 3809 1928 3847 se
1960 3794 2150 3848 timere
2177 3802 2231 3848 et
2268 3794 2514 3848 venerari
2544 3795 2812 3858 ostendat,
2842 3802 2897 3848 et
2925 3795 3068 3850 dicat
3112 3810 3216 3851 non
3247 3796 3444 3852 debere

1874 3884 2072 3938 tributa
2100 3883 2362 3952 persolvi;
2405 3891 2464 3938 ut
2503 3887 2686 3938 statim
2727 3883 3007 3939 audientes
3037 3884 3350 3952 llerodiani,
3381 3902 3446 3942 ac

1873 3975 1916 4028 si
1969 3974 2247 4030 seditionis
2295 3982 2591 4041 auctorem,
2627 3983 2923 4045 contraque
2975 3976 3242 4032 Cesarem
3289 3991 3448 4048 agen-

1875 4075 2006 4131 tem,
2036 4081 2188 4121 reum
2215 4074 2452 4132 teneant,
2483 4066 2627 4137 quod
2660 4067 2759 4138 ipsi
2794 4082 2898 4122 non
2923 4074 3050 4121 sunt
3074 4068 3192 4123 ausi
3223 4076 3279 4122 ut
3304 4070 3448 4139 peri-

1876 4165 2021 4211 mant
2048 4173 2062 4221 ;
2093 4156 2174 4211 sin
2200 4155 2355 4221 alias,
2383 4164 2444 4211 ut
2473 4173 2598 4212 reus
2634 4157 2686 4212 in
2718 4159 2887 4214 Deum
2930 4157 3196 4231 culpetur.
3227 4158 3450 4233 Cognita

1874 4259 2048 4306 autem
2078 4250 2233 4304 Jesus
2274 4249 2504 4321 nequitia
2540 4265 2740 4316 eorum,
2771 4251 2882 4305 ait:
2928 4250 3069 4318 Quid
3106 4269 3188 4306 me
3220 4255 3450 4318 tentatis,

1875 4340 2202 4409 kypocritw?
2239 4339 2366 4395 Haac
2408 4341 2606 4412 quippe
2649 4341 3094 4399 virtus-Deitatis
3140 4353 3225 4398 est
3257 4358 3456 4415 cogno-

1877 4445 2051 4495 scere,
2100 4438 2156 4485 et
2189 4429 2546 4501 introspicere
2584 4431 2944 4502 cogitationes
2988 4441 3042 4488 et
3091 4433 3480 4490 conscientias-

171 4528 304 4572 runt
332 4515 448 4584 ipsi
477 4513 748 4584 principes
781 4510 1145 4572 sacerdotum,
1173 4517 1228 4562 et
1265 4509 1610 4578 magistratus
1638 4518 1765 4562 tem-

1880 4535 2089 4575 eorum.
2136 4520 2204 4576 Et
2244 4521 2365 4576 ideo
2402 4537 2508 4577 non
2535 4523 2602 4578 ad
2650 4523 3014 4580 blandimenta
3049 4526 3344 4599 verborum.
3371 4540 3458 4582 re-

169 4611 281 4681 pti;
310 4607 454 4677 quia
484 4619 594 4658 non
627 4612 712 4658 est
740 4601 1047 4664 consilium,
1081 4609 1289 4654 nonest
1332 4599 1558 4653 scicntia
1580 4608 1772 4654 contra

171 4705 393 4757 Deum.
419 4697 528 4753 Sed
556 4696 746 4766 quales
759 4693 1080 4760 consiliarii,
1102 4691 1205 4747 tale
1232 4701 1288 4746 et
1314 4691 1598 4746 consilium
1628 4707 1776 4746 acce-

167 4800 415 4864 perunt.
453 4791 520 4844 Et
561 4789 679 4844 ideo
714 4787 938 4842 consilio
980 4784 1234 4855 maligno,
1288 4799 1410 4836 cum
1435 4783 1638 4838 eisdem
1661 4782 1774 4852 jam

168 4885 377 4946 initio,
400 4880 623 4934 mittunt
640 4877 928 4946 discipulos
961 4890 1089 4930 suos
1110 4889 1232 4928 cum
1261 4872 1598 4936 Herodianis,
1621 4874 1775 4943 quasi

165 4979 380 5032 adhuc
409 4975 590 5036 minus
629 4971 874 5041 cognitos
901 4978 956 5026 et
1007 4969 1185 5022 minus
1226 4975 1538 5036 suspectos;
1579 4975 1638 5021 ut
1685 4974 1779 5021 aut

167 5067 522 5126 abscondite
559 5064 768 5119 facilius
800 5078 923 5119 eum
980 5060 1467 5130 deprehenderent,
1493 5068 1586 5114 aut
1606 5060 1650 5114 si
1670 5075 1779 5114 non

164 5169 427 5234 possent
478 5173 599 5212 eum
627 5171 840 5226 capere,
875 5153 976 5224 ipsi
1027 5154 1205 5208 minus
1255 5153 1655 5208 erubescerent.
1695 5151 1782 5206 Li-

165 5263 270 5309 cet
307 5264 488 5321 quam
517 5261 658 5316 saepe
688 5247 741 5300 in
774 5243 1002 5300 consilio
1043 5241 1184 5296 man
1241 5242 1581 5311 deprehensi,
1634 5250 1783 5296 tanto

172 5347 380 5402 minus
445 5341 672 5394 fuerunt
717 5336 964 5399 confusi,
1016 5343 1276 5403 quantum
1332 5335 1545 5389 animus
1595 5349 1782 5390 eorum

1878 4612 2109 4681 spondit,
2157 4612 2250 4667 sed
2289 4612 2358 4666 ad
2386 4627 2450 4668 ea
2479 4628 2600 4683 quae
2625 4613 2680 4668 in
2723 4615 2981 4671 cordibus
3025 4617 3164 4672 male
3192 4627 3478 4672 venenata,
3538 4653 3540 4656 μ

1878 4712 2287 4775 congesserant;
2316 4704 2576 4775 durisque
2593 4705 2850 4761 cordibus
2873 4707 3003 4762 dura
3038 4709 3296 4772 remittit;
3321 4723 3458 4778 quos

1879 4809 1984 4849 non
2027 4793 2340 4862 discipulos,
2381 4794 2476 4848 sed
2505 4801 2806 4850 tentatores
2850 4797 3081 4866 appellat
3109 4805 3162 4851 et
3206 4797 3460 4868 hypocri-

1881 4893 1982 4938 tas.
2009 4883 2420 4954 Hypocritarum
2441 4891 2525 4938 est
2547 4898 2697 4955 ergo,
2729 4885 2872 4941 aliud
2902 4888 2954 4942 in
2983 4888 3145 4942 corde
3171 4896 3377 4956 tegere,
3404 4896 3474 4940 et.

1851 4965 1858 4969 ’
1884 4973 2027 5028 aliud
2059 4973 2313 5042 operibus
2351 4973 2630 5038 simulare,
2660 4990 2758 5030 seu
2785 4975 2964 5033 verbis
3003 4976 3278 5032 exhibere.
3306 4975 3469 5046 Unde.

1886 5063 2138 5118 Salvator
2173 5077 2237 5118 ea
2269 5077 2388 5133 qua:
2408 5061 2556 5119 intus
2595 5064 2890 5127 habebant,
2921 5065 3112 5121 malleo
3133 5064 3287 5119 verbi
3316 5063 3474 5129 ferit..-

1884 5170 2007 5210 cum
2041 5170 2136 5211 eos
2161 5155 2476 5228 hypocritas
2499 5166 2681 5223 vocat,
2713 5167 2772 5212 ut
2797 5158 2937 5227 apud
2964 5156 3287 5227 semetipsos
3303 5156 3472 5211 inve.

1886 5248 2040 5301 aiant
2085 5247 2229 5302 intus
2255 5247 2309 5307 in
2354 5247 2540 5312 corde,
2587 5249 2729 5318 quod
2762 5248 2893 5303 foris
2928 5248 3158 5303 audiunt
3197 5261 3360 5312 aure;
3410 5254 3467 5301 et

1886 5339 2230 5392 considerent
2261 5337 2535 5394 Christum
2565 5340 2920 5393 humanorum
2961 5339 3204 5393 cordium
3227 5337 3470 5408 cognito-

169 5433 426 5507 pertidia
456 5430 763 5492 obturatas,
802 5426 1058 5482 deterior.
1086 5422 1190 5480 Sed
1227 5424 1472 5504 discipuli
1501 5440 1636 5494 quos
1662 5424 1786 5480 mit-

172 5534 344 5589 tum,
374 5523 626 5594 quamvis
665 5519 836 5590 gradu
885 5528 1069 5573 essent
1100 5517 1409 5580 inferiores,
1458 5517 1661 5572 malitia
1708 5527 1788 5572 ta-

167 5633 318 5673 men
356 5623 515 5668 erant
536 5627 715 5681 pares,
751 5612 890 5666 sicut
913 5617 1040 5665 sunt
1068 5608 1483 5679 ﬁliiviperarum
1507 5618 1560 5663 et
1575 5623 1790 5678 serpen-

173 5719 354 5772 tum;
384 5705 478 5776 qui
505 5705 755 5774 quamvis
772 5713 931 5758 zetate
960 5701 1070 5756 sint
1116 5702 1374 5768 minores,
1406 5716 1616 5757 veneno
1662 5713 1788 5756 sunt

1893 5442 2030 5490 rem,
2069 5443 2136 5482 ne
2163 5429 2427 5498 perlicere
2455 5429 2708 5495 audeant,
2737 5429 2878 5499 quod
2911 5428 3168 5484 insidiose
3199 5427 3354 5482 valde
3391 5425 3474 5480 l'a-

1892 5535 2017 5574 cere
2057 5520 2370 5588 disponunt.
2414 5519 2701 5585 Ostendile,
2747 5521 2941 5590 inquit,
2973 5520 3232 5575 numisma
3264 5534 3470 5573 census.

1894 5611 1958 5663 Λι
2002 5610 2081 5663 illi
2120 5611 2419 5666 obtulerunt
2460 5612 2757 5664 denarium.
2803 5610 3082 5679 Sapientia
3124 5609 3180 5664 in
3221 5606 3512 5664 omnibus

1894 5718 2109 5772 semper
2134 5701 2299 5774 918
2327 5702 2598 5771 sapienter
2642 5702 2772 5772 agit,
2823 5711 2876 5755 et
2923 5701 3001 5756 sic
3052 5715 3148 5756 sua
3199 5700 3479 5770 dispensat
