4008 6354
603 240 699 294 731

1410 235 1467 289 S.
1510 232 1865 287 PASCHASH
1909 230 2251 285 [Hillilill'll
2289 232 2579 286 ABllATIS
2614 230 3066 287 CORBEIENSIS
3672 249 3746 305 753

600 365 876 421 responsa,
926 358 983 402 ut
1009 348 1122 402 suis
1159 347 1385 416 propriis
1432 356 1729 402 tentatores
1767 361 1894 400 suos
1935 345 2174 400 revincat
2202 347 2245 405 Λ
2276 344 2534 407 animam,
2573 352 2628 398 ct
2675 343 3026 408 voluntatem,
3071 345 3307 414 quotidie
3350 350 3397 404 iu
3437 354 3594 411 melius
3629 374 3748 415 costi.

598 442 795 496 verbis.
834 439 1113 495 Ostenditc
1159 438 1287 492 mihi
1331 438 1598 493 numisma
1641 454 1856 501 census,
1915 439 2016 492 hoc
2066 444 2170 498 est,

596 531 877 599 denarium
907 530 996 599 qui
1046 543 1147 597 pro
1188 528 1374 581 decem
1408 530 1642 582 nummis
1688 528 2076 597 imputabatur,
2118 535 2174 581 et

597 619 826 676 habebat
851 618 1136 689 imaginem
1165 616 1412 671 Czesaris.
1435 616 1501 670 Et
1529 618 1601 670 ait
1633 616 1736 671 illis
1758 616 2172 686 benignissimus

593 710 753 766 Jesus
778 727 790 763 :
815 707 980 779 Cujus
1021 719 1095 763 est
1118 708 1228 761 lucc
1268 707 1462 776 imago,
1494 706 1571 760 vel
1611 705 2019 777 suprrscriptio?
2050 705 2173 760 Hice

595 798 947 867 interrogatio
982 794 1265 850 manifeste
1294 810 1401 849 non
1429 796 1494 849 de
1528 793 1826 866 ignorantia
1857 794 2019 859 venit,
2047 810 2171 851 cum

597 904 755 947 nemo
783 898 927 945 esset
955 903 1043 958 qui
1082 887 1186 942 hoc
1237 886 1469 942 nesciret
1511 887 1652 956 quod
1688 902 1877 943 omnes
1918 889 2172 943 observa-

594 981 726 1037 bant
749 988 804 1035 ct
840 979 1131 1036 cernebant
1161 977 1215 1033 in
1264 977 1494 1049 publico,
1539 978 1632 1032 st
1678 988 1736 1031 ut
1761 978 1829 1033 ad
1867 993 2171 1034 sermonem

595 1088 780 1129 eorum
808 1080 1175 1142 competenter
1205 1069 1559 1139 respondeat;
1586 1068 1848 1136 Quoniam
1878 1080 1934 1125 et
1973 1070 2087 1139 ipse
2117 1070 2171 1123 in

595 1163 703 1220 illis
730 1163 861 1219 nihil
889 1163 1059 1234 magis
1082 1176 1245 1231 quam
1276 1174 1428 1215 suam
1451 1159 1725 1229 quarrebat
1763 1160 2073 1228 imaginem.
2109 1160 2195 1237 Et;

593 1255 717 1311 ideo
754 1269 913 1323 quau:
959 1252 1113 1319 bene,
1141 1251 1218 1306 ait
1262 1258 1315 1306 et
1350 1258 1758 1321 competenter:
1790 1249 2009 1303 Reddite
2055 1266 2172 1320 qua:

591 1355 712 1399 sunt
739 1340 979 1404 Ctesaris,
1003 1338 1225 1406 Ctrsari,
1249 1349 1296 1394 et
1328 1357 1444 1412 qua:
1469 1350 1587 1394 sunt
1628 1338 1725 1393 Dei
1749 1339 1877 1394 Deo.
1903 1341 1980 1395 Ac
2003 1341 2046 1395 si
2086 1340 2170 1394 di-

595 1443 743 1491 ceret
785 1453 798 1488 :
840 1432 1019 1505 Imago
1069 1431 1161 1487 Dei
1211 1446 1316 1487 non
1346 1440 1428 1485 est
1463 1430 1514 1485 in
1543 1446 1676 1485 auro
1706 1432 1936 1500 depicta,
1980 1430 2072 1486 sed
2118 1430 2172 1485 in

594 1529 756 1587 conde
791 1529 933 1585 intus
972 1527 1177 1597 sculpta
1223 1535 1277 1582 et
1325 1525 1570 1596 figurata,
1602 1540 1763 1595 quam
1823 1534 2042 1594 propter
2084 1539 2172 1580 ve-

594 1629 761 1676 stram
794 1619 1052 1676 malitiam
1110 1617 1267 1674 video
1316 1615 1601 1677 violatam;
1638 1616 1799 1680 unde,
1851 1632 1997 1685 rogo,
2044 1617 2169 1685 quia

595 1709 861 1765 numisma
890 1709 1115 1765 Cesaris
1144 1723 1335 1762 aurum
1362 1714 1464 1772 est,
1488 1706 1698 1762 reddite
1720 1721 1843 1760 cum
1870 1704 2090 1771 C;esari,
2115 1716 2169 1762 ct
2204 1703 2248 1764 Β

592 1800 716 1870 quia
748 1801 1013 1857 numisma
1049 1801 1139 1855 Dei
1165 1809 1308 1855 totus
1338 1800 1501 1854 homo
1526 1806 1632 1865 est,
1657 1797 1724 1851 ad
1751 1797 2040 1868 imaginem
2074 1796 2165 1851 Dei

592 1903 825 1959 creatus,
850 1895 1201 1964 vosmetipsos
1238 1894 1444 1949 reddite
1469 1894 1597 1950 Deo.
1631 1892 1782 1960 Quod
1810 1892 2031 1947 omnino
2064 1906 2168 1947 non

590 1989 819 2056 patestis
855 1988 955 2042 nisi
984 2002 1078 2042 vos
1123 1989 1355 2057 primum
1389 1988 1601 2043 exuatis
1645 2002 1676 2042 a
1723 2001 1886 2043 censu
1917 1985 2167 2051 Caesaris,

591 2089 858 2148 quatenus
877 2080 1130 2149 deinceps
1159 2078 1309 2134 lLberi
1342 2078 1479 2133 sitis.
1516 2077 1579 2132 Et
1610 2078 1729 2134 ideo
1770 2077 2003 2149 primum
2049 2080 2169 2132 red-

589 2168 702 2225 dite
740 2169 885 2241 quod
924 2169 1160 2225 alienum
1202 2180 1305 2233 est,
1334 2177 1393 2222 ut
1438 2168 1716 2238 possidere
1757 2167 1973 2237 possitis
2025 2165 2169 2236 quod

594 2270 831 2316 vestrum
859 2268 974 2327 est;
1000 2268 1057 2314 ut
1088 2259 1228 2315 sicut
1262 2259 1317 2314 in
1342 2273 1562 2314 nummo
1588 2257 1765 2328 imago
1790 2256 2021 2313 Caesaris
2048 2270 2170 2327 per-

589 2351 839 2418 solvitur,
884 2352 959 2406 ita
1005 2360 1061 2406 et
1099 2351 1152 2405 in
1188 2349 1442 2406 cordibus
1479 2350 1673 2404 vestris
1704 2350 1799 2405 Dei
1841 2349 2019 2419 imago
2043 2362 2199 2403 vera‘

590 2444 938 2508 reformetur,
982 2443 1071 2497 ubi
1120 2443 1174 2498 in
1223 2441 1562 2497 conscientia
1603 2440 1888 2496 thesaurus
1929 2438 2169 2495 caelestis

588 2543 868 2599 servatur;
894 2547 1054 2604 quant
1077 2546 1211 2588 sane
1235 2530 1528 2603 imaginem
1561 2529 1744 2584 divina
1766 2543 1957 2585 manus
1983 2530 2169 2585 decem

585 2634 978 2697 praeceptorum
999 2623 1245 2694 apicibus
1263 2622 1561 2693 insignivit.
1588 2620 1741 2678 Unde
1759 2623 2007 2692 quamvis
2028 2622 2171 2678 Deus

587 2728 714 2776 ante
739 2718 938 2782 omnia,
969 2726 1024 2773 ct
1052 2704 1216 2788 super
1243 2718 1424 2772 omnia
1460 2717 1807 2772 honorandus
1841 2717 1932 2782 sit,
1960 2723 2171 2787 oportet

588 2823 768 2868 tamen
800 2811 855 2865 in
895 2810 996 2865 hoc
1033 2809 1176 2865 facto
1208 2816 1391 2864 rectus
1420 2808 1557 2863 ordo
1598 2816 1885 2873 servetur;
1921 2822 2028 2862 non
2065 2806 2172 2876 pri-

592 2922 739 2961 mum
766 2903 911 2975 quod
940 2902 1034 2957 Dei
1063 2910 1166 2967 est,
1197 2902 1327 2964 Deo.
1369 2902 1463 2956 sed
1494 2902 1637 2971 quod
1666 2901 1898 2957 Caesaris
1921 2909 2024 2966 est,
2055 2898 2171 2954 Ca:-

588 2998 718 3053 sari.
750 2995 952 3051 Deinde
992 2994 1078 3049 bis
1103 2994 1252 3048 exuti
1285 2992 1447 3048 rebus
1471 2993 1581 3062 iam
1625 2992 1800 3058 liberi,
1833 3004 2169 3061 qutccunque

2274 445 2417 489 ctam
2447 436 2644 498 reddit,
2676 445 2734 490 ut
2761 436 2810 490 ei
2841 450 2905 489 es
2945 436 3156 507 integro
3194 449 3374 507 sponte
3401 445 3589 521 serviat,
3626 465 3650 504 s
3671 467 3750 521 quo

2274 541 2331 581 se
2358 527 2550 583 recolit
2571 528 2833 599 originem
2883 529 3083 583 habere
3113 539 3169 583 et
3196 529 3493 598 profectum.
3522 536 3751 608 Sequitur;

2274 618 2342 674 Et
2368 621 2638 675 audientes
2663 621 2842 675 mirati
2866 632 3024 687 sunt;
3054 632 3104 676 et
3136 622 3309 677 relicto
3329 640 3382 678 eo
3406 627 3627 687 abierunt.
3651 634 3755 693 Ecce

2272 709 2366 779 qui
2397 712 2641 789 credere.
2660 712 2961 766 debuerant
3000 712 3068 766 ad
3098 721 3300 768 tantam
3328 715 3591 775 dOlll‘lllalll
3623 726 3757 781 mirati

2274 808 2432 865 sunt;
2463 815 2529 856 es
2556 816 2664 871 quo
2688 810 2744 855 et
2765 800 2963 856 duritia
2987 802 3169 857 cordis
3206 818 3385 858 eorum
3416 818 3703 876 monstratur,
3720 826 3759 868 et

2273 888 2462 944 deifica
2501 891 2827 959 pradicatur
2854 892 3122 947 doctrina.
3148 892 3280 960 Quia
3313 895 3426 951 licet
3454 899 3675 957 malitiose
3691 921 3759 960 ve-

2274 984 2472 1050 nerint,
2503 994 2914 1042 commoventur
2936 987 2991 1041 in
3021 987 3444 1053 admirationem,
3465 994 3589 1061 quod
3607 996 3763 1051 callidi-

2277 1084 2359 1133 tas
2381 1093 2569 1133 eorum
2598 1079 2885 1133 insidiandi
2918 1079 3121 1133 nullum
3168 1080 3421 1136 invenerit
3455 1082 3623 1147 locum,
3645 1096 3688 1141 et
3707 1088 3765 1141 ul.

2277 1177 2356 1223 tra
2397 1184 2520 1224 eum
2552 1170 2889 1238 interrogare
2914 1184 3019 1224 non
3045 1170 3266 1225 audent.
3296 1170 3537 1238 ldeircor,
3556 1175 3683 1231 elicto
3703 1193 3764 1241 eo,

2275 1261 2543 1326 abierunt,
2573 1262 2945 1318 inﬁdelitatem
2967 1278 3149 1318 secum
3171 1279 3293 1320 cum
3317 1266 3553 1321 miraculo
3569 1267 3762 1325 ferentes.

2344 1351 2410 1407 In
2440 1353 2533 1407 illa
2571 1354 2655 1408 die
2690 1366 3015 1409 accesserunt
3055 1356 3125 1409 ad
3165 1373 3281 1410 eum
3313 1355 3589 1424 Saddttctri,
3622 1363 3769 1430 ιιιιίόὶ-

2274 1454 2393 1499 cunt
2427 1446 2851 1501 resurrectionem
2882 1463 2986 1501 non
3028 1464 3155 1503 esse.
3186 1448 3242 1502 ln
3278 1463 3379 1518 qua
3416 1450 3528 1505 die!
3553 1452 3597 1506 in
3619 1453 3689 1507 illa
3717 1455 3765 1508 si.

2273 1539 2490 1607 quidem
2525 1537 2743 1607 quando
2784 1537 3043 1593 Pharisaei
3083 1549 3436 1594 recesserunt.
3466 1540 3586 1608 Quia
3610 1543 3707 1599 licet
3723 1544 3770 1597 ab

2277 1630 2505 1684 invicem
2555 1628 2712 1683 divisi
2741 1637 2947 1692 essent,
2990 1629 3042 1683 in
3089 1629 3192 1685 hoc
3230 1646 3358 1695 uno,
3388 1646 3448 1686 ac
3485 1632 3526 1685 si
3561 1631 3767 1699 scelerati,

2274 1721 2570 1776 concordes
2597 1728 2757 1775 erant
2781 1728 2840 1774 ut
2866 1718 3050 1775 Iesum
3077 1721 3313 1787 odireut,
3357 1721 3558 1791 suisque
3585 1736 3685 1776 eum
3707 1723 3773 1776 do-

2276 1809 2340 1865 lis
2376 1817 2650 1881 caperent.
2706 1810 2788 1864 Ad
2836 1810 2939 1865 hoc
2983 1809 3183 1882 quippe
3222 1811 3325 1866 sibi
3385 1810 3596 1866 vicissim
3634 1826 3772 1867 succe-

2274 1903 2427 1967 dunt,
2469 1902 2689 1966 iterum,
2742 1910 2902 1971 atque
2951 1902 3166 1967 iterum,
3209 1912 3273 1957 nt
3321 1903 3428 1959 suis
3464 1917 3575 1958 eum
3605 1902 3774 1974 fatigent

2274 1989 2522 2055 insidiis;
2567 1999 2843 2046 certantes
2893 1992 3058 2047 totius
3103 1993 3239 2047 artis
3291 1992 3514 2063 ingenio,
3551 1993 3655 2063 quis
3685 2008 3773 2049 eum

2274 2089 2400 2137 ante
2435 2081 2841 2152 deprehendere
2870 2082 3058 2152 possit.
3093 2082 3168 2136 ita
3206 2092 3266 2138 ut
3293 2084 3336 2138 si
3365 2083 3559 2139 ratione
3580 2098 3777 2153 superare

2274 2191 2381 2229 non
2418 2184 2664 2245 possent,
2692 2174 2886 2230 saltem
2909 2189 3006 2245 per
3043 2174 3214 2246 ipsam
3258 2190 3370 2231 sua:
3398 2174 3675 2230 calliditatis
3696 2172 3775 2229 fre-

2271 2264 2568 2336 quentiam,
2595 2278 2817 2319 sensum
2838 2263 3006 2335 ipsius
3024 2263 3423 2327 subverterent,
3449 2278 3511 2318 ne
3527 2262 3672 2333 possit
3685 2263 3778 2332 quid

2273 2356 2681 2426 responderent,
2714 2354 3088 2426 prccogitare.
3118 2355 3537 2412 Volebantenim
3567 2370 3619 2410 se
3644 2364 3778 2409 osten-

2273 2448 2400 2504 dere
2424 2447 2800 2519 prudentiores
2826 2446 3085 2511 vicissim,
3118 2447 3164 2501 si
3184 2461 3312 2502 eum
3337 2448 3613 2518 quivissent
3635 2458 3781 2515 capere

2273 2541 2385 2597 suis
2414 2539 2639 2611 laqueis.
2668 2539 2795 2594 Duze
2820 2538 3085 2609 siquidem
3110 2538 3348 2597 lnereses
3373 2539 3587 2596 erantin
3612 2537 3777 2599 Judaeis,

2272 2644 2378 2684 uua
2407 2627 2828 2693 Pharismorum,
2876 2633 2933 2683 et
2970 2627 3142 2683 altera
3185 2626 3610 2684 Sadductcorum.
3642 2625 3781 2680 Phari.

2274 2720 2367 2777 sici
2394 2721 2713 2776 traditiones
2742 2728 2797 2775 et
2835 2721 3244 2777 observationes
3280 2723 3563 2786 habebant,
3589 2736 3701 2791 quas
3728 2718 3781 2771 illi

2273 2811 2460 2867 Graece
2495 2813 2791 2869 deuteroses
2817 2822 3033 2881 vocant,
3068 2815 3266 2886 quibus
3300 2832 3360 2875 se
3389 2811 3782 2887 pra-ferebantu-

2273 2905 2506 2972 stiores;
2536 2906 2677 2961 unde
2710 2915 2765 2962 et
2790 2906 2946 2963 divisi
2970 2910 3308 2964 vocabantur
3338 2926 3369 2963 a
3399 2908 3598 2981 populo.
3624 2904 3781 2959 Saddr-

2274 2996 2369 3051 etei
2401 3004 2601 3061 autem,
2628 2997 2717 3066 qui
2763 2998 3188 3067 interpretantur
3215 2999 3379 3069 justi,
3405 3008 3458 3055 et
3486 2999 3574 3069 ipsi
3599 3012 3679 3051 sua
3712 2994 3783 3047 sibi

588 3096 716 3145 sunt
753 3086 866 3149 Dei,
903 3086 1034 3149 Deo,
1081 3100 1150 3139 ne
1187 3099 1375 3139 rursus
1402 3082 1553 3138 vobis
1601 3098 1823 3137 necesse
1860 3083 1932 3137 sit
1972 3081 2168 3136 talibus
2196 3074 2240 3135 C
2273 3085 2667 3158 applaudehant
2693 3088 2927 3159 justitia,
2952 3089 3194 3146 dicentes
3222 3107 3332 3146 ιιοη
3358 3107 3476 3147 esse
3503 3086 3786 3145 resurrectio

590 3182 869 3254 implicare
892 3178 1142 3248 negotiis.
1167 3176 1417 3247 Alioquin
1444 3175 1674 3246 primum
1700 3189 1794 3231 vos
1816 3173 2011 3230 otl‘erre
2032 3173 2166 3238 Deo,

588 3288 711 3329 cum
729 3271 917 3327 fenore
940 3270 1140 3333 alieno,
1173 3282 1457 3338 pervorsus
1475 3266 1611 3321 ordo
1636 3274 1753 3332 "est,
1792 3266 1837 3320 si
1869 3280 2055 3320 rursus
2084 3280 2169 3321 re-

587 3365 847 3438 dlgamini
884 3363 1083 3434 prioris
1127 3362 1249 3416 vitae
1280 3360 1525 3430 imperio.
1558 3359 1602 3416 0
1645 3376 1807 3430 quam
1852 3359 2075 3431 provida
2111 3360 2168 3415 in

585 3458 838 3515 omnibus
867 3455 961 3511 Dei
1007 3452 1291 3522 sapientia,
1338 3458 1395 3506 et
1422 3466 1582 3520 quam
1627 3450 1816 3506 ellicax
1864 3449 2164 3521 responsio,

587 3565 655 3605 ne
676 3547 801 3603 ullis
826 3545 999 3617 possit
1022 3542 1339 3599 calumniari
1364 3541 1665 3607 fraudibus,
1686 3542 1848 3611 jussit
1876 3541 2168 3596 ordinatis-

583 3640 722 3694 sime
753 3637 897 3707 quod
927 3633 1180 3712 omnibus
1210 3632 1434 3704 implere
1460 3641 1693 3704 oportet,
1734 3633 1825 3704 qui
1852 3632 1966 3686 vult
2007 3632 2167 3687 relin-

584 3744 754 3802 querc
782 3726 1064 3793 mundum,
1092 3733 1148 3781 et
1175 3724 1321 3781 venit
1345 3723 1413 3779 ad
1455 3723 1750 3787 Christum,
1787 3731 1842 3776 ut
1882 3723 2027 3793 quod
2053 3722 2169 3778 Cae-

585 3821 727 3876 saris
768 3828 855 3875 est
893 3832 1102 3878 aurum,
1139 3814 1331 3871 reddat
1356 3813 1555 3869 Caesari
1585 3823 1641 3868 ct
1685 3814 1904 3876 mundo,
1951 3821 2006 3867 et
2046 3829 2168 3882 qua:

588 3911 683 3968 Dei
710 3918 859 3974 sunt,
901 3907 1030 3963 Deo.
1055 3905 1240 3961 Potest
1263 3913 1444 3959 autem
1470 3903 1785 3973 simpliciter
1814 3903 2008 3972 accipi,
2028 3904 2167 3956 sicut

584 3999 1059 4071 jubebpecuniam
1101 4005 1156 4053 et
1194 3995 1453 4050 tributum
1490 3995 1688 4051 Caesari
1719 3994 2063 4064 persolvere:
2092 3993 2165 4046 ita

582 4072 773 4167 iubeat
796 4094 989 4157 etiam,
1014 4100 1214 4160 etquae
1241 4097 1366 4144 sunt
1391 4087 1508 4153 Dei,
1534 4090 1662 4151 Deo,
1701 4088 1751 4143 id
1777 4095 1881 4151 est,
1905 4086 2164 4150 decimas,

589 4186 855 4257 primitias
879 4193 935 4239 et
957 4182 1259 4238 oblationes
1280 4188 1440 4249 atque
1467 4181 1734 4245 victimas,
1765 4188 1819 4234 et
1847 4178 2027 4233 omnia
2048 4192 2168 4247 «tua:

589 4284 648 4337 in
680 4280 794 4352 lege
823 4279 1107 4337 habentur.
1157 4275 1291 4331 Nam
1322 4284 1377 4329 et
1416 4275 1525 4345 ipse
1562 4273 1795 4349 reddidit
1839 4273 2040 4327 tributa
2072 4287 2170 4341 pro

590 4389 649 4430 se
683 4383 738 4429 et
781 4372 976 4435 Petro;
1015 4384 1079 4425 ac
1119 4368 1227 4423 Deo
1255 4364 1486 4423 reddidit
1513 4381 1633 4436 qua:
1677 4364 1767 4418 Dei
1808 4371 1952 4427 sunt,
1992 4361 2170 4418 Patris

591 4464 797 4520 faciens
819 4462 984 4533 919
1006 4465 1057 4515 in
1087 4459 1338 4515 omnibus
1366 4457 1715 4513 voluntatem.
1758 4454 1820 4509 Et
1867 4455 2004 4509 hanc
2027 4469 2165 4524 quo-

590 4570 698 4627 que
738 4554 948 4624 plenam
994 4552 1192 4608 divinis
1237 4550 1594 4605 sacramentis
1642 4545 2067 4616 responsionem,
2116 4554 2172 4599 et

591 4646 886 4717 perfectam
926 4645 1056 4702 dicti
1097 4644 1333 4700 ctelestis
1363 4641 1776 4701 absolutionem,
1807 4647 1911 4692 tam
1948 4638 2171 4693 mirabi-

592 4712 741 4802 liter,
769 4736 909 4793 inter
932 4742 1297 4805 contemptum
1328 4731 1529 4796 saeculi,
1563 4738 1618 4783 ct
1642 4727 2028 4784 contumeliam
2055 4727 2169 4783 Cae-

594 4831 705 4885 sari
728 4844 796 4885 ne
824 4828 1066 4891 inferret,
1096 4825 1436 4895 temperavit,
1465 4834 1524 4878 ut
1546 4824 1693 4878 curis
1723 4822 1977 4878 omnibus
2004 4832 2061 4877 et
2089 4822 2172 4878 of-

595 4923 735 4977 ficiis
761 4920 1010 4977 humanis
1038 4920 1261 4974 devotas
1305 4916 1417 4972 Deo
1457 4926 1664 4972 mentes
1690 4915 2014 4980 absolveret,
2045 4931 2166 4970 cum

594 5012 793 5070 Ctesari
821 5026 940 5083 qum
965 5009 1082 5081 ejus
1116 5018 1299 5065 essent
1325 5007 1597 5063 reddenda
1626 5007 1889 5063 decernit.
1923 5006 2030 5062 Sed
2070 5008 2170 5062 mi.

594 5118 718 5161 sera
746 5103 1036 5160 Galliarum
1074 5099 1427 5164 consuetudo,
1450 5114 1571 5168 qua:
1609 5100 1773 5154 tantis
1799 5100 1852 5153 in
1901 5098 2170 5153 Ecclesia-

594 5208 718 5249 mm
765 5192 993 5261 negotiis
1039 5199 1253 5246 tenetur
1307 5189 1531 5244 astricta
1576 5188 1811 5254 debitis,
1857 5198 1915 5243 et
1967 5189 2170 5245 illicita:

594 5283 973 5340 redhibitionis
1011 5281 1266 5336 fascibus.
1298 5278 1451 5347 Quod
1479 5279 1523 5334 si
1565 5280 1798 5333 mundus
1842 5295 1941 5334 nos
1984 5288 2173 5335 tenere

594 5393 691 5433 sna
722 5376 982 5431 nescisset
1004 5373 1148 5443 jura,
1186 5386 1525 5442 nequaquam
1554 5371 1863 5425 conditione
1892 5372 2172 5427 servitutis

597 5470 832 5525 indebite
870 5483 971 5524 nos
1004 5467 1055 5523 ei
1086 5466 1325 5523 reddere
1362 5481 1483 5536 qua:
1525 5480 1620 5519 sua
1669 5473 1791 5519 sunt
1833 5480 2168 5536 cogeremur.

597 5562 802 5616 Idcirco
839 5560 964 5615 felix
994 5559 1085 5630 qui
1129 5558 1285 5614 scab
1333 5558 1418 5612 his
1463 5556 1695 5626 primum
1749 5555 1974 5609 liberum
2019 5554 2166 5609 fecit.

598 5652 801 5708 Deinde
842 5652 1048 5708 felicior
1084 5651 1175 5722 qui
1208 5667 1267 5707 se
1321 5651 1427 5707 Deo
1470 5660 1675 5713 totum,
1735 5648 1786 5703 i.l
1827 5657 1909 5703 est
1949 5663 2164 5716 corpus,

2196 4421 2245 4480 D

2270 3194 2395 3234 nem
2432 3180 2694 3250 corporis,
2727 3196 2827 3236 nec
2857 3180 3193 3248 animarum;
3228 3194 3409 3255 neque
3437 3180 3635 3252 angelos
3658 3189 3787 3245 neque

2272 3268 2519 3339 spiritum
2561 3284 2681 3324 esse
2708 3270 2981 3336 dicebant,
3011 3271 3178 3343 920
3188 3272 3350 3341 juxta
3386 3274 3547 3328 Actus
3577 3267 3788 3339 apostolo

2272 3375 2413 3414 rum.
2442 3358 2509 3413 Et
2534 3359 2653 3414 istae
2681 3368 2806 3415 sunt
2829 3361 2949 3415 duae
2977 3362 3189 3426 domus,
3216 3362 3291 3418 de
3314 3363 3508 3434 quibus
3534 3361 3677 3415 Isaias
3703 3370 3785 3411 mae

2271 3446 2467 3504 nifeste
2509 3448 2771 3520 loquitur.
2821 3449 2970 3505 [inde
3011 3450 3195 3514 miror,
3237 3467 3341 3522 pro
3390 3467 3497 3523 quo
3534 3449 3650 3519 justi
3675 3459 3790 3499 \‘OCI-

2269 3541 2467 3596 bantur
2491 3541 2543 3595 in
2573 3541 2791 3613 populo,
2821 3558 2943 3597 cum
2971 3544 3149 3598 omnis
3175 3545 3377 3614 agendi
3406 3546 3589 3607 virtus,
3613 3549 3659 3594 ut
3677 3537 3787 3608 quis-

2269 3635 2391 3705 quis
2425 3635 2602 3705 justus
2642 3635 2734 3699 sit,
2768 3648 2890 3704 spes
2940 3634 3246 3693 futurorum
3301 3647 3406 3695 est.
3452 3638 3517 3692 Et
3560 3637 3669 3689 ideo
3703 3630 3790 3700 quis

2269 3727 2494 3781 devotus
2519 3726 2778 3780 adversus
2811 3726 3045 3797 seipsum
3092 3730 3342 3798 quotidie
3370 3728 3644 3785 luctamina
3676 3735 3791 3777 excr-

2270 3819 2435 3883 ccbit‘,
2467 3819 2569 3873 nisi
2616 3818 2686 3873 ob
2712 3830 2864 3888 spem
2900 3822 3366 3877 resurrectionis?
3396 3822 3545 3876 Alias
3576 3818 3715 3878 enim,
3734 3829 3794 3867 sa-

2270 3910 2379 3966 luta
2403 3919 2485 3965 est
2515 3920 2625 3964 tota
2657 3910 3002 3964 observantia
3033 3909 3275 3981 pietatis.
3301 3911 3413 3968 Sed
3443 3911 3529 3966 isti
3558 3909 3641 3978 qui
3662 3918 3795 3959 resut-

2271 4003 2563 4058 rectiouem
2602 4016 2708 4055 non
2757 4001 3074 4063 credebant,
3112 3994 3393 4071 quomodo
3421 3999 3656 4071 coniugia
3690 4003 3798 4064 pote-

2271 4103 2393 4148 rant
2411 4094 2633 4149 credere
2663 4103 2783 4163 post
2810 4101 3038 4148 mortem
3058 4093 3082 4146 ?
3105 4092 3466 4165 Nequaquam
3504 4093 3601 4148 hoc
3619 4084 3793 4143 dixerim

2270 4183 2563 4240 credidisse
2612 4183 2714 4239 hoc
2756 4197 2915 4253 posse
2962 4181 3105 4248 ﬁeri,
3143 4185 3368 4253 quando
3407 4183 3577 4253 ipsam
3609 4186 3800 4234 resurre-

2270 4273 2502 4329 ctionem
2546 4273 2843 4343 negabant;
2877 4272 2948 4326 ita
2980 4280 3039 4326 ut
3081 4285 3183 4327 nec
3224 4275 3444 4331 animas
3478 4278 3594 4343 post
3622 4272 3801 4321 mortem

2270 4380 2390 4420 esse
2420 4365 2721 4429 crederent,
2755 4380 2855 4420 nec
2892 4378 3119 4433 corpora
3148 4366 3436 4430 suscitari,
3478 4363 3570 4420 sed
3605 4367 3803 4424 utroque.

2271 4459 2411 4513 sicut
2451 4467 2504 4514 et
2536 4459 2817 4523 Pharisaei,
2847 4460 3086 4530 gestiunt
3113 4458 3280 4515 ferire
3315 4476 3511 4524 cornu,
3542 4466 3595 4512 et
3621 4450 3805 4508 inevita-

2270 4551 2452 4605 bilitcr
2487 4567 2610 4605 eum
2652 4551 2973 4607 concludere
3002 4553 3069 4608 ad
3112 4551 3495 4611 defensionem
3525 4550 3605 4606 sui
3629 4542 3807 4602 erroris.

2271 4650 2326 4693 ct
2370 4640 2437 4693 atl
2466 4640 2691 4709 gloriam
2738 4656 2850 4694 sua:
2891 4641 3084 4696 laudis.
3115 4640 3393 4697 Putabant
3430 4641 3574 4697 enim
3613 4648 3721 4690 eum
3756 4631 3808 4681 ita

2271 4732 2628 4797 concludere;
2659 4735 2799 4787 sicut
2836 4748 2941 4788 non
2991 4741 3077 4787 est
3112 4734 3378 4802 possibile
3425 4741 3488 4789 ut
3531 4746 3594 4787 ea
3639 4724 3810 4782 umber.

2271 4841 2391 4896 quat:
2415 4824 2514 4879 fuit
2541 4834 2744 4895 septem
2767 4825 3003 4879 virorum
3029 4839 3187 4889 uxor,
3215 4826 3290 4879 sit
3310 4827 3532 4881 demum
3560 4820 3703 4875 unius
3718 4824 3811 4883 pm'

2274 4922 2411 4992 pria,
2440 4921 2525 4976 vel
2560 4921 2800 4975 omnium
2819 4921 3162 4974 communis:
3187 4919 3265 4974 sic
3295 4935 3411 4974 non
3441 4931 3566 4973 esse
3585 4903 3812 4983 possibile.

2273 5022 2334 5067 ut
2364 5014 2436 5068 sit
2475 5012 2803 5068 resurrectio
2831 5019 3192 5065 mortuorum.
3238 5010 3308 5064 Et
3335 5010 3464 5063 ideo
3491 5004 3691 5064 callide,
3718 5006 3811 5050 ωτι)

2275 5104 2535 5159 vidissent
2554 5102 2856 5157 Pharisteos
2875 5100 2989 5169 jam
3016 5100 3187 5156 victos
3215 5101 3461 5163 siluisse,
3488 5097 3812 5161 interrogat“!

2276 5193 2548 5265 Magister,
2594 5192 2802 5263 Moyses
2831 5192 2987 5255 dixit,
3033 5192 3079 5245 si
3121 5192 3238 5261 quis
3277 5202 3526 5245 mortuus
3563 5183 3707 5255 fuerit
3738 5187 3816 5229 non

2276 5286 2469 5339 habens
2499 5285 2688 5354 lilium,
2725 5295 2781 5337 ut
2820 5284 2978 5337 ditent
3008 5284 3172 5353 frater
3203 5285 3321 5353 ejus
3368 5295 3591 5336 uxorem
3616 5273 3758 5331 illis.
3780 5272 3818 5318 ά

2275 5378 2483 5430 suscitet
2520 5391 2693 5429 semen
2722 5376 2875 5444 fratri
2918 5391 3033 5427 suo.
3065 5374 3231 5429 Erant
3271 5383 3458 5428 autem
3495 5367 3632 5438 apud
3659 5378 3738 5416 nos
3757 5371 3820 5410 se-

2274 5477 2411 5536 ptem
2431 5465 2640 5535 fratres,
2666 5474 2714 5518 et
2738 5466 2959 5534 primus,
2985 5481 3145 5518 natare
3173 5466 3355 5529 ducta,
3387 5462 3661 5531 defunctis
3678 5460 3759 5513 est,
3778 5451 3821 5500 εί

2276 5558 2499 5628 reliqua.
2534 5556 2770 5626 [lingunt
2790 5570 2921 5625 ergo
2953 5548 3257 5610 istiusmodi
3289 5553 3718 5627 sordidisSimam
3743 5551 3820 5593 nll-

2275 5652 2506 5721 ptiarum
2536 5650 2791 5714 fabulam,
2837 5665 2931 5704 seu
2960 5649 3122 5706 fuerit
3165 5652 3235 5704 ita
3276 5649 3428 5717 apud
3460 5662 3575 5711 eos,
3612 5654 3696 5696 se"
3735 5643 3820 5689 “0“
