4008 6354
218 416 315 473 755

994 415 1353 472 EXPOSITIO
1388 414 1453 472 ΙΝ
1491 415 1926 473 ΜΑΤΤΗίΕυΜ.
1957 417 2182 487 -,ι,ιΒ.
2228 417 2292 483 Χ,
2330 418 2480 473 CAP.
2518 419 2679 474 XXII.

3365 422 3469 483 754

217 535 394 599 fuerit,
424 526 667 604 utquasi
699 532 1054 589 deliramenta
1082 544 1308 605 arguant
1332 549 1518 588 corum
1565 535 1656 605 qui
1699 550 1784 589 re-
1817 538 1862 595 Α
1891 533 2207 598 clementer,
2239 532 2382 604 quod
2410 531 2475 588 in'
2506 539 2880 590 resurrectione
2910 534 3073 607 neque
3112 537 3324 604 nubent,
3373 556 3469 597 tte--

213 620 601 682 surrectionem
623 635 873 682 asserunt
906 637 1261 682 mortuorum.
1291 626 1442 683 Unde
1469 628 1690 682 dicunt:
1720 626 1786 681 In

214 718 587 772 resurrectione
612 734 733 788 ergo
762 717 916 787 cujus
957 719 1055 771 erit
1080 717 1145 772 de
1178 727 1367 787 septem
1398 717 1575 771 uxor?
1595 715 1787 772 Omnes

211 810 345 862 enim
378 823 495 861 eam
524 807 838 861 habuerunt.
880 806 1292 878 Turpitudinem
1320 805 1515 863 fabula:
1545 807 1665 862 ideo
1692 822 1789 879 op-

209 904 438 967 ponunt,
472 905 532 949 ut
557 895 971 950 resurrectionis
1000 896 1269 966 denegem
1297 897 1600 952 veritatem.
1624 896 1785 962 Quasi

210 1001 314 1041 non
354 986 428 1041 sit
466 1000 630 1040 ausus
661 986 842 1041 dicere
870 985 1013 1056 quod
1057 980 1199 1040 ullus
1225 1001 1412 1042 eorum
1438 988 1632 1042 debeat
1666 1002 1786 1041 eam

208 1077 307 1132 sibi
344 1079 472 1149 jure
515 1078 755 1148 legitimo
800 1079 1076 1133 vindicare
1116 1077 1369 1148 conjugii.
1401 1077 1553 1147 Quod
1588 1079 1631 1134 si
1678 1094 1786 1134 non

206 1168 449 1239 potuerit
502 1168 582 1222 eis
632 1168 860 1223 honeste
898 1166 1103 1237 aliquid
1150 1169 1494 1238 respondere,
1543 1169 1787 1239 partibus

205 1275 414 1321 eorum,
454 1260 584 1314 velit
635 1260 790 1325 nolit,
840 1260 1035 1315 debeat
1081 1262 1309 1330 palmam
1354 1263 1597 1318 victoria:
1634 1263 1781 1319 dare.

204 1351 371 1417 Quasi
404 1365 570 1403 unum
612 1350 818 1404 diceret
854 1366 975 1404 eam
1018 1352 1345 1419 habiturum,
1389 1352 1607 1409 difﬁcile
1643 1354 1787 1409 vide-

204 1440 365 1493 batur
392 1440 475 1493 eis
506 1455 666 1508 posse
696 1440 946 1510 probare.
984 1441 1042 1496 Si
1080 1452 1261 1497 autem
1293 1443 1500 1498 diceret
1536 1458 1784 1514 coaequa-

206 1530 326 1582 liter
354 1534 493 1583 eam‘
515 1544 702 1583 omnes
734 1529 1028 1593 habituros,
1065 1547 1177 1586 rem
1203 1533 1569 1602 turpissimam
1611 1533 1663 1587 in
1695 1534 1783 1588 illa

208 1620 368 1671 leata
421 1618 531 1670 vita
582 1616 892 1686 culparetur
931 1619 1162 1685 docere;
1215 1636 1350 1677 cum.
1386 1621 1492 1675 duo
1532 1621 1586 1675 iu
1623 1637 1786 1678 carne

211 1724 315 1762 una
346 1708 590 1762 dicantur
632 1709 1145 1793 ittiprmsentiarum,
1178 1721 1367 1768 etnon
1398 1723 1542 1768 octo.
1581 1712 1785 1781 Quibus

209 1803 536 1871 respondens
563 1801 720 1857 Jesus
766 1802 841 1856 ait
881 1802 985 1857 illis
1015 1822 1026 1857 :
1055 1802 1281 1868 Erratis,
1317 1806 1597 1861 nescientes
1642 1805 1785 1863 Scri-

1890 640 1988 694 que
2017 623 2310 688 nubentur,
2335 626 2425 679 sed
2466 636 2617 681 erunt
2648 629 2780 680 sicut
2809 625 2982 698 angeli
3010 629 3063 681 in
3090 627 3234 683 calo.
3268 628 3469 689 Deinde

1890 715 2146 786 protulit,
2179 726 2237 770 ut
2262 716 2587 772 calumniam
2617 734 2803 773 eorum
2833 730 3177 785 contereret,
3224 720 3469 795 Scriptu-

1844 806 1845 809 “
1891 822 1964 862 rae
1992 807 2391 873 auctoritatem,
2426 808 2498 862 ita
2529 809 2750 865 dicens:
2783 809 2858 865 De
2889 813 3259 876 resurrectione
3292 812 3470 871 autem

1889 908 2211 952 mortuorum
2234 915 2335 953 non
2358 900 2555 970 legistis
2577 902 2716 972 quod
2752 902 2951 956 dictant
2982 913 3092 969 est,
3123 904 3233 959 Deo
3267 905 3470 962 dicente

1889 987 2027 1041 vobis
2049 1001 2067 1038 :
2093 987 2205 1058 Ego
2233 1006 2348 1042 sum
2379 989 2517 1045 Deus
2544 991 2834 1056 Abraham,
2860 991 3001 1048 Deus
3033 992 3219 1060 Isaac,
3251 1006 3299 1049 et
3329 994 3470 1050 Deus

1886 1077 2073 1133 Iacob.
2104 1080 2196 1135 Sic
2239 1090 2294 1135 et
2328 1096 2427 1137 nos
2469 1082 2930 1154 interrogantibus
2975 1084 3102 1151 nes,
3130 1094 3472 1156 quocunque

1888 1170 2085 1225 mentis
2106 1172 2404 1242 proposito,
2429 1173 2577 1243 prius
2601 1175 2866 1229 rationem
2888 1190 3158 1246 exponere
3187 1177 3468 1243 debemus,

1885 1259 2271 1331 922-postea
2325 1264 2557 1333 idipsum
2607 1266 2932 1321 auctoritate
2982 1267 3199 1333 ﬁrmare
3234 1266 3375 1325 utet
3406 1270 3470 1325 si

1886 1350 2159 1405 calumnia
2193 1364 2302 1417 est,
2356 1354 2732 1420 convincatur,
2761 1356 2845 1411 sin
2893 1367 3072 1413 autem
3126 1359 3351 1430 simplex
3394 1360 3471 1415 in-

1889 1441 2203 1511 terrogatio,
2224 1442 2501 1522 doceatur.
2538 1444 2603 1500 Et
2625 1446 2919 1501 notmtdum
2948 1449 3093 1520 quod
3135 1464 3351 1522 semper
3380 1451 3467 1509 iu-

1888 1526 2097 1583 ﬁrmior
2128 1530 2199 1584 sit
2222 1520 2530 1599 intimorum
2559 1537 2873 1607 congressio
2896 1547 3081 1593 contra
3109 1520 3313 1596 Jesum.
3330 1540 3468 1597 Nam

1842 1668 1847 1671 Α
1888 1632 2050 1687 supra
2099 1621 2273 1690 prima
2322 1638 2512 1679 eorum
2555 1625 2907 1697 interregatio
2931 1670 2946 1695 ,
3003 1646 3127 1687 cum
3162 1640 3373 1690 terrore
3410 1644 3471 1691 et

1887 1718 2155 1778 potestate
2184 1712 2469 1769 minaciter
2498 1714 2637 1772 facta
2669 1728 2748 1772 est
2774 1735 2896 1774 cum
2920 1721 3139 1777 dicunt:
3164 1722 3231 1778 In
3249 1741 3355 1796 qua
3373 1742 3467 1797 po-

1888 1806 2070 1853 testate
2092 1799 2224 1869 facts
2260 1802 2828 1863 ista?tSecunda.eum
2856 1810 2979 1865 dolo
3006 1828 3019 1866 :
3048 1812 3149 1868 nec
3181 1813 3326 1868 enim
3356 1820 3469 1870 ter-

197 1905 417 1963 ρων-ας,
464 1910 626 1964 neque
667 1894 909 1947 υίνωιιωη
952 1894 1070 1950 Dei,
1114 1896 1385 1963 Qumritur
1424 1907 1603 1953 autem
1652 1891 1856 1968 quid.B
1886 1900 2036 1956 rent,
2062 1893 2158 1947 sed
2183 1894 2647 1963 circumveniunt,
2680 1907 2734 1954 et
2770 1900 3017 1971 decipere
3053 1906 3290 1974 gestiunt
3339 1919 3464 1961 eum

196 1986 299 2051 sit,
374 1986 519 2056 quod
571 1986 836 2057 benignus
897 1985 1148 2042 Salvator
1207 1989 1316 2054 ait,
1380 1989 1620 2057 Erratis,
1691 2008 1783 2046 ne-

194 2078 421 2129 scientes
466 2074 800 2145 Scripturas,
854 2094 1015 2147 neque
1055 2078 1295 2133 virtutem
1340 2078 1455 2133 Dei.
1491 2080 1682 2136 Utrum
1731 2082 1782 2136 in

193 2166 474 2235 aliquibus
542 2166 773 2236 positum
833 2168 904 2221 sit
961 2168 1258 2238 Srripturis
1326 2168 1533 2226 Veteris
1597 2171 1784 2227 Testa-

190 2255 410 2319 menti,
462 2256 621 2324 quod-
658 2257 711 2309 in
774 2258 1167 2312 resurrectione
1227 2261 1424 2329 nuptias
1479 2277 1585 2317 non
1642 2263 1780 2327 sint,

192 2345 271 2400 vel
324 2348 476 2414 quod
533 2345 760 2401 debeant
807 2341 1053 2404 homines
1110 2352 1222 2404 ﬁeri
1275 2353 1480 2422 angelis
1541 2355 1780 2418 similes,

190 2438 461 2509 quoniam
495 2454 599 2493 non
640 2438 691 2492 iu
723 2448 912 2508 aperto
935 2447 1025 2494 est
1051 2441 1140 2495 ubi
1176 2444 1376 2511 scripta
1407 2444 1744 2514 eali-gantur
1765 2462 1778 2475 ο

185 2527 356 2599 921
390 2536 449 2582 et
478 2536 657 2582 tamen
688 2530 766 2583 sic
794 2528 926 2583 dicit
948 2531 1099 2599 quasi
1126 2531 1178 2584 in
1205 2531 1475 2603 aliquibus
1498 2534 1783 2605 scripturis

186 2623 433 2691 positum
465 2622 556 2675 sit.
581 2619 688 2677 Sed
724 2620 1030 2688 utanil'..ste,
1063 2631 1123 2677 ut
1146 2623 1280 2690 disi,
1311 2625 1363 2678 in
1392 2624 1569 2681 Veteri
1595 2627 1782 2683 Testa-

186 2722 380 2767 mento
416 2713 520 2767 hoc
548 2726 655 2766 non
699 2711 917 2783 legitur,
951 2712 1082 2778 nisi,
1128 2714 1443 2784 utquidam
1472 2716 1681 2782 volunt,
1725 2718 1780 2772 in

186 2802 501 2874 allegoricis
522 2802 828 2857 inveniatur
847 2802 1055 2872 ﬁguris,
1082 2817 1145 2858 ac
1167 2803 1211 2857 si
1236 2804 1289 2857 in
1320 2806 1607 2875 mysterio,
1643 2806 1781 2862 iudi-

188 2892 455 2945 cantibus
477 2888 783 2958 huiusmodi
807 2890 1162 2946 intellectutn.
1182 2891 1280 2947 Ubi
1303 2908 1425 2948 cum
1440 2905 1781 2969 exponuntur

185 2981 394 3051 nuptiae
430 2981 731 3046 Abraham,
782 2988 838 3035 et
876 2981 1302 3038 concubinarum
1329 2984 1390 3039 ﬁt
1416 2986 1640 3053 mentio,
1668 3003 1777 3043 non

183 3062 571 3143 principaliter
594 3073 661 3126 de
690 3072 796 3127 illis
843 3073 1047 3143 nuptiis
1085 3074 1385 3146 intelligere
1430 3077 1631 3132 dictum
1659 3088 1780 3134 tan-

185 3174 298 3218 tum
324 3150 544 3228 volunt,
573 3162 665 3216 sed
687 3162 753 3215 de
777 3162 988 3221 talibus.
1013 3164 1205 3234 quales
1250 3165 1443 3231 nos,de
1480 3165 1698 3225 Christo
1723 3179 1780 3225 et

1886 1983 2153 2039 laudibus.
2178 1984 2377 2041 Contra
2398 2003 2559 2057 quam
2581 1992 2895 2047 acutissima
2915 1995 3153 2049 occurrit
3177 1997 3462 2066 sapientia,

1886 2074 2026 2129 sicut
2068 2084 2125 2129 et
2162 2084 2350 2131 contra
2381 2085 2619 2135 terrores
2664 2095 2873 2148 eorum,
2925 2082 3275 2141 invictissima
3320 2083 3469 2141 forti-

1888 2163 2035 2218 tudo.
2061 2162 2232 2220 Porro
2260 2165 2363 2221 hoc
2393 2168 2549 2223 tertio
2578 2168 2696 2226 loco
2714 2210 2729 2235 ,
2773 2185 2951 2242 neque.
2976 2180 3103 2229 cum
3132 2182 3339 2231 terrore
3365 2191 3463 2231 ne-

1885 2271 1987 2323 que
2014 2270 2135 2309 cum
2163 2256 2329 2313 multo
2371 2257 2494 2314 dolo
2511 2300 2526 2324 ,
2566 2260 2660 2315 sed
2692 2276 2755 2316 ex
2781 2278 2979 2333 magna
3006 2267 3422 2338 prtesumptione
3446 2309 3462 2332 ,

1884 2354 1932 2398 et
1978 2344 2279 2415 ignorantia
2309 2348 2570 2409 caecitatis
2600 2350 2931 2425 testiutantes
2958 2369 3017 2409 se
3061 2354 3277 2412 vincere
3303 2356 3462 2413 Chri-

1883 2445 2024 2488 stum
2050 2438 2505 2494 resurrectionem
2535 2442 2943 2508 pt'aldicantetu.
2979 2443 3131 2512 Quod
3162 2456 3343 2503 autem
3365 2464 3465 2505 no-

1881 2525 1980 2583 stri
2011 2526 2225 2582 codices
2253 2527 2454 2583 habent
2485 2548 2497 2583 :
2525 2546 2699 2601 neque
2745 2534 2967 2601 nubent,
2996 2535 3189 2592 Latina
3227 2554 3462 2597 consue-

1883 2620 2011 2673 tudo
2047 2619 2234 2676 Grzeco
2266 2621 2509 2677 idiomati
2552 2640 2659 2678 non
2695 2627 3002 2697 respondet.
3060 2626 3272 2685 Nubere
3313 2633 3462 2688 enim

1881 2711 2099 2781 proprie
2125 2711 2411 2771 mulierum
2448 2723 2550 2779 est,
2584 2725 2641 2772 et-
2675 2717 3103 2784 virorutu,.sicut
3126 2721 3262 2778 alius
3288 2724 3461 2778 inter-

1880 2819 2007 2873 pres
2034 2806 2236 2876 posuit,
2267 2808 2708 2866 uxoresdueere.
2751 2811 2857 2869 Sed
2884 2827 2982 2868 nos
3016 2813 3334 2885 simpliciter
3356 2814 3463 2871 hoc

1837 2938 1840 2942 λ
1881 2893 2082 2955 dictum
2126 2894 2491 2966 accipiamus,
2553 2900 2695 2970 quod
2750 2901 2951 2957 nubere
3002 2904 3067 2959 de
3115 2904 3285 2970 viris,
3330 2905 3463 2962 nubi

1880 2999 2011 3040 vero
2044 2984 2111 3041 de
2140 2987 2398 3049 uxoribus
2425 2988 2629 3046 dictum
2657 3000 2758 3046 est.
2793 2992 2899 3048 Sed
2930 3003 2985 3049 et
3004 2994 3073 3049 ad
3102 2996 3462 3067 comproban-

1881 3079 2004 3133 dam
2031 3079 2447 3136 resurrectionis
2476 3082 2789 3149 veritatem,
2824 3086 2990 3141 multo
3019 3086 3140 3143 aliis
3165 3087 3461 3145 evidentio-

1882 3173 2032 3229 ribus
2060 3174 2136 3228 uti
2161 3176 2334 3246 potuit
2367 3178 2710 3245 testimoniis,
2730 3196 2762 3235 e
2783 3181 2979 3250 quibus
3003 3191 3087 3238 est
3124 3182 3251 3239 illttd
3278 3201 3293 3238 :
3323 3182 3459 3241 Sus-

186 3253 435 3309 Ecelesia
462 3253 1118 3323 cxposuimus;.talesque
1146 3254 1264 3311 fore
1287 3256 1339 3311 in
1364 3257 1561 3326 saeculo
1585 3259 1692 3328 illo,
1720 3262 1774 3316 iu
1804 3241 1848 3305 Ο
1879 3241 2191 3322 citabantur
2229 3271 2428 3325 mortui
2453 3313 2467 3337 ,
2498 3282 2552 3327 et
2585 3284 2870 3343 resurgent
2897 3274 2988 3344 qui
3014 3275 3068 3329 in
3096 3278 3463 3333 monumentis

181 3346 388 3414 quibus
432 3344 746 3415 angelorum
794 3345 1076 3415 :equalitas
1134 3357 1497 3418 comparetur.
1550 3349 1775 3413 Videant

184 3441 261 3494 illi
290 3440 429 3511 quid
451 3440 653 3504 dicant,
687 3440 813 3495 dum
838 3441 1107 3498 catholice
1136 3445 1321 3501 dicant
1351 3461 1448 3501 nos
1476 3455 1654 3501 tamen
1686 3446 1771 3502 di-

184 3533 392 3597 cimus,
423 3533 548 3601 quia
574 3531 837 3602 sapientia
865 3532 961 3588 Dei
993 3536 1266 3606 sapienter
1292 3538 1466 3607 arguit
1496 3537 1771 3608 negligen-

191 3622 331 3674 tiam
351 3634 557 3686 eorum,
575 3638 702 3678 cum
719 3624 927 3679 etdicit
954 3641 967 3678 :
994 3625 1200 3682 Erratis
1229 3629 1509 3684 nescientes
1530 3627 1740 3699 Scripta
1765 3658 1775 3668 ·

191 3702 327 3781 ras,
367 3728 530 3781 neque
552 3713 791 3767 virtutem
838 3713 952 3768 Dei.
990 3716 1126 3782 Quia
1158 3732 1264 3772 non
1290 3717 1571 3788 legebant,
1604 3719 1770 3774 Deum

184 3800 546 3872 ignorabant;
573 3804 894 3873 ignorabant
921 3790 1122 3873 autem,
1147 3809 1270 3877 quia
1298 3807 1573 3864 Christum
1604 3810 1770 3871 Deum

179 3893 237 3947 in
258 3894 475 3949 eisdem
497 3893 796 3966 Scripturis
822 3911 928 3952 non
953 3898 1348 3972 intelligebant.
1371 3901 1646 3973 Alioquin,
1668 3903 1772 3958 sic-

176 3992 236 4037 ut
281 4000 359 4039 ex
386 3984 666 4056 diligentia
697 3986 947 4044 lectionis
989 3992 1234 4046 nascitur
1260 3992 1486 4047 scientia
1519 3992 1612 4048 Dei
1650 4010 1662 4046 :
1695 3993 1769 4047 ita

173 4076 487 4147 ignorantia
505 4077 845 4149 negligentiae
869 4079 975 4135 ﬁlia
1003 4091 1105 4137 est.
1138 4081 1245 4138 Sed
1263 4100 1368 4139 non
1386 4100 1575 4140 omnes
1590 4086 1680 4156 qui
1694 4085 1770 4141 le-

170 4173 324 4234 gunt,
368 4176 711 4235 cognoscunt
751 4169 961 4235 Deum;
985 4171 1110 4240 quia
1141 4180 1236 4225 aut
1266 4173 1406 4228 male
1431 4174 1647 4245 legunt,
1677 4183 1770 4230 aut

167 4253 330 4326 digne
371 4253 486 4309 Deo
507 4255 689 4311 vivere
714 4256 922 4312 nolunt.
947 4258 1027 4313 Et,
1048 4261 1171 4316 ideo
1202 4260 1428 4334 legendo
1460 4279 1567 4319 non
1601 4264 1765 4321 Deum

166 4352 455 4410 quaerunt,
478 4345 592 4398 imo
617 4345 898 4402 scientiam
932 4348 1025 4403 Dei
1049 4351 1116 4404 ad
1147 4366 1343 4407 vanam
1372 4353 1595 4424 gloriam
1622 4353 1769 4426 qua:-

166 4439 335 4499 rant;
377 4432 588 4488 idcirco
628 4445 775 4490 recte
811 4453 1089 4508 nunquam
1118 4439 1440 4507 inveniunt,
1473 4444 1611 4499 sicut
1651 4446 1766 4515 phi—

163 4522 392 4595 losophi
437 4526 734 4595 cseterique
781 4529 1053 4599 sapientes
1090 4532 1293 4587 surculi.
1333 4533 1466 4588 Nam
1505 4534 1766 4593 Dominus

118 4625 123 4629 ‘
159 4610 282 4670 cum
311 4615 563 4672 dixisset
590 4636 604 4671 :
639 4617 868 4675 Nescitis
895 4623 1133 4677 virtutem
1161 4624 1255 4678 Dei
1278 4666 1293 4690 ,
1322 4626 1390 4681 a’d
1416 4627 1520 4683 hoc
1541 4629 1722 4685 retulit
1747 4670 1761 4695 ,

158 4708 302 4774 quod
338 4708 413 4762 in
453 4711 849 4766 resurrectione
878 4727 1054 4782 neque
1093 4715 1336 4780 nubent,
1370 4732 1543 4788 neque
1568 4759 1583 4783 ,
1625 4720 1766 4775 sicut

156 4799 245 4852 alii
288 4798 528 4855 codices
558 4800 789 4866 habent,
832 4818 1029 4859 uxores
1057 4804 1275 4860 ducunt.
1307 4807 1386 4860 Ad
1425 4808 1555 4867 illud
1583 4818 1761 4865 autem

154 4892 305 4957 quod
336 4889 512 4956 dicit,
549 4890 777 4959 Erratis,
809 4893 939 4963 quia
968 4896 1193 4950 nescitis
1223 4894 1556 4968 Scripturas,
1593 4914 1761 4969 expo-

154 4980 267 5035 suit
304 4978 397 5036 ad
447 4983 901 5038 resurrectionem
950 4994 1285 5041 mortuorum
1331 4988 1716 5045 insinuandam
1743 5031 1758 5055 ,

154 5068 271 5141 Ego
305 5089 443 5127 sum
470 5071 616 5127 Deus
645 5074 932 5142 Abraham,
959 5075 1102 5132 Deus
1141 5076 1298 5132 Isaac
1316 5118 1332 5142 ,
1377 5078 1516 5133 Deus
1543 5077 1708 5148 Jacob
1739 5095 1757 5132 ε

154 5163 247 5230 qui
283 5163 335 5219 si
374 5162 665 5216 moriendo
692 5165 962 5233 perissent
988 5175 1011 5231 ,‘
1037 5175 1098 5221 ut
1137 5166 1230 5223 isti
1254 5168 1393 5223 male
1418 5156 1758 5237 sentiebant,

153 5266 455 5322 nunquam
481 5251 754 5308 diceretur
782 5255 925 5311 Deus
949 5271 1141 5312 eorum
1177 5272 1297 5313 esse
1325 5258 1415 5328 qui
1440 5274 1547 5314 non
1572 5246 1757 5323 erant.

149 5343 431 5400 Geminas
474 5358 640 5416 ergo,
670 5347 793 5417 quia
837 5348 1309 5407 calumniabantur
1354 5360 1408 5406 et
1461 5352 1761 5424 interroga-

149 5435 311 5501 bant,
345 5437 593 5493 reddidit
612 5438 1033 5507 benignissimus
1060 5443 1316 5514 magister
1335 5445 1651 5500 sententias.
1682 5445 1761 5500 Si—

147 5529 392 5595 quidem
414 5538 608 5583 contra
636 5529 940 5588 calumnias
960 5548 1171 5600 eorum,
1194 5536 1764 5621 auctoritalcnrsaerzu

146 5620 477 5689 Scriptum
506 5624 792 5692 opposuit,
833 5632 1021 5679 contra
1071 5625 1550 5695 interrogationem
1586 5620 1726 5682 vero
1747 5688 1761 5713 ,

147 5714 462 5768 rationem.
490 5714 597 5770 Sed
621 5717 771 5786 prius
798 5719 1310 5790 rationem'objecit,
1333 5722 1458 5792 quia
1486 5738 1586 5792 per
1615 5722 1764 5791 igno-

147 5807 407 5859 rautiam
442 5810 701 5875 putabant
753 5827 810 5866 se
860 5812 1062 5883 aliquid
1096 5815 1264 5882 scire;
1325 5824 1383 5869 ut
1410 5814 1629 5873 doceret
1670 5836 1763 5875 cos

1877 3366 2024 3412 sunt.
2064 3357 2129 3413 Et
2160 3359 2214 3414 in
2247 3360 2352 3417 alio
2399 3361 2538 3426 loco,
2581 3361 2729 3418 Multi
2777 3365 3159 3420 dormientium
3198 3367 3265 3422 de
3301 3377 3460 3422 terra:

1875 3452 2096 3521 pulvere
2117 3464 2467 3526 consurgent,
2490 3455 2579 3509 alii
2604 3457 2659 3510 in
2685 3456 2870 3522 vitam,
2915 3459 3004 3513 alii
3030 3459 3083 3513 in
3107 3454 3458 3528 opprobrium

1874 3551 1935 3596 et‘
1956 3543 2009 3597 in
2037 3544 2405 3600 confusionem
2435 3554 2713 3602 aeternam.
2738 3547 2969 3619 Propter
2985 3549 3128 3619 quod
3165 3548 3288 3618 jure
3310 3562 3461 3622 qua:-

1848 3634 2032 3698 -ritur,
2065 3650 2162 3690 cur
2208 3636 2311 3691 hoc
2341 3636 2601 3692 Dominus
2647 3637 2893 3708 proferre
2938 3639 3176 3695 noluerit
3214 3641 3457 3696 testimo—

1874 3724 2069 3778 nium?
2098 3723 2251 3793 Quod
2293 3724 2436 3782 futue
2465 3727 2678 3784 videtur
2704 3729 3034 3800 ambiguum,
3069 3730 3151 3785 vel
3178 3746 3282 3786 non
3320 3733 3457 3787 satis

1830 3840 1833 3845 ~
1875 3812 1942 3868 ad
1990 3817 2447 3885 comprobaudam
2481 3820 2933 3874 r-surrectionem
2980 3820 3252 3876 idoneum.
3301 3820 3456 3878 Unde

1869 3914 1926 3961 et
1952 3906 2055 3961 hoc
2079 3907 2307 3978 prolato,
2339 3910 2493 3978 quasi
2516 3909 2823 3981 probaverit
2841 3914 2982 3982 quod
3003 3915 3228 3978 volebat,
3263 3915 3447 3971 statim

1871 3995 2156 4052 conﬁrmat
2177 4008 2234 4053 et
2259 3999 2533 4056 concludit
2554 4000 2742 4059 dicens
2766 4020 2781 4059 :
2808 4001 2929 4058 Non
2951 4015 3024 4059 est
3052 4003 3193 4061 Deus
3221 4017 3450 4063 mortuo-

1870 4101 2010 4152 rum,
2044 4088 2134 4142 sed
2155 4089 2449 4145 viventium.
2482 4089 2647 4161 Cujus
2688 4094 2764 4149 rei
2799 4094 2993 4166 gratia,
3030 4094 3196 4151 turbae
3221 4098 3446 4155 audien-

1870 4185 1951 4231 tes
1995 4180 2331 4249 mysterium,
2378 4192 2433 4237 et
2474 4193 2862 4254 cognoscentes
2907 4187 3186 4243 admirata:
3224 4199 3352 4245 sunt
3392 4190 3448 4246 in

1870 4267 2115 4323 doctrina
2138 4279 2193 4325 et
2223 4273 2573 4343 responsione
2603 4275 2765 4331 illius.
2795 4275 3061 4343 Quoniam
3088 4294 3208 4348 qua:
3236 4281 3447 4337 nescie—

1867 4356 1997 4413 bant
2026 4368 2081 4413 et
2117 4360 2168 4414 iu
2193 4362 2388 4428 quibus
2418 4365 2696 4432 errabant,
2746 4382 2814 4421 ex
2857 4369 3178 4425 auctoritate
3216 4370 3345 4437 Dei,
3389 4382 3447 4426 et

1867 4449 2163 4521 Scriptura:
2194 4453 2523 4521 testimonio,
2551 4455 2865 4525 plenissime
2892 4458 3141 4527 edocuit;
3183 4471 3240 4517 et
3265 4463 3440 4518 virtu-

1867 4550 1975 4599 tem
2004 4541 2095 4597 Dei
2129 4545 2385 4610 ostendit,
2414 4561 2537 4601 cum
2567 4554 2622 4601 et
2651 4549 3103 4608 resurrectionem
3133 4555 3444 4624 praedicavit

1867 4641 1923 4686 ct
1950 4635 2279 4689 consortium
2322 4635 2629 4706 angelorum
2659 4638 2974 4696 declaravit.
3003 4642 3119 4699 Non
3151 4647 3292 4715 quod
3320 4662 3444 4703 eor-

1865 4738 2123 4792 pora,scu
2151 4727 2388 4782 membra
2409 4730 2749 4799 corp0ris,.et
2775 4747 2936 4790 sexus
2964 4740 3189 4806 uterque
3217 4754 3323 4793 non
3348 4737 3443 4794 dc-

1864 4817 1993 4877 beat
2037 4835 2351 4890 resurgere,
2399 4822 2540 4878 sicut
2569 4824 2787 4893 quidam
2839 4826 3215 4885 luereticorum
3246 4846 3437 4888 sense-

1866 4916 2012 4972 runt,
2045 4909 2147 4964 hoc
2175 4911 2323 4975 dicit,
2355 4912 2449 4967 sed
2477 4915 2603 4983 quia
2631 4915 2965 4979 immortales
2988 4930 3148 4976 erunt
3172 4922 3438 4987 homines,

1864 5000 2124 5069 spiritalia
2158 5012 2318 5057 erunt
2360 5007 2599 5061 membra
2638 5012 2897 5079 corporis.
2932 5012 3062 5068 Nam
3093 5015 3146 5069 in
3198 5016 3298 5071 hoc
3340 5031 3442 5073 sa:-

1867 5089 2009 5154 eulo,
2032 5091 2155 5160 quia
2178 5093 2440 5149 morimur
2460 5095 2578 5152 ideo
2599 5102 2893 5168 nascimur,
2916 5115 2971 5159 et
2989 5104 3113 5175 quia
3137 5108 3438 5176 nascimur,

1815 5220 1821 5224 -
1867 5180 1986 5236 ideo
2014 5196 2211 5237 uxores
2247 5183 2512 5242 ducimus.
2546 5188 2695 5247 Tolle
2739 5193 2998 5249 moriendi
3025 5197 3437 5265 necessitatem,

1816 5312 1823 5315 -
1864 5282 1920 5328 et
1953 5276 2205 5332 nascendi
2235 5278 2440 5336 utilitas
2471 5282 2614 5338 nulla
2643 5285 2768 5342 erit.
2796 5287 2945 5345 Tolle
2972 5305 3159 5348 rursus
3181 5294 3440 5351 nascendi

1865 5365 2183 5430 utilitatem,
2229 5375 2284 5423 et
2327 5370 2562 5429 nubendi
2605 5390 2767 5432 causa
2831 5378 3003 5435 soluta
3051 5392 3155 5439 est.
3204 5385 3271 5439 Et
3313 5386 3438 5443 ideo

1864 5456 2103 5529 eruntin
2132 5473 2228 5512 sua
2260 5469 2452 5516 natura
2481 5463 2747 5531 homines,
2774 5483 2879 5523 non
2921 5469 2973 5524 in
2997 5473 3315 5544 angelorum
3341 5491 3437 5532 na-

1868 5551 1985 5599 tura
2040 5547 2308 5613 translati,
2358 5553 2451 5606 sed
2505 5553 2557 5607 in
2604 5569 2697 5609 sua
2745 5558 3437 5640 spiritales.cﬁ‘ecti,923

1865 5635 2004 5690 sicut
2051 5638 2223 5708 angeli
2257 5638 2309 5693 in
2355 5642 2494 5696 ctrlo
2527 5643 2858 5703 immortales
2886 5659 2941 5704 et
2969 5635 3438 5724 incorruptibiles,

1866 5727 1919 5781 in
1946 5743 2131 5782 eorum
2180 5729 2347 5800 gloria
2395 5732 2511 5786 sine
2558 5744 2723 5804 nuptu
2766 5742 3071 5810 coaequales
3116 5746 3436 5803 consociati.

1871 5817 2270 5887 Verumtamen,
2296 5829 2352 5872 ut
2379 5838 2785 5892 pl‘ttpOilltlrtllll,
2825 5831 2942 5885 ideo
2974 5834 3227 5893 Dmuiuus
3254 5838 3319 5893 de
3345 5854 3403 5893 re
3424 5866 3436 5881 ν
