4008 6354
669 352 772 407 ἰ’δὸ

1498 352 1555 407 S.
1596 351 1948 407 PASCUASII
1988 348 2330 405 RADBI'ZRTI
2370 347 2658 404 ABBATIS
2698 347 3146 404 CORBEIENSIS
3410 420 3418 431 ‘
3725 368 3800 425 ηε

670 463 1010 523 ευιτιιοιὶοιιε
1049 464 1154 520 hoc
1200 480 1329 519 usus
1363 472 1446 519 est
1489 462 1819 528 testimonio,
1864 462 1989 533 quia
2034 460 2240 517 Saddu-

2348 474 2538 529 magno
2573 474 2798 516 munere
2835 459 3092 530 apostolis
3120 460 3330 517 indulsit
3364 480 3475 520 cum
3507 470 3575 523 ait
3599 490 3609 524 :
3630 475 3802 537 Amm

664 554 762 611 etei
792 570 915 610 cum
944 568 1045 611 nec
1090 553 1341 626 angelum
1368 568 1490 611 esse
1537 554 1797 618 credant,
1844 568 1943 609 nec
1990 554 2237 623 spiritum

662 648 923 718 aliquem,
983 664 1087 706 nec
1131 648 1314 704 carnis
1373 646 1825 716 resurrectionem
1873 646 2236 709 confitentur,

662 737 968 795 animarum
1013 754 1227 810 quoque
1264 738 1539 794 interitum
1594 737 1920 809 praedicant,
1979 752 2082 792 non
2135 737 2237 792 nisi

661 830 903 900 quinque
929 830 1097 888 libros
1126 830 1294 902 Moysi
1319 838 1528 885 tantum
1559 829 1919 899 recipiebant,
1949 830 2238 899 propheta-

662 936 785 976 rum
808 921 1062 978 vaticinia
1090 931 1424 992 respuentes.
1459 921 1666 977 idcirco
1702 921 1924 976 stultum
1964 930 2083 976 erat
2112 921 2237 976 inde

660 1011 910 1081 proferre
934 1013 1264 1079 testimonia,
1289 1011 1446 1084 cujus
1469 1012 1849 1068 auctoritatem
1880 1026 1985 1066 non
2016 1010 2238 1082 recipie-

660 1103 814 1169 bant,
840 1117 943 1159 nec
961 1103 1324 1174 sequebantur
1340 1103 1662 1159 doctrinam.
1683 1102 1820 1158 Hinc
1840 1118 2001 1173 quam
2018 1103 2237 1172 provide

660 1194 730 1251 ad
758 1194 1209 1265 comprobandum
1234 1195 1590 1259 aeternitatem
1612 1196 1935 1259 animarum,
1958 1198 2025 1250 de
2052 1194 2098 1248 Μ
2109 1208 2237 1266 oysc

605 1287 815 1355 «ponit
864 1286 1166 1358 exemplum
1194 1305 1209 1341 :
1239 1286 1353 1359 Ego
1400 1304 1516 1343 sum
1548 1286 1691 1342 Deus
1737 1286 2002 1342 Abraham
2031 1328 2044 1351 ,
2093 1287 2235 1342 Deus

644 1377 844 1443 :lsuac,
866 1389 914 1433 et
938 1377 1079 1434 Deus
1102 1376 1292 1445 Jacob,
1318 1380 1613 1448 statimque
1632 1377 1796 1451 infert
1817 1397 1829 1433 :
1853 1378 1975 1432 Non
1996 1390 2069 1435 est
2096 1378 2235 1441 Deus

610 1514 617 1523 .
648 1478 1007 1533 mortuorum,
1018 1469 1111 1523 sed
1122 1469 1418 1535 nitentium,
1433 1478 1494 1524 ut
1507 1469 1889 1540 comprobaret
1899 1469 2108 1529 animas
2120 1484 2237 1546 per-

654 1572 882 1617 manere
895 1566 1019 1628 post
1037 1565 1288 1617 mortem.
1308 1556 1491 1629 Neque
1508 1558 1650 1614 enim
1671 1558 1810 1613 Deus
1832 1558 2033 1612 veritas
2046 1573 2234 1613 eorum

632 1664 719 1707 nae
754 1650 965 1705 diceret
985 1650 1157 1716 Deum
1180 1665 1319 1714 esse,
1344 1649 1436 1720 qui
1458 1664 1800 1721 nequaquam
1835 1648 2193 1702 subsisterent
2218 1663 2232 1710 ;

634 1749 718 1797 aut
741 1756 868 1797 cum
912 1742 980 1799 de
1013 1741 1300 1807 animabus
1325 1756 1393 1797 ex
1414 1758 1606 1798 eorum
1652 1742 1804 1799 libris
1829 1742 2101 1797 obtineret
2123 1740 2234 1812 pal-

2342 550 2412 602 ad
2443 546 2656 604 Patrem
2676 567 2848 605 meum
2869 560 2918 605 et
2944 559 3147 620 patrem
3168 562 3400 621 uestram,
3424 558 3486 610 ad
3503 558 3644 615 Delon
3662 581 3804 634 meum,

2341 652 2390 697 et
2426 641 2593 696 Deum
2620 652 2845 698 uestrum
2869 641 3051 713 (Joan.
3081 658 3175 707 xx,
3210 643 3313 713 17).

2414 730 2676 786 Pharisaei
2699 741 2875 786 autem
2898 732 3170 786 audientes
3193 733 3325 803 quod
3350 733 3584 792 silentium
3602 741 3811 811 ἱυῳωιίε.

2340 834 2416 879 aet
2440 822 2748 877 Sadducwis
2766 863 2781 887 ,
2820 832 3167 877 convenerunt
3194 823 3248 876 in
3278 839 3457 890 unum,
3486 836 3529 879 et
3554 829 3808 898 interroth

2341 931 2458 969 eum
2480 930 2615 969 unus
2656 930 2720 968 ea:
2759 915 2833 968 eis
2874 913 3001 983 legis
3042 913 3225 967 doctor
3262 924 3455 969 lentam
3489 932 3607 971 eum.
3630 918 3811 986 Quodde

2342 1005 2553 1061 Herode
2579 1014 2636 1059 et
2658 1004 2833 1059 Pilato
2853 1003 3078 1074 legimus
3107 1004 3159 1059 in
3182 1004 3384 1059 Domini
3410 1007 3643 1075 passione,
3664 1011 3812 1067 redisse

2341 1110 2435 1153 eos
2458 1096 2510 1150 in
2541 1094 2882 1153 concordiam
2900 1135 2919 1158 ,
2944 1093 3046 1149 hoc
3073 1094 3238 1149 etiam
3268 1109 3404 1149 nunc
3426 1095 3488 1150 de
3516 1095 3750 1153 Pharisaeis
3769 1116 3813 1154 ac

2343 1184 2657 1240 Sadducteis
2681 1183 2987 1246 cernimus;
3019 1185 3109 1252 qui
3140 1183 3290 1253 prius
3323 1183 3388 1236 ad
3425 1183 3629 1240 invicem
3666 1187 3813 1242 inimici

2343 1285 2528 1335 erant,
2567 1275 2661 1329 sed
2696 1274 2763 1327 ad
2799 1273 3115 1329 tentandum
3146 1273 3313 1327 Deum
3336 1272 3447 1342 pari
3477 1282 3633 1329 mente
3651 1291 3813 1330 consen-

2343 1369 2502 1422 tiunt.
2531 1366 2666 1422 Nam
2695 1368 2785 1438 qui
2815 1380 3005 1421 contra
3034 1364 3316 1420 veritatem
3349 1374 3531 1430 certat,
3553 1365 3814 1422 licetmalitia

2341 1460 2458 1525 ejus
2489 1460 2758 1523 vincatur,
2797 1471 3072 1527 nunquam
3102 1465 3280 1512 tamen
3310 1455 3566 1525 placatur;
3598 1456 3699 1524 quia
3720 1457 3816 1509 veri-

2345 1560 2507 1607 tatem
2550 1564 2656 1605 non
2699 1549 2892 1618 quaerit
2945 1548 3268 1611 defendere,
3331 1546 3422 1601 sed
3466 1546 3744 1601 subvertere.
3774 1546 3819 1600 Et

2344 1643 2466 1697 ideo
2495 1640 2605 1704 isti,
2636 1639 2765 1694 licet
2790 1638 3057 1702 siluerint,
3106 1637 3241 1692 muti
3270 1636 3423 1701 facti,
3450 1651 3546 1691 non
3573 1644 3718 1690 tamen
3734 1644 3818 1689 sunt

2343 1732 2561 1803 placati,
2587 1739 2644 1785 ut
2665 1729 3036 1787 consentirent
3066 1744 3081 1782 :
3118 1743 3183 1783 ex
3224 1727 3327 1782 lide
3358 1727 3412 1781 in
3436 1727 3700 1781 omnibusa
3725 1725 3820 1778 veri-

656 1848 805 1888 mam
836 1834 1082 1889 victoria:
1106 1875 1122 1899 ,
1153 1844 1553 1904 consequenter
1580 1832 1832 1888 licentius
1862 1832 2231 1887 introducere-
2264 1824 2313 1884 Β
2346 1834 2454 1883 tate
2499 1823 2720 1879 devicti.
2772 1821 2879 1877 Sed
2929 1820 3257 1876 conveniunt
3297 1817 3519 1887 pariter,
3563 1817 3641 1884 qui
3676 1815 3820 1868 ratione

656 1933 744 1980 tur
768 1938 1056 1995 corporum
1079 1925 1432 1991 resurrectio,
1465 1939 1589 1994 qua;
1615 1939 1739 1980 cum
1764 1923 2049 1977 animabus
2089 1922 2230 1977 bona

654 2013 866 2070 malave
888 2024 1194 2086 gesserunt.
1228 2015 1361 2069 Nam
1393 2014 1667 2071 Abraham
1696 2013 1984 2084 ceterique
2009 2013 2236 2084 patriar-

657 2105 793 2170 chae,
823 2122 931 2162 non
962 2107 1132 2163 Deum
1163 2108 1367 2169 habere
1396 2116 1667 2181 poterant,
1699 2107 1743 2162 si
1767 2122 1874 2162 non
1898 2114 2084 2172 erant,
2107 2105 2233 2176 quia

2334 1934 2441 1976 non
2469 1925 2739 1989 poterant,
2763 1914 3039 1971 multoties
3065 1911 3361 1976 confutari,
3386 1920 3445 1965 ut
3467 1905 3820 1964 multitudined-

2332 2012 2445 2068 mul
2486 2010 2702 2067 valeant
2738 2008 3048 2070 decertare,
3090 2013 3146 2059 et
3175 2006 3303 2074 quia
3346 2004 3575 2059 viderant
3613 1999 3821 2055 factionem

2335 2099 2755 2159 Sadducazorum
2777 2106 2888 2151 tam
2910 2093 3089 2150 subito
3105 2093 3402 2156 corruisse,
3417 2091 3683 2147 debuerant
3699 2100 3823 2142 exuu-

656 2196 712 2251 iu
752 2207 945 2253 natura
992 2199 1067 2255 rei
1094 2208 1198 2266 est,
1235 2208 1295 2257 ut
1322 2199 1375 2259 id
1398 2177 1519 2255 esse
1546 2214 1768 2260 necesse
1808 2199 1912 2263 sit,
1955 2197 2109 2267 cujus
2151 2206 2236 2253 est
2331 2196 2423 2266 pio
2448 2208 2635 2250 eorum
2663 2190 2906 2254 moneri,
2931 2203 2999 2243 ne
3026 2186 3166 2245 ultra
3198 2186 3277 2240 illi
3315 2184 3617 2239 molirentur
3645 2177 3822 2233 insidias.

644 2289 887 2344 alterum
919 2290 1067 2347 illud.
1132 2290 1213 2347 Ac
1241 2306 1339 2362 per
1365 2293 1469 2348 hoc
1511 2291 1655 2347 Deus
1687 2291 1982 2344 viventium
2030 2298 2147 2355 est,
2179 2298 2236 2345 et

608 2394 762 2434 «non
788 2395 975 2434 eorum
995 2381 1088 2451 qui
1119 2396 1227 2438 non
1249 2390 1395 2437 sunt.
1418 2382 1553 2441 Nam
1572 2391 1634 2437 et
1660 2382 1802 2437 Deus
1821 2382 2098 2438 aeternitas
2119 2392 2233 2447 est;

655 2478 852 2523 etnon
883 2479 968 2524 est
993 2466 1183 2526 eorum
1209 2486 1332 2545 quae
1368 2480 1461 2528 aut
1486 2482 1703 2527 mortua
1724 2483 1869 2538 sunt,
1898 2481 1990 2526 aut
2016 2472 2236 2527 omnino

632 2576 760 2616 non
810 2573 957 2617 sunt.
1009 2563 1289 2643 Quomodo
1333 2579 1465 2635 ergo
1503 2579 1692 2619 eorum
1739 2565 2023 2636 negabitur
2050 2564 2231 2628 Deus,

648 2670 882 2731 quorum
935 2672 994 2711 se
1021 2672 1143 2711 esse
1195 2657 1481 2729 profitetur
1525 2659 1693 2713 Deum
1745 2658 1861 2729 ipsa
1922 2657 2235 2713 aeternitas?

652 2745 796 2809 usus
832 2746 979 2800 enim
1004 2748 1093 2816 qui
1140 2756 1246 2813 est,
1286 2747 1400 2818 ipse
1448 2748 1515 2801 de
1550 2762 1611 2803 se
1650 2748 1782 2803 dicit
1812 2764 1825 2800 :
1859 2747 1969 2817 Ego
2004 2748 2236 2820 suntqui

653 2854 771 2891 sum
802 2838 999 2908 (Exod.
1026 2856 1107 2902 ιιι,
1144 2840 1251 2911 14),
1285 2850 1340 2896 et
1363 2842 1464 2896 lio:
1488 2842 1623 2899 milii
1664 2856 1862 2897 nomen
1894 2850 1976 2897 est
2004 2842 2056 2895 in
2086 2851 2236 2896 teter-

654 2928 1004 2984 llllllt.’Uttde
1043 2939 1098 2985 et
1149 2931 1482 3001 impossibile
1530 2944 1634 2996 est,
1682 2942 1739 2986 ut
1784 2934 2002 2988 dicatur
2048 2948 2234 2988 eorum

636 3019 803 3075 ancus
847 3036 989 3085 esse,
1027 3023 1119 3091 qui
1169 3039 1274 3077 non
1316 3033 1460 3079 sunt.
1492 3024 1557 3078 Et
1585 3025 1710 3094 quia
1752 3024 1856 3079 hoc
1903 3025 2237 3095 impossibile

654 3119 757 3174 est,
784 3126 918 3181 ergo
943 3127 1130 3177 comm
1159 3122 1244 3168 est
1271 3115 1410 3168 Deus
1436 3116 1526 3185 qui
1559 3122 1706 3178 sunt,
1736 3125 1792 3170 et
1820 3104 1909 3184 qui
1942 3116 2149 3180 vivunt,
2179 3125 2235 3170 et

655 3202 899 3257 sentiunt
928 3202 1187 3273 beneficia
1221 3204 1361 3273 ejus,
1392 3216 1447 3261 et
1477 3205 1781 3276 intelligunt
1824 3223 1883 3262 se
1922 3208 2090 3263 Deum
2140 3209 2237 3263 ha-

654 3292 806 3357 bere,
844 3294 999 3369 cuius
1024 3304 1078 3349 ct
1108 3297 1207 3367 ipsi
1236 3307 1386 3353 sunt.
1430 3297 1537 3354 Sed
1577 3300 1928 3370 quaerendum
1974 3299 2104 3369 quid
2152 3309 2239 3355 est

652 3388 801 3470 quod
828 3404 925 3458 per
958 3389 1197 3460 singulos
1236 3391 1405 3456 dixit,
1452 3390 1565 3463 Ego
1598 3409 1715 3448 sum
1760 3392 1898 3447 Deus
1936 3392 2233 3454 Abraham,

659 3477 801 3533 Deus
844 3477 1031 3545 Isaac,
1071 3492 1119 3535 et
1148 3479 1289 3536 Deus
1314 3482 1505 3548 Iacob,
1536 3498 1659 3537 cum
1682 3492 1866 3552 posset
1892 3482 2076 3538 dicere
2095 3523 2109 3547 ,
2138 3498 2241 3554 ego

656 3586 774 3626 sum
800 3572 940 3627 Deus
962 3572 1258 3643 Abraham,
1290 3575 1458 3642 lsaac,
1479 3584 1535 3630 et
1554 3573 1761 3632 Iacob?
1789 3575 1943 3631 Sicut
1965 3576 2071 3631 alio
2099 3575 2235 3639 loco,

658 3662 715 3730 in
750 3678 1038 3721 commune
1060 3667 1302 3725 omnium
1334 3683 1394 3722 se
1416 3667 1555 3733 dicit
1576 3682 1719 3732 esse,
1744 3685 1866 3723 cum
1899 3669 1975 3727 ait
2000 3669 2067 3724 ad
2096 3667 2243 3740 Moy-

655 3766 794 3809 seu:
840 3752 980 3809 Vade
1017 3765 1067 3809 et
1089 3756 1176 3810 dic
1215 3756 1519 3824 Pharaoni,
1552 3759 1691 3816 Deus
1718 3759 2055 3814 Hebr-morum
2101 3760 2242 3814 misit

656 3861 762 3901 me.
788 3844 903 3901 Non
927 3847 1073 3920 enim
1098 3849 1197 3905 abs
1229 3864 1287 3905 re
1314 3852 1388 3905 ita
1428 3853 1630 3908 dixisse
1656 3854 1949 3925 putandum
1977 3860 2079 3907 cst.
2099 3851 2244 3919 Quo—

660 3937 808 3992 niam
833 3940 933 3993 etsi
965 3941 1208 4009 omnium
1240 3958 1383 3998 unus
1407 3951 1514 4010 est,
1540 3942 1932 4014 perfectissime
1957 3953 2135 3997 tamen
2158 3957 2245 3998 eo-

664 4047 786 4099 rum
814 4042 896 4088 est
940 4035 1034 4104 qui
1062 4036 1205 4091 circa
1238 4035 1429 4101 Deum,
1470 4049 1528 4090 et
1568 4037 1713 4107 apud
1756 4037 1922 4090 Deum
1957 4033 2245 4104 perfectio-

665 4139 756 4181 res
783 4127 995 4187 ceteris
1033 4128 1343 4183 hominibus
1383 4131 1754 4194 inveniuntur,
1786 4138 1841 4182 et
1883 4128 2004 4182 ideo
2036 4128 2245 4198 plenius

660 4226 833 4271 totum
888 4218 1054 4273 Deum
1089 4219 1291 4274 habent
1320 4220 1372 4273 in
1420 4235 1501 4274 se.
1530 4218 1837 4289 Propterea
1883 4219 2108 4273 istorum
2139 4233 2243 4272 non

661 4308 1043 4381 communiter,
1073 4309 1167 4364 sed
1195 4318 1340 4365 totus
1360 4311 1649 4380 unicuique
1669 4323 1854 4365 eorum
1872 4310 2238 4380 singulariter,

661 4399 780 4466 iure
809 4400 952 4455 Dens
977 4401 1193 4456 dicitur.
1230 4399 1299 4455 Ut
1323 4409 1449 4471 puta
1474 4401 1518 4455 si
1543 4400 1774 4463 dicatur,
1803 4398 1969 4471 924
1997 4414 2129 4469 ager
2154 4397 2241 4452 ille

2335 2287 2442 2343 Sed
2465 2282 2839 2347 malevolentia
2861 2294 3075 2349 semper
3091 2293 3156 2333 ac
3171 2276 3315 2332 livor
3335 2274 3502 2345 magis
3519 2269 3751 2342 magisque
3762 2267 3828 2320 in-

2334 2380 2648 2450 pudentiam
2677 2374 2871 2431 nutrit.
2914 2372 3053 2427 Hinc
3083 2386 3143 2426 se
3178 2370 3318 2426 satis
3366 2367 3551 2427 callide
3570 2359 3828 2450 multitudine

2337 2449 2636 2535 armarunt,
2663 2464 2908 2538 quamvis
2933 2478 3072 2518 unus
3101 2462 3361 2531 loquatur
3385 2473 3481 2529 pro
3501 2449 3827 2518 omnibus,quia

2336 2579 2525 2619 omnes
2548 2561 2622 2616 illi
2650 2560 2953 2624 decertant,
2979 2564 3033 2612 et
3077 2554 3377 2624 loquuntur
3403 2565 3498 2622 per
3535 2561 3696 2606 unum,
3730 2551 3774 2595 ut
3798 2540 3830 2593 si

2336 2654 2555 2725 quidam
2582 2651 2776 2707 vicerit
2818 2663 3009 2704 omnes
3052 2646 3345 2702 videantur
3374 2642 3603 2705 vicisse;
3639 2637 3678 2691 si
3708 2641 3831 2725 autem

2337 2721 2514 2803 victus
2545 2742 2729 2806 fuerit,
2772 2739 2923 2797 solus
2962 2737 3209 2792 videatur
3236 2732 3517 2790 confusus.
3542 2721 3833 2786 Muciumn-

2338 2840 2476 2910 quit,
2503 2835 2642 2909 quod
2670 2832 2979 2889 mandatum
3033 2840 3291 2897 magnum
3337 2824 3390 2879 in
3436 2820 3576 2913 lege
3601 2814 3834 2913 Magislnltli

2340 2935 2520 2990 vocat,
2552 2921 2707 2993 cuius
2730 2922 2869 2977 forte
2898 2934 3006 2975 non
3033 2916 3148 2971 vult
3181 2930 3312 2969 csse
3342 2910 3649 2982 discipulus,
3671 2910 3767 2973 quia
3786 2911 3836 2996 sic

2341 3020 2640 3084 interrogat
2687 3014 2755 3066 de
2808 3024 3005 3080 magno
3058 3005 3344 3068 mandato,
3382 3011 3438 3057 et
3488 3016 3585 3056 non
3630 2997 3686 3052 de
3720 3002 3836 3047 atan-

2343 3127 2432 3167 mo
2462 3150 2477 3174 ,
2559 3117 2620 3161 ut
2680 3103 2938 3175 quidquid
3002 3099 3100 3155 ille
3166 3086 3551 3169 reSponderit'.
3608 3088 3711 3157 quia
3758 3093 3837 3175 om!

2343 3208 2483 3261 Deus
2506 3201 2698 3273 jussit,
2729 3197 2913 3253 omnia
2938 3206 3129 3264 magna
3159 3200 3295 3247 sunt
3317 3231 3334 3255 ,
3361 3188 3679 3244 occasionem
3703 3174 3837 3275 habet!

2338 3261 2526 3366 925'
2550 3288 2912 3348 calumniandi
2944 3261 3086 3340 aliud
3126 3297 3389 3339 asserens
3427 3288 3661 3348 magnum
3680 3261 3837 3366 esse

2342 3355 2602 3458 pluribus.
2635 3381 2768 3436 Nam
2793 3380 2885 3450 qui
2934 3378 3058 3432 ncte
3083 3391 3206 3430 cum
3233 3373 3370 3430 dolo
3417 3369 3704 3458 interrupi,
3724 3355 3839 3458 {rotet

2341 3450 2398 3535 et
2432 3479 2704 3549 particeps
2727 3484 2811 3529 est
2850 3472 3008 3541 huius
3036 3469 3329 3526 Pharisaei;
3374 3465 3507 3534 Quia
3551 3456 3704 3549 omnis
3735 3450 3842 3540 disci:

2344 3547 2501 3641 pulos
2520 3566 2769 3638 magistri
2799 3561 3095 3632 discipulus
3137 3569 3246 3623 est,
3278 3561 3425 3615 sicut
3451 3564 3506 3611 et
3548 3547 3766 3645 magister.

2340 3629 2591 3730 discipuli
2619 3629 2901 3726 “magister
2940 3629 3047 3708 est.
3093 3651 3399 3719 Propterea
3431 3657 3585 3701 nemo
3613 3634 3720 3730 dicit
3754 3629 3845 3730 bene

2348 3726 2622 3822 titagister,
2649 3748 2755 3802 nisi
2784 3743 3099 3814 discipulus.
3125 3741 3194 3796 Et
3220 3740 3352 3795 ideo
3374 3735 3500 3806 quia
3523 3726 3841 3822 tentati-amo»
3936 3726 3937 3791 ξ

2338 3815 2463 3911 jure
2487 3838 2622 3894 false
2662 3837 2868 3891 dixisse
2906 3833 3189 3904 probatur,
3221 3829 3334 3888 nisi
3383 3827 3522 3881 forte
3548 3815 3844 3912 intelligente.

2344 3900 2489 4002 quod
2522 3930 2610 3984 hic
2638 3941 2745 3983 non
2773 3941 2870 3981 sua
2894 3900 3086 3992 sponte
3114 3919 3305 3977 Jesum
3334 3924 3546 3973 tentare
3582 3901 3788 4002 voluerit.
3806 3900 3845 3943 υί

2348 4000 2630 4080 blatthzeus
2655 4019 2756 4085 ait,
2776 4017 2870 4074 sed
2891 4016 3016 4087 quia
3043 4026 3348 4085 persnasus
3369 4026 3400 4063 a
3426 4000 3711 4062 Pharisaeis.
3733 4001 3847 4084 qua":

2348 4128 2462 4173 tum
2491 4132 2557 4170 ex
2602 4130 2661 4168 se
2698 4110 2821 4175 fuit,
2853 4126 2959 4164 non
2995 4106 3279 4169 tentando,
3312 4103 3411 4161 sed
3457 4090 3717 4170 qumrendo
3745 4094 3789 4138 ac
3817 4090 3848 4127 Si

2350 4206 2530 4260 minus
2555 4203 2767 4262 doctus,
2794 4197 3044 4253 accessit.
3076 4193 3232 4249 Unde
3261 4203 3320 4248 et
3349 4191 3567 4248 Marcus
3600 4183 3659 4238 de
3689 4191 3740 4232 eo
3770 4181 3854 4224 οὒτ’

2349 4316 2478 4357 rans
2501 4342 2514 4365 ,
2547 4299 2674 4354 licet
2704 4299 2756 4351 in
2807 4293 2990 4350 multis
3033 4292 3239 4346 distare
3285 4288 3556 4343 videatur,
3603 4285 3750 4332 tamen

2350 4353 2850 4449 tentantcm,
2878 4384 3020 4438 sicut
3047 4379 3341 4435 Matthmus
3384 4367 3691 4432 introducit,
3722 4353 3857 4449 805"“

666 4437 780 4466 μην
811 4437 952 4455 νυ...
1233 4437 1299 4455 υ.
1325 4437 1447 4471 pa...
1474 4437 1518 4455 ε..
1543 4437 1774 4463 ...........,
1804 4437 1969 4471 ενοι,
1997 4437 2117 4469 ..δυ
2154 4437 2240 4452 ...υ
2888 4437 2917 4438 ρ
3692 4453 3705 4464 ,
3744 4464 3755 4476 ί

666 4491 881 4555 illorum
939 4502 1041 4557 est,
1085 4492 1418 4548 ostendimus
1448 4493 1592 4564 quod
1638 4477 2007 4562 unusquisque
2048 4505 2237 4545 eorum
2271 4522 2319 4580 Ι)
2350 4482 2405 4536 in
2432 4480 2540 4534 ﬁne
2568 4477 2858 4541 δεηηυιιῖεν
3187 4437 3858 4580 ρίιῖεεθξξίὶαξξῗέίὲιῗξ

664 4582 1175 4657 partcmpossideat
1208 4584 1359 4638 illius
1390 4583 1505 4651 agri
1543 4582 1999 4659 qualemcunque,
2028 4593 2082 4637 ct
2134 4597 2239 4636 non

664 4689 789 4729 eum
818 4674 1012 4728 habeat
1042 4681 1235 4729 totum.
1269 4674 1327 4727 Si
1357 4685 1536 4729 autem
1570 4674 1816 4745 dicimus.
1844 4674 1969 4743 quia
2002 4689 2133 4743 ager
2154 4671 2243 4728 illc

664 4766 812 4825 illius
842 4776 946 4837 est,
974 4769 1413 4837 demnstramus
1436 4768 1563 4837 quia
1598 4775 1770 4821 totum
1792 4765 1881 4834 illc
1910 4781 2035 4821 eum
2076 4764 2247 4834 possi-

662 4857 756 4912 det
785 4876 798 4911 :
833 4859 912 4912 sic
952 4869 1008 4912 et
1066 4874 1187 4911 cum
1220 4860 1355 4911 dixit
1385 4874 1400 4910 :
1428 4858 1539 4927 Ego
1571 4873 1690 4913 sum
1742 4856 1885 4911 Deus
1936 4855 2206 4909 Abraham
2230 4894 2245 4918 ,

665 4946 905 5003 ostendit
952 4947 1077 5015 quia
1112 4955 1280 5001 totum
1327 4948 1490 5001 habet
1517 4963 1643 5001 eum
1676 4947 1949 4999 Abraham
1982 4955 2042 4998 ut
2071 4943 2247 5014 perfe-

665 5040 1153 5108 ctuspatriarcba;
1178 5048 1233 5093 et
1261 5045 1429 5093 totum
1463 5038 1625 5092 habet
1645 5052 1769 5090 eum
1796 5036 1966 5098 Isaac,
1991 5043 2047 5090 et
2074 5043 2244 5090 totum

662 5126 854 5184 Jacob.
882 5128 949 5183 Et
992 5130 1113 5187 ideo
1156 5144 1264 5200 non
1302 5130 1498 5183 dicitur
1541 5129 1597 5183 in
1652 5141 1938 5182 commune
1976 5125 2117 5179 Deus
2150 5140 2248 5178 eo—

650 5239 813 5301 rum,
845 5223 1113 5278 sed-Deus
1137 5222 1432 5285 Abraham,
1483 5222 1622 5275 Deus
1669 5218 1836 5279 Isaac,
1870 5227 1923 5272 et
1964 5217 2105 5273 Deus
2151 5215 2250 5269 Ja-

669 5315 793 5381 cob,
823 5313 1168 5385 quiasinguli
1193 5329 1379 5369 eorum
1423 5321 1592 5367 totum
1632 5311 1901 5365 habebant
1942 5309 2128 5362 Demn.
2163 5308 2253 5361 Sic

668 5417 724 5462 et
745 5407 871 5462 alibi
888 5408 1085 5463 dicitur
1102 5406 1281 5462 :‘Deus
1301 5405 1496 5475 ElireU
1515 5403 1551 5455 V
1570 5403 1695 5473 Reg.
1716 5419 1775 5466 ιι,
1797 5400 1884 5469 M)
1903 5417 1915 5463 ;
1934 5399 2133 5455 Christi
2159 5413 2252 5452 au—

672 5506 780 5550 tem
829 5497 983 5568 longe
1010 5496 1169 5551 aliter
1194 5508 1249 5552 et
1290 5497 1430 5551 Deus
1476 5504 1528 5548 et
1560 5501 1713 5564 pater
1757 5499 1860 5545 est.
1912 5489 2080 5544 Porro
2111 5488 2251 5544 Deos

670 5585 1021 5643 Hebraeorum
1051 5590 1194 5659 quod
1220 5587 1450 5651 dicitur,
1484 5582 1821 5655 impcrl‘ectio
1852 5581 2252 5635 demonstratur

671 5695 882 5745 eorum,
914 5683 1167 5750 quoniam
1197 5681 1561 5749 unusquisque
1589 5692 1775 5731 eorttm
1803 5673 2004 5743 aliquid
2032 5673 2116 5725 vel
2141 5688 2253 5725 mo-

672 5772 850 5840 dimm
880 5775 1107 5830 habebat
1140 5776 1206 5828 de
1238 5776 1363 5827 Deo.
1399 5771 1551 5837 Quod
1580 5769 1898 5825 beneﬁcium
1932 5764 2129 5819 Christi
2155 5778 2269 5823 om

2347 4532 2405 4627 es
2434 4532 2651 4640 'fouge'a
2696 4532 2856 4637 regno
2881 4564 2975 4619 Dei
3017 4562 3234 4634 (Matth.
3286 4575 3394 4622 ιιι,
3416 4556 3533 4624 '5‘)-
3577 4547 3698 4616 θιὼ

2350 4663 2508 4719 modo
2532 4626 2666 4721 vlieri
2714 4626 2920 4730 potest,
2942 4654 3192 4725 quamvis
3223 4659 3453 4707 tentans
3492 4633 3770 4730 acwssefib
3797 4626 3861 4730 έθί

2346 4759 2508 4813 etiam
2540 4726 2757 4819 invitus,
2788 4762 2844 4807 et
2868 4726 3128 4822 quantum
3153 4763 3218 4801 ex
3266 4760 3329 4803 se
3378 4752 3523 4805 erat,
3558 4739 3733 4793 devote
3749 4726 3865 4779 inter.

2350 4864 2564 4920 rogans,
2598 4856 2655 4900 ιιι
2702 4845 2913 4901 Domini
2959 4840 3318 4911 responsione
3342 4850 3475 4891 vero
3504 4832 3570 4886 ad
3594 4824 3748 4881 ﬁdem

2351 4896 2532 4996 rectus
2570 4940 2658 4992 sit.
2694 4935 2787 4991 Vel
2823 4944 2970 4989 certe
2999 4934 3171 5000 ipsam
3202 4927 3595 4984 tentationem,
3616 4923 3756 4986 quam
3774 4896 3866 4956 δι’

2354 5036 2527 5089 ιιιωιιε
2577 5030 2777 5101 posuit,
2806 5042 2913 5082 non
2964 4999 3031 5077 in
3050 5021 3249 5076 malum
3284 5016 3635 5101 Ρνθβοδυίδδβ

2346 5088 2606 5192 decipere
2632 5088 2793 5173 vellet
2818 5128 2940 5181 eum
2965 5120 3023 5166 nt
3046 5110 3355 5167 inimicum,
3382 5088 3866 5192 scdeurioselloiig:

2352 5181 2493 5283 quia.
2520 5211 2593 5264 de
2616 5207 2837 5263 hoc-diu
2890 5202 3174 5273 quaesitum
3207 5205 3368 5259 erat;
3394 5188 3665 5261 υι-ροεςιι
3697 5181 3866 5283 of:

2334 5255 2536 5358 'lill'um
2560 5299 2725 5354 sciret
2752 5255 3030 5356 Dominus,
3054 5303 3107 5346 et
3140 5291 3356 5344 discere
3374 5301 3457 5340 .an
3476 5278 3755 5358 ignoraret.
3772 5255 3870 5331 tim

2357 5357 2531 5447 adhuc
2584 5390 2652 5444 ab
2697 5387 2977 5443 omnibus.
3031 5400 3095 5437 ac
3141 5383 3186 5436 si
3232 5381 3541 5434 incertum.
3584 5357 3869 5447 querelliw;

2358 5485 2531 5537 Lucas
2559 5492 2689 5535 vero
2718 5476 3144 5545 talcaliquidrex
3174 5472 3362 5525 vicino
3385 5468 3604 5522 Videtur
3618 5431 3875 5548 ἀίεθτῗζῗξ

2358 5575 2513 5644 longe
2551 5571 2678 5626 alibi
2733 5569 2859 5629 illud
2897 5534 3214 5635 interponit.
3269 5559 3436 5615 [inde
3490 5550 3684 5609 raetiis

2358 5626 2520 5722 aiiuom
2561 5626 2802 5727 esse,.dc
2830 5674 2935 5728 quo
2969 5626 3142 5711 Lucas
3178 5651 3283 5708 tale
3324 5644 3545 5719 aliquid
3572 5637 3772 5697 narrat;

2360 5758 2530 5812 solum
2562 5763 2780 5824 propter
2802 5750 3008 5804 ordinis
3036 5745 3379 5809 distantiam,-
3408 5750 3597 5794 verum
3622 5730 3769 5786 ctiam
3791 5721 3881 5781 (1⁸⁸³³
