4008 6354
235 334 330 393 757

1011 329 1371 390 EXPOSITIO
1405 331 1470 386 IN
1514 330 1949 387 MATTIIrEUM.
1989 361 2058 370 ——
2094 331 2220 385 ΗΒ.
2261 332 2329 399 Χ,
2369 330 2520 387 CAP.
2560 330 2720 386 XXII.

3386 337 3491 394 758

236 461 354 501 cum
414 445 713 515 interrogat
759 443 1043 499 Dominum
1088 458 1102 496 :
1151 443 1290 512 Quid
1341 443 1588 498 faciendo
1650 441 1812 496 vitam
1841 447 1889 506 Α
1917 444 2126 500 duobus
2148 447 2365 515 pendet,
2392 456 2561 501 totum
2596 447 2648 500 in
2679 445 2780 500 hoc
2804 447 3281 502 unoinstauratur
3301 449 3381 502 vel
3409 465 3496 506 rc-

237 547 489 591 :eternam
520 535 838 604 possidebo?
867 535 1020 605 longe
1047 534 1202 590 aliter
1256 535 1540 590 Dominum
1591 549 1812 603 respon-

236 626 373 680 disse
398 633 607 690 narrat,
636 633 690 678 et
720 624 885 678 multa
918 625 1261 694 proposuisse
1291 639 1410 694 qua:
1435 624 1559 678 huic
1589 639 1694 678 non
1734 623 1814 676 vi-

236 716 428 771 dentur
450 731 749 786 congruere
777 716 912 770 loto.
943 715 1048 771 Iste
1074 730 1224 780 vero,
1251 731 1412 784 quem
1455 715 1736 769 Matthaeus
1761 723 1815 768 et

236 806 447 863 Marcus
488 815 792 871 assumunt,
833 813 1056 876 accepto
1105 818 1402 875 responso,"
1429 806 1641 861 siluisse
1679 805 1816 859 bene

233 899 450 968 quidem
479 898 886 952 commendatur
916 911 946 950 a
976 895 1229 961 Domino,
1252 911 1377 951 cum
1401 897 1477 949 ait
1505 896 1551 950 ei
1580 912 1594 948 :
1623 895 1814 949 Nones

233 991 382 1060 longe
405 1008 438 1042 α
476 988 631 1060 regno
665 989 776 1043 Dei.
813 990 878 1042 Et
899 989 1025 1058 quia
1057 988 1193 1043 forte
1235 989 1534 1059 interrogat
1563 987 1829 1052 ﬁdeliter,

232 1085 373 1153 quod
417 1083 730 1136 mandatum
757 1096 1008 1151 maguum
1053 1082 1107 1134 in
1140 1079 1257 1150 lege
1287 1080 1378 1144 sit,
1405 1079 1664 1132 Dominus
1709 1092 1816 1131 non

231 1176 405 1231 solum
437 1177 581 1245 quod
622 1175 694 1228 sit
728 1189 1004 1243 magnum,
1033 1188 1217 1226 verum
1245 1173 1409 1226 etiam
1442 1180 1496 1226 et
1517 1169 1658 1239 quod
1703 1169 1815 1238 pri-

233 1283 376 1320 mum
415 1265 712 1334 respondit.
763 1265 914 1320 Unde
943 1265 1290 1333 quaerendum
1333 1263 1569 1317 arbitror
1597 1260 1816 1316 manda-

233 1367 409 1409 turum
459 1353 852 1417 differentiam;
886 1354 1010 1422 quia
1054 1353 1144 1407 ubi
1180 1361 1266 1408 est
1314 1365 1568 1420 magnum
1612 1359 1667 1404 et
1707 1349 1816 1418 pri-

233 1463 400 1509 tuum,
448 1445 520 1500 ibi
567 1452 625 1499 et
665 1443 968 1513 sequentia,
1012 1443 1197 1512 sicque
1236 1457 1334 1512 per
1375 1442 1620 1495 ordinem
1663 1455 1814 1509 quae-

235 1537 459 1590 rendum
489 1535 648 1598 forte,
703 1535 873 1588 donec
915 1534 1200 1603 pervenias
1253 1532 1320 1586 ad
1353 1531 1484 1585 illud
1531 1530 1812 1584 minimum

239 1629 566 1691 mandatum,
597 1627 741 1696 quod
779 1625 873 1695 qui
919 1625 1158 1690 solverit,
1191 1633 1247 1680 et
1291 1624 1538 1679 docuerit
1580 1623 1677 1688 sic,
1713 1621 1814 1675 mi-

237 1720 408 1773 nimus
455 1718 736 1773 vocabitur
775 1717 829 1770 in
875 1733 1040 1788 regno
1080 1716 1357 1771 cuslorum.
1389 1714 1543 1772 Unde
1577 1720 1826 1778 constat,

230 1811 356 1880 quia
387 1809 434 1864 si
461 1790 545 1864 est
574 1824 850 1880 magnum,
882 1816 937 1862 et
964 1808 1245 1863 minimum
1276 1817 1360 1863 est
1393 1809 1596 1875 utique,
1628 1816 1682 1860 et
1707 1821 1819 1860 me-
1846 1799 1894 1858 B

227 1900 400 1963 dium,
426 1909 592 1969 atque
633 1899 760 1954 hinc
789 1899 916 1955 inde
947 1897 1264 1969 multiplicia
1291 1913 1390 1968 per
1416 1897 1684 1952 ordinem.
1730 1895 1817 1950 In-

225 1999 375 2046 terea
405 1990 670 2045 Dominus
698 1990 1032 2060 reSpondens
1059 1989 1109 2044 ei
1137 1989 1296 2044 docet
1334 1997 1388 2044 et
1415 2003 1514 2043 nos
1544 1987 1668 2056 quia
1711 2002 1818 2042 non

223 2080 401 2136 solum
446 2089 530 2134 est
559 2095 812 2151 magnum
840 2079 1153 2134 mandatum
1177 2078 1346 2148 926
1373 2077 1598 2146 diligere
1625 2077 1816 2141 Deum,

221 2187 416 2226 verum
429 2172 594 2226 etiam
613 2172 937 2242 etprimum.
966 2171 1205 2225 Primum
1228 2180 1428 2231 autem,
1451 2183 1554 2224 non
1571 2169 1816 2224 ordinem

222 2263 527 2334 Scriptum
572 2264 818 2333 respicit,
843 2264 937 2319 sed
968 2263 1034 2318 ad
1065 2263 1382 2334 dignitatem
1410 2263 1628 2317 virtutls
1655 2261 1815 2316 intel-

219 2355 533 2427 ligendam;
566 2365 622 2411 et
655 2357 754 2411 hoc
781 2357 936 2426 quasi
960 2356 1290 2411 conveniens
1331 2355 1458 2410 huic
1484 2355 1602 2410 loco
1645 2363 1817 2409 atten-

220 2450 488 2504 dendum.
534 2449 672 2515 Quia
696 2450 853 2520 quasi
901 2449 1083 2504 multis
1127 2459 1519 2520 praeceptorum
1550 2450 1816 2505 mandatis

216 2540 564 2603 constitutis,
593 2539 672 2594 sic
700 2555 844 2596 nunc
871 2540 973 2594 hoc
1014 2556 1267 2612 maguum
1297 2555 1360 2595 ac
1403 2541 1638 2616 primum
1681 2540 1815 2594 dixit

219 2631 565 2685 mandatum.
613 2630 922 2685 Secundum
971 2640 1148 2685 autem
1197 2641 1252 2685 et
1291 2631 1465 2686 simile
1509 2631 1706 2700 priori,
1759 2640 1816 2686 et

217 2731 447 2792 propter
499 2721 910 2777 similitudinem
962 2739 1248 2795 magnum;
1287 2725 1430 2793 quod
1457 2734 1538 2780 est
1575 2743 1586 2779 :
1618 2724 1814 2796 Diliges

218 2820 525 2879 proximum
549 2828 696 2871 tuum
725 2819 858 2872 sicut
885 2820 1123 2888 teipsum.
1167 2819 1329 2873 Forte
1371 2819 1667 2873 secundum
1689 2819 1812 2884 hoc,

219 2908 531 2980 intelligere
555 2923 870 2976 possumus,
899 2920 953 2964 et
983 2911 1126 2964 aliud
1157 2924 1298 2973 esse,
1323 2909 1467 2978 quod
1509 2910 1579 2963 sit
1605 2908 1812 2978 magni-

221 3001 408 3055 tudine
436 3009 494 3053 et
519 2999 713 3054 ordine
736 3001 978 3065 tertium,
996 3001 1183 3070 sicque
1202 3000 1349 3054 aliud
1371 3000 1514 3069 quod
1536 3007 1810 3069 quartum,

219 3103 270 3147 et
293 3093 562 3161 deinceps
592 3105 688 3162 per
717 3093 964 3148 ordinem
1004 3093 1137 3164 legis
1167 3093 1420 3148 mandata
1443 3092 1808 3162 dinumerare.

221 3181 326 3238 Sed
379 3184 490 3238 hoc
535 3183 706 3238 solius
757 3183 852 3237 Dei
909 3191 991 3238 est
1035 3183 1330 3249 ordinare,
1377 3198 1440 3238 ac
1487 3197 1810 3253 percensere

219 3288 390 3344 usque
423 3273 492 3326 ad
526 3274 829 3327 minimum.
863 3263 998 3340 Quia
1026 3274 1128 3327 nisi
1172 3273 1420 3328 Christus
1446 3275 1548 3330 hoc
1573 3273 1808 3344 expleat,

218 3365 314 3433 qui
339 3373 428 3418 est
459 3363 558 3417 Dei
587 3363 758 3417 virtus
798 3371 851 3416 et
880 3363 972 3418 Dei
1003 3363 1293 3432 sapientia,
1319 3379 1478 3419 nemo
1508 3363 1645 3419 alius
1681 3380 1811 3418 san-

220 3462 438 3508 ctorum
465 3461 574 3518 est,
606 3454 697 3522 qui
733 3455 832 3508 hoc
880 3455 1092 3508 audeat.
1137 3454 1408 3510 Fortassis
1436 3471 1564 3527 ergo
1612 3473 1641 3510 a
1671 3463 1808 3511 tem-

227 3542 453 3609 poribus
487 3542 651 3614 Moysr
699 3558 868 3612 usque
917 3545 983 3598 ad
1031 3545 1307 3600 Christum
1351 3546 1722 3615 quaerebatur,
1757 3547 1809 3601 in

232 3630 351 3702 lege
374 3633 515 3699 quod
537 3641 676 3686 esset
699 3647 951 3704 magnum
976 3635 1286 3689 mandatum
1312 3636 1364 3690 in
1385 3650 1446 3690 ea
1470 3651 1485 3700 ;
1513 3650 1610 3690 nec
1633 3645 1810 3690 tamen

195 3719 396 3775 fuisse
426 3721 514 3789 qui
553 3722 656 3776 hoc
683 3721 752 3776 ad
777 3722 1039 3792 liquidum
1066 3724 1364 3781 deiinisset.
1395 3725 1646 3795 Alioquin
1676 3725 1812 3778 Plia-

219 3811 414 3867 risaaus
462 3813 568 3868 hoc
613 3828 719 3869 non
772 3815 1176 3886 interrogasset,
1206 3817 1306 3870 nisi
1340 3817 1429 3871 diu
1477 3817 1811 3887 multumque

216 3905 360 3972 apud
408 3903 536 3960 illos
576 3905 860 3972 quaesitum
888 3914 1055 3971 esset,
1078 3916 1132 3960 et
1161 3922 1265 3961 non
1308 3908 1606 3972 inventum,
1637 3922 1810 3976 neque

214 3994 584 4064 praeﬁnitum;
611 3995 788 4051 donec
813 3997 1034 4052 veniens
1071 3996 1318 4054 Christus
1346 3999 1546 4064 docuit,
1576 4015 1681 4056 non
1719 4013 1809 4054 so-

214 4084 325 4138 lum
355 4086 513 4155 quod
559 4094 708 4141 esset
744 4102 1022 4159 magnum,
1057 4105 1240 4144 verum
1285 4091 1446 4144 etiam
1478 4092 1618 4160 quod
1668 4101 1814 4146 esset

210 4176 459 4244 primum
489 4216 504 4240 ,
558 4176 754 4232 deinde
794 4187 850 4231 et
892 4179 1034 4248 quod
1089 4190 1230 4234 esset
1283 4181 1577 4234 secundum
1637 4181 1812 4236 simile

208 4269 408 4338 priori.
445 4267 618 4336 Cujus
643 4277 698 4324 et
733 4285 867 4339 opus
895 4280 998 4336 est,
1027 4273 1071 4325 si
1101 4272 1264 4327 vellet
1290 4273 1528 4343 explere,
1555 4275 1637 4328 vel
1667 4275 1814 4330 inve-

209 4361 332 4415 nire
381 4359 614 4415 tertium
643 4369 699 4414 et
742 4370 1016 4432 quartum,
1062 4378 1157 4418 seu
1186 4376 1284 4432 per
1310 4364 1552 4418 ordinem
1581 4365 1808 4434 reliqua.

207 4453 303 4508 Est
331 4463 530 4508 tamen
556 4461 612 4508 et
633 4455 734 4508 hoc
760 4454 1074 4508 mandatum
1101 4455 1250 4521 alibi,
1281 4457 1423 4526 quod
1449 4458 1684 4526 primum
1707 4458 1809 4512 di-

209 4548 377 4613 citur,
410 4547 514 4602 sed
546 4562 654 4602 non
685 4547 883 4613 simile,
913 4557 973 4601 ut
996 4557 1051 4603 et
1081 4563 1331 4618 magnum
1373 4550 1588 4605 dicatur
1612 4560 1667 4604 et
1695 4551 1810 4620 pri-

207 4657 384 4693 mum.
421 4638 506 4692 De
529 4654 640 4707 quo
659 4638 946 4708 Apostolus
965 4641 1040 4693 ait
1064 4659 1074 4692 :
1105 4639 1322 4694 Honora
1343 4653 1542 4711 patrem
1570 4652 1736 4707 tuum,
1758 4653 1806 4695 et

207 4743 438 4784 uiatrem
475 4731 692 4801 (Ephes.
725 4731 900 4804 v1.2),
935 4733 1078 4800 quod
1121 4744 1204 4787 est
1234 4735 1546 4788 mandatum
1575 4737 1809 4805 primum

208 4823 259 4874 in
292 4821 694 4892 promissione,
723 4837 817 4876 seu
850 4823 904 4876 in
930 4823 1064 4894 lege,
1092 4824 1216 4894 quia
1265 4827 1317 4878 in
1359 4826 1592 4880 secunda
1629 4826 1810 4880 tabula

204 4913 344 4987 legis
383 4913 632 4984 primum
681 4916 915 4984 positum
941 4916 1234 4987 legebatur.
1284 4917 1350 4971 Et
1393 4918 1521 4973 ideo.
1554 4918 1676 4971 licet
1702 4918 1811 4986 pri-

201 5024 360 5065 mum
391 5016 570 5078 queat
611 5008 738 5074 dici,
771 5025 875 5065 non
903 5013 1086 5066 statim
1118 5020 1174 5064 et
1203 5026 1475 5081 magnum,
1509 5013 1648 5065 sicut
1673 5009 1813 5065 forte

204 5110 259 5154 et
289 5101 452 5155 aliud
482 5114 736 5168 maguum
757 5102 901 5172 quod
931 5116 1036 5155 non
1069 5103 1251 5157 statim
1281 5103 1537 5171 primum.
1586 5102 1810 5156 Verum-

204 5201 398 5248 tamen
429 5191 885 5246 considerandum
905 5193 1046 5261 quod
1075 5193 1148 5246 ait
1173 5193 1423 5249 Salvator
1449 5211 1462 5247 :
1491 5193 1559 5248 In
1573 5195 1653 5248 Itis
1682 5195 1813 5248 duo-

204 5287 302 5340 bus
328 5284 611 5339 mandatis
635 5293 742 5338 tota
764 5284 847 5338 lex
868 5285 1054 5354 pendet
1078 5296 1124 5339 et
1140 5287 1423 5356 prophetam
1455 5287 1658 5343 Deinde
1672 5290 1816 5358 quod

203 5382 282 5433 ait
309 5377 616 5448 Apostolus
646 5378 712 5431 ad
735 5377 1006 5434 Romanos
1044 5377 1216 5451 (Rom.
1251 5396 1368 5444 xm,
1401 5381 1489 5451 9):
1523 5380 1646 5436 Non
1681 5397 1809 5435 nice-

204 5472 486 5534 chaberis,
515 5459 627 5523 non
647 5470 870 5535 occides,
906 5487 1009 5526 non
1054 5473 1253 5543 furtum
1299 5473 1480 5543 facies,
1510 5484 1564 5528 et
1595 5476 1638 5530 si
1669 5476 1810 5544 quod

201 5571 292 5613 est
339 5561 690 5626 mandatum,
731 5564 783 5617 in
829 5565 1128 5621 hocverbo
1172 5567 1526 5631 instauratur,
1555 5567 1637 5622 vel
1671 5567 1814 5621 sicut

203 5651 300 5706 alii
333 5650 565 5707 codices
591 5653 811 5716 habent,
844 5657 1259 5724 recapitulatur:
1289 5657 1483 5727 Diliges
1515 5657 1810 5728 proximum

203 5747 368 5794 tuum
404 5740 540 5795 sicut
584 5746 821 5815 teipsum.
863 5745 1130 5816 Quidquid
1165 5746 1328 5817 igitur
1365 5754 1443 5800 est
1477 5748 1617 5816 quod
1645 5749 1696 5800 in
1732 5748 1813 5802 bis

1913 537 2258 608 capitulatur.
2299 539 2506 594 Idcirco
2531 539 2879 608 quaerendum
2908 539 3124 594 sizaliud
3143 540 3221 593 sit
3253 541 3494 610 pendere

1917 631 1970 684 in
2003 631 2087 686 his
2113 630 2320 685 duobus
2358 631 2626 686 mandatis
2651 629 2824 700 legem
2851 640 2906 685 et
2929 632 3240 700 prophetas,
3269 643 3324 686 et
3349 632 3494 687 aliud

1913 723 2257 793 recapitulari
2287 725 2467 778 omnia
2495 723 2547 776 in
2573 723 2676 776 hoc
2695 721 2970 776 mandato.
3000 722 3149 777 Unde
3173 722 3302 792 quia
3327 739 3495 776 unum

1911 814 2021 884 jam
2053 815 2323 884 prioribus
2367 813 2621 868 Patribus
2662 813 2837 867 visum
2865 821 2950 867 est
2983 827 3384 877 :esse,.nccesse
3413 821 3498 867 cst

1917 905 2401 976 intelligereanod
2426 907 2606 961 omnia
2644 906 2938 969 ιηειηᾱθῑειν
2957 919 3058 960 seu.
3074 905 3166 959 lex-
3185 913 3238 958 et
3259 903 3496 973 prophe-

1920 1004 2006 1061 tae,
2051 996 2102 1049 in
2121 994 2308 1066 '927.
2329 1004 2558 1064 utroque
2591 994 2905 1064 pendenLet
2942 992 3386 1064 reeapitulantur,
3414 992 3497 1047 vel

1917 1087 2286 1141 instaurantur
2308 1088 2592 1150 mandato;
2621 1086 2747 1154 quia
2779 1101 2877 1140 nec
2913 1084 3054 1139 Deus
3082 1086 3200 1139 sine
3229 1083 3494 1153 proximo,

1917 1194 2019 1233 nee
2041 1181 2319 1247 proximus
2341 1177 2457 1232 sine
2475 1177 2582 1231 Deo
2605 1185 2754 1231 recte
2778 1175 3036 1246 diligitur.
3063 1175 3140 1228 Ac
3172 1191 3269 1243 per
3293 1175 3394 1227 hoc
3419 1173 3498 1225 di-

1917 1271 2074 1327 lectio
2096 1270 2190 1325 Dei
2224 1286 2288 1326 ac
2319 1271 2571 1341 proximi,
2607 1280 2772 1324 uutnn
2798 1269 3110 1322 mandatum
3143 1275 3248 1330 est,
3281 1277 3499 1330 tntaque

1916 1360 2158 1414 charitas
2179 1361 2412 1430 integra,
2433 1368 2488 1412 et
2511 1373 2639 1412 vera
2663 1359 2897 1413 dilectio.
2927 1359 3098 1421 Unde,
3130 1364 3189 1409 ut
3209 1356 3283 1408 ita
3301 1353 3498 1413 fatear.

1916 1451 1970 1504 in
1991 1465 2056 1506 eo
2077 1451 2218 1521 quod
2249 1451 2326 1504 ait
2353 1448 2672 1519 Apostolus:
2695 1447 2811 1502 Etsi
2842 1457 2916 1501 est
2940 1446 3086 1501 aliud
3114 1443 3422 1498 mandatum
3441 1442 3501 1495 in

1917 1544 2012 1596 hoc
2055 1543 2204 1596 verba
2245 1543 2608 1605 instauratur;
2641 1539 2893 1594 etiamet
2933 1534 3075 1591 istud
3107 1554 3120 1588 :
3153 1533 3350 1604 Diliges
3373 1532 3502 1586 Do-

1917 1635 2114 1688 minum
2138 1633 2302 1686 Deum
2323 1642 2473 1686 tuum
2495 1648 2560 1686 ea:
2586 1640 2694 1685 toto
2717 1629 2872 1684 corde
2892 1636 3064 1693 tuo,et
3088 1642 3153 1681 ea:
3178 1632 3288 1679 tota
3317 1624 3496 1684 anima

1918 1738 2030 1790 tua,
2060 1735 2106 1778 et
2129 1741 2195 1778 ea;
2224 1733 2333 1777 tota
2364 1733 2531 1778 mente
2557 1733 2670 1787 tua,
2707 1723 2760 1776 in
2807 1721 2908 1777 hoc
2939 1718 3178 1776 secundo
3202 1717 3283 1789 (ut
3313 1730 3502 1770 verum

1921 1815 1992 1869 sit
2015 1814 2156 1883 quod
2188 1812 2477 1882 Apostolus
2511 1812 2608 1882 ait)
2636 1810 2856 1865 omnino
2891 1806 3278 1877 recapitulatur
3307 1804 3388 1858 rel
3415 1805 3503 1858 in-

1919 1915 2209 1962 stauratur.
2243 1904 2307 1958 Et
2335 1904 2378 1958 si
2421 1903 2655 1973 primum
2681 1900 2994 1955 mandatum
3024 1896 3418 1966 recapitulatur
3444 1894 3502 1948 in

1919 1997 2179 2060 secumlo,
2216 2009 2460 2050 necesse
2486 1993 2662 2064 majus
2687 2000 2770 2047 est
2802 1999 2858 2046 et
2893 1989 3186 2045 secundum
3232 1987 3289 2041 in
3309 1985 3501 2055 primo

1921 2089 2231 2145 instaurari.
2266 2088 2331 2142 Et
2363 2087 2484 2142 ideo
2515 2087 2560 2141 si
2580 2101 2743 2142 omne
2767 2084 3080 2140 mandatum
3109 2078 3503 2149 recapitulatur

1920 2181 1972 2234 in
2010 2179 2270 2241 secundo,
2298 2176 2688 2246 recapitulatur
2714 2175 2878 2230 etiam
2901 2173 3003 2228 hoc
3032 2186 3284 2242 magnum
3315 2169 3502 2238 etpri-

1921 2277 2097 2331 mutn;
2127 2279 2180 2324 et
2208 2270 2261 2323 in
2291 2269 2378 2329 his
2409 2268 2638 2333 duobus,
2665 2266 2784 2336 jure
2811 2272 2920 2320 tota
2947 2264 3038 2318 lett
3053 2262 3256 2335 pendet
3288 2270 3353 2316 et.
3383 2276 3507 2331 pro-

1918 2360 2113 2430 phetat.
2163 2357 2269 2412 Nec
2316 2357 2590 2412 immerito
2641 2357 2806 2426 igitur
2859 2370 3112 2424 magnum
3160 2352 3504 2420 etpritnunt

1919 2450 2230 2504 mandatum
2273 2450 2326 2502 in
2359 2448 2475 2518 lege
2510 2464 2539 2500 a
2570 2448 2795 2501 Domino
2833 2445 3273 2500 delinitumest:
3311 2441 3505 2512 Diliges

1916 2541 2200 2597 Dominum
2227 2539 2388 2599 Deum
2405 2549 2552 2592 tuum
2579 2547 2764 2592 estote
2779 2536 3104 2600 cordettto,et
3119 2551 3184 2589 ea?
3205 2544 3312 2588 tota
3327 2533 3507 2586 anima

1915 2641 2029 2697 tua,
2049 2641 2096 2685 et
2130 2647 2195 2685 ea:
2225 2640 2334 2684 tota
2365 2639 2533 2683 mente
2561 2638 2674 2682 tua.
2704 2626 2804 2683 Cui
2837 2627 2882 2682 si
2919 2625 3120 2696 aliquid
3165 2622 3506 2681 subtraxeris

1924 2724 1990 2778 de
2025 2721 2394 2793 magnitudine
2443 2719 2560 2788 ejus
2588 2727 2641 2773 et
2691 2719 2758 2774 de
2785 2718 3019 2788 primatu
3066 2716 3254 2786 ipsius,
3283 2717 3350 2770 de
3388 2722 3500 2769 toto

1916 2814 1972 2869 id
1997 2813 2292 2869 subtrahis.
2326 2813 2392 2867 Et
2410 2811 2502 2881 qui
2524 2810 2590 2866 de
2613 2819 2725 2866 toto
2754 2809 2844 2866 illo
2864 2809 3118 2865 mandato
3140 2808 3343 2878 aliquid
3370 2807 3499 2863 sub—

1918 2903 2106 2968 trahit,
2135 2903 2188 2958 id
2214 2911 2318 2969 est,
2341 2911 2434 2956 aut
2456 2901 2522 2956 de
2546 2916 2612 2957 eo
2639 2901 2783 2970 quod
2813 2910 2915 2964 est,
2955 2916 3022 2956 ex
3051 2911 3162 2956 toto
3190 2899 3376 2966 corde,
3406 2908 3503 2954 aut

1914 3010 1982 3049 ex
2027 3005 2138 3049 tota
2163 2994 2367 3057 anima,
2399 3003 2493 3047 aut
2516 3008 2584 3048 ex
2618 3003 2730 3048 tota
2764 3001 2970 3058 mente,
2997 2994 3422 3062 quod-magnum
3449 3000 3507 3045 et

1917 3088 2152 3156 primum
2198 3096 2300 3150 est,
2339 3087 2394 3140 ni
2424 3101 2489 3140 ex
2522 3093 2636 3141 toto
2665 3097 2916 3141 servetur
2941 3085 3350 3154 COI‘I‘mllpi'itll‘.'
3373 3081 3506 3138 Pro-

1913 3188 2098 3250 pterea
2143 3180 2238 3249 qui
2284 3179 2395 3232 vult
2442 3177 2724 3233 Dominum
2756 3179 3113 3232 Deus-usuum
3157 3175 3383 3245 diligere
3427 3189 3497 3229 ex

1916 3279 2048 3334 toto,
2077 3278 2405 3339 exsequatur
2428 3277 2610 3338 partes
2635 3269 2808 3338 plena:
2837 3268 3170 3331 dilectionis,-
3191 3279 3254 3322 et.
3275 3265 3498 3336 impleat

1913 3375 1979 3417 ex
2003 3371 2139 3428 toto,
2167 3370 2226 3416 ut
2247 3376 2353 3417 non
2387 3361 2560 3414 solum
2595 3360 2892 3415 Dominume
2913 3361 3088 3414 Deum
3104 3367 3372 3412 totmnex
3390 3365 3502 3413 toto

1915 3451 2118 3522 diligat,
2150 3465 2334 3505 verum
2381 3450 2544 3505 etiam
2593 3449 2694 3503 tria
2742 3448 2851 3512 illa,
2901 3465 2968 3504 ex
2996 3449 3206 3518 quibus
3260 3446 3502 3516 diligitur

1915 3544 2056 3598 Deus
2090 3559 2158 3598 ex
2198 3551 2308 3595 toto
2357 3541 2631 3604 exhibeat,
2691 3539 2742 3593 id
2792 3548 2978 3595 estex
3020 3549 3131 3594 toto
3175 3537 3338 3592 corde
3366 3552 3499 3599 suo.

1913 3635 2054 3703 apud
2091 3648 2150 3688 se
2196 3633 2362 3688 Deum
2393 3623 2561 3685 totum
2585 3623 2649 3684 in
2693 3629 2856 3684 corde
2887 3645 2966 3684 ac
2995 3630 3040 3683 si
3071 3629 3388 3682 thesaurum
3415 3643 3502 3682 re-

1912 3727 2128 3791 condat,
2151 3726 2207 3778 in
2236 3725 2383 3780 omni
2415 3723 2730 3793 operatione
2753 3721 3154 3791 etcogitatione
3175 3735 3270 3774 sua
3298 3734 3312 3783 ;
3349 3727 3403 3774 et
3431 3735 3501 3775 ex

1915 3829 2023 3874 tota
2057 3820 2236 3873 anima
2266 3833 2401 3882 sua,
2431 3819 2503 3870 ita
2557 3827 2612 3870 ut
2659 3826 2878 3888 paratus
2921 3816 3240 3885 sihpouere
3277 3829 3403 3869 eam
3445 3815 3501 3869 in

1915 3919 2108 3974 morte,
2153 3925 2250 3979 pro
2285 3923 2350 3962 eo
2390 3909 2480 3979 qui
2529 3909 2781 3962 universa
2830 3907 3036 3961 creavit
3063 3947 3075 3969 ,
3100 3921 3178 3960 ne
3219 3904 3325 3959 ulla
3371 3919 3502 3975 pars

1914 4005 2108 4059 auium:
2147 4003 2434 4058 divellatur
2464 4003 2530 4057 ab
2557 4018 2640 4065 eo,
2672 4004 2762 4073 qui
2795 4002 2939 4056 illam
2987 4002 3163 4066 dedit;
3198 4011 3251 4056 et
3283 4017 3348 4056 ex
3391 4009 3502 4067 tota

1917 4104 2118 4159 mente,
2144 4103 2200 4148 ut
2222 4095 2353 4149 nihil
2385 4095 2822 4150 aliudintellectu
2839 4103 3034 4148 nostro
3049 4103 3318 4158 versetur,
3336 4108 3501 4162 quam

1915 4186 2213 4257 intelligere
2234 4196 2289 4241 et
2318 4187 2560 4258 cogitare
2591 4185 2656 4240 de
2689 4185 2944 4241 DeouIIis
2968 4187 3146 4242 tribus
3178 4187 3362 4256 itaque
3381 4201 3502 4255 par-

1919 4283 2083 4348 tibus,
2115 4290 2259 4338 totus
2287 4290 2342 4335 et
2380 4282 2588 4351 integer
2633 4288 2886 4336 constare
2931 4280 3134 4335 dicitur
3161 4281 3357 4344 homo;
3393 4295 3500 4336 non

1915 4373 2060 4442 quod
2098 4372 2291 4436 tribus,
2323 4380 2382 4426 ut
2411 4372 2627 4440 quidam
2673 4370 2875 4432 volunt,
2909 4371 3228 4425 substantiis
3258 4371 3321 4424 sit
3351 4383 3501 4425 com-

1916 4472 2107 4532 pactus
2137 4463 2318 4526 homo,
2360 4462 2466 4516 sed
2485 4459 2714 4526 duabus,
2760 4461 2814 4515 id
2843 4462 3143 4516 est-anima
3169 4473 3225 4515 et
3250 4475 3496 4532 corpore.

1918 4555 2064 4609 Licet
2092 4552 2378 4622 Apostolus
2403 4552 2547 4607 dicat
2583 4550 2691 4606 :-lJt
2733 4551 2929 4622 integer
2964 4553 3177 4622 spiritus
3215 4563 3377 4607 vester
3411 4551 3498 4625 (II

1920 4645 2099 4698 Thess.
2150 4659 2245 4709 lli,
2286 4644 2458 4714 33.5),
2532 4644 2710 4697 anima
2763 4653 2816 4698 et
2866 4646 3266 4715 corpus;-qu-ia
3316 4646 3500 4701 anima

1919 4743 2205 4802 utramque
2223 4741 2312 4786 est
2333 4730 2670 4786 et-animaet’
2683 4732 2929 4802 spiritus.
2959 4731 3357 4788 'Vcl'tlltltall’lcn-
3375 4749 3501 4803 pars

1917 4827 2034 4895 ejus
2069 4843 2175 4895 qua
2209 4825 2508 4880 vivilicatur
2546 4827 2963 4896 corpus-anima
2997 4827 3328 4897 appellatur;
3363 4831 3500 4884 etni-

1922 4921 2269 4974 ucntia'vero
2315 4935 2442 4988 pars
2487 4920 2603 4989 ejus
2631 4933 2736 4988 qua
2781 4920 3132 4991 intelligimus
3169 4930 3231 4974 et
3262 4921 3500 4976 ratioci-

1897 5026 2132 5074 nantur,
2173 5023 2328 5064 mens
2375 5009 2592 5066 dicitur.
2634 5011 2809 5066 Porro
2843 5025 2936 5066 cor
2962 5027 3076 5082 «pro
3098 5025 3267 5080 parte
3319 5013 3501 5066 «ramis

1921 5101 2209 5170 accipitur;
2237 5111 2368 5156 utet
2396 5119 2526 5157 caro
2563 5105 2729 5160 Deum
2767 5104 2933 5166 sitire,
2967 5104 3240 5171 Deumque
3277 5105 3501 5173 diligere

1919 5195 2130 5267 possit,
2163 5209 2228 5250 ex
2272 5204 2383 5250 toto
2421 5197 2785 5252 elaboremus.
2811 5196 2998 5267 .928
3028 5195 3130 5250 Pro
3153 5212 3279 5265 quo
3328 5196 3501 5252 Darii

1899 5294 2032 5348 Deo
2053 5291 2427 5363 pollicebatur,
2458 5292 2630 5347 Sitirit
2658 5294 2710 5347 in
2733 5300 2781 5346 te
2815 5292 2992 5344 anima
3013 5307 3150 5354 mea,
3177 5293 3501 5360 quammul-

1911 5385 2162 5454 tipliciter
2203 5386 2294 5440 tibi
2339 5403 2462 5440 caro
2492 5403 2607 5440 mea
2635 5385 2806 5458 ('Psal.
2829 5421 2834 5424 -
2854 5384 3093 5452 Lam-2).
3123 5384 3329 5451 Quibus
3348 5395 3499 5455 pro-

1918 5477 2058 5532 lecto
2097 5478 2358 5548 partibus,
2391 5494 2512 5532 cum
2541 5479 2606 5532 ad
2647 5477 2740 5531 Dei
2783 5476 3124 5531 dilecﬁonem
3159 5477 3500 5533 totusbonto

1919 5571 2129 5639 integer
2151 5584 2212 5624 ex
2241 5577 2352 5624 toto
2376 5568 2718 5632 transfertur,
2746 5564 3164 5620 maximmnﬁei-
3185 5567 3500 5623 mandatum

1920 5661 2191 5726 complere
2211 5661 2333 5730 jure
2362 5660 2632 5714 creditur.
2652 5657 2766 5714 Etsi
2795 5656 3016 5726 diligere
3044 5658 3504 5728 proximtnnma-

1923 5770 2084 5823 guunt
2121 5761 2222 5817 est,
2257 5768 2358 5805 non
2391 5760 2566 5803 tamen
2603 5749 2830 5821 primum
2876 5759 3130 5816 voratur,
3164 5750 3255 5804 serl
3301 5749 3494 5805 simile.
