4008 6354
651 318 754 374 ῗ59

1379 364 1385 369 .
1454 320 1512 376 s.
1556 319 1907 376 rascrrasu
1949 322 2295 379 uanusnrr
2326 323 2615 379 ABBATIS
2647 285 3091 383 conuulsusrs
3707 351 3780 404 που

606 470 611 473 -
645 431 781 499 Quia
808 439 863 486 et
907 431 1186 501 proximus
1212 432 1265 485 in
1295 431 1461 487 Deum
1489 433 1751 503 diligitur,
1779 442 1836 488 et
1873 431 2017 488 Deus
2045 434 2098 487 in
2127 433 2225 488 ho-
2254 436 2299 493 Α
2328 435 2513 503 spiritu
2538 446 2686 488 vocat
2713 451 2832 489 eum
2876 435 3178 500 Dominum,
3202 439 3405 497 dicens:
3435 443 3555 500 Dixit
3593 440 3783 512 Dominus

646 523 811 585 mine,
834 523 988 593 cujus
1010 531 1094 578 est
1121 524 1317 596 imago,
1348 533 1580 578 amatur.
1627 524 1739 580 Nec
1762 525 2034 582 immerito
2061 526 2225 596 igitur

645 616 842 680 simile,
878 616 1115 672 maxime
1164 625 1387 688 propter
1413 617 1733 689 mysterium
1774 616 1978 673 Christi
2021 619 2113 687 qui
2142 627 2225 672 est

645 706 923 774 proximus
966 715 1184 771 noster,
1231 707 1542 777 suscipiens
1573 721 1794 763 carnem
1841 716 2082 765 nostram
2108 747 2122 769 ,
2170 714 2227 761 et

645 795 818 852 factus
844 806 947 861 est,
975 798 1118 853 sicut
1141 798 1253 867 ipse
1292 798 1345 852 in
1369 798 1474 853 alia
1519 796 1757 854 ostendit
1785 798 2062 868 parabola,
2094 813 2222 868 pro-

646 886 823 941 ximus
840 895 1039 943 noster.
1061 888 1127 943 Et
1150 888 1270 943 ideo
1285 888 1519 958 primum
1537 891 1846 943 mandatum
1860 888 2221 947 etmaximum

641 988 726 1032 est
750 979 1037 1050 Dominum
1061 980 1228 1037 Deum
1250 981 1505 1051 diligere;
1530 982 1825 1051 secundum
1848 991 2025 1036 autem
2050 981 2222 1038 simile

598 1109 609 1128 .
644 1085 742 1137 per
769 1070 970 1131 omnia,
1009 1070 1199 1124 Filium
1234 1069 1330 1123 Dei
1360 1069 1588 1135 scilicet,
1612 1070 1736 1139 quia
1764 1070 2025 1124 Mediator
2051 1069 2144 1123 Dei
2171 1079 2224 1124 et

592 1185 615 1197 υ
646 1159 923 1213 hominum
948 1161 1121 1214 factus
1145 1170 1248 1224 est,
1265 1161 1514 1215 similiter
1533 1176 1601 1215 ex
1629 1168 1742 1215 toto
1764 1161 1950 1216 etsine
1972 1175 2220 1215 mensura

594 1264 607 1295 .'
641 1246 891 1317 diligere,
918 1264 1264 1320 cognoscere,
1291 1260 1346 1305 et
1385 1252 1653 1309 venerari.
1703 1251 1908 1307 Deinde
1946 1252 2223 1321 proximos

596 1388 601 1397 .
639 1342 694 1396 in
726 1343 841 1411 ipso
866 1344 1079 1400 Christo
1099 1345 1246 1408 Jesu,
1266 1361 1387 1401 cum
1408 1362 1683 1408 mensura,
1701 1347 1841 1401 sicut
1865 1348 2221 1415 nosmetipsos

637 1448 826 1489 amare
846 1444 901 1489 et
927 1436 1169 1507 diligere,
1197 1446 1255 1490 ut
1283 1451 1448 1490 unum
1470 1437 1523 1490 in
1553 1438 1806 1493 omnibus
1829 1451 1925 1507 per
1945 1437 2217 1493 Christum

590 1548 601 1555 ο
637 1524 1327 1594 eompleaturmandatum.
1356 1527 1630 1597 Alioquin,
1672 1528 1814 1584 sicut
1840 1528 1917 1584 ait
1944 1526 2177 1583 Joannes
2203 1547 2215 1583 :

639 1610 747 1676 Qui
776 1614 901 1667 dicit
932 1631 987 1668 se
1008 1613 1176 1669 Deum
1202 1616 1419 1685 diligere
1436 1658 1449 1678 ,
1484 1626 1530 1669 et
1554 1616 1771 1685 fratrem
1794 1633 1948 1670 suum
1974 1632 2075 1671 non
2097 1616 2222 1670 dili-

592 1740 597 1751 .
636 1704 741 1771 git,
767 1704 993 1759 mendax
1018 1715 1091 1759 est
1123 1704 1174 1777 (1
1203 1705 1365 1760 Joan.
1399 1722 1470 1769 tv,
1506 1705 1621 1776 20).
1648 1707 1747 1760 Et:
1783 1704 1966 1763 Omnis
2006 1710 2096 1777 qui
2137 1708 2217 1761 di-

2334 524 2555 579 Domino
2586 542 2721 590 meo,
2754 524 2886 579 Sede
2906 545 2938 581 α
2966 527 3162 581 dextris
3207 530 3345 596 meis,
3370 534 3514 588 donec
3539 555 3690 605 ponant
3709 546 3783 598 ini-

2331 615 2491 668 micas
2517 622 2655 677 tuos,
2689 613 2972 668 scabellum
3000 615 3186 684 pedum
3230 622 3465 675 tuorum?
3508 622 3631 681 llauc
3665 629 3786 701 igitur

2328 704 2691 772 quaestionem~
2724 705 2906 758 miseri
2952 703 3116 759 Judaei
3154 707 3272 777 quia
3323 710 3543 766 ridebant
3570 726 3715 772 contra
3747 739 3787 777 se

2330 796 2531 861 venire,
2549 797 2807 866 quamvis
2831 797 3033 855 scirent
3063 798 3201 853 forte
3229 817 3290 855 ex
3318 805 3561 873 prophetis
3582 815 3786 877 quomodo

2331 889 2608 953 Dominus,
2636 889 2719 942 vel
2763 891 3032 958 quomodo
3059 898 3114 945 et
3145 891 3281 947 ﬁlius
3321 896 3453 949 ekset
3478 896 3634 963 David,
3658 903 3788 959 nolue-

2330 985 2454 1031 runt
2498 986 2677 1032 tamen
2732 980 3056 1048 respondere
3093 980 3164 1041 ei.
3200 982 3290 1036 sed
3341 991 3608 1040 tacuerunt.
3640 988 3789 1060 Negare

2329 1067 2492 1133 igitur
2518 1083 2621 1122 non
2663 1076 2915 1137 poterant
2938 1070 3080 1138 quod
3110 1071 3269 1125 David
3296 1072 3413 1127 olim
3440 1074 3487 1128 in
3534 1076 3715 1134 Psalmis
3743 1083 3789 1137 de

2329 1155 2445 1223 ipso
2467 1157 2903 1231 prophetaverat,
2939 1174 3113 1230 neque
3135 1159 3482 1232 subterfugere
3510 1166 3640 1220 aliter
3675 1184 3789 1237 quam

2325 1244 2561 1308 silendo;
2594 1247 2798 1304 ideirco
2835 1249 2975 1303 male
3005 1250 3058 1303 iu
3086 1265 3144 1305 se
3169 1251 3369 1316 conﬁsi,
3399 1267 3458 1319 ac
3480 1255 3520 1309 si
3542 1256 3625 1320 rei,
3646 1266 3788 1312 tacent.

2328 1334 2435 1394 Sed
2464 1347 2520 1391 et
2561 1338 2821 1394 Dominus
2857 1339 3033 1405 Iesus,
3081 1357 3187 1399 non
3229 1345 3459 1404 eamdem
3484 1347 3555 1400 eis
3591 1349 3789 1416 exposuit,

2326 1442 2499 1501 neque
2530 1427 2745 1482 modum
2775 1430 3088 1498 quaestionis
3116 1432 3362 1498 absolvit,
3400 1434 3489 1489 sed
3521 1435 3651 1491 nobis
3682 1436 3791 1493 Chri-

2323 1518 2515 1572 stianis
2539 1533 2636 1588 per
2665 1518 2910 1585 Paulum,
2940 1523 2992 1576 in
3020 1538 3128 1592 quo
3172 1523 3478 1595 loquebatur
3516 1530 3628 1596 ipse,
3651 1528 3792 1597 plenis-

2324 1608 2457 1661 sime
2503 1609 2779 1663 reseravit.
2828 1610 2968 1666 Dicit
2997 1613 3141 1666 enim
3171 1613 3388 1683 loquens
3410 1616 3470 1669 ad
3499 1616 3790 1672 Timotheum:

2280 1754 2285 1759 ,
2326 1696 2527 1751 Mentor
2561 1709 2670 1753 esto
2707 1698 2971 1755 Christum
3015 1700 3198 1755 Iesum
3230 1704 3597 1759 resin-rexisset:
3637 1707 3793 1760 mortuis

636 1794 751 1863 ﬁgi,
782 1795 1128 1863 iniquitatem.
1179 1797 1288 1851 οάίι
1330 1798 1559 1851 animum
1608 1814 1759 1852 suam
1807 1794 1980 1866 (Ρδαι,
2022 1815 2051 1852 ι
2073 1840 2088 1863 ,
2141 1799 2217 1868 5),
2251 1783 2295 1842 Β
2323 1804 2387 1840 ex
2409 1790 2602 1844 semine
2630 1788 2796 1843 David
2819 1792 3104 1846 secundant
3126 1808 3352 1856 carnem,
3374 1793 3518 1862 juxta
3542 1793 3794 1864 Eraugelirm

641 1882 793 1939 Unde
828 1886 1213 1942 elaborandum
1241 1894 1362 1941 eum
1395 1887 1486 1942 Dei
1517 1887 1723 1961 gratia,
1765 1888 1889 1957 quia
1920 1888 2096 1944 simile
2135 1890 2218 1944 di-

636 1976 780 2030 citur
822 1979 1134 2034 mandatum
1176 1981 1229 2033 in
1284 1979 1571 2049 dilectione
1619 1983 1886 2051 proximi,
1926 1992 1989 2037 ut
2030 1984 2217 2039 eodem

639 2065 800 2121 modo
827 2070 1107 2137 proximus
1136 2079 1347 2126 ametur
1371 2087 1439 2127 ex
1473 2077 1586 2126 toto
1615 2072 1811 2135 corde.
1857 2072 2015 2128 sicuti
2046 2074 2218 2129 amari

589 2184 597 2191 -
636 2161 968 2232 praecipitur.
998 2162 1129 2230 Quis
1158 2166 1300 2219 enim
1336 2180 1440 2221 non
1482 2175 1596 2227 toto
1641 2168 1835 2235 corde,
1867 2176 1924 2223 et
1960 2183 2066 2223 non
2107 2176 2217 2224 tota

584 2278 591 2283 -
632 2252 815 2308 anima
838 2294 853 2319 ,
899 2262 955 2309 et
988 2271 1093 2311 non
1124 2263 1233 2311 tota
1266 2264 1449 2319 mente
1491 2273 1549 2313 se
1586 2258 1765 2312 amari
1787 2267 2060 2329 optasset,
2093 2274 2213 2314 cum

625 2347 805 2401 dicit:
837 2346 984 2402 Sicut
1015 2350 1277 2419 teipsumi‘
1304 2348 1409 2405 Sed
1448 2351 1591 2405 inter
1620 2352 1786 2406 Deum
1823 2360 1879 2407 et
1905 2352 2214 2422 proximum

582 2466 587 2473 α
632 2436 787 2504 quasi
833 2437 1076 2506 quedam
1123 2438 1379 2493 discretio
1407 2440 1643 2508 ponitur,
1685 2454 1753 2495 eo
1783 2455 1851 2496 ne
1880 2441 2003 2511 quis
2034 2442 2216 2510 proxi-
2268 2482 2275 2491 .

634 2542 779 2581 mum
807 2544 965 2598 quem
1002 2530 1224 2601 diligere
1256 2542 1509 2602 tanquam
1535 2533 1771 2604 seipsum
1790 2531 2033 2601 iubetur,
2058 2534 2212 2605 qua~i

633 2618 801 2673 Deum
830 2621 1059 2677 adorare
1102 2622 1266 2687 velit,
1296 2638 1456 2692 quem
1487 2622 1606 2694 plus
1648 2639 1807 2693 quam
1856 2625 2091 2695 seipsum
2114 2666 2128 2690 ,
2160 2634 2215 2679 et

627 2725 791 2780 quam
821 2727 1035 2770 omnem
1066 2715 1340 2769 hominem
1378 2714 1600 2786 diligere
1638 2724 1872 2786 oportet.
1919 2715 2211 2786 Propterea

626 2816 752 2856 eum
783 2803 893 2857 ait:
921 2803 1221 2859 Secundum
1251 2805 1423 2860 simile
1454 2817 1529 2860 est
1573 2807 1695 2861 huic
1714 2847 1728 2870 ,
1770 2822 1833 2862 ac
1865 2805 2211 2863 dilectionem

626 2892 830 2948 Christi
862 2894 1147 2951 referenda
1178 2907 1261 2951 est
1305 2898 1417 2951 haec
1448 2898 1777 2963 similitudo;
1812 2908 1873 2953 ut
1903 2899 2044 2954 sicut
2073 2899 2213 2954 Deus

632 2982 813 3049 Pater,
831 2984 904 3039 ita
916 2994 969 3040 et
985 2983 1129 3041 Deus
1149 2985 1398 3043 Christus
1411 2987 1588 3044 Patris
1601 2988 1790 3053 Filius,
1807 2989 1900 3060 qui
1922 3000 2006 3044 est
2030 2997 2215 3043 noster

624 3076 931 3145 proximus,
973 3076 1244 3150 diligatur.
1284 3080 1352 3133 Et
1394 3082 1519 3151 quia
1568 3081 1805 3151 reliquos
1850 3097 1950 3135 nos
1996 3089 2210 3150 oportet

2276 1923 2281 1927 .
2330 1899 2499 1937 meum
2530 1883 2581 1951 (I
2618 1883 2752 1940 Tim.
2785 1902 2845 1948 ll,
2872 1885 2948 1954 6).
2980 1886 3133 1949 Ecce
3161 1888 3419 1955 quomodo
3457 1886 3669 1941 Christus
3701 1885 3796 1940 illius

2323 1985 2407 2030 est
2444 1977 2632 2041 David,
2670 1961 2876 2032 scilicet
2921 1978 3215 2034 secundum
3255 1994 3484 2049 carnem,
3510 1978 3619 2048 quia
3656 1978 3705 2031 de
3736 1992 3795 2031 se-

2322 2067 2465 2122 mine
2494 2068 2673 2121 carnis
2701 2068 2818 2138 ejus
2849 2078 3006 2122 natus
3031 2078 3132 2128 est.
3168 2068 3439 2141 Quomodo
3477 2075 3634 2127 autem
3655 2066 3708 2120 sit
3729 2065 3798 2118 llo—

2321 2159 2500 2214 rninus
2530 2160 2740 2214 David?
2769 2160 2942 2231 ipsum
2986 2160 3299 2232 Apostolum
3347 2162 3701 2230 interrogemus.
3725 2157 3797 2211 imo

2319 2251 2591 2307 Christum
2626 2253 2717 2322 qui
2745 2270 2840 2324 per
2868 2254 3037 2325 ipsum
3070 2254 3403 2324 loquebatur.
3450 2252 3576 2307 Dicit
3605 2252 3718 2306 enim
3748 2251 3795 2304 ita

2319 2344 2387 2399 de
2420 2344 2574 2415 ipso:
2608 2344 2852 2411 Quicum
2879 2345 2931 2400 in
2960 2345 3130 2415 forma
3183 2346 3277 2399 Dei
3317 2352 3462 2408 esset,
3505 2360 3598 2403 non
3626 2342 3798 2410 rapinam

2319 2434 2604 2489 arbitratus
2652 2446 2726 2489 est
2777 2451 2887 2490 esse
2930 2453 2984 2489 se
3029 2434 3287 2507 aequalem
3314 2434 3419 2515 Deo
3447 2431 3708 2504 (Pltilip.tl.
3745 2427 3796 2489 6)-

2319 2525 2583 2592 Quouiam
2609 2543 2716 2581 non
2747 2542 2843 2597 per
2888 2528 3132 2597 rapinam
3177 2526 3396 2598 :equalis
3432 2533 3541 2581 erat
3570 2526 3659 2578 Deo
3694 2520 3796 2587 Patri

2317 2616 2372 2670 in
2405 2616 2575 2671 forma
2618 2616 2734 2683 Dei,
2767 2617 2859 2672 sed
2883 2632 2978 2687 per
3013 2627 3266 2682 naturam
3311 2615 3623 2687 sempiterna:
3657 2607 3796 2666 nativi-

2320 2706 2467 2780 tatis,
2503 2706 2557 2761 in
2584 2722 2689 2778 qua
2722 2722 2946 2762 manens
2974 2708 3114 2775 Deus
3147 2707 3362 2778 genitus
3391 2723 3419 2760 a
3451 2705 3610 2760 Patre.
3650 2701 3797 2765 Secun-

2317 2796 2443 2851 dum
2465 2812 2627 2867 quam
2654 2798 2882 2867 formam
2913 2813 3043 2870 rogo
3061 2799 3192 2869 quia
3219 2797 3480 2853 nascendo
3508 2796 3630 2849 Deus
3651 2790 3798 2857 exstitit

2316 2904 2347 2942 a
2382 2888 2558 2951 Patre,
2589 2903 2852 2958 cognosce
2877 2888 3049 2959 ipsum
3074 2890 3431 2959 cumdemque
3456 2885 3697 2941 Dominum
3727 2879 3799 2947 Ds-

2315 2980 2424 3033 vid.
2485 2978 2550 3032 Et
2577 2979 2625 3044 si
2670 2966 2986 3049 cognoveris
3020 2994 3144 3033 eum
3200 2995 3324 3034 vere
3368 2976 3624 3033 Dominum
3662 2968 3795 3048 Darii.

2315 3091 2611 3148 cognosces
2664 3078 2850 3147 utique
2900 3076 3067 3157 Deum
3112 3077 3282 3150 930
3318 3088 3370 3132 et
3409 3074 3673 3142 Dominum
3715 3081 3796 3122 esse

623 3165 851 3238 diligere
873 3146 1240 3238 proxiuios,in
1264 3170 1378 3239 ipsa
1407 3171 1702 3241 eademque
1731 3170 2020 3239 dilectione
2054 3187 2207 3226 meu-
2236 3146 2280 3206 ί]
2311 3169 2551 3222 omnium
2599 3152 3019 3229 creaturarum,~
3047 3169 3216 3223 etiam
3272 3179 3328 3235 et
3370 3166 3678 3237 angelorum;
3714 3158 3799 3229 quia

622 3273 749 3313 sura
788 3260 1031 3329 ponitur,
1077 3261 1211 3316 sicut
1263 3263 1502 3332 teipsum.
1530 3284 1537 3291 -
1565 3262 1860 3334 Propterea
1906 3262 2202 3318 secundum

618 3350 794 3405 simile
820 3360 905 3406 est
946 3352 1149 3421 priori,
1181 3362 1242 3407 ut
1264 3354 1527 3425 diligatur.
1558 3354 1834 3417 Christus,
1877 3353 2019 3408 trulla
2051 3371 2080 3407 a
2122 3352 2204 3408 hi-

620 3442 812 3495 heatur
832 3453 1107 3506 mensura,
1133 3442 1234 3496 sed
1254 3456 1319 3496 ex
1351 3452 1463 3496 toto
1487 3444 1670 3509 corde,
1693 3452 1748 3496 ct
1769 3459 1833 3497 ex
1861 3454 1969 3502 tota
1996 3442 2199 3509 anima,

615 3538 671 3584 et
699 3546 767 3585 ex
796 3538 907 3585 tota
934 3541 1134 3587 mente.
1169 3531 1236 3586 Et
1263 3540 1320 3586 ut
1351 3533 1464 3586 hzec
1491 3533 1710 3588 dilectio
1740 3533 1823 3587 vel
1850 3533 2091 3589 Charitas
2114 3548 2202 3585 or-

578 3650 583 3653 -
615 3622 799 3676 dinata
832 3623 930 3686 sit,
962 3622 1158 3692 Diliges
1179 3624 1476 3691 proximum
1505 3633 1652 3677 tuum
1689 3625 1821 3677 sicut
1862 3624 2100 3690 teipsum.
2137 3621 2203 3681 Et

615 3714 736 3767 ideo
761 3714 883 3783 quia
915 3714 968 3767 in
1001 3712 1084 3768 his
1112 3712 1321 3767 duobus
1349 3713 1618 3768 mandatis
1637 3755 1650 3775 ,
1675 3713 1817 3767 sicut
1847 3713 2049 3768 dictum
2082 3722 2165 3769 est
2184 3754 2198 3775 ,

617 3812 728 3857 tota
754 3803 842 3858 lex
866 3803 1063 3873 pendet
1082 3812 1136 3859 et
1158 3806 1453 3875 propheta-,
1471 3805 1661 3860 melius
1683 3805 1748 3860 ad
1772 3803 2045 3862 Christum
2073 3805 2199 3873 quia

614 3907 741 3948 vere
805 3892 1083 3961 proximus
1144 3904 1331 3949 noster
1386 3904 1503 3957 est,
1551 3895 1787 3950 refertur
1846 3895 1948 3949 hoc
2008 3910 2199 3949 secun-

615 3987 742 4038 dum
822 3983 996 4039 simile
1057 3985 1403 4049 mandatum;
1466 3987 1590 4055 quia
1643 3986 1729 4041 lex
1794 3996 1849 4039 et
1922 3987 2197 4055 propheta:

613 4090 804 4131 mnnes
872 4075 1076 4131 Christi
1144 4078 1543 4148 praesigaahaut
1606 4077 1932 4137 adventum,
2001 4085 2053 4131 et
2126 4078 2196 4131 ad

520 4226 527 4235 ί
578 4168 781 4239 -929
810 4185 933 4224 eum
971 4170 1276 4239 pendebant
1320 4173 1502 4227 omnia
1529 4171 1681 4242 legis
1727 4172 2011 4241 muigmata
2041 4179 2094 4224 et
2138 4171 2197 4224 ﬁ-

614 4274 779 4329 gurae.
811 4260 877 4314 Et
919 4261 1177 4318 adventus
1218 4263 1334 4334 ejus
1380 4278 1479 4333 per
1521 4261 1951 4333 supplementum
2005 4277 2194 4318 eorum

612 4351 969 4421 cognoscendi
1002 4353 1166 4408 Deum
1192 4352 1601 4423 intelligentiam
1624 4353 1920 4423 prmstavit.
1944 4351 2194 4433 Alioquin

614 4444 664 4498 si
709 4458 861 4514 atque
913 4445 1283 4515 accipiemhim
1329 4454 1411 4503 νει
1448 4446 1515 4503 de
1560 4444 1847 4505 dilectione
1894 4444 2092 4501 Chriin
2136 4452 2192 4499 et

2305 3259 2531 3328 aequalis
2568 3268 2651 3314 est
2674 3261 2782 3315 Deo
2805 3259 2951 3313 Patri
2976 3259 3116 3315 Deus
3148 3260 3205 3314 in
3238 3259 3407 3314 forma
3436 3258 3542 3313 Dei.
3573 3256 3686 3311 Ecce
3705 3249 3799 3304 unde

2306 3348 2453 3407 ﬁlius
2496 3348 2686 3413 David.
2714 3357 2769 3405 et
2797 3366 2923 3406 ecce
2954 3366 3020 3406 ex
3048 3367 3155 3421 quo
3207 3352 3458 3406 Dominus
3506 3346 3666 3411 David.
3703 3342 3798 3410 Ergo

2276 3488 2279 3489 ν
2308 3438 2449 3492 illius
2468 3438 2632 3493 David
2648 3441 2770 3509 quia
2788 3442 3114 3510 semetipsum
3130 3441 3415 3496 exinaniri!
3431 3433 3802 3510 {armamserviac-

2304 3530 2519 3599 ripiens,
2545 3530 2599 3583 in
2628 3531 3024 3585 similitudinem
3046 3531 3517 3600 Irontiuumfactus,
3539 3538 3581 3582 et
3600 3522 3799 3580 liabitrtil-

2305 3630 2482 3676 ventus
2505 3632 2561 3675 ut
2582 3625 2757 3676 homo.
2789 3621 3097 3678 Humiliavit
3110 3625 3444 3695 semetipsum
3459 3622 3613 3690 {actus
3629 3612 3801 3670 obeditts

2303 3728 2464 3780 usque
2476 3713 2544 3765 ad
2564 3722 2805 3787 mortem,
2823 3723 3041 3767 mortem
3056 3724 3235 3769 autem
3252 3715 3439 3768 crucis.
3458 3702 3798 3778 Proptertpwdet

2303 3803 2444 3865 Deus
2461 3803 2609 3858 illum
2624 3804 2947 3871 exaltatvit,et
2960 3805 3175 3861 donavit
3201 3806 3280 3860 illi
3294 3822 3474 3862 nomen
3490 3800 3613 3876 quod
3624 3806 3799 3863 estsupm

2301 3900 2452 3969 cuiue
2475 3914 2679 3962 nomen,
2710 3908 2763 3956 ut
2791 3899 2845 3953 in
2879 3900 3084 3953 nom'ne
3111 3899 3328 3955 Domini
3357 3915 3501 3969 omne
3527 3909 3643 3965 geli“
3676 3889 3799 3959 βαίην

2270 3998 2388 4041 tur
2415 3987 2713 4051 ctelestium,
2744 3991 3083 4053 terrestrium,
3135 4002 3193 4049 et,
3220 3990 3542 4061 infernarum
3565 3979 3799 4061 (Philipdh

2301 4077 2355 4141 Ἰ,
2382 4078 2458 4149 8).
2502 4077 2810 4137 Exinauivit
2829 4095 2959 4151 ergo
2981 4096 3058 4141 se,
3087 4081 3232 4135 sicut
3279 4060 3477 4138 dictum
3503 4083 3594 4131 est.
3625 4060 3797 4163 Quodsi

2299 4170 2501 4238 quieris
2535 4170 2805 4239 quomodo
2831 4186 2961 4227 vere
3009 4173 3281 4230 sumendo.
3306 4183 3521 4226 carnem
3552 4179 3613 4233 es
3651 4165 3800 4214 εθωωθ

2266 4303 2270 4307 -
2299 4263 2491 4330 David,
2522 4263 2597 4318 ita
2625 4273 2683 4318 ut
2710 4264 2957 4321 Verbum
2983 4277 3113 4318 caro
3144 4264 3324 4337 ﬁeret,
3356 4279 3418 4317 ac
3442 4276 3534 4332 per
3559 4257 3646 4311 hoc
3681 4248 3801 4337 lactus

2298 4363 2383 4410 est
2427 4356 2571 4424 quod
2600 4370 2706 4412 non
2737 4364 2875 4412 erat.
2924 4356 3066 4425 Ergo
3116 4334 3379 4429 Dominus
3409 4353 3497 4425 qui
3521 4355 3629 4409 erat

2300 4446 2478 4503 factus
2507 4457 2594 4503 est
2649 4447 2791 4504 ﬁlius
2837 4448 3005 4519 ipsius
3060 4448 3252 4503 David.
3311 4448 3375 4503 Et
3425 4442 3611 4500 ideoiu
3654 4432 3802 4503 Spiril“

610 4511 862 4600 proximi,
905 4511 1174 4604 quomodo
1225 4546 1439 4606 patrem
1464 4544 1519 4589 et
1565 4543 1816 4598 matrem,
1865 4542 2197 4603 carterasque
2223 4511 2273 4570 Ῑ)
2301 4549 2490 4609 sancto
2512 4541 2633 4611 jure
2660 4511 2884 4596 vocatus
2911 4549 2996 4595 est
3022 4538 3145 4608 ejus
3170 4540 3452 4599 Dominus,
3480 4532 3566 4604 qui
3592 4530 3731 4584 lactus
3746 4521 3802 4571 εει

611 4624 922 4681 affectiones
947 4628 1130 4682 carnis
1178 4627 1273 4684 Dei
1321 4627 1573 4685 eharitati
1616 4639 1932 4697 praeponere
1978 4625 2189 4689 inhibe-

611 4736 732 4773 mur
772 4719 825 4773 in
873 4720 975 4775 hoc
1023 4721 1138 4790 ipso
1185 4721 1481 4790 eodemque
1533 4717 1864 4791 Evangelio?
1911 4718 2192 4787 Quomodo

574 4810 824 4865 .dilectio
882 4811 1113 4880 proximi
1169 4811 1344 4867 simile
1394 4811 1706 4885 mandatum
1760 4819 1844 4869 est
1882 4810 2190 4883 dilectionis

608 4899 725 4966 Dei,
756 4911 816 4956 ut
841 4903 913 4957 sit
950 4902 1154 4973 aliquid
1204 4904 1348 4973 quod
1388 4906 1556 4979 amori
1600 4905 1696 4959 Dei
1731 4906 1903 4979 possit
1944 4905 2192 4976 aequari?

606 4992 815 5050 ideirco
850 4994 1020 5065 magis
1065 4995 1363 5052 similitudo
1407 4997 1680 5067 praecepti,
1716 5012 1901 5067 parem
1948 4998 2187 5058 charita-

607 5093 715 5140 tem
743 5083 997 5159 diligendi
1036 5095 1247 5155 patrem
1286 5095 1340 5141 et
1389 5087 1579 5149 ﬁlium,
1632 5097 1794 5156 atque
1824 5087 2184 5158 cognitionem

605 5173 834 5233 similem
858 5190 920 5229 cx
958 5174 1074 5246 lege
1102 5185 1156 5231 et
1180 5177 1456 5247 prophetis
1475 5177 1664 5244 exigit,
1697 5176 1748 5230 in
1784 5192 1892 5247 quo
1933 5178 2186 5232 mandato

604 5260 839 5336 pendent
874 5270 1077 5324 omnia.
1117 5268 1269 5324 Unde
1316 5278 1375 5322 ut
1402 5269 1552 5338 legis
1600 5267 1769 5337 ipsius
1800 5278 1853 5323 et
1890 5270 2187 5339 prophetim

570 5405 577 5411 .
603 5361 759 5433 argui
801 5362 1013 5433 possint
1042 5361 1240 5425 verbis,
1264 5370 1327 5421 et
1354 5361 1421 5416 de
1448 5360 1693 5430 proximo
1740 5359 2076 5417 manifestior
2106 5361 2188 5415 in-

604 5455 898 5527 telligentia
929 5456 1282 5527 panderetur,
1408 5514 1413 5517 _
1958 5530 1963 5536 ι

569 5580 613 5605 ιη
679 5548 1019 5620 Congregatis
1064 5546 1373 5613 Pltariswis,
1407 5550 1690 5619 interrogat
1720 5548 1911 5605 dicens.
1935 5547 2059 5618 quid
2083 5546 2188 5613 illis

602 5640 884 5703 uideretur,
917 5640 1154 5713 Christus
1181 5642 1457 5712 cujusnam
1485 5642 1626 5711 ﬁlius
1655 5641 1865 5710 futurus
1892 5641 2063 5696 esset?
2086 5639 2188 5705 Qui

605 5729 785 5790 dicunt
817 5735 884 5795 ei,
914 5734 1099 5794 Dauid.
1127 5734 1189 5790 ΕΙ
1216 5736 1286 5792 ait
1318 5734 1422 5794 illis
1448 5750 1463 5785 .'
1494 5732 1767 5800 Qnumndu
1793 5750 1913 5796 αι’ᾳο
1948 5732 2110 5791 Dtrrid
2135 5732 2187 5785 in

2297 4640 2353 4685 et
2378 4630 2548 4699 ﬁlius;
2573 4647 2679 4686 non
2701 4631 2839 4686 alter
2859 4631 3046 4696 Filius,
3077 4640 3133 4687 et
3159 4632 3300 4685 alter
3317 4629 3592 4687 Dominus;
3615 4616 3691 4675 sed
3708 4621 3805 4704 υιξυξ

2297 4721 2547 4790 idemque
2574 4720 2824 4776 Christus
2872 4721 3032 4786 simul
3061 4721 3327 4776 Dominus
3357 4728 3413 4773 et
3440 4715 3612 4771 Filius.
3639 4698 3806 4773 Ουοάεί

2295 4812 2421 4866 cmci
2453 4810 2622 4865 Judaei
2655 4809 2795 4865 forte
2838 4811 2939 4865 ista
2969 4810 3305 4887 nescientes,
3336 4807 3460 4877 quia
3486 4798 3805 4886 sciebanlelf'“

2294 4901 2362 4956 de
2388 4901 2789 4967 semineDavid
2833 4900 3055 4955 omnino
3097 4908 3412 4961 venturum,
3452 4889 3715 4949 debuerant
3750 4890 3805 4946 ιβ’

2291 5007 2409 5054 sum
2447 4991 2808 5063 interrogare,
2855 5005 3018 5060 quem
3062 4988 3187 5045 ﬁcte
3232 4971 3805 5073 magistrum

2291 5083 2542 5159 maxime,
2566 5084 2693 5154 quia
2736 5084 2905 5152 ipsius
2946 5082 3134 5151 David,
3159 5078 3561 5145 testimonium.
3579 5071 3627 5126 3“
3655 5064 3806 5165 spira}:

2291 5184 2477 5238 sancto
2513 5175 2850 5245 praedictum,
2876 5175 3217 5230 adhibuerat.
3249 5172 3362 5229 Sed
3389 5167 3630 5226 uolebant
3672 5162 3805 5245 unsctt

2292 5267 2493 5323 rescire
2519 5275 2740 5338 propter
2766 5267 3071 5321 vecordiam
3102 5282 3280 5330 suam,
3313 5277 3416 5319 nec
3438 5256 3690 5329 minime
3706 5234 3806 5344 qut”

2296 5374 2495 5431 negare
2534 5374 2640 5414 non
2676 5368 2953 5430 poterant,
2985 5366 3042 5413 et
3065 5367 3244 5413 tamen
3271 5353 3633 5412 contradicere
3658 5343 3806 5431 εεεὲθ

2259 5516 2263 5520 ν
2296 5425 2445 5507 bant.
2473 5451 2629 5525 Quod
2722 5425 2916 5524 vellent
2932 5450 3117 5523 procul
3136 5449 3302 5523 dubio
3330 5445 3548 5503 credere
3567 5440 3614 5494 in
3637 5425 3808 5504 pTOPh‘i'

2299 5547 2367 5602 tis
2396 5545 2483 5601 ubi
2519 5546 2758 5616 legerant
2779 5588 2792 5611 ρ
2821 5545 2965 5617 quod
2992 5543 3153 5618 ﬁlius
3171 5542 3343 5619 David
3382 5536 3615 5595 Christus
3649 5525 3809 5619 lutum

2262 5696 2265 5701 ,
2297 5648 2413 5693 crat
2440 5611 2682 5701 invenire
2714 5611 3282 5709 poterantquodhipse
3319 5627 3581 5700 esset“ni
3607 5611 3807 5709 '0‘“)???

2298 5742 2405 5795 tur,
2432 5742 2482 5781 et
2518 5698 2640 5799 quia
2676 5698 2785 5800 ipse
2810 5698 3072 5813 Dominus
3117 5698 3284 5789 Ila-vid
3313 5732 3483 5793 esset.
3514 5718 3635 5773 Nam
3667 5702 3733 5765 ,ιω
3753 5698 3809 5755 ιε·
