4008 6354
160 392 240 448 761

912 389 1273 450 EXPOSITIO
1310 392 1379 448 1N
1418 388 1854 447 MATTHEUM.
1885 404 1957 431 -ι-
1993 390 2120 447 LIB.
2161 390 2232 457 Χ,
2267 389 2418 448 CAP.
2460 389 2624 446 XXII.

3289 386 3394 443 762

156 509 353 584 gebant,
402 505 545 576 quod
597 514 782 560 essent
811 520 935 561 eum
993 508 1156 561 etiam
1203 516 1259 562 et
1306 508 1407 578 ipsi
1450 504 1704 563 occisuri.
1736 502 2104 589 Aejus‘esse,
2150 505 2242 574 qui
2284 520 2351 560 ex
2397 520 2460 559 eo
2502 504 2680 559 fuerat
2723 503 3049 567 nasciturus,
3095 502 3197 558 nisi
3245 503 3392 559 esse!

160 601 269 656 ilira
326 598 577 663 accitas,
631 606 686 650 et
738 596 901 652 nimia
956 598 1103 652 intus
1147 598 1437 652 obstinatio
1491 597 1707 651 mentis.

155 694 388 749 Futurum
432 703 557 742 eum
611 689 919 752 sperabant,
968 696 1023 742 et
1074 689 1438 758 praevidebant
1510 688 1709 757 ubique

154 783 209 839 de
250 781 357 849 ipso
412 778 754 848 interrogati,
812 778 906 833 sed
950 793 1105 832 suum
1148 778 1357 834 facinus
1393 778 1706 833 crudelissi-

155 887 275 927 mum
304 868 402 924 sibi
431 883 539 923 non
577 868 848 932 videbant,
874 868 1017 939 quod
1045 869 1260 939 explere
1290 869 1445 947 longe
1473 869 1561 924 diu
1592 883 1709 923 mo-

152 962 406 1025 liebantur,
423 961 600 1031 etjam
615 960 895 1037 beneficiis
910 960 1137 1015 deliniti.
1159 961 1408 1030 Alioquin
1432 952 1702 1030 nunquam

153 1070 229 1110 eos
252 1054 394 1124 quasi
423 1053 491 1108 de
515 1053 734 1124 cognito
761 1052 1008 1108 Christus
1038 1054 1323 1108 manifeste
1347 1038 1426 1108 sic
1466 1053 1701 1107 interro-

154 1151 326 1214 gasset,
356 1144 511 1213 cujus
537 1158 735 1198 nomen
781 1152 940 1197 antea
971 1144 1024 1197 in
1068 1144 1367 1213 beripturis
1405 1143 1594 1208 sacris,
1618 1143 1704 1198 vel

153 1238 197 1290 in
236 1234 419 1307 populo
464 1236 872 1307 pronuntiatum
925 1252 1199 1306 nunquam
1248 1236 1546 1291 audissent.
1595 1235 1703 1291 Sed

152 1326 257 1394 quia
300 1325 399 1401 hoc
444 1324 784 1401 notissimum
823 1334 941 1379 erat
976 1326 1031 1380 in
1080 1325 1297 1396 populo,
1326 1334 1379 1379 et
1423 1326 1475 1379 in
1507 1326 1703 1391 divinis

149 1414 318 1499 litteris
340 1396 559 1486 'ubique
584 1398 888 1485 legebatur,
922 1415 1101 1488 celare
1126 1430 1233 1497 non
1264 1423 1531 1491 poterant,
1557 1415 1701 1485 quod

150 1516 406 1559 venturum
438 1519 563 1558 eum
594 1505 915 1569 nescissent,
958 1503 1041 1557 vel
1074 1519 1178 1558 non
1206 1512 1527 1573 sperarent;
1556 1502 1700 1573 quod

146 1606 194 1650 et
207 1596 360 1671 adhuc
382 1595 541 1650 hodie
559 1603 800 1665 sperant,
820 1603 875 1649 et
894 1594 1012 1648 ideo
1037 1603 1244 1659 errant,
1265 1593 1698 1663 quandoquidem

149 1694 200 1739 ct
224 1701 309 1765 nos
328 1672 597 1756 speramus
620 1701 741 1741 eum
773 1696 1081 1749 venturum,
1111 1686 1204 1739 sed
1235 1701 1339 1738 non
1369 1684 1433 1737 ad
1456 1683 1702 1751 judican—

146 1776 277 1858 dum,
305 1777 417 1845 quia
446 1775 562 1845 jam
609 1775 882 1846 judicatus
911 1785 1026 1840 est;
1074 1776 1201 1845 quin
1240 1775 1417 1845 potius
1459 1771 1692 1841 judicem

1810 595 2075 650 Altissimi
2136 595 2326 650 Filius.
2387 595 2517 663 Quae
2570 594 2823 650 nimirum
2870 594 3237 665 interrogatio,
3293 596 3390 650 ad-

1810 685 1916 740 huc
1968 684 2132 740 hodie
2182 686 2409 740 multum
2456 686 2599 741 valet
2657 683 3131 750 contra'Judaaos;
3182 693 3239 741 et
3296 700 3389 741 rce

1805 777 1976 832 vincit
2028 776 2095 832 de
2144 774 2381 841 Christo,
2438 786 2500 831 ut
2552 776 2689 840 dixi,
2744 789 2882 860 pene
2933 790 3147 831 omnem
3213 776 3390 832 haere-

1786 852 1967 922 Iticain
1991 866 2153 938 932
2187 867 2523 938 pravitatem.
2570 867 2722 935 Quod
2772 854 2912 922 unus
2952 867 3199 935 idemque
3232 866 3389 922 Chri-

1806 965 1945 1022 stus,
1977 966 2033 1012 et
2057 972 2184 1013 vere
2208 958 2278 1013 sit
2298 957 2438 1011 filius
2487 957 2655 1011 David
2703 957 2997 1011 secundum
3042 971 3285 1022 carnem,
3332 965 3390 1011 et

1804 1036 2069 1105 Dominus
2101 1048 2289 1113 David,
2348 1050 2639 1104 secundum
2695 1048 3051 1113 divinitatem,
3095 1064 3202 1103 non
3257 1048 3387 1103 sim-

1802 1140 1927 1210 plex
1957 1142 2121 1195 homo
2150 1150 2205 1195 et
2231 1155 2416 1210 purus,
2448 1140 2588 1195 sicut
2608 1139 2682 1193 illi
2714 1148 2841 1194 tunc
2875 1139 3156 1209 sapiebaut
3192 1137 3383 1204 Judaei,

1803 1239 1858 1286 et
1905 1232 2081 1287 adhuc
2109 1232 2268 1286 hodie
2312 1232 2385 1286 ita
2431 1231 2724 1300 desipiunt,
2782 1238 3087 1286 asserentes
3137 1238 3386 1284 sanctum

1802 1323 1976 1376 virum
1999 1323 2064 1377 de
2091 1338 2288 1395 genere
2316 1322 2481 1376 David
2508 1337 2626 1377 esse
2647 1329 2956 1377 venturum.
3018 1321 3124 1376 Sed
3152 1321 3267 1390 ipse
3316 1320 3384 1375 ab

1803 1416 1918 1485 ipso
1946 1417 2136 1480 David,
2158 1419 2251 1487 qui
2282 1418 2423 1473 ﬁlius
2449 1416 2564 1487 ejus
2595 1427 2695 1482 est,
2728 1419 2780 1471 in
2808 1416 3013 1488 Spiritu
3059 1427 3249 1473 sancto
3279 1417 3386 1472 Do-

1801 1505 1980 1559 minus
2004 1505 2172 1574 ipsius
2196 1505 2540 1575 priedicatur.
2567 1505 2681 1562 Non
2717 1506 2860 1577 quod
2891 1507 2996 1562 duo
3036 1517 3218 1562 essent
3263 1505 3376 1569 ﬁlii,

1801 1601 1860 1645 ut
1888 1593 2096 1647 novella
2152 1594 2375 1650 hmresis
2423 1596 2746 1665 suspicatur,
2798 1596 2891 1651 scd
2940 1611 3081 1650 unus
3130 1596 3382 1665 idemque

1801 1683 2071 1750 Christus,
2111 1693 2165 1740 et
2187 1687 2446 1741 Dominus
2475 1696 2579 1753 est,
2610 1696 2666 1742 et
2690 1688 2853 1753 ﬁlius,
2882 1703 2988 1742 non
3029 1688 3165 1743 alter
3214 1687 3377 1752 Deus,

1800 1776 1937 1829 alter
1961 1777 2146 1843 homo,
2172 1780 2264 1832 sed
2295 1793 2435 1832 unus
2460 1778 2512 1831 in
2542 1787 2769 1847 utroque
2797 1779 2936 1834 Deus
2955 1785 3011 1833 et
3036 1777 3217 1832 homo.
3250 1776 3379 1844 Qua:

144 1853 518 1937 exspectamus,
548 1867 672 1937 quia
701 1868 974 1937 prophetae
1003 1875 1290 1949 utrumque
1307 1865 1698 1935 prrenuntiave-
1728 1853 1772 1914 Β
1802 1865 1933 1921 ﬁdes
1952 1882 2059 1922 non
2087 1868 2154 1922 de
2184 1868 2390 1923 incerto
2437 1868 2583 1924 venit
2625 1869 2850 1933 erroris,
2905 1860 3011 1924 neci
3052 1884 3120 1923 ex
3160 1864 3379 1938 propria

144 1967 250 2041 runt
282 1962 584 2025 adventum,
616 1961 773 2032 931
804 1970 858 2017 ct
882 1961 1000 2016 ideo
1026 1959 1177 2025 cmci,
1214 1954 1342 2028 quia
1372 1966 1695 2013 erraverunt

141 2038 182 2105 in
209 2058 437 2122 tempore
466 2052 730 2107 adventus
766 2050 901 2120 ejus,
944 2038 1178 2107 sentient
1202 2052 1253 2105 in
1287 2052 1579 2106 novissimo
1601 2052 1693 2122 ju-

139 2140 316 2208 dicem,
351 2155 514 2210 quem
556 2138 756 2209 injusto
796 2140 849 2195 in
879 2122 1054 2211 primo
1088 2155 1185 2194 suo
1223 2139 1455 2193 adventu
1491 2138 1693 2195 conde-

139 2239 451 2286 mnaverunt.
504 2230 660 2287 Facit
682 2245 836 2307 ergo,
874 2216 1111 2304 prudens
1152 2230 1343 2295 lector,
1385 2229 1473 2284 hic
1518 2229 1691 2297 locus,

138 2337 224 2377 non
248 2322 417 2376 solum
449 2328 642 2376 contra
672 2320 889 2376 Indicos
929 2308 1264 2383 duricordes,
1295 2333 1481 2373 verum
1524 2318 1690 2372 etiam

136 2421 180 2465 et
200 2420 376 2467 contra
404 2411 713 2475 haereticos,
741 2411 831 2481 qui
867 2410 1036 2481 Deum
1079 2416 1277 2479 negant
1303 2408 1358 2462 in
1403 2422 1566 2463 carne
1592 2423 1688 2464 ve-

137 2484 276 2575 nisse,
314 2513 367 2557 et
394 2519 502 2558 non
532 2506 861 2558 confitentur
887 2502 1053 2557 Deum
1085 2501 1356 2556 hominem
1385 2515 1570 2554 verum
1596 2500 1690 2555 Dei

135 2582 322 2673 Filium.
368 2594 509 2649 Nam
562 2595 845 2661 Photinus,
891 2577 982 2664 qui
1012 2601 1171 2671 negat
1213 2592 1487 2675 hominem
1529 2591 1691 2681 Citri-

135 2695 276 2758 sturp,
322 2702 389 2741 es
436 2686 540 2741 hoc
585 2684 705 2740 loco
762 2685 1175 2761 condemnatur.
1248 2684 1409 2737 Arius
1456 2697 1588 2739 vero
1635 2691 1692 2741 et

133 2775 412 2842 llauichmi,
441 2793 535 2832 seu
567 2760 936 2848 quamplures,
976 2760 1105 2830 hinc
1142 2774 1480 2829 debellantur
1507 2776 1685 2832 haere-

134 2865 234 2932 tici,
255 2868 342 2935 qui
381 2882 489 2921 non
520 2867 845 2921 confitentur
893 2866 1166 2921 Christum
1210 2865 1379 2920 Deum
1424 2865 1688 2936 aequalem

132 2954 224 3010 Deo
248 2956 413 3023 Patri,
464 2967 524 3012 ut
570 2966 680 3013 t0ta
716 2965 1011 3013 evacuetur
1037 2956 1332 3026 redemptio
1359 2955 1683 3021 Christiana,

129 3060 174 3103 et
196 3051 314 3108 ﬁdes
334 3068 526 3109 eorum
547 3061 930 3120 corrumpatur
968 3046 1251 3103 catholica.
1282 3046 1348 3101 Et
1375 3045 1497 3101 ideo
1516 3054 1574 3101 ut
1593 3062 1688 3103 eos

127 3157 291 3197 omnes
318 3144 447 3197 hinc
478 3142 604 3198 inde
628 3141 839 3195 fortiter
867 3139 1146 3194 revincere
1179 3136 1470 3207 possimus,
1502 3150 1687 3206 quaeso

1796 1957 2018 2038 ﬁngitur
2042 1958 2337 2023 voluntate,
2369 1960 2461 2015 sed
2489 1961 2541 2014 in
2580 1959 2782 2030 Spiritu
2804 1968 2987 2015 sancto
3018 1959 3088 2014 ab
3115 1960 3230 2030 ipso
3272 1960 3379 2014 Do-

1793 2035 1943 2103 min'o
1978 2049 2250 2105 declarata
2277 2050 2600 2105 ostenditur.
2623 2048 2737 2104 Non
2757 2050 2901 2105 enim
2926 2064 2984 2105 se
3010 2051 3178 2105 David
3208 2049 3376 2104 ﬁlium

1793 2136 2043 2208 denegat,
2076 2138 2220 2207 quod
2249 2137 2507 2193 Pharisaei
2550 2137 2901 2202 conﬁtentur,
2950 2138 3043 2193 sed
3090 2145 3146 2192 et
3188 2138 3372 2193 Domi-

1795 2245 1924 2284 num
1952 2244 2011 2285 se
2037 2229 2421 2300 prophetarum
2452 2229 2705 2283 insinuat.
2740 2228 2807 2283 Et
2831 2228 2950 2283 ideo
2970 2228 3133 2285 sumit
3158 2229 3224 2282 de
3249 2243 3375 2283 cen-

1792 2321 1987 2376 tesimo
2014 2335 2156 2375 nono
2178 2320 2387 2391 psalmo
2418 2319 2802 2384 testimonium,
2831 2327 2892 2372 ut
2928 2334 2995 2373 ex
3028 2320 3144 2388 ipso
3185 2328 3373 2372 omnes

1791 2409 2185 2463 convincantur
2210 2407 2401 2473 Judaei,
2443 2409 2535 2478 qui
2562 2408 2773 2477 ﬁngunt
2799 2408 2919 2469 sibi,
2957 2408 3024 2462 ad
3049 2407 3371 2461 eludendam

1789 2502 2234 2573 interrogationis
2267 2502 2576 2566 veritatem,
2609 2500 2777 2555 multa
2805 2501 2983 2570 inepta
3033 2508 3088 2555 et
3111 2514 3246 2553 vana
3271 2514 3287 2563 ;
3316 2506 3372 2552 et

1789 2593 1976 2648 dicunt
1999 2592 2351 2648 vernaculum
2379 2592 2611 2647 Abrahae
2636 2589 2822 2655 fuisse,
2882 2588 3035 2657 cujus
3081 2588 3221 2642 ﬁlius
3266 2586 3371 2640 Da-

1786 2698 2003 2738 mascus
2044 2682 2253 2736 Eliezer
2286 2681 2406 2745 fuit,
2439 2689 2494 2736 et
2517 2696 2583 2736 ex
2604 2679 2771 2751 ipsius
2792 2693 3020 2748 persona
3044 2678 3189 2731 hunc
3222 2674 3371 2729 Psal-

1786 2786 1935 2826 mum
1965 2771 2229 2840 scriptum
2282 2768 2470 2835 fuisse,
2522 2767 2747 2839 ejusque
2799 2781 2917 2822 esse
2955 2781 3163 2829 vocem,
3223 2763 3369 2834 quod

1785 2868 1909 2932 post
1936 2859 2139 2916 caedem
2170 2860 2408 2930 quinque
2434 2873 2623 2929 regum
2659 2857 2918 2912 Dominus
2950 2856 3092 2911 Deus
3138 2853 3368 2910 Domino

1786 2951 1986 3007 dixerit
2009 2950 2242 3006 Abrahae
2274 2969 2288 3003 :
2322 2948 2458 3005 Sede
2478 2949 2547 3003 ad
2569 2948 2809 3003 dextram
2833 2962 3021 3012 meam,
3071 2945 3233 2999 donec
3274 2960 3369 3014 po-

1785 3057 1910 3097 nam
1945 3041 2326 3096 inimicostuos
2373 3037 2656 3093 scabellum
2699 3037 2889 3104 pedum
2937 3045 3166 3090 tuorum.
3220 3033 3367 3101 Quos

1784 3133 2005 3189 omnino
2035 3133 2374 3204 interrogare
2393 3139 2628 3202 oportet,
2657 3130 2926 3200 quomodo
2975 3129 3117 3184 Deus
3165 3127 3369 3182 dixerit

127 3245 220 3290 tam
245 3245 565 3306 prasentem
588 3235 786 3299 locum,
808 3248 969 3303 quam
998 3239 1053 3286 et
1076 3204 1686 3305 aliavubicunqueopor-
1712 3204 1759 3267 (ἶ
1787 3222 2021 3277 Abrahae
2054 3237 2175 3291 qua:
2232 3230 2533 3291 sequuntur
2562 3238 2576 3275 :
2612 3219 2802 3274 Tecum
2842 3219 3151 3289 principium
3188 3219 3244 3272 in
3282 3217 3369 3272 die

126 3329 270 3382 tuerit
296 3328 409 3384 loca
435 3327 504 3382 de
543 3324 769 3381 Christo
805 3321 1214 3393 diligentissime
1257 3326 1682 3391 perscrutcmur,

124 3426 176 3470 ut
197 3418 573 3490 intelligamus,
594 3426 648 3472 et
671 3417 1065 3486 interrogemus
1095 3428 1190 3468 eos
1213 3425 1401 3466 omnes
1422 3425 1528 3465 una
1558 3425 1682 3464 cum

121 3507 365 3573 Domino;
394 3508 438 3563 si
471 3523 637 3578 purus
674 3508 834 3562 homo
860 3514 975 3571 est,
1000 3512 1060 3558 ut
1093 3502 1194 3572 ipsi
1244 3501 1447 3564 dicunt,
1489 3507 1544 3554 et
1576 3515 1684 3554 non

119 3595 278 3661 Deus,
310 3598 568 3667 Quomodo
591 3597 762 3652 David
783 3599 836 3651 in
858 3596 1044 3667 spiritu
1066 3602 1213 3649 vocat
1233 3609 1350 3648 cum
1378 3591 1681 3656 Dominum,

116 3682 295 3740 dicens
322 3702 343 3742 :
364 3669 517 3741 illisit
559 3688 811 3743 Dominus
845 3686 1068 3740 Domino
1104 3700 1239 3749 meo,
1283 3683 1403 3737 sede
1424 3699 1456 3735 ιι
1482 3681 1682 3755 dextris

117 3762 253 3857 uisis,
305 3768 466 3832 dorice
502 3793 695 3848 ponam
734 3776 973 3831 inimicos
1010 3784 1127 3828 luas
1164 3770 1447 3827 scabellum
1492 3769 1681 3840 pedum

114 3876 309 3923 (uorum
333 3871 359 3923 ?
396 3868 500 3939 Ipsi
548 3870 615 3923 de
654 3882 713 3923 se
754 3866 1011 3923 Pharisaei
1047 3865 1387 3921 occasionem
1433 3862 1677 3933 praebue-

114 3968 225 4012 runt
250 3959 639 4015 confutationis
680 3974 812 4025 suae,
852 3956 945 4028 qui
985 3965 1045 4011 ut
1084 3955 1369 4011 Dominum
1419 3960 1676 4023 caperent

110 4049 158 4104 in
188 4052 384 4122 aliquo,
418 4051 636 4107 fuerant
673 4048 1007 4121 congregati.
1064 4046 1129 4101 Et
1182 4046 1307 4117 quia
1353 4044 1466 4115 jam
1514 4042 1680 4098 multa

112 4152 491 4221 proposuerant
534 4142 738 4207 dolose,
772 4142 991 4212 dignum
1035 4147 1155 4193 erat
1193 4147 1251 4192 ut
1283 4136 1474 4191 saltem
1514 4134 1680 4190 semel

109 4227 607 4306 cos‘interrogaret,
653 4242 708 4288 et
761 4232 966 4287 faceret
1013 4245 1108 4284 eos
1154 4242 1499 4298 cognoscere,
1555 4226 1680 4296 quia

106 4338 195 4377 non
221 4334 337 4379 erat
377 4332 598 4379 tantum
626 4322 787 4377 homo
814 4322 907 4393 qui
946 4323 1275 4385 tentahatur,
1301 4320 1395 4374 sed
1424 4327 1478 4374 et
1514 4318 1676 4383 Deus,

104 4428 241 4482 quem
279 4404 453 4474 nemo
480 4423 659 4488 potest
678 4400 883 4471 fallere.
924 4414 1156 4478 Interea,
1183 4412 1307 4482 quia
1332 4413 1512 4469 dicere
1533 4413 1598 4468 de
1621 4427 1680 4467 se

101 4507 362 4562 veritatem
388 4494 459 4563 in
488 4515 677 4575 aperto
715 4522 823 4567 non
852 4514 1087 4576 poterat,
1120 4504 1502 4559 insidiantibus
1538 4501 1680 4557 Pha-

100 4596 268 4665 riszeis,
301 4616 414 4655 nec
443 4584 647 4667 tacere,
674 4598 765 4670 qui
794 4598 860 4654 ad
899 4586 1005 4654 hoc
1036 4605 1261 4653 venerat
1290 4605 1349 4651 ut
1392 4597 1673 4667 veritatem

96 4693 467 4763 annuntiaret,
507 4705 671 4761 seque
715 4691 890 4761 ipsum
921 4689 1091 4745 Deum
1132 4688 1226 4744 Dei
1260 4687 1440 4743 Patris
1477 4676 1672 4743 Filidm

93 4791 434 4850 monstraret,
463 4771 591 4839 ideo
616 4782 772 4838 talem
794 4783 874 4838 eis
894 4782 1144 4853 proponit
1174 4770 1673 4854 interrogationem,

91 4880 155 4934 nt,
186 4889 250 4929 eo
283 4882 546 4940 tacente,
576 4872 757 4929 divina
787 4872 1092 4941 declararet
1135 4870 1436 4941 Scriptura,
1469 4869 1674 4951 Spiritu

90 4972 259 5021 sancto
286 4966 472 5037 longe
494 4974 618 5021 ante
645 4965 711 5021 de
738 4963 956 5022 Christo
987 4965 1216 5036 prolata.
1252 4962 1404 5021 Unde
1437 4964 1670 5035 primum

88 5055 375 5131 interrogat
399 5080 417 5116 :
457 5058 599 5125 Quid
628 5058 770 5113 vobis
791 5058 995 5113 videtur
1017 5057 1082 5112 de
1106 5056 1332 5123 Christo,
1357 5057 1508 5126 cujus
1528 5056 1671 5125 [ilius

90 5152 191 5204 est?
216 5151 375 5220 Quod
412 5149 676 5208 omnibus
703 5150 1042 5206 notissimum
1071 5157 1210 5215 erat,
1239 5148 1364 5219 quia
1388 5147 1455 5203 de
1500 5146 1670 5203 David

89 5242 237 5314 stirpe
260 5241 635 5315 repromissio
673 5240 813 5295 facta
844 5240 1040 5295 fuerat.
1071 5239 1277 5294 Deinde
1306 5238 1411 5293 illis
1434 5232 1668 5307 respon—

87 5332 324 5390 dentibus
354 5350 496 5391 ωσι
538 5331 681 5403 quod
712 5348 899 5405 verum
936 5340 1073 5395 erat,
1118 5330 1286 5385 David
1310 5370 1325 5396 ,
1371 5344 1559 5384 rursus
1590 5324 1644 5384 in

87 5432 309 5497 tenogat
345 5424 644 5496 Sapientia
684 5421 777 5478 Dei
809 5422 986 5478 Patris
1016 5422 1171 5477 valde
1201 5423 1491 5492 sapienter,
1533 5437 1663 5492 quo-

84 5516 228 5570 modo
267 5516 451 5571 David
476 5521 639 5569 vocet
659 5529 783 5569 eum
815 5514 866 5568 in
896 5515 1086 5585 spiritu
1119 5513 1425 5577 Dominum,
1454 5515 1497 5569 si
1520 5522 1673 5583 pater

79 5603 187 5669 jure
210 5605 514 5663 creditur?
546 5603 662 5660 Non
697 5604 817 5661 ideo
847 5605 951 5659 hoc
991 5606 1305 5672 interrogat,
1331 5613 1390 5660 ut
1433 5606 1675 5661 revincat

81 5712 163 5751 eos
205 5716 313 5754 non
353 5713 503 5755 vera
544 5698 768 5763 dixisse,
810 5697 906 5753 sed
958 5706 1017 5751 ut
1060 5713 1119 5753 se
1158 5697 1443 5753 Dominum
1486 5706 1663 5755 osten-

82 5788 161 5841 dat
214 5778 552 5846 Dei‘Patris
577 5787 793 5843 Filium.
850 5788 962 5842 Non
986 5791 1128 5845 enim
1161 5800 1372 5860 poterat
1418 5786 1693 5847 Dominus

1787 3312 1990 3367 virtutis
2014 3322 2140 3376 tum,
2166 3312 2221 3366 in
2242 3310 2602 3381 splendoribus
2624 3320 2923 3365 sanctorum
2943 3324 3007 3363 ea:
3032 3319 3196 3372 utero,
3247 3318 3367 3362 ante

1786 3399 2083 3469 luciferum,
2107 3400 2262 3469 genui
2283 3409 2348 3463 te,
2381 3408 2436 3454 et
2458 3409 2652 3455 cmtera
2682 3400 2735 3453 in
2763 3414 2830 3453 eo
2858 3397 3066 3469 psalmo
3114 3413 3235 3466 quae
3285 3396 3364 3451 le-

1785 3498 2000 3562 guntur.
2026 3490 2155 3558 Quae
2171 3490 2375 3555 omnia,
2397 3491 2537 3546 sicut
2559 3505 2624 3545 eo
2655 3490 2709 3545 in
2739 3489 2827 3544 die
2867 3488 3246 3543 concluserunt
3265 3501 3364 3540 ora

1785 3582 2199 3646 Pharisaeorum,
2232 3596 2299 3636 ex
2324 3582 2413 3635 illa
2436 3583 2590 3646 hora,
2618 3592 2679 3636 ut
2706 3581 2964 3636 nemo-sit
2984 3594 3106 3634 eum
3134 3578 3363 3648 amplius

1784 3690 1948 3731 ausus
1981 3674 2319 3745 interrogare
2351 3694 2362 3728 :
2398 3675 2472 3730 ita
2492 3685 2549 3729 et
2575 3689 2673 3729 nos
2711 3672 2923 3727 omnem
2954 3671 3220 3734 Judaeum,
3247 3684 3364 3723 om-

1783 3780 2017 3835 nemque
2070 3766 2382 3833 luereticum
2433 3779 2500 3819 ex
2546 3763 2648 3818 hoc
2685 3762 3007 3818 convincere
3053 3772 3358 3828 possumus,

1782 3856 1925 3927 quod
1950 3855 2199 3911 Christus
2226 3856 2365 3909 Deus
2391 3863 2444 3908 et
2470 3854 2630 3909 homo
2664 3854 2735 3908 sit
2756 3867 2937 3917 verus,
2969 3860 3023 3905 et
3062 3859 3187 3904 ante
3228 3848 3362 3902 luci-

1781 3947 1956 4002 ferum
1982 3963 2050 4003 ex
2079 3954 2254 4013 utero,
2291 3946 2345 4001 id
2371 3953 2538 4001 estex
2575 3943 2874 4000 substantia
2929 3943 3023 3996 Dei
3080 3941 3256 3996 Patris
3305 3940 3356 3993 in

1782 4038 2158 4109 splendoribus
2181 4046 2517 4102 sanctorum,
2548 4037 2615 4091 ab
2643 4037 2758 4108 ipso
2787 4036 3019 4109 genitus,
3050 4041 3104 4089 et
3150 4035 3202 4088 in
3252 4032 3359 4087 ﬁne

1783 4140 2084 4201 temporum
2110 4129 2382 4194 sacerdos,
2410 4127 2839 4197 sicutjuraverat
2858 4126 2984 4181 olim
3014 4126 3155 4180 Deus
3176 4123 3356 4187 Pater,

1781 4225 2079 4279 secundum
2098 4225 2344 4279 ordinem
2366 4221 2758 4279 Melchisedech
2779 4219 3120 4274 constitutus.
3140 4216 3359 4272 Utrum-

1780 4330 1886 4385 que
1916 4296 2079 4385 igitur
2097 4315 2311 4369 videtur
2330 4312 2797 4379 frivolum,utaut
2847 4322 3036 4380 servus
3085 4305 3173 4361 ille
3228 4319 3356 4375 pro-

1758 4410 1942 4478 pheta
1976 4408 2110 4462 tanti
2145 4407 2388 4478 mysterii
2439 4405 2649 4460 dicatur
2689 4401 2875 4467 fuisse,
2930 4409 3035 4463 aut
3075 4399 3241 4454 David
3289 4397 3357 4452 de

1782 4500 1874 4554 illo
1901 4499 2006 4553 tale
2026 4499 2225 4569 aliquid
2257 4498 2579 4561 retexuisse,
2597 4495 2739 4566 quod
2768 4507 2871 4548 nec
2899 4491 2972 4546 illi
2999 4506 3100 4546 nec
3124 4488 3357 4543 Abrahae

1710 4572 1756 4631 ί)
1781 4592 2071 4647 convenire
2104 4588 2426 4661 suspicetur,
2453 4589 2545 4645 sed
2574 4589 2746 4657 magis
2779 4584 3073 4641 similitudo
3124 4580 3357 4637 nominis

1780 4693 1834 4739 et
1882 4683 2182 4753 aequalitas,
2243 4697 2348 4751 qua
2399 4676 2934 4735 Dominus'Domino
2973 4672 3184 4729 dicebat
3230 4685 3352 4726 eum

1750 4766 1753 4769 ’
1779 4774 2036 4844 aequalem
2060 4772 2225 4837 Patri,
2252 4787 2281 4825 a
2314 4771 2518 4827 dextris
2542 4768 2845 4832 collocavit,
2868 4766 2990 4822 cum
3017 4760 3258 4818 ascendit
3285 4758 3354 4813 ad

1746 4884 1751 4887 '
1777 4868 1964 4930 cmlos,
1979 4882 2084 4937 quo
2097 4880 2309 4935 semper
2322 4864 2438 4919 fuit.
2455 4860 2605 4929 Quod
2620 4859 2838 4916 omnino
2851 4859 2991 4913 sicut
3002 4853 3233 4911 Abrahae
3245 4865 3350 4907 non

1744 4978 1753 4989 ί
1777 4957 2046 5027 cmngruit,
2063 4954 2411 5023 utaequalitas
2424 4952 2532 5007 Deo
2548 4950 2691 5005 Patri
2708 4950 2938 5012 dicatur,
2956 4948 3026 5001 ita
3042 4960 3139 5000 nec
3160 4942 3353 5000 sedere

1775 5047 1937 5119 933
1963 5063 1993 5101 a
2034 5046 2257 5101 dextris
2281 5043 2372 5099 Dei
2403 5043 2594 5113 potuit.
2632 5040 2766 5095 Nam
2806 5040 2861 5093 in
2901 5038 3010 5093 Deo
3042 5035 3173 5092 nihil
3214 5032 3350 5089 sini-

1777 5148 1949 5193 strum
1983 5145 2088 5201 est,
2114 5144 2169 5191 et
2199 5137 2319 5191 ideo
2340 5133 2484 5203 jure,
2520 5132 2819 5204 pluraliter,
2864 5129 3030 5184 Filius
3059 5127 3111 5181 in
3141 5125 3351 5182 dextris

1780 5229 1873 5284 Dei
1907 5227 2085 5283 Patris
2114 5227 2303 5283 sedere
2323 5225 2583 5295 jubetur:
2623 5223 2690 5279 Et
2722 5229 2908 5291 aperte
2943 5227 3068 5290 post
3107 5218 3348 5273 laborem

1777 5321 2077 5391 passionis,
2123 5326 2184 5372 ut
2227 5318 2412 5374 sedeat
2449 5318 2502 5373 in
2540 5315 2709 5386 gloria
2747 5313 2921 5367 victor
2962 5325 3029 5364 ac
3074 5309 3120 5364 si
3160 5307 3346 5378 judex,

1741 5448 1749 5457 -
1777 5415 1901 5484 quia
1934 5415 1988 5469 in
2021 5411 2475 5483 terris’judicatus
2497 5417 2603 5474 est,
2637 5403 2919 5477 iudiciaria
2956 5410 3224 5472 potestate
3253 5416 3349 5456 su-

1776 5508 2050 5571 blimatus,
2091 5500 2263 5562 donec
2298 5519 2487 5561 omnes
2525 5500 2771 5557 inimicos
2814 5497 3009 5553 subdat
3051 5495 3212 5551 Pater
3250 5494 3349 5550 sub

1779 5599 2005 5669 pedibus
2029 5597 2199 5667 ipsius
2223 5593 2548 5657 scabellum;
2575 5605 2670 5662 per
2697 5586 2838 5660 quod
2869 5586 3205 5659 signiﬁcatur
3230 5582 3349 5638 uni-

1736 5696 1745 5734 -'
1780 5703 1861 5747 tas
1895 5689 2209 5746 substantia:
2250 5689 2315 5742 de
2358 5684 2631 5741 consortio
2672 5680 2927 5746 nominis,
2954 5687 3008 5735 et
3046 5678 3113 5734 dc
3156 5689 3353 5749 consc-

1740 5806 1743 5809 ·
1780 5787 1939 5843 dendi
1969 5783 2279 5839 invitatione
2302 5780 2486 5850 judicii
2519 5786 2757 5848 potestas
2794 5774 3075 5839 attributa,
3111 5771 3251 5827 sicut
3287 5769 3354 5823 d3
