4008 6354
159 382 247 442 Ἰῦῦ
907 382 1267 441 EXPOSITIO
1304 385 1369 438 IN
1410 381 1844 438 MATTIUEUM.
1878 413 1945 422 —-
1973 382 2099 465 LIB.
2134 384 2203 451 Χ,
2242 385 2393 441 CAP.
2434 384 2600 440 XXﬂl

3299 393 3406 451 766

156 508 409 565 obediatur
455 505 564 572 eis,
613 505 709 560 sed
760 504 885 574 quia
936 505 1129 561 sedem
1178 521 1341 577 super
1398 505 1712 579 cathedram
1742 507 1788 563 Α
1818 511 1875 557 et
1920 506 2102 558 omnia
2152 519 2182 558 a
2226 505 2381 559 bonis
2424 514 2479 561 et
2507 504 2758 561 discretis
2802 504 2933 563 viris
2978 509 3404 569 misericorditer

158 601 322 672 Moysi,
346 598 502 668 jubet
546 599 776 670 mystice
822 598 873 651 in
905 598 1155 652 omnibus
1183 598 1404 653 obedire
1446 596 1717 651 mandatis

155 691 289 761 legis.
326 698 382 744 et
425 703 457 743 a
504 687 661 742 {actis
692 700 882 741 eorum
911 698 1074 756 atque
1116 688 1372 758 operibus
1407 687 1712 750 abstinere;

154 790 204 836 ut
242 788 440 835 tantum
470 779 747 833 hominum
776 777 1015 848 pravitas
1040 786 1201 847 atque
1249 776 1546 832 inﬁdelitas
1577 776 1717 830 vite—

157 883 245 936 tur,
271 879 321 926 et
346 870 482 942 legis
506 868 749 925 doctrina
774 878 1037 926 servetur.
1063 868 1307 924 Tradunt
1329 869 1546 940 quidam
1573 871 1718 939 quod

156 965 335 1021 Scriba:
371 964 643 1031 dicantur,
670 964 762 1035 qui
805 979 836 1018 a
881 963 1062 1018 littera
1103 963 1236 1033 legis
1273 978 1377 1017 non
1424 962 1713 1025 recedunt,

156 1064 200 1109 et
222 1053 489 1115 Pharisaei,
520 1052 613 1123 qui
644 1052 820 1122 majus
849 1052 1051 1124 aliquid
1088 1053 1141 1106 in
1169 1052 1287 1123 lege
1313 1066 1372 1107 se
1400 1066 1558 1106 nosse
1598 1065 1719 1120 pro-

158 1144 380 1205 ﬁtentur;
413 1151 468 1198 et
496 1143 617 1198 ideo
646 1145 853 1213 seipsos
880 1142 1035 1213 quasi
1067 1142 1319 1197 meliores
1355 1157 1419 1197 ac
1447 1141 1716 1196 doctiores

156 1252 179 1290 a
201 1234 401 1291 actoris
431 1234 693 1299 dividunt,
722 1235 946 1289 unde‘et
973 1234 1231 1289 Pharisaei
1260 1242 1542 1298 vocantur,
1570 1232 1715 1303 quod

155 1329 517 1398 interpretatur
557 1327 732 1393 divisi,
778 1326 861 1382 vel
890 1327 1165 1397 segregati.
1210 1324 1344 1380 Nam
1383 1325 1587 1389 easteri,
1618 1324 1711 1394 qui

155 1418 298 1489 Moysi
333 1416 513 1487 legem
557 1416 850 1470 secundum
892 1415 1187 1485 spiritalem
1216 1414 1474 1469 virtutem
1516 1411 1715 1466 intelli-

154 1518 264 1580 guut
286 1517 336 1563 et
369 1514 669 1577 exponunt,
697 1507 886 1562 sedent
931 1506 1147 1576 quidem
1192 1520 1355 1575 super
1401 1503 1711 1559 cathedram

156 1600 330 1669 Moysi,
373 1609 555 1654 tamen
609 1615 715 1654 non
766 1607 889 1652 sunt
938 1596 1143 1654 Scribtc
1186 1608 1241 1654 et
1282 1597 1572 1662 Pharisaei,
1616 1597 1714 1652 sed

160 1692 380 1747 meliores
421 1690 559 1753 illis,
609 1700 665 1745 et
733 1690 865 1745 tales
916 1690 1105 1760 quales
1154 1688 1369 1747 fuerunt
1416 1688 1712 1765 apostolica

148 1782 294 1853 936
315 1797 378 1837 ac
425 1781 617 1851 reliqui
654 1779 904 1849 discipuli
929 1779 1151 1834 Christi.
1182 1777 1309 1834 Haec
1350 1779 1522 1834 sessio
1564 1785 1711 1835 recte

1820 603 1941 649 sunt
1972 598 2277 661 tractanda,
2310 611 2374 651 ne
2402 596 2565 667 937
2611 597 3077 667 reprehendantur
3105 617 3132 654 a
3174 601 3402 659 Domino

1819 700 1943 740 eum
1991 685 2358 755 hujuscemodi
2405 690 2865 758 przeceptoribus,
2908 700 2967 746 ut
3013 693 3246 762 primum
3298 696 3400 767 ipsi

1818 776 2022 847 majora
2063 776 2389 846 compleant,
2413 786 2470 831 et
2496 779 2705 832 minora
2737 795 2844 834 non
2888 782 3160 836 omittant.
3192 783 3396 841 Deinde

1818 869 2113 926 secundum
2144 868 2557 925 :rstimationem
2608 872 2803 927 virium
2835 874 3254 945 uniuscujusque
3302 893 3398 932 au-

1819 961 2039 1026 dientis,
2064 962 2270 1031 smgula
2305 962 2634 1031 dispensent,
2662 972 2716 1017 et
2745 964 2981 1034 alligent,
3012 974 3061 1021 et
3096 967 3399 1036 imponant,

1816 1051 2071 1125 quoniam
2106 1051 2269 1116 tritici
2303 1066 2554 1106 mensura
2599 1067 2705 1107 non
2735 1055 3028 1109 secundum
3075 1057 3399 1127 magnitudi-

1817 1154 1938 1193 nem
1970 1149 2362 1210 prmceptorum
2393 1141 2487 1195 Dei
2533 1142 2803 1197 metienda
2837 1152 2941 1208 est,
2971 1145 3391 1200 sed‘secundum

1815 1232 2224 1300 possibilitatem
2249 1241 2304 1288 et
2329 1233 2684 1302 capacitatem
2705 1235 3144 1306 uniuscujusque.
3170 1236 3247 1291 Ne
3269 1237 3398 1291 dum

1814 1323 2168 1377 immoderate
2186 1324 2516 1394 compellunt
2536 1325 2627 1393 qui
2650 1324 2865 1389 docent,
2890 1333 2943 1379 et
2965 1327 3211 1396 graviora
3234 1327 3399 1382 verba

1815 1427 1977 1481 super
2005 1413 2256 1467 humeros
2279 1412 2580 1482 imponunt,
2610 1428 2771 1483 quam
2798 1413 2939 1469 ferre
2968 1415 3138 1484 possit
3160 1417 3393 1479 auditor,

1815 1505 2012 1558 cadere
2057 1521 2179 1559 cum
2227 1505 2326 1559 sub
2359 1520 2525 1561 onere
2567 1514 2780 1577 cogant,
2829 1515 3017 1561 contra
3068 1506 3397 1563 voluntatem

1813 1596 2035 1661 Christi,
2053 1598 2142 1667 qui
2165 1597 2270 1651 ait:
2294 1597 2491 1667 Iugum
2514 1614 2684 1652 meum
2706 1615 2862 1654 suere
2881 1609 2976 1664 est,
3000 1610 3046 1653 et
3070 1614 3201 1653 onus
3222 1615 3393 1653 meum

1812 1689 1923 1742 leve
1952 1687 2166 1759 (Matth.
2192 1704 2269 1754 ιι,
2299 1687 2410 1759 '50).
2441 1688 2700 1758 Sequitur
2724 1708 2736 1744 :

1886 1777 2078 1833 Omnia
2101 1796 2256 1851 opera
2281 1796 2378 1833 sua
2405 1780 2622 1849 faciunt,
2647 1791 2701 1834 ut
2743 1782 3015 1836 videantur
3061 1783 3126 1837 ab
3163 1784 3393 1838 homini-

151 1887 295 1940 usque
315 1871 382 1925 azl
416 1872 722 1942 passionem
760 1869 972 1924 Domini
1000 1868 1201 1924 dicitur
1228 1869 1531 1935 exstitisse,
1560 1868 1710 1925 dein-
1739 1853 1795 1912 Β
1816 1870 1931 1924 bus.
1961 1869 2186 1925 Constat
2224 1869 2388 1941 igitur
2414 1870 2729 1939 plerumque
2759 1872 2899 1939 quod
2934 1885 3125 1926 omnes
3150 1872 3224 1926 illi
3260 1872 3394 1927 tales

147 1977 252 2031 ceps
296 1976 428 2015 vero
459 1976 621 2030 super
653 1960 967 2017 cathedram
1012 1959 1287 2025 Ecclesiae,
1317 1976 1451 2035 qua;
1485 1969 1568 2016 est
1618 1975 1709 2015 ca-

148 2051 304 2105 thedra
329 2050 540 2106 Christi
579 2060 634 2106 et
675 2051 921 2115 thronus,
970 2050 1222 2106 catholici
1268 2049 1519 2105 doctores
1548 2064 1709 2119 quam

145 2143 413 2214 gloriosius
444 2142 656 2209 sedent,
682 2151 739 2197 et
773 2143 969 2198 docent
993 2142 1156 2198 verba
1187 2143 1327 2198 vitae.
1367 2143 1434 2198 Et
1454 2143 1546 2213 qu‘i
1571 2144 1711 2199 bene

143 2234 315 2289 sederit
341 2242 450 2289 aut
476 2233 740 2299 docuerit,
768 2242 824 2289 et
858 2249 962 2289 non
990 2233 1211 2289 solverit
1237 2248 1326 2300 ea,
1363 2235 1623 2290 honorem
1656 2244 1711 2289 et

142 2326 343 2395 gratiam
381 2323 585 2393 accipit
611 2340 707 2395 per
734 2324 912 2389 illam;
947 2323 1038 2395 qui
1066 2332 1246 2382 autem
1276 2324 1413 2379 bene
1443 2324 1706 2390 docuerit,

140 2426 185 2470 et
209 2416 335 2472 male
373 2416 601 2481 vixerit,
644 2416 709 2471 de
753 2415 1057 2471 sacerdotio
1085 2431 1184 2471 suo
1224 2416 1431 2471 crimen
1476 2414 1709 2485 acquirit

139 2505 291 2575 potius
332 2521 508 2577 quam
555 2504 902 2576 dignitatem,
945 2504 1073 2574 quia
1120 2505 1338 2577 indigne
1384 2505 1565 2571 sedet;
1614 2505 1710 2559 sed

140 2595 361 2667 indignus
396 2596 492 2652 ille
515 2596 607 2667 qui
632 2612 734 2652 nec
763 2598 900 2657 bene
932 2598 1110 2665 docet,
1144 2615 1243 2657 nec
1268 2601 1406 2657 bene
1432 2600 1582 2654 vivit.
1624 2598 1713 2653 Di-

137 2686 291 2756 gnitas
316 2687 597 2757 siquidem
646 2688 925 2743 doctorum
975 2688 1190 2745 diversa
1237 2699 1342 2757 est,
1371 2691 1464 2746 sed
1515 2698 1708 2746 natura

137 2792 245 2831 una.
275 2777 551 2834 Sacerdos
582 2779 628 2835 si
663 2780 800 2835 bene
836 2780 1054 2847 vixerit,
1099 2784 1375 2853 proprium
1423 2781 1587 2840 habet
1630 2784 1710 2838 lu-

137 2884 297 2935 crum;
328 2871 371 2925 si
429 2870 568 2925 bene
597 2870 873 2937 docuerit,
918 2872 1101 2943 populi
1140 2885 1224 2931 est
1267 2874 1707 2929 instrumentum.

137 2959 315 3017 idcirco
343 2962 605 3033 accipere
642 2962 801 3018 debet
836 2962 1064 3033 populus
1105 2964 1403 3019 doctrinam
1430 2980 1551 3036 qua:
1592 2964 1710 3033 ejus

135 3061 222 3118 est,
246 3063 298 3108 et
341 3069 460 3109 non
503 3053 775 3110 discutere
816 3055 959 3124 quod
992 3055 1258 3121 alienum,
1301 3056 1427 3126 quia
1464 3056 1709 3112 doctrina

139 3142 283 3216 Moysi
325 3146 629 3201 secundum
674 3146 843 3201 Deum
870 3156 971 3202 est.
996 3147 1113 3203 Alia
1143 3164 1379 3220 namque
1408 3157 1491 3206 est
1527 3152 1712 3206 cathe-

138 3233 220 3288 dra
257 3236 601 3306 pestilentize,
631 3245 687 3292 et
713 3236 818 3293 alia
858 3238 1118 3295 cathedra
1162 3239 1354 3311 Moysi,
1382 3255 1500 3311 quae
1528 3250 1583 3297 et
1621 3241 1704 3297 lex

140 3325 326 3382 Domini
369 3328 708 3400 appellatur;
759 3330 949 3405 inqua
987 3331 1234 3387 voluntas
1265 3333 1410 3388 beati
1448 3334 1548 3389 viri
1589 3350 1708 3390 me-

137 3417 321 3472 ditatur
347 3420 433 3475 die
473 3435 545 3475 ac
588 3429 766 3476 nocte.
797 3421 1065 3489 Quoniam
1095 3423 1384 3479 cathedras
1427 3425 1709 3481 columbas

137 3511 509 3577 vendentium,
557 3529 678 3583 quae
734 3514 1163 3584 pestilentiarum
1212 3525 1401 3582 erant,
1447 3515 1709 3573 Dominus

140 3600 345 3654 evenit.
370 3601 602 3668 Quorum
644 3604 884 3659 omnium
919 3605 1021 3660 etsi
1055 3605 1299 3661 doctrina
1328 3615 1414 3661 est
1442 3607 1706 3662 audienda

134 3703 198 3744 ex
230 3690 341 3760 iege
367 3691 492 3758 Dei,
522 3708 628 3748 non
658 3703 839 3749 tamen
871 3696 1216 3752 conversatio
1261 3690 1544 3759 imilanda,
1577 3696 1710 3751 Alli-

130 3792 254 3855 gant
279 3786 416 3840 enim
445 3800 615 3841 onera
644 3788 827 3858 gravia
869 3796 924 3843 et
959 3788 1326 3859 importabilia
1357 3789 1410 3843 in
1453 3789 1707 3845 humeros

134 3875 411 3941 hominum,
442 3876 618 3947 digito
652 3886 832 3933 autem
873 3893 972 3933 suo
1001 3879 1191 3934 nolunt
1228 3895 1289 3935 ea
1335 3895 1573 3947 movere.
1604 3880 1706 3948 Qui

132 3965 333 4037 alligant
355 3983 418 4023 ea
449 3977 512 4023 et
557 3970 839 4039 imponunt
875 3969 928 4024 in
969 3970 1227 4028 humeros
1265 3972 1568 4038 hominum,
1603 3975 1706 4031 nisi

130 4058 372 4125 quianon
418 4060 496 4114 ad
536 4059 771 4115 litteram
817 4060 920 4115 ista
967 4061 1241 4129 dicuntur,
1269 4065 1362 4119 sed
1396 4066 1692 4121 secundum

132 4150 372 4219 tropieam
416 4150 859 4224 intelligentiam,
892 4159 950 4206 ut
992 4167 1090 4223 per
1117 4168 1282 4209 onera
1324 4156 1508 4226 gravia
1554 4158 1710 4212 intel-

131 4240 344 4313 ligantur
394 4245 542 4317 legis
570 4252 861 4315 praecepta,
908 4252 956 4301 el
1001 4244 1393 4326 importabilia,
1439 4263 1558 4317 quae
1608 4249 1709 4318 ipsi

131 4337 385 4403 uolebant,
431 4352 547 4392 nou
589 4337 710 4392 dico
749 4337 1001 4393 manibus
1038 4338 1271 4409 operari,
1303 4347 1358 4409 et
1392 4338 1706 4409 adimplere,

128 4441 294 4484 verum
331 4444 439 4486 nec
478 4430 537 4484 in
570 4429 782 4484 modico
823 4429 1114 4499 attingere.
1160 4429 1234 4486 De
1273 4431 1468 4500 quibus
1511 4446 1710 4501 praece-

1815 1973 1961 2030 sunt,
1999 1963 2091 2032 qui
2122 1972 2307 2018 amant
2334 1964 2539 2032 primos
2583 1962 2880 2018 discubitus
2923 1963 2975 2017 in
3028 1964 3308 2027 conviviis,
3338 1973 3395 2020 et

1812 2055 2163 2110 salutationes
2218 2053 2271 2108 in
2322 2052 2470 2119 foro,
2525 2062 2582 2108 et
2612 2053 2786 2108 vocari
2824 2054 2891 2109 ab
2921 2055 3227 2110 hominibus
3251 2055 3396 2112 Rabc

1812 2147 1887 2212 bi,
1914 2146 1999 2201 vel
2027 2145 2226 2216 aliquid
2256 2145 2360 2201 tale
2389 2143 2531 2216 quod
2560 2145 2683 2199 huic
2719 2145 2892 2200 simile
2934 2148 3199 2203 videatur.
3242 2147 3398 2204 Post-

1811 2251 1972 2311 quam
2020 2250 2181 2306 supra
2234 2237 2575 2292 sacerdotum
2636 2244 2690 2289 et
2726 2234 3124 2291 Pharisaeorum
3186 2237 3400 2293 insidiis

1809 2339 2037 2385 vexatus
2085 2338 2189 2395 est,
2212 2339 2268 2384 et
2290 2330 2345 2383 in
2380 2329 2494 2385 suis
2520 2330 2959 2399 responsionibus
2987 2346 3094 2386 non
3124 2339 3210 2386 est
3245 2320 3398 2389 audi-

1811 2430 1920 2486 tus,
1943 2421 2066 2491 jure
2086 2420 2355 2476 convertit
2383 2434 2441 2475 se
2465 2419 2531 2474 ad
2568 2419 2779 2489 plebem
2807 2461 2822 2483 ,
2876 2429 2932 2476 et
2975 2423 3043 2475 ad
3083 2421 3394 2492 discipulos,

1812 2529 1875 2569 ac
1912 2512 2095 2568 docuit
2124 2511 2261 2567 tales
2287 2512 2539 2567 doctores
2578 2511 2632 2565 in
2670 2511 2785 2582 lege
2812 2511 2907 2567 Dei
2936 2508 3231 2568 audiendos
3248 2526 3393 2579 esse,

1810 2612 1992 2659 etnon
2018 2601 2329 2659 imitandos.
2376 2601 2456 2656 Ac
2484 2600 2674 2657 deinde
2707 2600 2794 2655 his
2844 2600 3026 2656 verbis
3070 2598 3185 2655 vult
3213 2610 3395 2656 osten-

1812 2696 1940 2752 dere
1989 2710 2211 2751 causam
2260 2700 2479 2765 propter
2516 2707 2676 2762 quam
2730 2706 2837 2746 non
2887 2699 3136 2763 poterant
3173 2691 3396 2747 credere

1812 2786 1925 2850 illi,
1973 2786 2179 2841 scilicet
2246 2786 2371 2855 quia
2406 2784 2586 2839 omnia
2631 2780 2902 2837 faciebant
2953 2779 3022 2837 ob
3057 2796 3251 2835 vanam
3278 2780 3393 2852 glo-

1812 2880 1971 2943 riam,
2003 2887 2062 2933 ut
2088 2878 2157 2932 ab
2184 2878 2492 2934 hominibus
2515 2876 2845 2938 viderentur,
2875 2882 2933 2929 et
2956 2873 3304 2929 laudarentur
3323 2875 3392 2929 ab

1811 2971 1910 3025 eis.
1936 2968 2254 3040 lmpossible
2294 2974 2666 3038 namqueest,
2702 2974 2762 3019 ut
2799 2965 2985 3021 credat
3030 2963 3245 3020 Christo
3286 2979 3397 3022 ete-

1812 3061 1966 3117 lestia
2003 3060 2337 3132 praedicanti,
2364 3059 2455 3130 qui
2495 3057 2720 3130 gloriam
2751 3071 2944 3111 vanam
2975 3056 3168 3125 quaerit
3190 3056 3257 3111 ab
3291 3056 3391 3110 ho-

1812 3151 2068 3217 minibus,
2095 3159 2151 3207 et
2189 3159 2436 3206 terrenas
2483 3146 2657 3218 magis
2685 3146 2957 3202 desiderat
2981 3144 3166 3201 laudes
3190 3185 3205 3209 ,
3253 3145 3393 3200 sicut

1814 3244 1927 3315 ipse
1956 3243 2082 3298 alibi
2111 3244 2241 3300 dicit
2269 3259 2284 3297 :
2319 3240 2593 3309 Quomodo
2619 3240 2832 3309 potestis
2873 3237 3082 3291 credere
3109 3278 3124 3302 ,
3169 3236 3393 3307 gloriam

1810 3344 2104 3407 quwrentes
2132 3334 2195 3388 ab
2245 3335 2493 3397 invicem;
2548 3341 2597 3386 et
2650 3330 2872 3403 gloriam
2905 3344 3023 3401 qum
3060 3347 3093 3383 α
3138 3328 3249 3383 solo
3280 3329 3394 3385 Deo

1809 3436 1904 3492 est,
1930 3442 2032 3480 non
2061 3425 2323 3497 requiritis
2340 3423 2558 3495 .’(Joau.
2583 3438 2636 3487 v,
2662 3420 2776 3492 44.)
2809 3421 2885 3475 Ex
2913 3421 2997 3475 illa
3020 3420 3283 3491 siquidem
3308 3435 3394 3477 re-

1808 3514 2074 3577 nascitur,
2106 3513 2250 3581 quod
2285 3512 2610 3566 exterminat
2657 3509 2829 3579 ipsam
2871 3523 3019 3574 rem;
3065 3516 3127 3562 ut
3154 3516 3281 3578 puta
3324 3521 3391 3562 ex

1809 3603 1957 3674 ligno
1993 3602 2235 3657 nascitur
2277 3600 2478 3655 vermis
2515 3599 2609 3670 qui
2644 3598 2897 3654 emolitur
2939 3598 3161 3669 lignum.
3203 3597 3271 3652 Et
3324 3613 3393 3653 ex

1810 3695 2131 3749 vestimento
2160 3695 2400 3749 nascitur
2428 3693 2568 3747 tinea
2598 3731 2612 3757 ,
2658 3707 2778 3762 quae
2817 3690 3056 3747 comedit
3103 3690 3396 3754 vestimen-

1810 3795 1946 3841 tum.
1979 3784 2244 3840 Similiter
2270 3792 2326 3839 et
2351 3798 2417 3838 ex
2455 3782 2691 3838 oleribus
2714 3796 2949 3847 vermes,
2978 3780 3069 3851 qui
3089 3779 3236 3835 olera
3265 3779 3387 3835 uni-

1810 3893 1966 3934 versa
2014 3885 2392 3949 corrumpunt.
2426 3875 2517 3932 Sic
2554 3885 2607 3931 et
2639 3891 2705 3930 ex
2734 3874 3009 3945 proposito
3059 3874 3391 3946 singulorum

1812 3978 2106 4026 nascuntur
2131 3970 2261 4025 vitia
2288 3968 2772 4039 impraesentiarum
2794 4007 2809 4031 ,
2837 3966 3034 4037 quibus
3058 3965 3394 4021 consumitur

1776 4062 1787 4069 “
1811 4062 1990 4117 anima
2019 4072 2085 4116 ne
2105 4058 2255 4116 vivat
2277 4061 2407 4116 Deo.
2436 4059 2585 4115 Telle
2612 4073 2740 4130 ergo
2773 4058 2876 4113 hoc
2902 4057 3093 4111 vitium
3129 4056 3194 4110 de
3222 4055 3390 4120 clero,

1811 4172 1881 4212 ne
1911 4153 2080 4210 velint
2116 4156 2184 4211 ab
2216 4153 2523 4210 hominibus
2552 4152 2749 4217 videri,
2779 4142 2904 4206 mox
2930 4158 2985 4205 et
3012 4158 3207 4204 caetera
3242 4162 3393 4202 rese-

1811 4258 2004 4305 cantur
2039 4249 2190 4303 vitia.
2216 4248 2318 4316 Qui
2361 4263 2486 4303 cum
2513 4261 2573 4302 se
2616 4246 2978 4316 dedignantur
3022 4242 3087 4297 ad
3136 4240 3389 4305 invicem,

1811 4358 1971 4413 quam
2000 4356 2142 4413 stupe
2168 4341 2358 4396 nolunt
2387 4353 2549 4411 super
2573 4354 2635 4395 se
2655 4337 2933 4413 meliorem
2973 4334 3205 4399 habere,
3249 4332 3392 4387 sicut

1812 4449 1911 4491 nec
1937 4434 2105 4489 Judzei
2132 4432 2429 4488 Christum.
2478 4428 2718 4483 Dilatant
2750 4430 2887 4483 enim
2922 4425 3242 4497 pltylacteria
3269 4440 3391 4491 sua,

126 4529 320 4589 ptorum
366 4522 640 4578 oneribus
670 4522 801 4578 dicit
833 4522 1140 4593 Apostolus,
1172 4539 1292 4594 qua:
1322 4539 1565 4595 nec_nos
1608 4540 1707 4594 po-
1739 4564 1785 4623 υ
1809 4541 1855 4581 et
1890 4526 2227 4597 magniﬁcam
2257 4525 2512 4593 ﬁmbrias.
2548 4523 2625 4577 Ex
2669 4537 2776 4592 quo
2811 4522 2928 4577 loco
2970 4524 3158 4578 beatus
3204 4522 3392 4578 Hiem-

127 4612 309 4669 tuimus
335 4623 593 4684 portare,
625 4629 725 4668 nec
757 4622 939 4684 patres
969 4613 1160 4668 nostri.
1194 4613 1324 4681 Quae
1363 4615 1491 4670 licet
1521 4615 1707 4687 gravia

126 4712 292 4756 essent
330 4712 389 4761 et
431 4704 799 4772 importabilia
821 4744 835 4769 ,
868 4703 1045 4759 adhuc
1077 4717 1142 4758 ea
1169 4704 1580 4764 'Pharismorum
1624 4720 1709 4760 se-

123 4793 307 4848 veritas
342 4794 607 4867 graviora
646 4793 895 4851 i’aciebat.
928 4794 1034 4851 Sed
1067 4803 1245 4855 tamen
1276 4808 1494 4867 propter
1524 4812 1706 4854 sacer-

125 4881 293 4938 dotum
321 4896 383 4940 et
415 4884 659 4940 nominis
693 4884 1031 4955 dignitatem,
1075 4886 1318 4956 quod'in
1364 4896 1707 4943 sacramento

120 4977 352 5045 profecto
400 4986 527 5042 est,
574 4976 825 5033 hortatur
864 4978 1287 5049 benignissimus
1332 4977 1599 5046 Salvator,
1648 4990 1707 5035 ut

120 5068 193 5122 eis
218 5069 554 5138 subjiciatur
597 5068 1068 5140 populus.'0mnia
1104 5086 1226 5142 ergo
1253 5087 1575 5143 quaecunque
1622 5071 1707 5125 di-

118 5163 275 5216 xerint
303 5163 485 5227 vobis,
513 5174 712 5217 servate
739 5173 786 5216 et
813 5162 992 5233 facite,
1022 5162 1151 5220 licet
1198 5148 1306 5220 non
1352 5165 1554 5220 faciant
1582 5178 1704 5235 qum

120 5250 324 5317 dicunt;
356 5251 626 5321 quoniam
654 5252 925 5322 sequenda
957 5262 1039 5308 est
1081 5255 1303 5320 veritas,
1332 5252 1703 5323 cujuscunque

115 5356 199 5396 ore
239 5341 411 5398 fuerit
446 5343 677 5413 prolata.
710 5323 805 5399 ’Λᾶ
831 5358 1022 5400 omnes
1066 5345 1297 5415 denique
1334 5345 1699 5401 Ecclesiarum

115 5435 423 5490 sacerdotes
479 5435 752 5503 pertinent
797 5435 911 5490 haec
952 5422 1250 5505 pnecepta,
1303 5437 1549 5506 quamvis
1595 5435 1696 5506 ipsi

112 5538 203 5578 nec
222 5525 466 5581 minima
497 5525 800 5596 compleant
830 5527 1081 5587 mandata
1112 5534 1237 5581 dum
1265 5527 1696 5597 majora'jubent.

111 5610 213 5668 iloc
237 5617 449 5687 quippe
488 5630 585 5685 per
622 5616 848 5688 digitum
878 5617 1222 5688 designatur;
1254 5626 1308 5671 et
1336 5618 1608 5679 cathedra,
1642 5627 1701 5671 ut

108 5706 231 5773 dixi,
261 5717 320 5763 et
344 5723 547 5771 onera,
577 5718 628 5764 et
659 5708 892 5773 humeri,
925 5717 980 5763 et
1005 5708 1222 5778 digitus,
1260 5718 1313 5763 et
1340 5707 1550 5762 vincula
1582 5708 1700 5776 qui-

109 5796 199 5851 bus
241 5800 556 5865 alligantur
585 5817 770 5859 onera.
821 5799 1136 5870 spiritaliter
1180 5799 1520 5869 intelligi-uda
1554 5808 1695 5863 sunt,

1811 4631 2005 4688 nymus
2032 4615 2350 4670 clericorum
2383 4612 2523 4667 mala
2547 4611 2863 4682 deplorans:
2882 4611 2991 4677 Vm,
3016 4612 3211 4682 inquit,
3235 4612 3391 4669 nobis

1811 4706 2047 4769 miseris,
2076 4705 2141 4758 ad
2163 4718 2299 4773 quos
2322 4700 2723 4757 Pharismorum
2755 4700 2885 4755 vitia
2912 4702 3261 4757 transierunt.
3288 4700 3390 4769 Qui

1810 4795 1996 4865 utique
2030 4794 2200 4862 magis
2235 4791 2388 4848 lleret
2416 4801 2600 4846 nostra
2632 4806 2778 4847 nunc
2813 4789 3036 4863 ﬂagitia,
3065 4792 3109 4847 si
3138 4791 3298 4847 hodie
3335 4793 3388 4848 in

1808 4900 1973 4941 carne
1998 4893 2158 4949 esset,
2200 4895 2257 4939 et
2305 4884 2470 4941 sciret
2515 4892 2715 4955 quanta
2766 4885 2909 4940 inter
2947 4899 3078 4950 nos,
3107 4893 3164 4939 et
3209 4885 3387 4955 qualia

1807 4974 1974 5046 938
1992 4975 2106 5047 jam
2130 4974 2246 5030 sine
2273 4974 2475 5047 pudore
2496 4974 2649 5029 ﬁunt.
2675 4972 2809 5028 Nata
2831 4974 3259 5046 namque‘fuerat
3275 4975 3389 5031 haec

1812 5064 2212 5119 Pharisaeorum
2234 5064 2568 5134 superstitio,
2593 5063 2717 5133 quia
2735 5064 2995 5121 Dominus
3015 5079 3136 5119 cum
3156 5064 3392 5121 dedisset

1811 5154 2061 5209 mandata
2085 5153 2220 5226 legis
2259 5169 2358 5225 per
2390 5152 2632 5225 Moysen,
2682 5153 2862 5209 intulit
2903 5168 2967 5211 ac
3013 5154 3276 5209 conclusit
3314 5154 3390 5211 ita

1810 5244 2033 5300 dicens:
2067 5243 2133 5298 Et
2160 5244 2346 5317 ligabis
2390 5262 2452 5301 ea
2477 5247 2533 5300 in
2579 5262 2739 5300 manu
2781 5256 2892 5312 tua,
2922 5255 2971 5300 et
2997 5255 3147 5300 erunt
3174 5246 3389 5301 immota

1810 5345 1929 5389 ante
1959 5335 2138 5389 oculos
2164 5344 2282 5389 tuos
2314 5322 2516 5405 semper
2546 5335 2739 5406 (Deut.
2766 5350 2839 5401 vt,
2870 5334 2961 5405 8).
2997 5334 3125 5402 Qua:
3171 5335 3289 5391 ideo
3334 5336 3388 5391 in

1810 5443 1974 5483 manu
1992 5426 2313 5497 jussit‘i‘erri
2360 5438 2662 5498 ut'semper
2685 5442 2848 5497 opere
2874 5427 3305 5497 complerentur;
3336 5438 3393 5484 et

1808 5529 1933 5575 ante
1962 5519 2146 5575 oculos
2187 5519 2410 5584 habere,
2432 5528 2495 5572 ut
2517 5517 2614 5572 ‘die
2637 5532 2701 5573 ac
2724 5528 2882 5573 nocte
2920 5518 3307 5573 meditaremur
3337 5518 3393 5576 iu

1806 5613 1905 5668 eis.
1940 5612 2144 5668 Interea
2168 5611 2448 5677 Pharisaei,
2473 5611 2570 5664 ista
2616 5608 2753 5669 male
2784 5611 3221 5681 interpretantes,
3253 5608 3391 5665 seri-

1810 5708 2007 5761 hebaut
2033 5706 2086 5768 in
2115 5703 2443 5759 incmbranis
2488 5700 2806 5761 Deealoaum
2836 5701 3037 5773 'Moysi,
3068 5701 3119 5756 id
3161 5709 3265 5766 est,
3298 5699 3393 5754 dc-

1809 5813 1926 5853 ccm
1954 5796 2113 5850 verba
2142 5795 2296 5864 legis,
2325 5793 2710 5864 complicantes
2728 5807 2815 5861 ea,
2841 5803 2896 5850 et
2922 5793 3147 5865 Iigantes
3173 5793 3226 5847 in
3246 5790 3395 5849 fron—
