4008 6354
696 346 799 401 767

1499 339 1557 395 S.
1598 337 1951 394 PASCHASII
1992 334 2339 391 RADBERTI
2380 333 2673 388 ABBATIS
2707 332 3155 388 CORBEIENSIS
3752 353 3821 407 τρε

698 469 773 523 te,
796 466 853 513 et
880 458 1034 528 quasi
1062 472 1320 512 coronam
1350 457 1513 526 capiti
1545 456 1822 517 facientes,
1848 463 1903 507 ut
1926 468 2135 527 semper
2163 463 2287 506 ante
2316 460 2361 515 Α
2393 448 2612 502 bitatem
2639 448 2977 511 lnnnilitatis,
3012 446 3135 500 talis
3163 443 3518 505 Pliaristeorutn
3551 465 3616 509 est
3639 457 3821 518 imitator.

696 550 883 605 oculos
912 549 994 603 lex
1023 549 1354 617 conscripta,
1385 556 1439 601 et
1469 546 1843 599 mandatorum
1875 545 2133 597 memoria
2163 558 2284 596 ver-

698 649 932 705 teretur;
966 656 1071 694 non
1095 654 1224 694 vera
1266 638 1391 702 fide,
1420 647 1479 691 ut
1504 638 1758 708 cperibns
1801 636 2154 704 complerent,
2192 635 2285 691 sed

699 739 757 784 ut
785 731 853 785 ab
882 730 1191 784 hominibus
1219 727 1554 794 viderentur,
1578 728 1877 783 scribentes
1904 742 1965 782 ea
1999 726 2285 799 induabus

698 820 1008 888 praecisuris
1037 820 1506 884 membranarum;
1539 819 1765 875 alteram
1796 819 2014 888 quidem
2045 819 2098 873 in
2121 817 2288 872 domi-

695 911 799 965 bus
818 910 1125 981 portabant,
1156 912 1312 980 quasi
1346 926 1603 966 coronam
1628 919 1889 981 ponentes
1928 912 1982 965 in
2023 909 2286 980 capitibus

697 1000 832 1068 suis,
872 1010 927 1056 et
957 1001 1279 1073 scripturam
1317 1004 1591 1072 gestantes
1629 1001 1682 1055 in
1719 1000 1917 1067 fronte,
1957 1016 2022 1056 ac
2068 1000 2113 1055 si
2160 1010 2286 1055 ante

700 1093 885 1148 oculos
927 1108 1083 1157 suos;
1129 1093 1354 1159 alteram
1401 1107 1564 1162 super
1604 1091 1885 1147 brachium
1927 1107 2116 1147 manus
2152 1095 2282 1161 sua},

697 1196 835 1248 quas
883 1181 1149 1250 siquidem
1199 1190 1381 1250 partes
1434 1180 1767 1252 pltylacteria
1806 1181 2089 1235 vocabant.
2132 1180 2286 1247 Quod

696 1272 871 1327 adhuc
900 1272 1058 1332 hodie
1084 1271 1244 1343 (sicut
1272 1273 1517 1342 legimus)
1542 1271 1654 1326 ludi
1676 1281 1730 1325 et
1753 1270 2027 1341 Babylonii
2057 1270 2281 1325 faciunt.

693 1363 762 1417 Et
791 1364 883 1433 qui
906 1364 1009 1429 hoc
1041 1364 1278 1426 tulerint,
1307 1364 1458 1432 quasi
1486 1362 1719 1433 religiosi
1745 1361 1797 1416 in
1828 1360 2287 1432 populojudicano

695 1461 802 1508 tur.
835 1452 1096 1511 Similiter
1142 1462 1197 1508 et
1244 1453 1490 1513 ﬁmbrias
1530 1454 1584 1507 in
1633 1453 1810 1523 palliis
1846 1452 2280 1523 magnificabant,

694 1556 831 1612 quas
861 1558 929 1601 ex
952 1542 1370 1601 Deuteronomio
1393 1552 1797 1612 assumpserunt
1830 1542 1881 1596 in
1913 1551 2199 1612 prmcepto,
2229 1548 2285 1594 ut

689 1646 759 1687 ex
808 1631 941 1702 ipsis
979 1647 1037 1687 se
1075 1632 1427 1687 ostenderent
1464 1631 1634 1701 magis
1672 1645 1892 1687 servare
1921 1630 2113 1700 legem.
2139 1629 2282 1699 Quas

694 1721 818 1776 ideo
863 1738 1086 1793 magnas
1131 1723 1185 1778 in
1234 1723 1544 1783 summitate
1582 1732 1813 1791 quatuor
1850 1721 2171 1791 angulorum
2229 1722 2281 1776 in

2385 538 2569 593 Potest
2614 538 2727 592 fieri
2772 546 2830 591 ut
2858 537 3162 593 discumbat
3189 537 3370 607 aliquis
3396 541 3441 594 in
3474 545 3824 616 novissimoluuo,

2388 626 2478 695 qui
2511 642 2619 681 non
2642 626 2813 682 solum
2832 627 3149 697 jactantiam
3183 629 3351 684 cordis
3382 645 3475 685 non
3500 634 3678 699 amittit,
3697 654 3825 695 verum

2385 718 2548 771 etiam
2576 718 2769 773 exinde
2798 718 2969 788 magis
2993 733 3112 772 eam
3146 718 3283 774 intus
3310 722 3479 787 nutrit,
3498 733 3547 778 et
3564 728 3686 793 quasi
3708 729 3827 797 humi-

2387 807 2491 862 lior
2537 808 2748 873 cunctis
2795 823 2990 861 vanam
3037 806 3254 877 gloriam
3290 811 3482 878 quaerit,
3512 821 3558 866 et
3595 814 3682 868 vult
3714 818 3827 873 videri

2380 898 2560 970 justus
2592 909 2647 954 et
2668 899 2908 964 humilis,
2940 908 2999 957 ut
3024 900 3093 955 ab
3118 900 3356 955 omnibus
3380 904 3580 973 amplius
3603 906 3827 962 honoretur.

2386 992 2581 1060 Quanti
2614 1003 2773 1062 putas
2814 1001 2939 1046 sunt
2967 992 3058 1060 qui
3093 1000 3186 1046 aut
3212 992 3361 1061 primi
3395 992 3598 1048 humiles
3630 995 3828 1051 inveniun-

2389 1093 2509 1157 tur,
2531 1092 2624 1138 aut
2652 1082 2952 1146 novissimi,
2988 1082 3135 1145 intus
3161 1096 3189 1143 a
3217 1082 3429 1146 Domino
3471 1082 3583 1153 (qui
3605 1085 3728 1138 corda
3748 1101 3831 1139 con-

2387 1177 2548 1247 spicit
2576 1175 2907 1246 singulorum
2930 1175 2948 1246 )
2972 1174 3222 1244 superbia
3249 1176 3658 1229 condemnamur?
3674 1175 3831 1246 Spiritus

2386 1275 2470 1328 est
2496 1267 2639 1321 enim
2671 1268 2833 1331 Deus,
2866 1273 2933 1332 et,
2964 1266 3084 1319 ideo
3117 1265 3420 1334 spiritaliter
3443 1268 3679 1322 universos
3696 1270 3831 1322 exami-

2385 1366 2499 1423 nat,
2527 1365 2584 1412 et
2608 1372 2714 1412 non
2741 1355 3052 1420 carnaliter,
3082 1370 3253 1423 neque
3284 1358 3614 1410 tantummodo
3640 1359 3833 1427 perpendit

2385 1452 2529 1520 quod
2576 1452 2805 1521 quisque
2852 1450 3063 1513 sedeat,
3107 1448 3192 1505 vel
3234 1464 3333 1518 qua
3378 1463 3497 1505 voce
3536 1448 3656 1502 illum
3687 1448 3831 1514 salutet,

2388 1552 2642 1599 utrumne.
2666 1542 3055 1605 venerabiliter
3098 1540 3359 1607 submisso
3397 1538 3553 1607 capite
3577 1536 3644 1590 vel
3667 1553 3831 1606 corpore,

2382 1632 2510 1687 licet
2532 1634 2647 1689 bzec
2672 1634 2854 1687 nuntia
2876 1632 3104 1703 honeste
3125 1637 3366 1701 oporteat
3386 1626 3512 1693 ﬁeri,
3532 1635 3577 1681 et
3593 1641 3768 1696 congrue
3780 1641 3833 1680 sa-

2384 1722 2455 1777 tis
2500 1722 2812 1791 unicuique,
2861 1721 2954 1776 scd
2999 1737 3105 1791 qua
3156 1728 3332 1775 mente
3358 1716 3437 1772 vel
3475 1732 3565 1785 qua
3604 1717 3832 1771 conscientia

687 1811 871 1880 palliis
892 1811 1150 1882 Iigabant,
1176 1820 1233 1865 ut
1257 1811 1513 1867 sanctitas
1535 1826 1722 1865 eorum
1744 1810 1972 1879 amplior
1989 1810 2279 1876 videretur,
2315 1799 2357 1857 Β
2385 1814 2615 1883 quisque
2666 1812 2834 1868 faciat
2881 1813 3243 1883 quodcunque
3288 1809 3428 1865 facit.
3459 1799 3607 1873 Unde,
3629 1806 3734 1861 sicut
3751 1806 3831 1867 dixi,

691 1902 815 1971 quia
850 1902 1090 1975 jusserat
1110 1902 1213 1957 hoc
1234 1902 1494 1957 Dominus
1524 1900 1665 1966 fieri,
1697 1910 1755 1955 ut
1797 1916 1863 1955 ex
1897 1900 2025 1971 ipsis
2053 1900 2279 1969 fimbriis

693 1989 1061 2061 hyacinthinis
1090 1990 1315 2062 p0pulus
1340 1990 1507 2045 Israel
1537 1991 1804 2051 discretus
1829 2002 1970 2053 esset
2001 2007 2030 2045 a
2060 1990 2281 2061 reliquis

693 2082 974 2152 gentibus;
1005 2082 1143 2137 sicut
1174 2083 1226 2136 in
1255 2097 1419 2137 carne
1453 2097 1550 2151 per
1590 2083 2081 2147 circumeisionem,
2116 2084 2189 2138 ita
2225 2092 2283 2139 et

693 2176 750 2231 in
779 2175 1017 2237 vestibus
1060 2176 1295 2247 aliquam
1337 2176 1599 2235 haberent
1643 2175 2019 2233 differentiam.
2056 2175 2163 2231 Sed
2204 2175 2281 2249 illi

692 2268 1054 2338 superstitiosi
1081 2268 1321 2337 magistri
1348 2278 1629 2337 captantes
1652 2283 1839 2321 auram
1866 2267 2201 2338 popularem,
2221 2277 2281 2323 ttt

691 2355 1049 2428 Hieronymus
1086 2355 1272 2420 refert,
1316 2365 1477 2425 atque
1521 2370 1587 2410 ex
1633 2355 1963 2412 mulierculis
2010 2364 2280 2423 sectantes

691 2447 863 2510 lucra,
898 2446 1170 2503 faciebant
1199 2448 1440 2503 fimbrias
1466 2447 1716 2518 grandes,
1746 2456 1801 2503 et
1830 2448 2157 2503 acutissimis
2187 2463 2280 2505 eas

689 2541 861 2610 spinis
892 2540 1147 2609 ligabant,
1183 2540 1427 2595 videlicet
1455 2549 1511 2593 ut
1534 2540 1894 2606 ambulantes,
1914 2540 1996 2595 vel
2032 2540 2281 2605 sedentes

687 2631 958 2685 interdum
990 2640 1377 2702 pungerentur,
1411 2639 1470 2684 ut
1508 2631 1661 2699 quasi
1698 2631 1798 2686 sub
1831 2631 1934 2687 hac
1981 2631 2281 2687 commoni-

688 2722 836 2777 tione
862 2724 1271 2783 retraherentur
1314 2723 1379 2778 ad
1425 2722 1606 2779 ofticia
1648 2724 1767 2789 Dei,
1796 2732 1852 2778 et
1872 2724 1938 2778 ad
1976 2723 2277 2781 ministeria

687 2813 967 2873 servitutis
987 2814 1121 2884 ejus.
1145 2814 1211 2866 Et
1237 2812 1355 2875 ideo
1378 2812 1638 2868 Dominus
1660 2813 1738 2868 ait
1754 2830 1768 2870 :
1786 2814 1976 2869 Omnia
2003 2830 2160 2885 opera
2181 2830 2279 2867 sua

689 2904 895 2973 faciunt
942 2913 998 2955 ut
1040 2903 1317 2956 videantur
1359 2903 1422 2956 ab
1464 2903 1781 2957 hominibus.
1812 2903 1965 2970 Quod
1989 2903 2195 2959 utinam
2225 2912 2281 2959 et

686 3012 834 3051 nunc
858 2998 1035 3063 nostri.
1058 3012 1163 3052 non
1194 2996 1455 3062 facerent,
1479 2998 1568 3068 qui
1596 2998 1866 3057 doctiores
1887 3013 2008 3054 esse
2026 2998 2280 3054 videntur

688 3088 745 3142 in
790 3087 1005 3158 populo.
1037 3086 1153 3142 Non
1179 3089 1321 3143 enim
1351 3088 1724 3159 intelligebant
1754 3088 1956 3155 miseri,
1990 3088 2133 3159 quod
2164 3087 2279 3153 lucc

686 3176 742 3230 in
789 3148 954 3231 corde
1004 3177 1176 3248 magis
1223 3177 1487 3249 portanda
1526 3148 1726 3233 Essent
1764 3193 1924 3247 quam
1941 3148 2276 3248 vin-corpore.
2306 3148 2352 3210 Ο

687 3270 1072 3327 Verumtamen
1103 3270 1404 3327 istiusmodi
1430 3279 1550 3325 erat
1573 3269 1785 3324 fimbria
1812 3270 1901 3337 illa
1928 3269 2159 3335 Domini,
2187 3268 2283 3340 sed

609 3433 618 3441 .
687 3375 853 3431 parva
885 3370 938 3415 et
964 3360 1145 3416 brevis
1181 3376 1246 3415 ex
1292 3360 1410 3432 lege
1458 3371 1747 3432 praecepta,
1794 3375 1958 3430 quam
1988 3366 2057 3425 ,et
2086 3358 2281 3433 mulier

688 3452 799 3520 illa,
827 3469 946 3524 quae
992 3454 1256 3523 sanguine
1298 3453 1515 3520 ﬂuebat,
1548 3455 1720 3522 tetigit
1764 3455 1819 3509 in
1862 3453 2022 3526 pallio
2046 3455 2279 3522 Domini,

694 3562 797 3602 nec
823 3557 1001 3603 tamen
1021 3556 1108 3603 est
1127 3559 1445 3619 compuncta
1472 3547 1862 3618 superstitiosis
1883 3546 2127 3602 sentibus
2146 3546 2285 3611 Rha-

693 3636 999 3703 riszeorum,
1031 3638 1126 3694 sed
1169 3639 1340 3708 magis
1382 3650 1568 3693 sanata
1604 3637 1770 3709 939
1805 3636 1871 3691 ad
1916 3646 2117 3693 tactum
2144 3636 2280 3706 ejus.

690 3729 847 3786 Unde
874 3745 979 3784 non
1016 3729 1148 3794 ideo,
1168 3730 1638 3800 reprehenduntur
1679 3745 1709 3783 a
1758 3728 2008 3793 Domino,
2037 3728 2162 3798 quia
2191 3743 2286 3783 eas

696 3821 973 3877 habebant
1007 3822 1060 3876 in
1085 3823 1395 3877 summitate
1420 3821 1729 3891 palliornm,
1754 3821 1846 3876 sed
1870 3821 1995 3890 quia
2018 3819 2285 3891 superflue

694 3912 925 3980 grandes
970 3922 1147 3976 erant,
1187 3920 1244 3965 et
1286 3912 1554 3977 dilatato,
1597 3911 1665 3965 ab
1712 3911 2020 3965 hominibus
2059 3911 2285 3982 gloriam

699 4013 1025 4074 qumrentes,
1056 4004 1279 4060 omnino
1329 4013 1649 4075 arguuntur.
1683 4002 1944 4057 Similiter
1976 4011 2032 4058 et
2059 4004 2115 4057 in
2158 4002 2286 4061 reli-

696 4099 818 4167 quis
846 4098 1097 4154 omnibus
1130 4097 1434 4161 sententiis,
1462 4111 1596 4166 quas
1623 4109 1721 4165 per
1764 4104 1943 4164 partes
1984 4095 2283 4166 distinguit,

696 4205 794 4242 cur
823 4200 1068 4259 quaerant
1094 4188 1297 4258 primos
1327 4187 1608 4249 accubitus
1637 4187 1691 4240 in
1734 4186 1926 4251 caenis,
1976 4195 2028 4241 et
2081 4187 2288 4257 primas

697 4279 986 4334 cathedras
1036 4279 1089 4333 in
1128 4278 1435 4349 synagogis,
1479 4276 1656 4346 gulam
1682 4285 1972 4344 sectantes,
2000 4286 2054 4332 ct
2082 4276 2288 4332 saluta-

704 4372 877 4425 tiones
900 4370 952 4424 in
977 4368 1114 4425 foro.
1142 4367 1259 4424 Non
1293 4369 1415 4423 ideo
1443 4369 1709 4437 vituperat
1742 4382 1856 4430 eos,
1880 4368 2003 4437 quia
2032 4367 2085 4422 in
2113 4369 2287 4439 primo

2356 3262 2492 3345 inoo
2524 3272 2735 3328 initium
2762 3273 2885 3328 vitae
2921 3287 2985 3328 ex
3016 3274 3096 3335 eis
3141 3273 3425 3334 habemus,
3464 3269 3551 3329 sed
3581 3262 3703 3336 quasi
3735 3270 3844 3313 “’“5'

2383 1906 2453 1964 ad
2491 1920 2731 1961 amorem
2760 1906 3156 1961 Pharisaeorum
3188 1904 3396 1973 culpam
3420 1902 3631 1965 retorsit,
3651 1910 3692 1957 et
3709 1900 3834 1955 nonad
3908 1922 3909 1927 π

2384 1997 2567 2053 officia
2600 2013 2720 2068 qua:
2748 2000 2977 2056 honeste
3010 2006 3239 2069 possunt
3277 1996 3409 2051 fieri.
3486 2010 3487 2013 ‘

2461 2087 2563 2143 Vos
2594 2098 2785 2153 autem,
2816 2089 3009 2159 inquit,
3040 2090 3199 2144 nolite
3226 2089 3392 2147 uocari
3412 2085 3581 2149 Rabbi,
3607 2093 3651 2139 et
3667 2083 3836 2138 continuo
3908 2080 3909 2083 “

2376 2177 2559 2239 reddit
2605 2192 2858 2243 causam,
2904 2178 3029 2247 quia
3077 2194 3213 2231 unus
3256 2186 3327 2245 est
3367 2178 3588 2246 magister
3625 2183 3835 2227 testeum

2382 2268 2525 2322 enim
2545 2266 2732 2335 fratres
2756 2268 2898 2322 estis.
2920 2267 3053 2321 Nam
3078 2268 3233 2322 raltbi
3256 2266 3520 2322 Hebraeum
3546 2274 3630 2325 est,
3660 2261 3763 2332 quod
3777 2260 3837 2314 [ιε-
3908 2274 3909 2285 ‘

2382 2357 2493 2412 tine
2526 2358 2782 2427 magister
2802 2358 3018 2413 dicitur.
3046 2357 3111 2411 Et
3159 2368 3365 2429 patrem
3402 2355 3544 2410 nolite
3584 2354 3838 2417 vobismet:
3908 2394 3909 2403 χ

2378 2444 2546 2518 940
2562 2464 2717 2517 super
2741 2458 2957 2514 terram,
2983 2465 3119 2513 unus
3142 2459 3220 2503 est
3248 2449 3381 2502 enim
3401 2445 3549 2500 Pater
3570 2453 3715 2508 restet,
3735 2441 3839 2512 quiin
3908 2438 3909 2503 ἲ

2382 2529 2521 2597 (telis
2546 2548 2644 2619 est.
2676 2537 2786 2592 Nec
2810 2540 3058 2599 vocemini
3080 2539 3351 2611 magistri,
3370 2539 3485 2609 quia
3516 2535 3719 2605 Magister
3741 2543 3839 2603 matr

2384 2639 2623 2697 unustest
2651 2628 2911 2699 Christus.
2952 2631 3092 2699 Ecce
3140 2631 3289 2693 unde
3317 2630 3499 2691 fratres
3538 2642 3640 2701 esse
3674 2624 3838 2683 dicimur,

2382 2719 2508 2787 quia
2540 2719 2718 2776 nullus
2744 2729 2828 2776 est
2847 2721 2982 2777 alius
3002 2731 3159 2791 pater
3182 2730 3365 2781 noster
3382 2735 3532 2791 quam
3556 2718 3687 2773 Deus.
3704 2714 3839 2784 quinos

2383 2760 2508 2787 ..μη
2542 2760 2718 2776 .........,
2744 2760 2828 2776 νο.
2847 2760 2982 2777 ...ως
3004 2760 3148 2791 μιν.
3182 2760 3353 2781 "es...
3382 2760 3532 2791 ηυμ...
3558 2760 3687 2773 ---η
3706 2760 3837 2784 τητ-

2383 2806 2622 2862 condidit
2659 2818 2715 2863 et
2738 2810 2961 2864 creavit.
2992 2810 3253 2878 Quamvis
3294 2810 3433 2864 enim
3466 2808 3609 2862 homo
3655 2801 3837 2858 hominem

2382 2912 2623 2975 generet,
2655 2913 2831 2961 tamen
2860 2922 3002 2962 unus
3038 2916 3124 2962 est
3147 2915 3304 2978 pater
3332 2904 3573 2966 omnium,
3594 2898 3666 2970 qui
3687 2892 3840 2951 condidit
3908 2896 3909 2965 Ῑ

2381 2998 2659 3058 etcreavit
2686 3014 2907 3066 omnes;
2966 2998 3108 3057 unde
3158 3009 3217 3054 ct
3250 3014 3347 3055 nos
3392 2996 3482 3051 lilii
3527 2994 3690 3049 fratres
3727 2999 3841 3045 sumtis

2381 3098 2595 3158 patrum
2620 3097 2952 3156 nostrorum,
2983 3092 3133 3161 quia,
3158 3097 3221 3144 ut
3249 3090 3322 3145 ita
3350 3087 3541 3149 dicam,
3584 3097 3671 3137 non
3698 3078 3745 3131 ab
3765 3072 3841 3142 ἱράς
3908 3144 3909 3147 η

2383 3178 2781 3249 quodammodo
2809 3181 2919 3236 nati
2951 3197 3160 3246 sumus,
3182 3180 3277 3237 sed
3300 3194 3396 3250 per
3417 3178 3582 3247 ipsos;
3608 3171 3680 3241 qui
3702 3163 3841 3231 omnino
3908 3170 3909 3245 Ῐ

2386 3361 2520 3419 ilum
2556 3361 2627 3416 ad
2659 3361 2823 3416 Vitam
2866 3377 2963 3432 per
3005 3377 3099 3417 eos
3140 3361 3464 3432 accepimus.
3495 3355 3615 3419 Nam
3639 3349 3717 3408 etsi
3747 3344 3845 3399 arbor
3908 3348 3909 3397 1

2385 3453 2635 3508 videatur
2655 3468 2836 3508 ramos
2861 3453 2927 3508 de
2956 3468 3014 3507 sc
3045 3466 3330 3524 generare,
3363 3451 3468 3505 vita
3492 3455 3718 3502 ramorum
3741 3444 3844 3543 εἶπ’

2384 3548 2554 3613 boris,
2594 3555 2648 3601 ut
2678 3547 2749 3600 ita
2781 3545 2984 3612 fatear,
3039 3546 3196 3607 radix
3252 3552 3372 3599 est:
3401 3540 3559 3596 multo
3600 3532 3734 3602 magis

2385 3648 2539 3710 pater
2559 3640 2800 3694 omnium
2829 3639 3108 3694 hominum
3137 3647 3332 3694 auctor
3358 3645 3410 3691 et
3436 3641 3628 3690 creator
3650 3634 3726 3680 est.
3752 3617 3848 3673 Slllll-
3908 3652 3909 3673 ἢ

2388 3731 2513 3789 liter
2538 3740 2591 3786 ct
2623 3730 2889 3796 Christus,
2920 3731 3047 3786 licet
3078 3731 3233 3786 multi
3260 3732 3513 3790 doceant,
3541 3735 3660 3776 unus
3697 3723 3755 3768 est

2388 3821 2558 3891 gister
2585 3822 2847 3886 omnium,
2871 3822 2960 3891 qui
2991 3837 3184 3877 onmes
3210 3821 3455 3876 homines
3482 3817 3629 3875 intus,
3650 3822 3728 3864 non
3744 3795 3851 3895 mil"

2392 3916 2560 3981 ciosc,
2593 3916 2684 3971 sed
2714 3915 3033 3977 naturaliter
3077 3916 3258 3983 docet.
3319 3914 3375 3968 Si
3428 3909 3561 3967 enim
3600 3905 3725 3959 homo
3745 3895 3849 3985 ὶὶοαλξσ

2389 4024 2511 4065 nem
2544 4024 2613 4069 ex,
2641 4009 2849 4079 integro
2879 4007 3094 4063 doceret
3144 4017 3201 4062 et
3264 4004 3498 4065 crudiret
3520 4041 3532 4065 ,
3577 4004 3729 4053 otnnes
3748 3986 3852 4038 hom"

2390 4114 2486 4155 nes
2537 4099 2604 4153 ab
2650 4112 2757 4153 uno
2808 4097 3068 4169 magistro
3126 4113 3283 4169 atque
3335 4096 3609 4150 discerent.
3658 4080 3852 4169 Nuttcnu:

2392 4198 2524 4252 lem,
2549 4189 2671 4256 quia
2701 4203 2806 4243 non
2839 4161 3001 4243 hoino
3025 4161 3210 4249 docet,
3241 4186 3336 4241 sed
3372 4185 3528 4243 Dens,
3552 4176 3632 4247 qui
3658 4161 3857 4252 seusutuel

2392 4267 2719 4334 intellectum
2748 4279 2859 4343 dat,
2882 4277 3008 4347 ideo
3043 4276 3250 4331 Paulus
3277 4276 3496 4335 clamat,
3521 4264 3645 4339 quod
3675 4259 3858 4352 ηίῖίιξείίξί

2389 4368 2616 4441 plantat,
2657 4379 2819 4438 neque
2851 4368 2938 4439 qui
2964 4369 3127 4437 rigat,
3151 4376 3227 4421 est
3269 4362 3500 4435 aliquid,
3542 4355 3621 4413 6εά
3655 4347 3861 4441 σαί-ίηίῖῗζ

697 4463 815 4518 loco
844 4460 1256 4525 recumbebant,
1286 4468 1380 4514 aut
1404 4458 1756 4514 salutationes
1787 4458 1841 4512 in
1868 4458 1983 4513 foro
2005 4460 2286 4514 sectaban-
2312 4509 2364 4533 ,ι
2392 4474 2620 4518 mentum
2650 4464 2764 4525 dat,
2809 4461 2948 4516 Dens
2990 4460 3037 4533 (1
3067 4459 3193 4516 Cor.
3224 4477 3305 4523 Ill,
3333 4457 3410 4528 7).
3439 4469 3537 4510 non
3580 4446 3699 4503 enim
3731 4437 3861 4533 1ιοφ¹¹ξ¹

699 4567 817 4623 tur;
853 4556 946 4611 sed
973 4556 1100 4625 quia
1131 4553 1294 4627 (sicut
1320 4552 1631 4624 expressius
1666 4552 1761 4624 ait)
1799 4553 2057 4607 amabant
2085 4553 2154 4621 ob
2186 4567 2283 4606 va-

673 4628 824 4702 ,natn
860 4645 1083 4716 gloriam
1116 4646 1321 4716 primos
1359 4644 1680 4710 discubitus,
1715 4652 1771 4699 et
1802 4644 1871 4699 ob
1896 4643 2135 4699 favorem
2165 4642 2283 4697 lau-

698 4739 781 4793 dis
806 4753 915 4791 suae
943 4735 1298 4791 salutationes
1325 4735 1377 4788 in
1412 4733 1548 4798 foro,
1580 4749 1643 4789 ac
1679 4735 1883 4804 primas
1917 4734 2203 4788 cathedras
2230 4732 2282 4786 in

673 4814 1004 4899 ‘syuagogis.
1044 4827 1285 4894 Quorum
1308 4827 1433 4896 quia
1471 4841 1623 4882 mens
1651 4826 1940 4897 depravata
1966 4836 2081 4881 erat
2103 4827 2157 4881 in
2188 4841 2284 4893 vo—

698 4919 994 4974 luntatibus
1025 4926 1081 4974 et
1106 4918 1157 4972 in
1179 4918 1372 4973 studiis
1399 4918 1529 4983 suis,
1559 4917 1610 4971 in
1638 4917 1890 4973 omnibus
1918 4916 2212 4983 avaritiam,
2231 4924 2287 4972 et

699 5023 892 5062 vanam
936 5007 1161 5076 gloriam
1202 5016 1498 5071 sectantes,
1530 5006 1731 5061 idcirco
1768 5022 1956 5061 eorum
1999 5006 2288 5075 culpantur

703 5119 905 5167 mores,
933 5111 988 5157 et
1013 5102 1077 5155 ad
1103 5118 1287 5157 eorum
1316 5101 1444 5154 vitia
1472 5088 1798 5170 vituperatio
1828 5098 2082 5164 refertur,
2105 5107 2159 5153 et
2183 5112 2285 5152 non

674 5172 772 5247 ‘ad
802 5191 939 5247 facta
972 5191 1184 5261 quando
1229 5191 1453 5244 honeste
1495 5190 1645 5243 fiunt.
1678 5190 1941 5256 Quoniam
1982 5198 2037 5242 et
2069 5188 2289 5242 ordines

704 5298 924 5339 servare
967 5298 1095 5337 suos
1144 5282 1196 5335 in
1238 5282 1528 5343 diseutitu,
1558 5290 1614 5355 et
1661 5280 2011 5335 salutationes
2056 5278 2285 5333 invicem

674 5356 960 5431 exhibere
1004 5372 1460 5428 officiosissimnm
1513 5382 1626 5435 est;
1678 5381 1839 5439 atque
1884 5371 2091 5424 honore
2126 5369 2289 5423 alter-

704 5477 887 5526 utrum
912 5469 1234 5539 praevenire,
1265 5469 1569 5522 honestum.
1610 5465 1877 5520 Prattcrea
1901 5464 2015 5519 hrec
2042 5463 2293 5535 religiose

703 5561 988 5618 observata
1016 5560 1285 5614 aedificant
1322 5566 1529 5614 tuentes
1557 5556 1892 5626 singulorum
1926 5556 1978 5609 in
2005 5556 2292 5609 charitate.

708 5650 767 5705 Si
811 5659 991 5705 autem
1039 5651 1330 5727 carnaliter
1367 5666 1576 5713 eamus,
1624 5649 1900 5720 appetitet
1942 5659 2087 5703 amat
2127 5647 2298 5718 magis

708 5755 862 5794 suam
897 5739 1211 5807 jttclantiatn
1244 5758 1404 5811 quam
1451 5742 1787 5796 honestatem
1818 5757 2047 5807 morum,
2075 5751 2126 5793 rt
2166 5756 2294 5811 pro-

2312 4509 2364 4569 D

2390 4555 2721 4613 intellectum
2768 4562 2990 4624 prmstat
3020 4552 3287 4617 docendo,
3317 4550 3411 4605 sed
3451 4563 3479 4601 a
3505 4543 3606 4598 Deo
3653 4529 3864 4624 ρι’ίξξξλιυξς

2389 4611 2478 4719 qui
2508 4611 2840 4701 Intellectum
2879 4645 2969 4698 dat
3014 4643 3251 4712 parvulis
3275 4611 3475 4712 ’(Psal.
3507 4611 3862 4719 cxvul,l5l.llif“

2388 4700 2467 4796 ait
2493 4757 2507 4794 :
2543 4737 2873 4792 Intellectum
2904 4735 2996 4789 tibi
3014 4700 3191 4798 'daho,
3219 4726 3267 4789 et
3297 4700 3551 4786 instruant
3589 4733 3631 4775 te
3665 4716 3707 4806 ll!

2389 4792 2503 4902 qua
2521 4829 2778 4900 gradieris
2805 4823 2977 4899 (Psal.
3012 4792 3207 4888 tum,
3236 4822 3385 4894 130).
3424 4816 3565 4878 Unde
3584 4818 3632 4864 et
3657 4794 3783 4902 David

2389 4880 2585 4981 beatus
2616 4922 2769 4975 Itomo
2797 4880 2949 4989 quem
2994 4928 3052 4972 tu
3091 4917 3373 4987 erudieris,
3404 4908 3642 4966 Domine.
3680 4904 3717 4950 εί
3744 4880 3868 4989 ἀί

2393 4975 2497 5066 tua
2512 5010 2752 5067 docueris
2784 4975 2901 5067 eum
2960 5004 3134 5077 (Psal.
3173 4980 3331 5068 χέῃ,
3358 4975 3434 5073 8).
3476 4995 3575 5051 Sed
3600 4991 3714 5083 Γονίεξ

2393 5102 2459 5156 ad
2490 5103 2607 5155 haec
2631 5100 2873 5155 dicturus
2896 5107 2999 5161 εει,
3028 5096 3171 5167 quod
3226 5090 3471 5150 efficacia
3504 5099 3590 5141 sua
3634 5084 3678 5132 ct
3702 5061 3871 5167 mmihi“:

2391 5192 2573 5247 bilitas
2607 5194 2803 5246 mentis
2854 5189 3017 5243 faciat
3046 5159 3351 5244 'hominem
3385 5178 3656 5237 eruditum,
3682 5174 3773 5220 cum
3812 5159 3871 5249 ’ξέξ

2397 5284 2511 5353 ipsa
2543 5282 2665 5352 quis
2693 5281 2853 5348 dona,
2888 5281 2988 5335 nisi
3020 5297 3084 5335 ex
3130 5281 3274 5334 dono
3326 5274 3419 5330 Dei
3450 5269 3630 5326 habeat
3668 5265 3715 5353 ul
3742 5240 3871 5353 erud}?

2397 5346 2583 5446 possit.
2616 5375 2683 5430 Et
2710 5346 3163 5445 ideo-quicunque
3205 5387 3265 5427 se
3294 5365 3490 5426 Christi
3520 5346 3872 5446 discipulum

2399 5436 2602 5531 litetur,
2637 5473 2852 5534 oportet
2870 5436 3002 5518 ’ριιριι
3030 5436 3186 5519 vocet
3236 5459 3569 5530 magistrum,
3598 5444 3675 5518 qui

2399 5556 2575 5611 nalem
2607 5555 2659 5610 in
2686 5555 2861 5618 nobis,
2891 5554 2984 5609 sed
3016 5551 3318 5623 spiritalem
3352 5550 3567 5619 ῧοηθτθί
3603 5524 3871 5647 (iis?!)

2400 5659 2452 5702 et
2485 5656 2691 5719 patrem
2722 5616 3123 5715 cuinappellct,
3148 5645 3238 5714 qui
3269 5658 3335 5697 ex
3357 5616 3660 5709 magisterio
3677 5616 3851 5719 Qui“):

2401 5742 2677 5799 consortio
2718 5743 2819 5795 hoc
2868 5755 3062 5797 nomen
3102 5736 3255 5794 nobis
3314 5744 3367 5789 et
3418 5726 3628 5802 gratiam
3671 5702 3872 5769 rlctnt'nli‘l'
