4008 6354
101 306 179 361 769
825 301 1185 359 EXPOSITIO
1222 303 1286 357 IN
1329 305 1656 360 ΜΑΤΤΗᾹΞΙ

1759 336 1867 361 .-
1906 306 2031 360 LlB.
2072 306 2139 369 Χ,
2180 307 2332 361 CAP.
2374 308 2563 363 XXIII.

3245 312 3350 389 7:0

98 418 304 475 inuasit.
336 414 407 471 Ut
430 414 527 470 ﬁlii
581 415 674 469 Dei
723 415 895 471 simus
940 433 1038 487 per
1079 419 1421 488 adoptionem
1476 420 1654 488 potius
1682 419 2010 501 ADomiuo.
2074 420 2140 474 Et
2192 421 2486 476 notandum
2535 420 2661 490 quia
2709 432 2814 475 non
2857 421 2952 486 ait,
2994 438 3151 491 quem
3179 422 3344 496 942

98 525 229 582 quam
260 508 461 563 terreni
490 507 765 577 parentis;
796 523 861 562 ex
886 523 952 562 eo
972 509 1114 564 enim
1147 510 1393 565 ctelestes
1415 525 1512 564 nos
1534 526 1657 566 esse

97 602 402 669 profitemur,
435 614 504 654 ex
540 614 650 668 quo
678 613 798 667 cum
828 600 955 665 ﬁde,
981 600 1072 669 qui
1102 603 1273 656 renati
1301 618 1509 667 sumus,
1543 618 1657 657 οξε-
1700 645 1704 650 .

98 694 244 763 pimus
262 689 459 755 dicere
475 687 641 742 corde
660 695 822 757 atque
848 703 945 744 ore
969 705 984 742 :
1007 686 1165 743 Pater
1190 700 1387 756 noster,
1411 693 1502 761 qui
1529 707 1582 745 es
1605 693 1660 745 in

99 783 211 838 catis
238 780 452 852 (Matth.
492 796 568 845 vi,
598 780 675 851 9).
699 780 981 850 indignum
1011 781 1192 851 itaque
1220 789 1304 835 est
1327 790 1535 851 patrem
1562 797 1660 836 nos

101 886 263 926 vocare
283 883 450 939 super
488 878 712 932 terram,
744 870 836 938 qui
865 879 921 923 et
945 870 1196 926 caelestes
1241 886 1430 925 sumus
1458 870 1656 938 eﬁ‘ecti,

99 975 140 1020 et
159 971 357 1034 patrem
384 976 488 1016 nos
514 959 716 1016 habere
744 962 795 1016 in
814 962 986 1030 \ccelis
1011 977 1116 1017 non
1139 962 1469 1018 dubitamus.
1503 962 1661 1030 Quee-

103 1059 210 1113 ritur
236 1065 439 1121 autem,
465 1068 635 1124 quare
657 1064 845 1112 contra
879 1056 996 1112 haec
1041 1066 1312 1127 praecepta
1360 1067 1415 1112 et
1464 1057 1660 1113 Paulus

105 1151 343 1205 doctorem
371 1145 629 1201 Gentium
667 1161 725 1200 se
754 1154 946 1201 vocat:
980 1155 1074 1200 aut
1104 1163 1212 1216 quo
1237 1148 1416 1214 modo,
1444 1149 1659 1220 vulgato

104 1256 336 1306 sermone,
374 1240 428 1293 in
460 1239 822 1305 monasteriis.
853 1254 918 1292 ex
952 1255 1048 1292 usu
1091 1240 1333 1294 omnium
1376 1242 1661 1295 monacho-

106 1340 281 1397 rum,et
298 1347 367 1386 ex
396 1339 669 1399 praecepto
697 1329 913 1399 regula},
938 1329 1240 1385 seinvicem
1266 1331 1535 1395 monachi,
1553 1347 1658 1385 non

104 1437 180 1476 nos
198 1427 408 1486 vocent,
426 1420 480 1487 in
510 1435 619 1489 quo
642 1429 866 1487 paterna
891 1428 1141 1473 servatur
1168 1419 1488 1473 reverentia.
1506 1419 1660 1486 Quod

103 1510 232 1584 95.1
261 1510 338 1564 sic
384 1518 535 1564 recte
582 1508 831 1572 solvitur,
865 1524 987 1563 cum
1031 1509 1259 1564 dicimus
1294 1509 1436 1564 aliud
1466 1518 1693 1578 natura“

101 1612 280 1671 patrem
309 1616 445 1664 esse,
487 1599 575 1656 vel
617 1601 961 1671 magistrum,
994 1608 1049 1655 et
1100 1599 1246 1679 aliud
1302 1600 1655 1672 indulgentia.

106 1694 240 1750 Unde
265 1694 308 1749 si
332 1703 539 1765 patrem
571 1708 845 1757 vocamus,
880 1694 1139 1749 honorem
1171 1695 1316 1777 aetati
1344 1692 1656 1759 deferimus,

1760 509 2041 571 Dominus,
2079 511 2171 563 sed
2197 511 2287 580 qui
2316 525 2375 565 se
2397 510 2739 574 exultaret-it,
2786 510 3192 576 humiliabitur;
3243 514 3352 567 uti-

1761 615 1865 669 que
1903 616 1932 654 a
1962 600 2216 665 Domino,
2246 601 2389 656 sicut
2419 616 2520 656 nec
2563 616 2723 671 quem
2781 601 3062 666 Dominus,
3104 603 3198 657 sed
3243 604 3337 672 qui

1761 692 2112 760 semetipsqu
2164 707 2265 746 sua
2318 701 2512 762 sponte
2569 692 2956 755 humiliaverit,
3012 693 3367 761 exaltabitur_

1760 796 1916 839 versa
1946 783 2067 837 vice’
2091 798 2119 835 a
2150 781 2399 837 Domino.
2434 783 2566 849 Qum
2592 784 2849 838 nimirum
2882 784 3128 839 doctrina
3167 788 3346 840 omni-

1764 874 1867 929 bus
1912 874 2069 930 bonis
2103 875 2353 945 congruit
2388 875 2734 941 Christianis,
2789 877 2933 932 sicut
2979 892 3010 932 e
3065 880 3344 933 contrario

1761 964 1866 1019 ista
1898 964 2250 1019 comminatio
2278 964 2512 1029 diabolo,
2540 963 2742 1021 Judreis
2762 976 2818 1020 et
2845 965 3135 1030 Gentibus,
3188 977 3353 1037 atque
3380 1032 3385 1035 _

1760 1046 2015 1109 omnibus
2040 1055 2375 1125 apostaticis,
2406 1056 2497 1124 qui
2529 1070 2589 1110 se
2613 1056 2714 1123 sub
2738 1055 2868 1127 jngo
2904 1056 3106 1128 Christi
3163 1059 3355 1114 nolunt

1760 1145 2078 1208 luuuiliare;
2111 1152 2167 1199 et
2188 1145 2392 1213 ideobi
2416 1160 2609 1201 omnes
2630 1146 2779 1217 justo
2818 1147 2913 1201 Dei
2933 1145 3142 1215 judicio
3174 1148 3354 1202 humi-

1760 1232 2054 1287 liabnntur.
2107 1232 2261 1300 Quod
2299 1243 2557 1290 caventes
2613 1235 2845 1307 apostoli
2892 1245 2946 1291 et
2976 1252 3181 1297 omnes
3227 1238 3354 1293 boni

1759 1324 1882 1390 viri,
1935 1324 2240 1379 maluerunt
2284 1340 2343 1379 se
2396 1325 2628 1381 invicem
2680 1336 2871 1381 mutuo
2907 1329 3209 1397 praevenire
3254 1329 3354 1384 ho-

1760 1430 1915 1479 nore,
1947 1424 2001 1470 et
2021 1431 2210 1470 omnes
2237 1431 2358 1471 esse
2404 1416 2621 1480 fratres,
2657 1418 2709 1472 id
2750 1426 2852 1483 est,
2892 1418 3052 1475 unius
3105 1420 3351 1491 parentis

1766 1506 1928 1571 ﬁlios,
1960 1507 2256 1577 gaudentes
2299 1522 2397 1577 per
2439 1523 2593 1562 novae
2639 1510 2942 1563 nativitatis
2985 1511 3356 1581 regeneratio-

1762 1610 1907 1663 nem,
1943 1596 2147 1650 terreui
2200 1604 2353 1652 ortus
2381 1598 2682 1653 excessisse
2721 1599 3041 1669 primordia,
3088 1609 3144 1655 et
3184 1616 3353 1656 unum

1761 1689 1862 1744 sibi
1894 1704 2127 1759 [incesse
2154 1691 2406 1746 omnibus
2435 1691 2675 1746 caelestis
2716 1693 2978 1749 doctrina:
3010 1696 3350 1765 magistrum.

99 1785 170 1842 vel
217 1785 571 1842 reverentiam
619 1786 974 1849 meritorum;
1030 1801 1136 1841 non
1183 1796 1465 1842 auctorem
1510 1803 1655 1853 eum,
1690 1792 1734 1850 Β
1766 1778 1918 1845 Unde
1951 1782 2076 1847 quia
2109 1780 2212 1836 hoc
2241 1780 2343 1835 sibi
2375 1778 2624 1836 Christus
2645 1783 3012 1853 magisterium
3041 1785 3381 1854 specialiter,

99 1892 233 1948 quem
277 1887 488 1948 patrem
547 1892 825 1941 vocamus,
876 1884 1075 1934 nostra:
1109 1876 1341 1934 dicimus
1382 1878 1527 1943 vitae,
1579 1879 1660 1934 sic

98 1969 388 2039 magistrum
414 1969 539 2037 jure
588 1983 695 2024 non
739 1967 979 2033 aliunde,
1008 1983 1171 2037 quam
1207 1982 1274 2023 ex
1304 1982 1403 2022 usu
1434 1977 1488 2024 et
1518 1983 1653 2023 con-

99 2060 240 2114 sortio
268 2060 383 2114 veri
412 2059 679 2131 magistri.
713 2059 782 2114 Et
806 2074 873 2114 ne
900 2058 967 2113 ad
1015 2058 1292 2113 inﬁnitum
1338 2060 1657 2127 pertendam

97 2166 397 2216 serruonem,
420 2151 688 2220 quomodo
715 2167 855 2207 unus
877 2164 976 2221 per
1004 2158 1252 2206 naturam
1280 2149 1421 2205 Deus
1443 2158 1497 2204 et
1519 2166 1657 2205 unus

96 2241 256 2306 Filius,
289 2259 398 2298 nou
448 2243 762 2315 praeiudicat
790 2244 1022 2307 caeteris,
1062 2257 1131 2299 ne
1174 2242 1536 2312 nuncupative
1561 2241 1693 2306 dii-

96 2344 333 2389 vocentur
362 2334 562 2398 sancti,
615 2342 672 2389 et
708 2333 802 2388 ﬁlii
837 2349 934 2403 per
970 2333 1275 2404 adoptionis
1308 2333 1539 2405 gratiam
1568 2333 1655 2387 di-

92 2434 258 2480 cantur
287 2425 365 2480 dii
396 2441 412 2479 :
442 2426 517 2479 ita
549 2440 687 2480 unus
714 2435 872 2494 pater
914 2436 970 2480 et
1014 2426 1272 2497 magister
1309 2441 1418 2482 non
1462 2424 1656 2496 prteju-

92 2517 211 2570 dicat
230 2516 376 2581 aliis,
409 2532 476 2571 ne
493 2517 717 2573 abusive
746 2516 1084 2587 appellentur
1109 2528 1292 2587 patres
1306 2526 1360 2573 et
1384 2519 1651 2590 magistri.

92 2608 333 2674 Quoniam
365 2607 510 2662 aliud
539 2617 624 2663 est
655 2617 772 2664 arte
797 2610 1113 2680 magistrum
1134 2625 1274 2675 esse,
1305 2620 1360 2665 et
1385 2611 1531 2667 aliud
1553 2626 1652 2682 po-

94 2707 261 2756 testate
282 2707 343 2756 et
363 2709 581 2755 natura.
621 2700 962 2771 Quapropter
992 2702 1046 2757 in
1073 2702 1323 2757 omnibus
1353 2702 1479 2765 illis,
1524 2702 1653 2758 tolle

90 2808 257 2848 vanam
290 2809 359 2848 ac
389 2794 660 2863 propriam
692 2795 1142 2864 assumptionem,
1167 2808 1234 2848 ne
1263 2803 1477 2849 ametur
1500 2793 1656 2850 favor

92 2901 220 2941 vanze
245 2884 457 2957 gloriae,
493 2886 587 2941 sed
609 2893 857 2940 servetur
886 2888 1060 2941 honor
1089 2886 1185 2940 Dei
1233 2895 1289 2940 et
1325 2885 1515 2955 religio
1558 2885 1655 2940 ho-

89 2980 294 3032 nestatis
325 2996 340 3031 :
375 2978 621 3034 invenies
648 2979 789 3048 quod
820 2995 925 3034 non
964 2978 1233 3048 prohibet,
1284 2988 1343 3032 ut
1378 2993 1655 3048 nunquam

88 3070 146 3123 ab
186 3072 297 3128 aliis
352 3072 425 3126 ita
466 3081 729 3126 vocentur
775 3072 964 3142 aliqui,
1008 3072 1103 3128 sed
1152 3074 1255 3128 hoc
1306 3072 1654 3130 introducere

1761 1869 1815 1923 in
1852 1883 1911 1924 se
1948 1869 2188 1934 retinuit,
2245 1884 2370 1924 mox
2408 1869 2641 1927 formam
2693 1873 2953 1928 doctrinae
2994 1876 3260 1939 adhibuit,
3293 1884 3377 1941 ut:

1763 1960 1857 2028 qui
1889 1960 1999 2014 vult
2021 1959 2195 2027 major
2214 1976 2355 2026 esse,
2385 1961 2456 2016 sit
2482 1963 2724 2018 omnium
2754 1965 3022 2020 minister.
3053 1967 3133 2022 Ac
3161 1969 3369 2035 deinde

1758 2053 2015 2105 continuo
2065 2067 2284 2107 causam
2327 2061 2491 2108 tanta:
2541 2053 2864 2110 humilitatis
2909 2056 3177 2125 duplicem
3224 2059 3354 2114 sub—

1753 2139 1907 2210 jecit,
1938 2156 2101 2195 unam
2122 2142 2346 2198 scilicet
2371 2145 2437 2197 ad
2464 2143 2693 2216 gloriam
2721 2146 2844 2201 vita:
2874 2157 3147 2218 perpetua:
3190 2165 3355 2220 cape-

1760 2233 2013 2287 scendam
2068 2233 2122 2287 in
2177 2233 2431 2301 Christo,
2481 2236 2710 2291 alteram
2763 2247 2981 2295 aeterna:
3033 2242 3358 2299 humilitatis

1759 2323 2130 2379 confusionem
2210 2326 2650 2395 superbientibus
2710 2330 3212 2389 demonstrandam.
3289 2335 3358 2390 Et

1757 2416 1885 2486 quia
1928 2415 2032 2471 sibi
2081 2418 2448 2472 cssentialiter
2478 2434 2673 2474 nomen
2724 2423 2969 2491 magistri
3019 2424 3352 2493 vindicavit,

1758 2508 1888 2563 licet
1930 2508 2052 2563 aliis
2101 2508 2314 2575 verbis,
2359 2511 2714 2579 eamdemque
2763 2511 2993 2567 formam
3047 2517 3352 2585 proposuit,

1758 2599 1976 2666 Discite,
2003 2599 2195 2671 inquit,
2224 2618 2258 2654 a
2287 2618 2367 2656 me
2403 2604 2529 2673 quia
2558 2604 2696 2658 mitis
2716 2621 2831 2658 sum
2854 2615 2902 2659 et
2928 2607 3144 2661 Immitis
3194 2608 3353 2662 corde

1760 2688 1976 2763 (Matth.
2009 2707 2087 2754 ιι,
2123 2690 2233 2761 Ξ9).
2277 2691 2424 2748 Unde
2447 2695 2756 2765 quicunque
2782 2694 2899 2763 ejus
2923 2697 3218 2766 discipulus
3235 2699 3373 2765 vult,

1757 2798 1902 2850 esse,
1926 2782 2229 2840 doctrinam
2275 2800 2434 2854 quam
2468 2803 2527 2841 se
2566 2788 2853 2858 proﬁtetur
2896 2791 3093 2859 docere
3131 2807 3359 2848 necesse

1756 2883 1842 2929 est
1883 2874 2151 2931 instanter
2178 2876 2380 2942 discat;
2432 2878 2558 2948 quia
2608 2888 2735 2934 tunc
2782 2867 3057 2950 perfectus
3111 2884 3359 2954 quisque,

1758 2966 1883 3033 erit,
1915 2967 2051 3023 sisit
2077 2968 2219 3024 sicut
2242 2970 2499 3040 magister
2518 2968 2653 3039 ejus.
2683 2970 2834 3028 Alias
2858 2981 3061 3039 autem,
3094 2958 3201 3030 non
3228 2977 3351 3033 dico

1760 3059 2042 3131 magister,
2075 3075 2263 3116 verum
2308 3077 2409 3117 nec
2448 3062 2748 3133 discipulus
2785 3064 2909 3129 erit,
2965 3065 3056 3135 qui
3112 3067 3352 3123 uoluerit

89 3162 295 3228 videtur,
352 3177 425 3218 ne
463 3162 776 3218 desiderent
810 3138 1058 3233 discipuli
1101 3163 1301 3219 Christi
1346 3166 1417 3220 ob
1458 3181 1656 3220 vanam
1682 3138 1728 3201 C
1761 3152 1971 3208 discere
1998 3153 2300 3209 δοθυίηεῐη
2321 3170 2484 3225 quam
2518 3157 2778 3228 magis“?
2800 3157 2979 3213 ἀοεοι·

88 3252 310 3322 gloriam,
365 3255 458 3311 his
504 3255 686 3309 vocari
737 3255 1065 3320 nominibus,
1106 3256 1189 3311 vel
1229 3258 1660 3327 superstitiosius

88 3342 133 3395 in
170 3344 344 3413 aliquo
390 3344 652 3400 honorari
701 3359 862 3414 quam
907 3346 1182 3414 expediat.
1233 3345 1338 3411 Qui
1369 3348 1547 3419 major
1578 3357 1657 3403 est

86 3439 314 3495 vestram,
343 3433 442 3486 erit
468 3442 636 3486 vester
663 3434 919 3486 minister.
956 3432 1060 3498 Qui
1102 3444 1276 3488 autem
1314 3451 1369 3489 se
1392 3434 1657 3490 exultave-

83 3517 162 3581 rit,
199 3521 594 3583 Ixumiliabitur;
625 3531 670 3574 et
699 3522 790 3590 qui
824 3537 879 3574 se
906 3520 1279 3588 ltumiliaverit,
1317 3523 1657 3580 exaltabitur.

81 3605 217 3672 Quia
232 3608 447 3663 dixerat
463 3609 563 3664 :Ne
581 3610 843 3669 voccmini
862 3612 1125 3682 magistri,
1144 3621 1199 3667 et
1212 3628 1281 3669 ne
1298 3622 1542 3669 amarent
1553 3616 1661 3684 pri-

78 3714 196 3755 mos
226 3701 529 3767 accubitus,
556 3718 650 3757 seu
684 3712 881 3760 caetera
907 3745 922 3769 ,
955 3705 1077 3760 ideo
1125 3706 1361 3777 seipsum
1405 3708 1659 3777 proponit

82 3787 373 3847 formamet
387 3794 689 3863 exemplum
709 3794 1048 3861 humilitatis,
1068 3796 1159 3865 qui
1181 3797 1352 3867 magis
1371 3812 1435 3852 ex
1463 3806 1655 3852 natura

82 3882 327 3952 magister
364 3894 610 3955 vocatur,
636 3901 796 3955 quam
824 3902 892 3942 ex
919 3887 1271 3958 indulgentia,
1302 3903 1368 3943 eo
1394 3890 1538 3958 quod
1561 3904 1657 3957 per

83 3973 241 4040 ipsmn
277 3986 535 4032 constant
579 3978 784 4041 omnia,
828 3986 884 4032 et
914 3993 987 4032 ex
1028 3979 1428 4048 dispensatione
1465 3981 1648 4036 carnis

82 4065 183 4132 ejus
220 4085 419 4125 omnes
466 4071 750 4125 erudimur
788 4072 856 4125 ad
904 4071 1090 4137 vitam,
1136 4082 1189 4127 et
1239 4074 1656 4128 reconciliamur

83 4154 192 4221 Deo,
220 4175 317 4230 per
342 4162 456 4217 hoc
482 4162 627 4231 quod
655 4163 825 4233 major
843 4175 921 4218 est
950 4174 1213 4219 nostrum.
1239 4165 1317 4219 Ac
1350 4164 1396 4219 si
1415 4165 1651 4221 diceret:

82 4243 234 4306 Nolite
252 4266 459 4307 amare
476 4253 749 4322 primatus
780 4254 1021 4319 honoris,
1052 4269 1153 4309 nec
1181 4254 1362 4309 vocari
1385 4256 1651 4326 magistri,

78 4340 195 4396 sicut
219 4360 316 4398 nec
358 4361 467 4416 ego
492 4343 719 4416 gloriam
761 4362 931 4400 meum
955 4363 1155 4418 (μιαν-ο,
1184 4349 1277 4401 sed
1304 4357 1378 4401 est
1401 4349 1490 4418 qui
1510 4366 1655 4420 qua:-

76 4442 141 4485 νει
166 4433 349 4504 (Joan.
384 4452 519 4498 vui,
550 4435 662 4506 50).
704 4435 778 4490 ita
809 4445 865 4491 et
894 4452 988 4491 vos
1016 4436 1280 4493 intendite
1307 4437 1361 4491 in
1385 4452 1492 4503 me,
1525 4438 1650 4508 quia

73 4521 223 4581 Filius
247 4530 497 4583 hominis
528 4545 632 4583 non
676 4531 808 4583 venit
851 4530 1162 4597 ministrari,
1198 4530 1288 4585 sed
1327 4531 1648 4596 ministrare,

68 4626 109 4666 et
132 4621 362 4684 animum
386 4636 559 4675 suam
582 4620 711 4673 dare
728 4635 822 4690 pro
845 4620 1024 4673 multis
1060 4619 1278 4690 (Matth.
1311 4636 1405 4686 xx,
1437 4621 1549 4693 28).
1592 4622 1649 4677 In

68 4704 155 4761 hoc
178 4713 383 4783 quippe
414 4713 547 4767 loco
594 4726 699 4766 non
729 4712 899 4765 solum
934 4712 1227 4782 discipulos
1255 4728 1384 4768 suos
1408 4714 1650 4782 instruit,

65 4810 230 4856 rerum
265 4813 326 4858 et
356 4803 666 4873 magistros
693 4801 1079 4867 Ecclesiarum,
1112 4816 1180 4858 ne
1199 4803 1394 4873 aliquis
1419 4803 1654 4861 honores

62 4901 147 4954 per
164 4896 540 4951 ambitionem
566 4903 795 4965 quaerat,
833 4895 928 4949 sed
949 4895 1041 4964 qui
1065 4895 1295 4950 voluerit
1315 4896 1488 4965 major
1507 4913 1649 4963 esse,

64 4978 401 5052 sitprimuin,
440 4986 591 5056 quod
620 4986 738 5056 ipse
779 4984 958 5041 factus
977 4994 1082 5049 est,
1111 4988 1351 5041 omnium
1380 4989 1645 5044 minister.

63 5072 195 5140 Quod
232 5079 281 5133 si
306 5079 536 5150 aliquid
564 5078 631 5131 de
655 5079 741 5133 his
763 5077 1073 5132 desiderare
1105 5078 1345 5142 libuerit,
1375 5080 1648 5149 opusde-

60 5166 264 5237 sideret,
297 5181 361 5227 et
390 5187 512 5227 non
542 5168 817 5240 fastigium
849 5172 1104 5239 honoris;
1132 5172 1444 5228 ministrare
1467 5174 1647 5243 potius

58 5268 105 5310 et
128 5263 336 5319 servire
364 5264 661 5329 omnibus,
690 5279 853 5333 quam
905 5266 1008 5319 sibi
1039 5266 1228 5319 serviri
1261 5274 1317 5320 et
1344 5266 1646 5321 ministrari

55 5350 114 5405 ab
130 5356 416 5412 omnibus.
475 5354 613 5421 Quia
657 5371 822 5410 unum
867 5372 1054 5410 eorum
1089 5359 1155 5411 de
1190 5356 1477 5427 supercilio
1500 5358 1649 5411 venit

52 5437 483 5506 I’inrismorum,
511 5443 741 5497 alterum
760 5459 888 5498 vero
906 5445 975 5497 de
996 5445 1241 5499 doctrina
1264 5454 1319 5498 et
1336 5446 1648 5517 magisterio

52 5526 257 5590 Christi.
292 5535 449 5591 Nam
484 5534 576 5603 qui
597 5537 843 5591 ambiunt
866 5547 922 5591 et
947 5538 1231 5606 requirunt
1261 5539 1362 5593 sibi
1392 5540 1644 5609 honores,

50 5619 137 5688 ipsi
159 5636 290 5681 sunt
321 5627 426 5696 qui
455 5627 729 5693 exaltant;
772 5637 829 5684 et
866 5631 956 5700 qui
985 5630 1297 5684 ministrare
1326 5634 1395 5684 'et
1441 5633 1648 5689 servire

47 5716 288 5785 sludent,
325 5718 445 5790 ipsi
483 5727 609 5773 sunt
636 5720 726 5790 qui
771 5736 829 5776 se
858 5722 1165 5789 humiliant,
1195 5729 1253 5775 ut
1276 5722 1584 5778 exaltentur
1614 5741 1645 5780 a

1842 3243 1932 3299 Va:
1962 3245 2123 3313 vobis,
2153 3246 2349 3317 inquit,
2390 3248 2593 3303 Scribw
2636 3259 2685 3303 et
2734 3249 2998 3306 Pharisaei
3036 3252 3345 3323 hypocrita,

1758 3336 1846 3406 qui
1867 3334 2116 3391 clauditis
2140 3353 2355 3408 regnum
2382 3338 2631 3393 caelorum
2653 3350 2774 3395 ante
2802 3341 3074 3409 homines;
3099 3361 3188 3399 vos
3210 3346 3349 3400 enim

1761 3443 1864 3483 non
1893 3427 2123 3491 intratis,
2176 3445 2268 3482 nec
2294 3430 2621 3485 introeunte:
2649 3433 2823 3486 sinitis
2850 3434 3067 3488 intrare.
3109 3436 3350 3502 Audiant

1760 3518 1804 3572 si
1852 3517 1991 3573 forte
2032 3518 2209 3574 adhuc
2250 3519 2344 3574 ulli
2383 3530 2510 3575 sunt
2554 3522 2974 3578 Manichaeorum
3027 3526 3344 3596 complices,

1759 3610 1850 3678 qui
1882 3609 2069 3663 dicunt
2099 3609 2264 3664 Deum
2316 3612 2528 3666 Veteris
2562 3612 2916 3680 Testamenti,
2969 3631 3076 3672 non
3118 3616 3344 3684 bonum,

1759 3708 1979 3770 propter
2020 3699 2428 3758 maledictiones
2455 3719 2593 3773 quas
2620 3705 2805 3775 posuit
2846 3706 2901 3760 in
2934 3705 3052 3776 lege
3080 3709 3347 3766 adversus

1757 3800 2071 3858 peccatores
2102 3805 2167 3844 ac
2196 3791 2593 3862 delinquentes.
2638 3795 2792 3862 Quod
2837 3797 2880 3852 si
2911 3812 3035 3853 eum
3067 3800 3341 3857 crudelem

1761 3891 1954 3936 vocant
2001 3892 2056 3938 et
2101 3885 2529 3955 sanguinarium,
2578 3889 2709 3958 quid
2749 3889 2948 3945 dicturi
2988 3900 3116 3947 sunt
3145 3893 3200 3947 in
3241 3894 3348 3949 hoc

1759 3974 1877 4030 loco
1915 3975 1982 4029 de
2018 3976 2238 4034 Christo
2266 3993 2428 4047 quem
2470 3981 2763 4052 benignum
2803 3987 3037 4040 vocant?
3065 3987 3132 4041 Et
3164 3995 3345 4045 tamen

1756 4082 1996 4122 consona
2027 4083 2160 4123 voce
2194 4071 2433 4127 ostendit
2476 4089 2536 4127 se
2566 4090 2756 4129 verum
2796 4075 2893 4131 Dei
2938 4078 3159 4146 Filium,
3202 4080 3348 4136 illius

1756 4159 1848 4227 qui
1872 4158 2044 4230 legem
2074 4160 2241 4216 dedit.
2269 4161 2523 4229 Quinimo
2550 4165 2715 4220 etiam
2747 4178 2805 4221 et
2850 4168 3090 4238 seipsum
3132 4170 3357 4241 legisla-u

1760 4258 1929 4305 torem
1963 4250 2223 4317 insinuat,
2257 4252 2384 4307 dum
2417 4255 2714 4311 secundum
2742 4258 3153 4314 similitudinem
3184 4261 3348 4317 bene-

1757 4340 2054 4399 diCtionum
2111 4358 2248 4412 quas
2292 4345 2469 4413 posuit
2516 4348 2568 4400 in
2617 4347 2754 4417 lege,
2809 4351 3089 4419 proposuit
3137 4361 3193 4405 ct
3226 4352 3345 4422 ipse

1759 4438 1811 4494 in
1837 4439 2125 4510 Evangelio
2155 4441 2513 4497 beatitudines
2538 4458 2726 4499 eorum
2756 4446 2847 4514 qui
2876 4446 3184 4512 salvantur;
3214 4463 3345 4503 nec-

1761 4546 1865 4585 non
1914 4540 1970 4586 et
2020 4531 2402 4587 similitudines
2450 4535 2889 4591 maledictionum
2940 4552 3077 4606 quas
3133 4538 3187 4593 in
3229 4539 3348 4610 lege

1758 4610 2133 4693 proposuerat,
2158 4626 2412 4695 proponit
2441 4626 2495 4680 in
2521 4627 2625 4682 hoc
2640 4626 2790 4692 loco;
2824 4630 2967 4684 sicut
2987 4640 3039 4683 ct
3057 4626 3347 4686 in‘caeteris

1759 4725 1948 4772 contra
1976 4725 2296 4786 peccatores
2336 4714 2635 4789 contraque
2678 4721 3073 4789 delinquentes,
3115 4731 3174 4775 ut
3210 4722 3348 4777 resi-

1759 4810 1969 4879 piseant
2015 4823 2044 4862 a
2104 4808 2261 4862 malis
2313 4809 2476 4881 943
2506 4811 2642 4875 suis,
2685 4811 2756 4864 ita
2785 4812 3013 4867 dicens:
3044 4813 3136 4866 Vm
3162 4813 3342 4878 nobis,

1759 4907 1814 4953 et
1857 4898 2029 4954 vobis.
2072 4898 2281 4966 Quibus
2324 4915 2423 4953 cur
2470 4902 2573 4955 hoc
2618 4901 2781 4959 dicat.
2834 4904 2975 4957 sicut
3014 4911 3069 4956 et
3104 4903 3156 4957 in
3203 4902 3340 4973 lege,

1756 5005 1881 5045 mox
1932 4990 2111 5045 reddit
2160 5006 2374 5045 causas.
2429 4991 2583 5047 Unde
2633 5003 2739 5048 tam
2779 4995 2864 5049 hic
2901 5011 3063 5065 quam
3110 4996 3161 5050 in
3202 4996 3341 5067 lege,

1756 5081 1826 5136 ab
1853 5096 1964 5135 uno
1988 5080 2197 5144 Deo,-id
2220 5090 2325 5147 est,
2349 5083 2737 5153 benignissimo
2762 5085 2887 5141 Jesu
2920 5085 3161 5153 Christo,
3208 5089 3344 5152 satis

1754 5175 1986 5247 benigne
2008 5177 2320 5241 suntdicta,
2352 5178 2469 5233 sive
2496 5179 2904 5233 maledictiones
2951 5180 3003 5232 in
3044 5179 3179 5250 lege,
3229 5182 3343 5235 sive

1755 5267 1898 5323 istud
1936 5283 2035 5330 vae,
2070 5268 2213 5337 quod
2248 5270 2650 5337 pronuntiantis
2692 5269 2896 5339 ,aﬁ'ectu
2937 5280 3086 5325 recte
3135 5272 3339 5325 dictum

1754 5359 2097 5430 intelligitur;
2149 5375 2255 5414 non
2304 5363 2445 5430 quod
2483 5377 2546 5416 ex
2602 5362 3044 5430 pronuntiatione
3074 5362 3177 5415 ista
3208 5360 3338 5432 pro-

1752 5452 2053 5506 nuntiantis
2097 5451 2390 5520 unicuique
2417 5453 2730 5523 contingant
2771 5444 3135 5523 peccata,-setl
3179 5452 3340 5522 justas

1753 5526 2225 5598 condemnationis
2260 5538 2475 5608 "judicio
2520 5542 2828 5611 unicuique,
2872 5536 2993 5612 quia
3033 5554 3239 5613 peccat.
3272 5543 3340 5597 Et

1752 5649 1859 5688 non
1887 5634 2009 5689 dico
2047 5643 2257 5688 tantum
2307 5638 2431 5704 quia
2471 5644 2674 5703 peccat.
2706 5638 3084 5691 verum‘etiam
3118 5647 3172 5693 et
3214 5645 3340 5707 post

1753 5723 1881 5778 talia
1939 5724 2312 5784 interminata.
2353 5726 2477 5794 quia
2521 5727 2814 5781 secundum
2864 5728 3337 5798 impmnitudinem
