4016 6354
683 289 779 343 ’ΠΙ

1487 279 1544 335 S.
1583 276 1936 334 PASCIIASII
1978 275 2319 330 RADBEHTI
2361 274 2646 328 ABBATIS
2681 273 3123 334 CORBEIENSIS
3736 287 3808 345 πὶ

681 399 866 453 cordis
894 405 1102 468 peccat,
1126 405 1175 447 ct
1217 410 1273 448 sc
1301 394 1502 463 praebet
1543 394 1607 446 ad
1645 407 1706 444 ea
1741 389 2095 460 promerenda
2144 403 2262 456 qutc
2291 396 2337 453 Α
2368 387 2543 442 redire
2573 387 2640 440 ad
2682 387 2846 440 Deum
2893 387 3078 450 velint,
3114 401 3208 441 uec
3249 389 3372 444 alios
3408 399 3668 461 permittant
3701 419 3809 461 suum

683 489 825 543 Deus
852 487 1145 555 disciplina:
1174 499 1334 538 causa
1371 483 1588 553 protulit
1619 482 1880 535 adversus
1909 494 2024 544 eos,
2055 488 2112 532 ut
2135 494 2262 531 con-

683 586 1023 632 verterentnr
1047 575 1114 628 ad
1158 576 1356 628 bonum
1403 583 1458 627 et
1507 589 1566 627 se
1613 571 1966 639 corrigerent.
1999 567 2130 622 Nam
2161 569 2264 621 im-

681 667 1118 738 praesentiarum,
1164 667 1304 718 sicut
1335 663 1464 716 nulli
1509 677 1636 716 vera
1671 660 1956 715 beatitudo
2001 661 2265 712 hactenus

682 758 786 811 nisi
841 757 892 809 in
935 771 1030 824 spe
1072 750 1399 822 praistatur:
1430 754 1501 807 ita
1553 767 1653 806 nec
1695 751 2028 813 maledictio,
2066 749 2147 802 vel
2188 763 2267 802 va:

683 847 828 901 istud
876 845 1133 905 futurum,
1172 844 1283 912 jam
1333 844 1678 898 terminatur.
1733 842 1840 896 Sed
1883 841 2023 895 sicut
2077 853 2267 909 magna

683 937 915 992 felicitas
946 937 998 988 in
1039 935 1196 996 coelo,
1226 934 1500 987 beatitudo
1529 933 1864 993 nominatur,
1908 942 1962 986 et
2003 933 2113 1000 ipsa
2143 946 2268 985 vera

684 1029 984 1091 beatitudo,
1025 1028 1075 1080 in
1124 1041 1290 1096 regno
1331 1026 1424 1078 Dei
1459 1025 1760 1094 completur
1801 1045 1815 1078 :
1859 1025 1932 1078 ita
1972 1023 2267 1077 lamcntum

690 1129 746 1174 et
776 1119 935 1172 ﬂetus
993 1119 1186 1171 harum
1240 1116 1674 1170 maledictionum
1709 1118 1761 1169 in
1796 1115 2007 1168 inferno
2055 1115 2270 1169 conclu-

687 1209 853 1273 ditur,
890 1209 1076 1278 ibique
1114 1208 1320 1261 inﬁnita
1348 1208 1565 1261 miscria
1594 1217 1647 1261 et
1671 1207 1946 1260 cruciatus
1968 1222 2049 1260 vm
2077 1223 2272 1260 secun-

693 1304 842 1367 dum,
874 1303 926 1356 in
950 1301 1270 1372 Apocalypsi
1302 1300 1543 1365 Joannis,
1591 1316 1714 1370 qma
1758 1303 1992 1370 primum
2020 1299 2154 1353 abiit
2193 1299 2273 1352 di-

688 1393 849 1446 citur.
882 1392 947 1444 Et
975 1393 1074 1445 hoc
1103 1401 1185 1445 est
1211 1390 1335 1443 illud
1363 1406 1464 1453 ναξ,
1489 1391 1630 1459 quod
1655 1405 1757 1442 non
1781 1390 1951 1443 solum
1981 1389 2191 1442 Scribis
2218 1398 2274 1441 et

688 1479 998 1543 Phariszcis,
1015 1495 1199 1533 verum
1223 1479 1388 1532 etiam
1415 1478 1662 1531 omnibus
1694 1478 1938 1546 reprobis
1963 1477 2273 1546 impraesen-

691 1573 890 1626 tiarum
914 1572 1283 1634 denuntiatur,
1313 1581 1371 1622 ut
1403 1571 1454 1622 in
1496 1568 1678 1622 futuro
1711 1568 2105 1622 incscusabiles
2141 1567 2268 1627 sint,

690 1673 744 1718 et
785 1663 930 1731 justo
961 1663 1051 1717 Dei
1079 1661 1288 1729 judicio
1318 1662 1632 1731 puniantur.
1668 1660 1777 1714 Nec
1825 1659 2096 1712 immerito
2141 1671 2272 1727 ergo

2368 478 2518 547 sequi
2551 477 2830 540 factorem,
2887 494 3063 547 neque
3089 479 3152 531 de
3200 488 3358 534 uiuite
3381 483 3439 534 ad
3469 484 3603 540 vitam
3627 495 3808 549 transire.

2367 570 2505 636 Quid
2553 584 2681 640 ergo
2705 571 2771 624 de
2807 569 3004 623 talibus
3053 578 3217 623 restat
3278 572 3390 635 nisi,
3430 589 3624 642 quorum
3662 595 3739 634 una
3760 598 3815 639 est

2368 663 2626 717 scelerata
2679 663 2948 732 impietas,
3003 677 3109 715 una
3137 663 3204 716 sit
3231 673 3282 717 et
3319 679 3459 732 ptena
3489 676 3816 730 tormentorum?

2369 753 2566 808 Reddit
2618 763 2798 806 autem
2849 753 3075 822 singulis
3102 753 3264 817 vitiis,
3293 755 3508 824 singulas
3542 759 3752 817 clausulas
3767 768 3822 819 vi.

2370 847 2590 900 tiorum.
2620 845 2754 912 Quia
2785 845 3084 899 dilatabant
3133 844 3441 914 phylacteria
3467 861 3569 910 sua,
3588 849 3820 908 simulantes

2370 950 2427 990 se
2448 945 2686 998 sanctos,
2711 943 2764 989 et
2796 934 3213 1006 magniticabant
3245 934 3483 999 ﬁmbrias,
3499 935 3671 1002 justum
3693 939 3765 993 iuit
3784 951 3824 996 nt

2371 1029 2664 1098 hypocrita:
2693 1036 3036 1082 vocarentur.
3067 1026 3388 1081 Claudebant
3407 1042 3521 1082 vero
3559 1045 3735 1099 regnum
3753 1047 3824 1086 rte-

2372 1121 2543 1175 lorum
2579 1128 2703 1173 ante
2729 1135 2810 1184 se,
2831 1127 2886 1174 et
2906 1127 3030 1172 ante
3059 1118 3211 1181 alios,
3241 1133 3370 1187 quos
3399 1119 3595 1174 introire
3631 1123 3827 1177 nonsine~

2371 1213 2532 1277 bant;
2560 1212 2684 1280 quia
2739 1211 3030 1281 alligabant
3075 1225 3241 1265 onera
3271 1211 3442 1280 gravia
3469 1219 3519 1264 et
3559 1211 3825 1280 importaltilia

2372 1317 2536 1370 super
2569 1301 2848 1355 hominum
2878 1300 3151 1364 humeros,
3197 1313 3313 1367 qua:
3341 1299 3433 1367 ipsi
3482 1313 3568 1352 nec
3606 1301 3828 1370 digitomo-

2372 1405 2497 1444 vere
2517 1388 2826 1458 cupiebant,
2857 1387 3094 1456 przedam
3118 1395 3410 1456 captantes,
3433 1394 3483 1440 et
3506 1387 3692 1456 gloriam
3711 1391 3830 1458 tequi-

2373 1490 2554 1535 rentes
2580 1495 2609 1533 a
2642 1479 2857 1549 pepulo.
2903 1477 3127 1532 Certum
3176 1493 3401 1546 namque
3445 1477 3831 1550 habebant,alige

2372 1583 2424 1628 et
2458 1572 2752 1643 prophetis,
2775 1570 2920 1639 quod
2945 1570 3056 1637 ipse
3085 1577 3229 1623 esset
3269 1568 3522 1624 Christus.
3554 1568 3678 1623 Unde
3703 1573 3829 1640 magis,

2375 1681 2480 1720 non
2513 1663 2804 1727 immerito,
2835 1662 3130 1732 hypocritte
3152 1670 3278 1715 sunt
3305 1661 3489 1724 vocati,
3515 1662 3624 1730 quia
3656 1662 3831 1715 dissimu-

687 1757 947 1824 quzeritur
997 1769 1094 1808 cur
1141 1763 1266 1808 octo
1336 1754 1445 1807 sint
1491 1752 1882 1814 beatitudines;
1921 1765 1951 1803 e
1995 1749 2272 1803 contrario
2305 1740 2561 1810 Blabam
2587 1755 2879 1809 senescire
2912 1768 3100 1808 verum
3123 1754 3391 1808 Christum
3432 1767 3576 1822 quem
3610 1752 3832 1820 plenissime

693 1848 945 1902 Salvator
986 1849 1187 1916 septies
1227 1849 1328 1899 hoc
1371 1846 1488 1899 loco
1536 1860 1614 1898 va:
1656 1843 1930 1898 intulerit?
1980 1841 2092 1894 Non
2128 1841 2271 1894 enim

695 1937 897 1992 factum
940 1939 1038 1990 abs
1077 1951 1134 1989 re
1179 1935 1522 1990 crediderim.
1563 1933 1936 2004 Siquidemde
1961 1933 2048 1986 die
2082 1940 2271 1985 octava

688 2027 1076 2098 quialegimus,
1108 2024 1235 2078 [huc
1258 2035 1331 2077 est
1359 2025 1468 2077 dies
1491 2039 1648 2094 quam
1672 2023 1794 2091 fecit
1817 2021 2072 2074 Dominus
2095 2021 2270 2091 (Psal.

689 2136 859 2185 cxvu,
888 2121 1002 2193 24),
1032 2122 1276 2175 fortassis
1305 2130 1360 2174 et
1407 2131 1609 2190 septem
1647 2119 1962 2175 beatudines
2010 2122 2274 2191 quodam-

697 2215 857 2269 modo
883 2229 948 2268 ex
993 2216 1162 2284 gratia
1203 2214 1318 2278 Dei,
1367 2214 1674 2268 hominibus
1713 2229 1775 2268 ac
1818 2214 1862 2267 si
1901 2213 1954 2266 in
1998 2229 2091 2281 spe
2139 2213 2270 2277 suis,

690 2304 956 2374 iustisque
985 2305 1240 2374 operibus
1270 2312 1613 2372 praestantur.
1665 2302 1770 2356 Sed
1826 2302 1914 2355 illa
1960 2311 2149 2356 octava
2193 2311 2274 2357 est

697 2412 860 2466 quam
892 2395 1036 2449 solus
1077 2395 1338 2447 Dominus
1378 2394 1522 2455 fecit,
1571 2402 1624 2447 et
1662 2394 1914 2462 prmstitit
1957 2394 2126 2462 gratis
2163 2393 2276 2447 suis

691 2487 1062 2549 dilcctorilms,
1099 2495 1152 2538 et
1182 2485 1305 2553 quia
1344 2486 1395 2538 in
1423 2499 1515 2552 spe
1544 2499 1639 2553 per
1665 2492 1868 2552 septem
1897 2492 2273 2546 cucurrerunt,

695 2577 961 2632 curricula
1015 2577 1248 2639 dierum,
1311 2583 1517 2644 septem
1571 2574 1759 2644 repleti
1821 2574 1976 2628 donis
2038 2574 2274 2642 Spiritus

695 2668 894 2731 sancti,
917 2667 1122 2736 operati
1158 2673 1279 2718 sunt
1303 2665 1400 2718 has
1422 2672 1626 2733 septem
1668 2664 2045 2718 beatitudines.
2073 2665 2276 2730 Quibus

694 2776 724 2812 e
765 2760 1036 2814 contrario
1071 2767 1294 2828 propter
1348 2766 1553 2826 septem
1605 2756 1736 2809 vitia
1791 2757 2133 2826 principalia,
2177 2757 2277 2810 hoc

698 2865 780 2903 vte
809 2850 1009 2918 septies
1039 2849 1338 2901 revolutum
1379 2863 1623 2909 numero,
1657 2855 2035 2916 comparatur;
2087 2857 2140 2899 et
2170 2861 2274 2899 non

697 2939 838 2992 ultra
871 2939 1154 3007 processit,
1177 2939 1304 3006 quia
1340 2938 1470 2991 illud
1504 2936 1643 2990 male
1672 2937 1998 3007 completum
2041 2935 2179 2991 infra
2219 2952 2277 2991 se

700 3043 829 3082 suos
900 3028 1144 3082 involvit.
1205 3028 1276 3080 At
1346 3043 1475 3082 vero
1535 3027 1692 3083 electi
1762 3029 2272 3097 impraesentiarum,

701 3128 907 3187 septem
943 3117 1096 3171 donis
1119 3115 1354 3186 Spiritus
1381 3117 1552 3172 sancti
1581 3117 1802 3171 enutriti
1832 3118 1897 3170 ad
1923 3117 2067 3171 illam
2093 3131 2280 3188 perve-

706 3214 970 3260 venerunt
993 3215 1244 3259 octavam
1288 3206 1692 3272 beatitudinem,
1740 3222 1902 3276 quam
1945 3206 2072 3261 fecit
2097 3207 2277 3261 Domi-

699 3312 820 3350 nus.
845 3295 935 3350 lsti
963 3304 1143 3350 autem
1175 3306 1380 3365 septem
1411 3297 1550 3350 male
1575 3298 1754 3351 vexati
1778 3298 2096 3352 criminibus
2123 3313 2276 3367 atque

701 3403 799 3458 per
824 3396 1029 3457 septem
1063 3387 1333 3441 curricula
1362 3387 1570 3441 dierum
1600 3387 1739 3442 male
1767 3389 1834 3442 ad
1875 3389 2134 3459 supplicia
2155 3403 2278 3443 cur-

699 3489 902 3544 rentes,
938 3480 1038 3534 hoc
1067 3495 1231 3532 unum
1257 3493 1440 3533 secum
1478 3479 1714 3534 tulerunt
1747 3496 1845 3544 vae,
1898 3481 2100 3549 septies
2127 3495 2280 3534 revo-

701 3571 899 3636 lutum,
924 3572 1068 3640 quod
1090 3572 1192 3640 ipsi
1221 3572 1320 3626 sibi
1339 3571 1919 3628 fabricaverunt.Unde
1939 3582 1995 3628 et
2021 3573 2280 3628 Dominus

701 3663 858 3736 longe
879 3679 1062 3734 supra,
1095 3680 1218 3718 cum
1247 3666 1312 3718 ad
1355 3663 1570 3720 Judaeos
1602 3666 1912 3735 loqueretur
1953 3684 1965 3718 :
2004 3663 2135 3719 Cum
2183 3667 2281 3718 int-

703 3756 931 3809 mundus
971 3755 1137 3828 9M
1175 3758 1416 3828 spiritus,
1468 3758 1662 3827 inquit,
1716 3760 1900 3812 exierit
1946 3758 2011 3811 ab
2052 3759 2278 3823 homine,
2311 3777 2318 3786 ’

703 3846 936 3900 ambulat
969 3865 1060 3916 per
1082 3848 1195 3900 loca
1237 3849 1390 3901 arida
1428 3859 1474 3902 et
1498 3850 1754 3919 inaquosa
1785 3865 2024 3919 (μιαν-ειη
2054 3850 2279 3919 requiem

703 3953 751 3994 et
798 3958 901 3994 non
952 3942 1234 3995 inveniens.
1271 3941 1414 3994 Tunc
1457 3941 1582 3995 dicit
1626 3955 1642 3992 :
1679 3940 1929 3995 Revertar
1975 3943 2030 3994 in
2069 3942 2280 3994 domum

705 4048 871 4085 meam
897 4032 1034 4086 unde
1073 4033 1227 4085 exivi.
1262 4031 1324 4085 Et
1351 4048 1468 4086 cum
1494 4033 1708 4095 venerit,
1737 4032 1929 4085 invenit
1958 4048 2073 4084 eam
2113 4033 2280 4100 scopis

707 4123 1011 4176 mandatam
1033 4133 1080 4176 et
1103 4134 1362 4177 ornatam.
1384 4123 1450 4176 Et
1471 4133 1593 4177 tunc
1618 4122 1756 4178 vadit
1778 4132 1824 4176 et
1849 4124 2066 4176 assumit
2091 4132 2281 4192 septem

704 4213 838 4264 alios
864 4211 1078 4282 spiritus
1105 4215 1374 4282 nequiores
1407 4227 1480 4274 se,
1516 4222 1562 4264 et
1602 4212 1821 4280 ingressi
1845 4211 2077 4265 habitant
2117 4212 2210 4276 ibi,
2234 4221 2282 4264 et

705 4311 823 4354 sunt
849 4303 1125 4356 novissima
1146 4303 1370 4355 hominis
1397 4301 1540 4354 illius
1567 4301 1745 4370 pejora
1775 4303 2038 4372 prioribus
2062 4301 2278 4373 (Matth.

704 4409 801 4458 xu,
842 4393 1050 4464 45-43).
1094 4394 1236 4457 llaec,
1275 4395 1400 4462 quia
1433 4392 1639 4449 Scribis
1675 4403 1731 4448 et
1769 4394 2060 4449 Pharisaeis
2106 4397 2278 4450 conti-

703 4494 872 4556 gerat,
916 4487 981 4540 de
1027 4486 1220 4553 quibus
1253 4487 1368 4556 jam
1409 4501 1570 4556 supra
1619 4485 1854 4551 dixerat,
1889 4503 1995 4541 non
2042 4488 2280 4542 excessit

706 4590 988 4631 numerum
1038 4577 1313 4642 vitiorum,
1371 4591 1470 4633 nec
1518 4593 1803 4632 numerum
1858 4579 2126 4644 vindictae,
2187 4581 2280 4635 sed

707 4671 864 4724 toties
913 4686 993 4724 vae
1033 4671 1317 4725 imminere
1357 4673 1462 4726 illis
1495 4667 1884 4742 ﬁentmtiavit,
1945 4681 2076 4742 quot
2124 4682 2283 4728 erant

707 4759 1040 4813 daemonibus
1067 4761 1334 4830 oppressi,
1364 4772 1420 4815 et
1461 4762 1606 4818 vitiis
1635 4763 1912 4833 implicati.
1953 4763 2107 4817 Solet
2135 4779 2286 4817 nam-

707 4865 812 4916 que
841 4853 1176 4920 septenarius
1209 4859 1462 4908 nurnerus
1488 4871 1584 4924 pro
1611 4856 1962 4911 universitate
1992 4871 2284 4912 connume—

712 4941 821 4993 rari
860 4941 1018 4995 sicuti
1057 4943 1158 4996 hoc
1184 4942 1321 5008 loco,
1355 4946 1606 5013 quoniam
1631 4946 1984 5001 colluvionem
2015 4945 2280 5000 scelerum

709 5032 761 5084 iu
789 5048 848 5086 se
878 5042 1282 5098 contraxerant,
1320 5047 1373 5088 ct
1403 5035 1668 5090 universa:
1697 5037 1948 5090 vitiorum
1982 5036 2170 5092 sordes
2211 5037 2280 5092 ad

706 5129 802 5174 eos
886 5121 1238 5177 deduxerant.
1315 5125 1519 5180 Idcirco
1587 5126 1908 5179 universitas
1975 5127 2280 5181 daemonum

709 5225 814 5265 non
853 5211 1125 5266 immerito
1173 5214 1224 5266 in
1264 5228 1356 5268 eos
1396 5217 1671 5285 regnabat.
1727 5214 1866 5280 Quia
1897 5216 2163 5281 clauditis,
2195 5218 2277 5271 in-

710 5301 844 5369 quit,
883 5319 1098 5372 regnum
1129 5305 1374 5359 suetorum
1402 5316 1520 5358 ante
1547 5305 1800 5360 homines.
1843 5306 1911 5361 Et
1936 5307 2112 5364 Lucas
2157 5309 2232 5362 ait
2261 5324 2276 5364 :

713 5392 851 5459 Quia
894 5396 1082 5450 tulistis
1125 5397 1320 5451 clavem
1361 5398 1608 5460 scientiae,
1643 5415 1734 5452 nec
1781 5416 1866 5453 vos
1913 5401 2144 5462 intratis,
2190 5417 2281 5453 nec

710 5485 1028 5540 introeuntes
1073 5489 1244 5542 sinitis
1290 5471 1504 5542 introire
1554 5488 1718 5550 (Luc.
1766 5506 1852 5553 xi,
1894 5490 2018 5560 ὗε).
2065 5488 2284 5554 Quaerat

711 5574 802 5639 qui
832 5575 960 5639 vult,
985 5577 1113 5644 quid
1146 5577 1297 5646 pejus
1325 5594 1446 5632 esse
1475 5579 1646 5648 possit
1674 5579 1813 5634 inter
1833 5579 2098 5643 homines,
2125 5587 2180 5633 et
2206 5579 2286 5632 in-

715 5669 794 5714 ter
821 5663 960 5732 ipsos
995 5665 1283 5733 daemones,
1310 5678 1368 5722 ut
1416 5685 1513 5724 nec
1549 5670 1650 5740 ipsi
1681 5684 1894 5725 cessare
1918 5685 1947 5723 a
1980 5669 2143 5736 malo,
2185 5687 2286 5729 nec

2309 4437 2358 4495 Ι)

2375 1845 2651 1908 sciebant;
2685 1845 2932 1914 quamvis
2955 1858 3117 1898 causa
3145 1843 3384 1896 avaritia:
3411 1857 3512 1896 sua:
3531 1851 3579 1894 et
3600 1841 3768 1895 honoris
3782 1842 3833 1894 sui

2375 1937 2573 2008 gratia,
2614 1935 2816 1990 nollent
2858 1934 3129 1990 conﬁteri.
3164 1934 3230 1988 Et
3257 1934 3373 1988 ideo
3409 1946 3634 2002 perversa
3657 1933 3838 2000 inter-pte

2375 2027 2580 2080 tatione
2604 2024 2932 2080 claudebant
2957 2033 3082 2079 ante
3123 2033 3464 2093 conspectum
3505 2021 3659 2091 populi
3690 2021 3835 2090 ianuam

2373 2119 2508 2189 legis
2535 2126 2590 2171 et
2614 2117 3024 2188 prophetarum,
3053 2115 3143 2186 qui
3173 2116 3243 2170 de
3284 2115 3505 2168 adventu
3532 2111 3702 2166 Christi
3725 2110 3838 2163 mani-

2375 2209 2668 2264 festissime
2700 2216 2825 2262 sunt
2851 2207 3042 2269 locuti;
3073 2215 3185 2259 uta
3216 2205 3319 2259 ﬁde
3338 2203 3526 2260 Christi
3547 2203 3768 2255 universos
3783 2200 3838 2251 de-

2378 2308 2666 2364 terrerent,
2701 2314 2805 2353 non
2833 2298 3012 2352 minus
3035 2297 3199 2352 minis
3216 2305 3270 2351 et
3297 2293 3644 2355 seditionibus,
3667 2306 3784 2360 quam
3800 2304 3840 2342 et

2381 2392 2760 2448 traditionibus
2787 2392 2919 2446 suis.
2957 2391 3093 2459 Quia
3115 2393 3401 2455 timebant,
3431 2390 3472 2444 si
3498 2388 3690 2458 populus
3706 2387 3745 2439 in
3763 2398 3840 2436 cum

2377 2486 2643 2549 crederet,
2677 2483 2819 2554 quod
2849 2485 3029 2538 omnia
3059 2483 3450 2538 sacriﬁciorum
3474 2493 3686 2539 munera,
3715 2472 3842 2545 gloria.

2377 2577 2570 2639 honor,
2585 2584 2639 2628 et
2655 2575 2853 2638 cultus,
2873 2583 2929 2628 et
2953 2583 3200 2628 votorum
3223 2574 3362 2628 dona
3386 2571 3450 2625 ad
3489 2569 3720 2624 Christum
3735 2575 3844 2616 trans-

2379 2669 2539 2732 irent,
2559 2668 2610 2720 in
2627 2666 2821 2736 quibus
2836 2681 2940 2720 non
2958 2665 3118 2728 Dens,
3137 2665 3235 2720 sed
3253 2666 3353 2734 ipsi
3375 2663 3656 2716 dilabantur
3666 2667 3708 2712 et
3720 2655 3846 2727 gloria-

2380 2759 2573 2812 bantur
2596 2755 2758 2828 945
2781 2757 3091 2810 honoribus.
3117 2755 3365 2826 Regnum
3388 2767 3510 2822 ergo
3530 2751 3741 2806 calorum
3763 2748 3844 2812 ipse

2379 2853 2630 2906 dicuntur
2677 2852 2994 2920 Scripturae,
3041 2851 3092 2904 in
3144 2851 3345 2920 quibus
3373 2848 3607 2903 Christus
3635 2843 3712 2898 Dei
3742 2839 3849 2894 Filius

2380 2943 2795 3014 pne-dicabatur,
2820 2957 2954 3011 quas
2983 2943 3082 3012 ipsi
3125 2952 3258 2996 ante
3292 2955 3351 2996 se
3393 2950 3445 2994 et
3472 2947 3588 2992 ante
3627 2935 3734 2988 alios
3755 2929 3847 2984 clau-

2382 3043 2584 3100 serant,
2629 3049 2752 3088 cum
2793 3033 3070 3088 Christum
3099 3033 3151 3087 in
3201 3034 3304 3098 eis,
3335 3041 3391 3087 et
3421 3047 3484 3086 ex
3523 3030 3612 3094 eis,
3641 3024 3756 3082 credi
3785 3036 3850 3074 non

2383 3123 2646 3178 sinebant.
2681 3123 2746 3176 Et
2788 3123 2916 3192 quia
2967 3122 3082 3193 ipse
3128 3123 3384 3178 Christus
3433 3120 3589 3176 clavis
3625 3125 3691 3171 est
3729 3110 3846 3166 David.

2379 3215 2470 3284 qui
2498 3213 2709 3283 aperuit
2731 3222 2788 3267 et
2813 3228 2973 3268 nemo
3011 3213 3238 3278 claudit,
3267 3212 3468 3268 claudit
3493 3219 3545 3266 et
3572 3221 3705 3263 nemo
3724 3200 3850 3272 aperit,

2381 3322 2502 3360 cum
2537 3321 2660 3360 eum
2699 3304 2844 3359 credi
2888 3304 2970 3358 vel
3008 3303 3236 3375 intelligi
3273 3319 3380 3359 non
3423 3303 3667 3362 sinebant,
3692 3310 3769 3350 non
3800 3305 3853 3343 so-

2383 3396 2491 3449 lum
2519 3395 2757 3450 scientiae
2786 3394 2990 3448 clavem
3015 3395 3380 3457 abstulerant,
3399 3407 3577 3448 verum
3591 3389 3726 3444 etiam
3743 3385 3852 3452 ipsum

2381 3486 2600 3548 ostium,
2647 3484 2731 3538 vcl
2769 3483 3012 3552 januam,
3049 3486 3120 3538 ita
3156 3487 3563 3544 obstruxerunt,
3603 3488 3653 3532 ut
3691 3489 3764 3529 nec
3793 3467 3852 3538 ipsi

2384 3575 2672 3638 intrarent,
2701 3583 2761 3626 ut
2785 3574 3002 3628 easdem
3027 3572 3348 3644 Scripturas
3370 3573 3435 3627 de
3451 3571 3551 3625 'illo
3574 3564 3852 3633 intelligerent

2383 3678 2485 3718 nec
2530 3662 2664 3718 alios
2712 3663 2940 3718 introire
2997 3664 3400 3733 permitterent.
3457 3662 3574 3716 lltec
3618 3658 3759 3723 itaque
3791 3648 3855 3700 duo

2382 3753 2536 3822 quasi
2568 3753 2887 3807 naturaliter
2910 3753 3163 3808 videntur
3185 3754 3257 3808 ab
3285 3754 3516 3808 invicem
3544 3761 3650 3804 esse
3673 3745 3858 3809 insepm'

2383 3845 2542 3909 bilia;
2591 3845 2845 3912 quoniam
2877 3844 2968 3914 qui
3016 3844 3070 3898 in
3103 3844 3339 3899 alterum
3370 3860 3434 3899 ex
3485 3841 3596 3896 istis
3635 3839 3786 3907 peccat
3816 3825 3858 3920 3'.)

2383 3935 2552 3990 altero
2601 3949 2660 3988 se
2694 3949 2798 3988 non
2847 3942 3025 4004 potest
3082 3935 3368 3999 cohibere,
3406 3933 3545 3988 sicut
3589 3934 3777 3983 econtra.
3799 3927 3853 3983 lli“

2384 4026 2452 4079 ab
2498 4039 2607 4079 uno
2650 4038 2841 4078 eorum
2869 4038 2930 4078 se
2959 4024 3222 4090 abstinet,
3275 4011 3858 4093 impossibile-videmni

2385 4135 2491 4174 non
2514 4121 2676 4175 etiam
2699 4121 2767 4174 ab
2794 4119 2963 4174 altero
2985 4134 3044 4174 se
3063 4121 3362 4175 abstineat.
3393 4117 3461 4173 Ut
3481 4124 3598 4186 puta
3617 4110 3690 4164 iac
3709 4105 3861 4170 aliqua“

2384 4213 2616 4267 feliciter
2663 4213 2727 4266 ad
2762 4211 2948 4273 Deum,
2993 4221 3048 4266 et
3099 4214 3166 4266 ad
3218 4213 3536 4282 Scripturas
3564 4216 3720 4260 sacras
3747 4198 3862 4288 ingu-

2385 4303 2644 4367 dientem,
2674 4310 2766 4356 aut
2788 4318 2952 4373 regna
2980 4302 3246 4358 ctelorum
3295 4306 3676 4372 penetrantem,
3708 4298 3794 4342 mox
3816 4294 3864 4331 tn-

2386 4396 2592 4460 venies,
2623 4411 2728 4450 non
2776 4395 2948 4450 solum
2993 4395 3128 4450 alios
3179 4412 3294 4450 non
3346 4384 3866 4470 prohibentemn'fﬂlii'

2384 4487 2761 4541 exhortantem
2788 4495 2844 4540 et
2875 4487 3292 4541 contrahentem
3337 4492 3669 4555 quoscunque
3693 4469 3865 4555 ροωαῇιι

2385 4575 2646 4640 Quoniam
2689 4575 2779 4644 qui
2828 4574 2966 4628 alios
3011 4582 3155 4627 vetat
3197 4552 3437 4628 introire
3478 4574 3529 4625 in
3561 4577 3747 4636 regnum
3767 4552 3872 4647 δοξαν

2386 4683 2526 4732 rum,
2553 4666 2752 4722 suiﬁcit
2773 4666 2822 4720 ei
2853 4667 2921 4720 ad
2945 4665 3328 4735 expulsionem
3361 4677 3534 4724 suam,
3568 4673 3627 4712 ne
3654 4663 3700 4707 et
3728 4650 3870 4744 ipse?

2389 4772 2534 4816 trare
2575 4761 2744 4830 possit
2771 4761 2874 4816 hoc
2902 4760 3078 4831 ipsum
3109 4761 3256 4829 quod
3289 4760 3431 4814 alios
3461 4773 3562 4812 ηοη
3589 4743 3876 4836 Ρθτωῆωλῗῖ

2391 4863 2552 4906 trare.
2576 4824 2849 4918 -Quoniam
2875 4824 2968 4921 qui
3001 4824 3463 4906 scandalizavcrit
3481 4859 3636 4902 unum
3661 4838 3716 4892 de
3736 4824 3875 4903 pusillis

2390 4943 2666 5009 Ecclesiae,
2696 4943 2989 5011 prohibens
3013 4957 3139 4998 eum
3181 4943 3397 4996 intrare
3429 4938 3566 4994 male
3608 4924 3877 5019 vivendoll”:

2391 5038 2555 5092 tietur
2583 5037 2712 5091 illud
2743 5038 2884 5105 quod
2924 5036 3184 5090 Dominus
3231 5034 3612 5090 comminatur.
3639 5011 3877 5110 Etuedirﬂ

2389 5131 2604 5201 aliquis,
2621 5131 2736 5184 Non
2762 5129 3020 5198 prohibeo
3049 5128 3161 5192 ulli,
3194 5128 3330 5197 quia
3368 5127 3497 5179 licet
3519 5137 3615 5192 ego
3639 5113 3776 5171 malus
3799 5115 3876 5201 still»

2389 5200 2576 5276 omnes
2607 5230 2786 5274 tamen
2813 5220 2984 5273 bonos
3010 5233 3130 5274 esse
3157 5219 3328 5288 cupio
3351 5228 3406 5272 et
3439 5210 3638 5286 ingredi
3669 5213 3795 5273 re?“

2389 5311 2594 5374 lorum;
2633 5310 2778 5378 quod
2820 5311 2865 5363 si
2921 5309 3201 5363 humilitas
3233 5275 3358 5373 .est,
3386 5318 3443 5362 et
3471 5318 3648 5360 verum
3683 5303 3768 5352 est.

2388 5401 2542 5466 dicit,
2573 5401 2830 5455 assentio.
2864 5400 3018 5468 Quod
3063 5402 3108 5454 si
3143 5402 3195 5455 in
3226 5410 3429 5470 aperto
3460 5395 3626 5450 malus
3653 5382 3882 5446 omnem“

2390 5494 2476 5548 cui
2524 5493 2696 5548 bonus
2740 5508 2863 5548 esse
2915 5503 3100 5563 queat,
3141 5494 3235 5562 qui
3282 5491 3388 5548 sibi
3424 5499 3646 5558 nequam
3689 5473 3884 5563 PWMI‘Y'

2393 5601 2494 5641 nec
2517 5585 2787 5654 quomodo
2814 5562 2953 5639 bona
2975 5586 3147 5652 possit
3167 5584 3334 5647 velle,
3364 5583 3493 5637 dum
3536 5573 3694 5639 dilittil
3713 5562 3889 5654 “mmin-

2396 5691 2526 5746 tem,
2550 5689 2604 5734 et
2631 5679 2936 5749 exemplum
2981 5687 3064 5733 est
3099 5676 3222 5731 aliis
3257 5674 3543 5746 peccandi.
3576 5663 3712 5736 Quod
3743 5658 3778 5711 si
3808 5648 3892 5701 σικιο
