4016 6354
135 314 217 368 775
884 311 1243 369 EXPOSITIO
1281 313 1345 367 IN
1390 314 1819 371 MATTIUEUM.
1864 345 1930 354 —
1971 315 2096 370 LIB.
2128 314 2213 389 ‘X,
2252 316 2402 371 CAP.
2447 317 2628 372 XXIII.

3264 324 3368 378 774

135 429 269 483 ritate
290 398 538 496 quisquis
561 423 727 479 fuerit
751 425 1012 495 repletus,
1044 435 1104 480 ιιι
1126 435 1181 479 et
1210 426 1344 482 alios
1369 442 1468 481 suo
1500 426 1683 480 labore
1712 431 1757 489 Α
1785 425 2017 490 audient,
2033 437 2080 479 et
2108 426 2288 496 lingua
2311 437 2573 482 mutorum
2601 429 2797 484 diserta
2818 433 2918 486 erit
2940 432 3074 504 (Ira.
3098 450 3262 502 xxxv,
3285 436 3364 508 5),

134 519 329 574 introire
358 515 540 581 faciat,
575 516 685 571 Deo
710 525 921 586 agente,
955 532 1062 571 non
1082 518 1241 573 video
1270 518 1539 586 quomodo
1567 517 1681 587 ipse

132 609 336 680 primum
365 621 471 659 non
503 606 757 660 introeat.
797 605 930 672 Quia
963 606 1064 660 etsi
1107 607 1338 660 charitas
1362 622 1465 660 non
1494 607 1682 676 qutvrit

131 716 226 770 qua
245 715 337 751 sua
367 706 490 751 sunt
522 694 572 766 (Ι
599 693 723 750 Car.
752 711 871 760 xm,
897 694 976 765 5),
1006 704 1184 751 tamen
1218 694 1371 765 cujus
1397 704 1479 750 est
1504 696 1684 750 chari-

134 803 218 855 tas,
253 804 353 843 non
399 788 575 843 solum
622 788 844 843 introire
866 786 1018 853 facit,
1056 802 1245 842 verum
1273 787 1436 842 etiam
1457 786 1571 857 jam
1601 801 1684 841 re-

133 894 272 951 gnare
296 892 420 933 cum
454 877 583 942 Deo,
613 878 928 947 inquantum
971 878 1237 933 charitate
1273 877 1517 948 juvatur,
1565 893 1683 933 om-

133 985 242 1027 nino
259 970 502 1035 videtur;
544 975 670 1040 quia
713 971 950 1026 cbaritas
980 985 1045 1025 ex
1093 969 1205 1027 Deo
1241 982 1343 1038 est,
1377 979 1433 1028 et
1459 971 1684 1028 caeleste

133 1070 200 1116 est
228 1061 424 1114 donum
456 1077 471 1113 :
507 1059 648 1116 sicut
678 1059 936 1130 iniquitas
963 1074 1028 1115 ex
1049 1059 1263 1116 diabolo
1294 1061 1479 1127 etiam,
1511 1061 1680 1117 inter-

134 1152 234 1204 dum
258 1158 310 1204 et
345 1164 505 1220 poena
534 1149 770 1219 peccati,
789 1164 895 1219 qua
923 1150 1129 1204 Scriba:
1166 1158 1222 1205 et
1262 1149 1517 1207 Pharisari
1547 1165 1684 1222 prte-

134 1243 335 1311 gravati,
364 1256 467 1296 nec
495 1241 593 1311 ipsi
621 1241 968 1305 introierunt,
1014 1257 1114 1297 nec
1141 1240 1298 1306 alios,
1325 1251 1587 1312 quantum
1616 1257 1684 1297 ex

133 1335 239 1404 ipsis
260 1333 382 1400 fuit,
408 1334 772 1404 permiserunt
822 1333 1048 1387 intrare.
1084 1333 1196 1387 Hoc
1221 1334 1417 1402 quippe
1457 1342 1684 1403 egerunt

133 1424 305 1487 verbis,
340 1422 556 1493 quando
604 1423 783 1477 omnia
822 1438 989 1492 opera
1037 1422 1260 1487 Christi,
1314 1438 1435 1492 qua:
1482 1422 1681 1477 Deifica

133 1524 282 1581 erant,
318 1514 371 1569 in
407 1513 711 1570 Beelzebub
738 1512 877 1569 facta
902 1514 1429 1585 interpretabantur;
1454 1516 1558 1571 hoc
1584 1515 1681 1570 mi-

131 1608 220 1667 nis.
246 1606 622 1662 boc.omnibus
659 1604 817 1669 dolis,
845 1613 900 1659 et
941 1604 1241 1671 fraudibus,
1289 1606 1361 1660 ita
1408 1615 1467 1660 ιιι
1504 1605 1682 1660 Domi-

133 1712 264 1761 num,
288 1696 375 1750 Dei
405 1695 623 1758 Filium,
652 1694 776 1748 licet
796 1695 866 1749 sit
892 1695 1256 1763 impassihilis,
1285 1696 1576 1749 crudeliter
1596 1695 1679 1749 iu-

1784 529 1879 570 seu
1904 524 2121 571 caetera.
2142 516 2265 572 Haec
2286 518 2502 587 quidem
2526 519 2679 589 signa
2701 520 2916 578 fuerant
2936 524 3200 582 adventus
3215 525 3369 584 Chri-

1784 605 1876 670 sti,
1900 620 2020 674 quze
2043 607 2226 661 omnia
2252 608 2418 663 etiam
2449 618 2505 665 et
2529 610 2734 681 majora
2765 611 2853 668 isti
2881 611 3022 669 facta
3071 616 3357 685 viderunt;

1785 696 1881 750 sed
1907 697 2089 750 omnia
2124 696 2182 751 in
2210 697 2512 755 Beelzebub
2547 702 2847 772 principem
2875 705 3284 775 daemoniorum,
3309 718 3369 764 ιιι

1784 783 1916 850 dixi,
1951 800 2040 851 ea,
2073 796 2131 839 ut
2174 796 2481 844 averterent
2505 790 2758 861 populum
2783 808 2813 847 a
2840 790 2948 847 fide
2972 793 3198 859 Christi,
3225 796 3365 853 facta

1784 872 2055 929 dicebant.
2101 874 2169 929 Et
2207 891 2316 932 non
2361 877 2535 933 solum
2557 879 2681 945 hoc,
2716 895 2902 935 verum
2929 883 3092 937 etiam
3114 882 3279 955 957
3309 893 3367 940 et

1784 962 2062 1018 decretum
2084 974 2403 1033 posuerunt,
2434 977 2494 1023 ut
2535 968 2580 1023 si
2627 970 2750 1039 quis
2779 968 2984 1026 diceret
3005 988 3131 1028 eum
3167 972 3364 1029 Filium

1784 1049 1900 1117 Dei,
1944 1051 2098 1109 ﬁeret
2130 1064 2282 1109 extra
2307 1071 2656 1129 synagogam.
2690 1058 2947 1130 Sequitur
2977 1079 2990 1115 :

1863 1138 1954 1195 Va:
1998 1142 2162 1209 vobis,
2195 1141 2390 1199 Scriba:
2426 1156 2474 1199 et
2504 1146 2768 1203 Pharisa'i
2790 1152 3095 1220 hypocrita,
3123 1169 3215 1223 qui
3261 1155 3366 1208 cir-

1782 1229 1937 1284 cuitis
1967 1248 2112 1299 mare
2145 1244 2192 1287 et
2220 1234 2448 1302 aridam,
2476 1245 2531 1289 ut
2576 1236 2789 1308 faciatis
2826 1256 2987 1295 unum
3021 1244 3361 1316 prosclytum,

1782 1329 1827 1370 et
1853 1335 1969 1372 cum
1998 1321 2155 1390 fuerit
2180 1323 2377 1393 factus,
2403 1325 2714 1411 facitiscum
2736 1328 3363 1405 filiumgeltenme,duplo

1781 1426 1939 1478 quam
1968 1428 2056 1466 vos
2085 1416 2227 1468 estis.
2254 1414 2570 1472 Circuibant
2596 1428 2774 1474 autem
2798 1420 2967 1477 Judazi
2995 1438 3146 1479 mare
3165 1433 3221 1480 et
3249 1425 3362 1481 ari-

1783 1499 1930 1565 dam,
1961 1517 2122 1559 causa
2149 1508 2550 1577 negotiationis,
2576 1519 2632 1565 et
2650 1512 3052 1581 perlustrabant
3082 1517 3366 1575 universas

1783 1600 1965 1659 partes
1991 1597 2198 1663 mundi,
2230 1599 2303 1651 ita
2335 1608 2465 1655 utet
2499 1616 2595 1670 per
2621 1605 2788 1660 maria
2820 1617 2876 1660 et
2918 1622 3019 1677 per
3046 1619 3238 1677 terras,
3265 1625 3366 1682 per

1786 1684 2010 1751 insulas,
2040 1693 2255 1759 tutoque
2290 1700 2344 1746 et
2374 1696 2619 1765 regiones
2643 1698 2800 1764 irent,
2829 1701 2968 1757 sicut
2996 1705 3175 1760 adhuc
3203 1706 3364 1762 hodie

131 1797 384 1843 nocentem
421 1787 758 1850 occiderent,
789 1803 854 1841 ne
894 1788 1031 1842 nllus
1055 1787 1221 1860 946
1247 1804 1369 1843 eum
1400 1789 1681 1842 Dominum
1716 1783 1759 1840 Β
1786 1776 2011 1845 faciunt.
2055 1792 2110 1836 et
2152 1799 2248 1854 per
2277 1786 2429 1854 plura
2459 1788 2597 1844 loca.
2624 1792 2769 1847 Inter
2815 1811 2934 1865 qua:
2968 1797 3091 1852 vitae
3123 1799 3363 1869 negotia,

128 1880 245 1933 ultra
270 1880 537 1934 crederet.
569 1878 646 1934 Ac
675 1893 773 1948 per
801 1879 902 1933 hoc
947 1879 1077 1949 ipsis
1102 1879 1413 1933 clauserunt
1460 1893 1681 1949 regnum

129 1985 183 2024 ne
224 1970 530 2033 introirent,
554 1978 606 2024 et
642 1969 796 2033 alios,
829 1970 1146 2040 iuquantum
1175 1971 1253 2026 eis
1279 1970 1533 2040 possibile
1562 1969 1681 2036 fuit,

129 2075 184 2115 ne
203 2060 508 2127 introirent,
557 2060 777 2116 omnino
817 2062 1227 2130 prohibuerunt.
1278 2061 1343 2115 Et
1389 2062 1681 2117 notandum

125 2150 232 2221 quia
258 2167 364 2206 non
406 2150 563 2216 dixit,
592 2167 673 2206 va‘.
701 2152 852 2207 vobis
874 2151 997 2221 quia
1036 2166 1141 2206 non
1186 2152 1408 2221 aperitis
1460 2167 1679 2223 regnum

126 2243 386 2307 collorum,
420 2242 516 2298 sed
539 2243 662 2314 quia
693 2242 1128 2309 clauditis,aliud
1154 2258 1252 2312 pro
1277 2242 1382 2297 alio
1414 2244 1681 2297 mentien-

124 2344 191 2390 tes
212 2343 265 2390 et
283 2343 530 2406 agentes,
562 2349 631 2389 ne
654 2333 949 2403 Scriptura:
977 2332 1043 2388 de
1062 2332 1281 2388 Christo
1310 2343 1457 2390 recte
1485 2333 1681 2390 intelli-

122 2438 377 2497 gerentur.
410 2427 564 2495 Quod
592 2435 647 2482 et
674 2427 848 2481 adhuc
878 2425 1037 2481 hodie
1068 2425 1155 2481 isti
1201 2424 1406 2481 faciunt
1451 2426 1542 2496 qui
1590 2441 1679 2481 re-

120 2527 424 2575 manserunt
455 2533 520 2574 ac
547 2518 595 2574 si
640 2517 859 2573 titiones
885 2534 952 2572 ex
996 2516 1264 2584 incendio,
1295 2519 1470 2588 parati
1500 2518 1567 2571 ad
1600 2518 1681 2571 in-

120 2614 338 2668 teritum.
368 2613 578 2680 Quibus
616 2611 745 2667 illud
788 2611 984 2682 duplex
1032 2611 1276 2666 imminet
1308 2627 1409 2677 va,
1457 2612 1524 2667 de
1573 2625 1681 2681 quo

116 2703 337 2762 Joannes
359 2709 438 2761 ait
470 2706 524 2760 in
555 2703 875 2776 Apocalypsi
905 2718 1025 2768 sua,
1050 2702 1191 2773 quod
1224 2703 1419 2758 viderit
1442 2702 1678 2773 aquilam

117 2796 420 2852 clamantem
475 2812 542 2852 ac
586 2796 901 2851 dicentem:
939 2792 1054 2860 Vra,
1102 2810 1176 2848 me
1226 2793 1578 2847 habitantibus
1623 2793 1677 2847 iu

115 2895 239 2941 terra
265 2888 455 2957 (Apoc.
485 2903 604 2951 vui,
639 2885 760 2957 13);
805 2885 1059 2956 quoniam
1104 2885 1202 2956 ipsi
1231 2884 1441 2954 expulsi
1472 2898 1504 2937 a
1535 2892 1676 2938 terra

116 2992 199 3031 sua
234 2988 291 3033 et
313 2994 348 3033 a
377 2979 602 3034 civitate
644 2976 970 3041 Jerusalem,
998 2975 1132 3031 nihil
1175 2974 1320 3030 aliud
1368 2975 1597 3038 inhiant,
1623 2983 1679 3029 et

116 3077 347 3134 quierunt
372 3083 539 3139 quam
565 3063 782 3123 terram.
818 3071 859 3121 Δ
887 3066 1082 3136 quibus
1107 3065 1261 3135 longe
1286 3072 1368 3119 est
1390 3063 1476 3117 illa
1502 3063 1675 3133 prima

1785 1885 1890 1924 non
1933 1884 2158 1942 propter
2186 1875 2411 1946 gloriam
2442 1878 2560 1942 Dei.
2590 1891 2647 1936 ιιι
2676 1883 2815 1938 Deus
2839 1900 2869 1938 a
2901 1888 3201 1943 cultoribus
3239 1889 3364 1944 reli-

1781 1960 1984 2030 giosius
2015 1977 2384 2031 veneraretur,
2413 1984 2585 2038 neque
2611 1981 2831 2042 propter
2858 1976 3283 2032 misericordiam
3308 1988 3364 2032 et

1782 2052 2104 2109 charitatem
2152 2054 2245 2110 Dei
2284 2066 2339 2112 et
2377 2062 2630 2128 proximi,
2681 2064 2918 2121 volentes
2958 2082 3081 2123 eum
3129 2069 3363 2134 salvarc,
3422 2044 3434 2053 ⁸

1782 2157 1943 2211 quem
1971 2146 2237 2201 docebant
2251 2146 2555 2217 judaizare,
2583 2154 2675 2208 sed
2698 2164 2791 2210 aut
2810 2165 3033 2227 propter
3051 2159 3353 2223 avaritiam,
3456 2148 3465 2154 ’

1783 2244 1842 2288 ιιι
1873 2236 2168 2293 adderetur
2195 2240 2277 2295 eis
2324 2244 2713 2299 sacriﬁciorum
2756 2247 2981 2313 oblatio,
3017 2257 3112 2304 aut
3137 2258 3362 2320 propter
3456 2288 3459 2293 ν

1780 2339 1974 2379 vanam
2006 2326 2251 2398 gloriam,
2277 2338 2338 2384 ut
2362 2331 2675 2389 viderentur
2697 2338 2924 2406 gentiles
2949 2339 3017 2393 ad
3038 2339 3245 2394 cultum
3262 2340 3359 2396 Dei

1779 2426 2119 2472 convertere.
2150 2418 2251 2486 Qui
2295 2436 2529 2492 namque
2557 2429 2804 2484 conversi
2852 2431 2919 2485 de
2966 2447 3153 2488 errore
3179 2436 3356 2504 genti-

1780 2504 1910 2560 lium
1941 2507 2009 2562 ad
2038 2509 2197 2565 unius
2240 2511 2331 2566 Dei
2380 2513 2606 2579 cultum,
2640 2517 2847 2574 relictis
2894 2521 3070 2583 idolis.
3099 2524 3361 2597 proselyti

1779 2597 2138 2665 vocabantur,
2168 2614 2289 2655 cum
2305 2601 2418 2672 jam
2452 2604 2783 2672 circumcisi,
2807 2609 3003 2680 populo
3037 2611 3131 2667 Dei
3162 2614 3216 2669 in
3244 2615 3365 2687 lego

1780 2695 2040 2764 suscepti,
2071 2696 2454 2753 miscebantur.
2486 2699 2594 2756 Sed
2618 2717 2740 2757 cum
2770 2702 2944 2761 factus
2964 2705 3155 2764 fuisset
3173 2725 3359 2779 prose-

1779 2783 1941 2856 lytus,
1971 2786 2219 2841 videlicet
2243 2787 2618 2856 circumcisus,
2639 2801 2693 2846 et
2719 2791 2948 2850 Domino
2978 2808 3347 2865 consecratus.

1778 2877 1935 2932 malis
1982 2878 2097 2934 suis
2136 2880 2399 2951 exemplis
2442 2898 2631 2939 rursus
2693 2886 2970 2955 perditus,
3014 2888 3176 2944 fiebat
3219 2870 3397 2947 illius‘

1778 2968 2061 3038 gehennae,
2110 2970 2237 3025 dum
2269 2973 2562 3043 cogebatur
2597 2974 2717 3032 illos
2758 2976 2982 3043 imitari,
3015 2988 3071 3035 et
3106 2980 3360 3037 affectum

1777 3072 1965 3113 eorum
1985 3060 2157 3130 sequi.
2181 3059 2282 3126 Qui
2305 3076 2369 3116 eo
2396 3062 2451 3116 in
2474 3070 2718 3133 tempore
2743 3065 2997 3123 dixerunt
3017 3068 3084 3123 de
3102 3068 3358 3126 Christo:

115 3132 407 3224 beatitudo;
426 3159 494 3214 de
535 3172 640 3227 qua
685 3132 925 3214 dicitur}
961 3155 1111 3209 Beati
1159 3132 1409 3225 pauperes
1464 3132 1672 3224 spiritu,
1701 3132 1747 3195 θ
1778 3150 2058 3225 Cruci/iga,
2099 3155 2346 3226 cruci/iga
2392 3170 2511 3208 eum
2554 3132 2736 3225 (doau.
2770 3171 2896 3220 xu,
2943 3157 3018 3228 6).
3053 3159 3224 3225 Quem
3257 3175 3362 3215 non

113 3249 347 3315 montani
386 3249 490 3319 ipsi
518 3245 850 3317 possidebant
880 3255 1073 3301 terram
1103 3243 1316 3315 (Matth.
1349 3259 1401 3310 ν,
1428 3244 1515 3315 5);
1548 3256 1680 3314 quo-
1779 3245 1952 3301 solum
1977 3260 2256 3310 accusare,
2280 3245 2373 3300 sed
2394 3254 2450 3300 et
2468 3244 2843 3316 blasphemare
2861 3249 3103 3317 quotidie
3146 3251 3197 3305 in
3234 3265 3364 3321 syno

114 3352 220 3390 rum
244 3338 585 3394 conversatio
612 3338 665 3391 in
687 3337 841 3393 cretis
871 3343 975 3400 est,
1002 3345 1059 3391 et
1093 3335 1213 3389 ideo
1238 3350 1343 3390 non
1378 3343 1559 3407 tanget
1585 3348 1680 3391 cos
1785 3337 1971 3408 agogis
2004 3338 2120 3393 suis
2154 3337 2436 3403 dicebant;
2478 3350 2547 3391 ne
2573 3336 2712 3390 ullus
2741 3335 2900 3392 fidem
2931 3337 3130 3395 Christi
3154 3343 3361 3412 recipe-

114 3426 231 3482 illud
258 3444 340 3483 va:
384 3429 701 3493 secundum,
741 3428 863 3498 quia
896 3442 1002 3482 non
1033 3434 1157 3482 sunt
1186 3426 1253 3481 de
1287 3434 1450 3481 terra.
1486 3425 1682 3497 Tangit
1778 3437 1883 3492 ret,
1910 3429 2049 3484 sicut
2097 3438 2154 3484 et
2199 3430 2375 3483 adhuc
2406 3428 2564 3483 hodie
2602 3426 2829 3483 faciunt.
2860 3428 2967 3484 Sed
3012 3433 3361 3500 quazrendum

108 3519 268 3572 etiam
291 3528 345 3573 et
364 3534 456 3573 eos
475 3534 711 3589 praesens
736 3518 905 3582 locus,
928 3518 1019 3591 qui
1042 3526 1279 3573 rectores
1292 3518 1540 3573 videntur
1562 3532 1681 3572 esse
1778 3519 1909 3588 quid
1933 3520 2003 3574 sit
2024 3519 2167 3589 quod
2193 3519 2271 3573 ait
2299 3536 2311 3573 :
2343 3515 2410 3571 Et
2435 3518 2613 3587 facitis
2633 3534 2750 3573 eum
2775 3518 2946 3586 ﬁlium
2968 3521 3236 3590 gehennae,
3258 3523 3360 3576 du—

109 3604 490 3671 Ecclesiarum,
516 3610 557 3662 si
587 3616 683 3662 aut
709 3606 849 3661 male
894 3608 1099 3673 vivunt,
1145 3617 1238 3660 aut
1286 3615 1432 3662 certe
1473 3616 1680 3661 utrum-
1778 3609 1865 3679 pla
1910 3626 2066 3681 quam
2109 3626 2197 3663 vos
2235 3610 2380 3664 estis.
2430 3608 2684 3679 Nunquid
2725 3610 3019 3679 discipulus
3054 3612 3360 3683 proselytus

103 3712 232 3765 ηυει
268 3706 327 3754 ει
363 3698 497 3753 male
524 3699 728 3765 "illum.
754 3705 808 3754 ει
834 3697 973 3753 male
997 3699 1211 3764 άοοθιιιν
1247 3696 1333 3753 V81
1360 3706 1506 3753 certe
1546 3695 1680 3750 nihil
1781 3704 1957 3759 factus
1980 3704 2269 3775 dupliciter
2299 3702 2506 3759 Scribis
2548 3712 2604 3758 et
2642 3701 2950 3768 Pharisazis,
2982 3714 3195 3774 poterat
3240 3705 3358 3761 fieri

106 3792 261 3846 docet
284 3792 410 3848 boni
433 3792 715 3861 locumque
738 3791 1195 3847 mercenariorum
1217 3805 1325 3846 non
1342 3790 1675 3860 relinquunt.

104 3884 243 3951 Quos
266 3894 325 3941 et
354 3885 491 3941 Osee
521 3886 783 3956 propheta
821 3883 997 3954 arguit
1038 3890 1094 3938 et
1133 3881 1377 3952 increpat
1403 3896 1418 3935 :
1441 3881 1681 3936 Abscon-

104 3975 312 4036 derunt.
349 3978 541 4048 inquit,
570 3975 883 4030 sacerdotes
910 3974 1050 4028 viam
1093 3971 1328 4036 Domini,
1363 3979 1418 4025 et
1461 3968 1679 4025 interfe-

102 4078 286 4123 cerunt
319 4069 626 4123 siceunam.
651 4066 901 4135 Alioquin
943 4064 1048 4119 nisi
1089 4063 1215 4118 mali
1245 4062 1554 4117 sacerdotes
1584 4061 1675 4115 do-

104 4163 320 4216 ctriuam
357 4161 568 4216 Domini
615 4159 855 4230 quolibet
878 4167 1036 4230 pacto
1064 4158 1449 4226 depravassent
1483 4168 1582 4225 per
1621 4169 1681 4208 se

100 4253 147 4306 in
188 4253 498 4326 Scripturis
538 4254 738 4309 divinis
775 4252 889 4323 ipsa
936 4250 1133 4305 veritas
1178 4249 1245 4304 de
1288 4247 1526 4311 Christo,
1554 4247 1680 4301 licet

99 4345 313 4400 obscura
362 4346 464 4408 sit,
493 4355 672 4398 tamen
707 4340 1021 4397 abscondita
1062 4354 1168 4393 non
1216 4346 1379 4393 esset.
1437 4336 1679 4392 Obscura

98 4447 212 4491 Vero
245 4437 377 4492 ideo
403 4443 518 4499 est,
564 4448 668 4488 non
696 4440 756 4486 ut
780 4446 887 4486 non
932 4429 1208 4484 inveniant
1251 4443 1369 4483 eam
1396 4428 1488 4497 qui
1534 4442 1679 4496 quae-

97 4535 227 4590 runt,
252 4529 354 4582 sed
402 4536 470 4580 ut
511 4540 617 4579 non
664 4523 883 4577 videant
919 4535 1039 4574 eam
1075 4519 1168 4590 qui
1195 4533 1436 4587 quaerere
1467 4517 1673 4581 nolunt,

91 4613 151 4667 ad
204 4616 432 4672 illorum
485 4615 715 4685 gloriam
769 4612 1061 4683 pertineat,
1112 4609 1201 4679 qui
1237 4608 1681 4666 desideraverunt

89 4715 139 4759 et
164 4710 553 4777 quasiverunt
591 4721 734 4769 eam,
757 4712 812 4759 et
853 4704 1197 4757 invenerunt.
1229 4699 1381 4754 Sicut
1405 4714 1435 4754 e
1460 4707 1679 4753 contra-

88 4796 163 4850 rio
194 4799 265 4853 ad
293 4814 509 4867 eorum,
536 4795 910 4851 confusionem
939 4802 996 4848 et
1023 4790 1552 4852 condemnationem,
1587 4789 1678 4859 qui

86 4902 175 4943 nec
219 4890 575 4951 desiderant,
621 4901 723 4942 nec
771 4893 1041 4956 quierunt,
1088 4898 1189 4938 nec
1228 4883 1507 4937 inveniunt
1538 4896 1677 4936 eam.

85 4975 356 5046 Quia-non
388 4986 579 5052 potest
613 4976 890 5032 excusatio
934 4989 1056 5029 esse
1089 4974 1252 5042 justa:
1294 4971 1676 5033 damnationis,

83 5074 394 5144 ignorantia
420 5072 696 5137 veritatis,
725 5069 921 5141 quibus
946 5067 1048 5122 fuit
1088 5066 1392 5122 inveniendi
1426 5064 1676 5129 facultas,

80 5166 119 5219 si
143 5166 344 5226 fuisset
376 5166 663 5240 quast-cudi
705 5164 973 5220 voluntas.
1008 5160 1177 5228 Quod
1207 5160 1253 5216 si
1294 5157 1494 5214 veritas
1525 5156 1681 5214 Chri-

78 5270 186 5314 stus
212 5263 376 5317 salus
399 5268 511 5322 est.
537 5268 592 5314 et
630 5258 745 5313 vita
789 5255 1027 5328 perfecte
1054 5253 1515 5323 cognoscentium,
1552 5252 1681 5320 quid

76 5362 229 5418 putas
267 5359 556 5423 qtmntum
585 5365 666 5404 va:
695 5347 803 5413 illis
835 5346 1137 5409 immineat,
1167 5344 1257 5413 qui
1288 5343 1505 5398 easdem
1534 5340 1679 5396 Scri-

74 5450 282 5508 pturas,
336 5441 499 5495 aliud
543 5455 641 5508 pro
688 5439 796 5493 alio
826 5438 1167 5499 mentientes,
1215 5434 1506 5495 claudunt?
1542 5433 1680 5502 Quid

72 5533 213 5588 enim
240 5532 511 5605 apertius
536 5530 640 5585 dici
658 5530 841 5600 'potuit
869 5529 935 5583 de
959 5526 1196 5591 Christo,
1222 5541 1384 5595 quam
1412 5526 1577 5580 lsaias
1603 5525 1682 5579 di-

71 5624 174 5676 cit?
220 5624 356 5694 Ipse
416 5622 697 5686 Dominus,
744 5621 942 5691 inquit,
994 5621 1154 5674 veniet
1199 5631 1247 5673 et
1289 5618 1509 5673 salvabit
1555 5633 1681 5682 nos;

71 5722 189 5767 tunc
241 5713 573 5782 aperientur
599 5713 737 5769 oculi
784 5728 1066 5777 ca'corum,
1097 5721 1145 5765 et
1200 5726 1355 5765 aures
1402 5709 1680 5763 sttrdorum

1780 3793 2158 3859 miserabilior,
2212 3794 2285 3848 ita
2336 3802 2396 3847 ut
2431 3808 2537 3849 non
2587 3792 2869 3863 aequaliter
2901 3803 3044 3851 esset
3087 3795 3168 3852 eis
3220 3795 3363 3851 [ilius

1780 3884 2063 3953 gehennze,
2100 3884 2195 3938 sed
2228 3882 2552 3953 dupliciter?
2594 3883 2844 3953 Nunquid
2889 3900 2995 3940 non
3036 3886 3090 3940 in
3134 3894 3364 3957 utroque

1781 3973 1958 4027 omnis
1988 3972 2264 4044 perfectus
2289 3981 2373 4028 est
2390 3972 2705 4043 discipulus,
2731 3972 2777 4027 si
2806 3973 2879 4028 sit
2913 3975 3052 4030 sicut
3104 3977 3366 4047 magister

1781 4061 1915 4131 ejus,
1959 4063 2003 4120 si
2042 4063 2182 4119 forte
2226 4063 2280 4118 in
2326 4062 2467 4118 malo
2496 4062 2766 4133 perlectus
2812 4064 2916 4118 dici
2967 4066 3176 4135 potest?
3212 4066 3365 4133 Quod

1785 4156 1921 4212 satis
1959 4154 2138 4212 elucet
2165 4153 2296 4226 quid
2336 4154 2468 4210 velit
2495 4153 2823 4225 significare,
2870 4156 2916 4211 si
2963 4156 3109 4226 prior
3150 4157 3368 4230 gentilis

1783 4244 2079 4307 damnatio,
2122 4244 2212 4313 qui
2240 4243 2417 4298 factus
2456 4253 2543 4298 est
2581 4243 2908 4315 proselytus,
2957 4254 3233 4314 pensetur.
3266 4247 3367 4301 Ar-

1783 4342 1957 4396 bitror
1984 4341 2132 4395 enim
2173 4353 2391 4394 omnem
2416 4338 2711 4399 hominem,
2739 4338 2831 4407 qui
2854 4353 2917 4392 ex
2954 4340 3368 4395 conversatione

1782 4431 2099 4503 gentilitatis
2138 4430 2313 4485 factus
2337 4436 2422 4484 est
2451 4426 2758 4498 proselytus
2789 4428 2841 4482 in
2889 4428 3028 4500 lege.
3078 4429 3246 4484 tilium
3272 4445 3367 4500 εθι-

1783 4524 1973 4578 hennae
1998 4523 2148 4592 prius
2179 4522 2369 4585 fuisse,
2396 4520 2538 4588 quod
2565 4527 2845 4587 peccatum
2871 4520 3173 4589 baptismus
3202 4521 3362 4578 Chri-

1781 4614 1851 4669 sti
1880 4612 2129 4669 absolvit.
2183 4610 2289 4666 Sed
2332 4608 2676 4665 circumcisio
2719 4606 3052 4677 Judaeorum,
3097 4612 3225 4680 quia
3247 4611 3365 4681 jam

1781 4704 2034 4759 Christus
2056 4703 2223 4765 venit,
2251 4700 2384 4756 nihil
2413 4696 2665 4770 proﬂat;
2693 4710 2751 4757 et
2777 4702 2899 4758 ideo
2915 4701 3027 4771 jam
3051 4704 3307 4774 gentilem
3329 4720 3361 4759 a

1783 4806 1936 4851 reatu
1988 4811 2095 4851 non
2149 4793 2328 4858 solvit,
2385 4793 2478 4847 sed
2524 4792 2701 4848 adhuc
2736 4807 2835 4863 per
2875 4792 3361 4864 transgressionem

1782 4887 1917 4958 legis
1938 4887 2085 4941 addit
2109 4886 2184 4940 illi
2212 4884 2573 4939 damnationis
2615 4899 2921 4939 numerum.
2964 4883 3038 4938 lta
3088 4891 3144 4937 ut
3198 4883 3364 4939 etiam

1780 4977 2076 5032 secundum
2119 4974 2477 5038 Judaismum,
2525 4972 2618 5028 fiat
2660 4973 2803 5028 [ilius
2828 4974 3107 5043 gehennae.
3136 4973 3204 5028 Et
3233 4974 3362 5042 quia

1782 5074 1965 5122 manet
1991 5065 2139 5137 prior
2165 5064 2440 5119 damnatio
2476 5065 2803 5132 inabsoluta,
2843 5079 2965 5121 cum
2996 5064 3176 5121 factus
3199 5064 3366 5121 fuerit

1780 5158 2102 5230 proselytus,
2116 5156 2285 5230 95,3
2307 5157 2595 5226 dupliciter
2620 5158 2764 5214 filius
2782 5159 3038 5228 gehennae
3058 5172 3153 5228 per
3165 5158 3367 5214 doctri-

1781 5265 1917 5305 nam
1932 5248 2168 5304 doctoris
2190 5246 2312 5300 mali
2336 5243 2587 5309 edicitur,
2602 5260 2725 5300 cum
2747 5256 2802 5301 et
2822 5245 3095 5302 Christum
3112 5244 3365 5316 blasphe-

1786 5356 1936 5396 mare
1977 5339 2185 5409 incipit,
2221 5346 2278 5392 et
2320 5352 2350 5390 a
2409 5336 2530 5407 lege
2562 5337 2696 5391 nihil
2742 5335 3023 5406 proiicere.
3072 5333 3270 5405 Sicque
3301 5332 3368 5390 ιιι

1786 5432 1874 5486 ille
1917 5432 2007 5502 qui
2038 5430 2222 5485 docuit
2265 5437 2324 5482 ut
2370 5444 2536 5485 causa
2567 5427 2788 5484 secundi
2819 5426 3027 5482 erroris
3055 5427 3145 5489 fit,
3178 5434 3235 5482 et
3268 5424 3365 5481 ﬂat

1786 5518 2072 5590 dupliciter
2095 5519 2238 5574 filius
2275 5520 2539 5589 gehennae
2578 5532 2739 5586 supra
2769 5515 2920 5571 illum
2957 5517 3047 5585 qui
3096 5514 3235 5569 male
3260 5512 3363 5570 do-

1786 5617 1899 5671 cuit
1938 5627 2101 5670 eum.‘
2122 5614 2505 5684 Unusquisque
2532 5613 2676 5667 enim
2703 5611 3057 5666 usitatissime
3086 5608 3224 5663 illius
3243 5607 3364 5676 ejus

1787 5706 2005 5774 dicitur,
2037 5704 2189 5775 cujus
2216 5719 2379 5773 opera
2424 5703 2582 5767 facit;
2628 5702 2813 5771 sicque
2843 5701 3095 5756 dicuntur
3120 5697 3213 5753 lilii
3241 5711 3362 5767 per-
