4016 6354
578 308 686 363 7ἴῦ

1404 299 1461 357 S.
1497 299 1857 368 PASCIIASIl
1894 297 2239 355 RADBERTI
2278 297 2564 353 ABBATIS
2602 296 3046 355 CORBEIENSIS

3724 298 3812 354 776

566 422 822 486 ditionis,
853 430 904 475 ct
934 420 1025 474 ﬁlii
1074 418 1229 487 hujus
1279 419 1483 474 seculi.
1528 418 1612 472 Fit
1652 426 1832 472 autem
1887 426 1943 472 et
1996 416 2156 470 aliter
2184 420 2230 477 Α
2260 425 2354 470 aut
2378 425 2689 477 senserunt.
2725 416 2837 488 jam
2869 417 3006 472 male
3034 416 3271 486 possessi
3317 414 3386 469 ad
3420 414 3551 469 illud
3588 430 3664 469 va:
3707 414 3814 471 ulti-

581 515 807 583 quisque
833 510 1135 582 prosclytus
1182 508 1467 579 dupliciter
1509 522 1665 573 reus;
1701 508 1824 577 quia
1862 509 2014 577 prius
2040 512 2159 560 erat

582 614 951 675 transgressor
986 603 1041 656 in
1073 601 1190 671 lege
1237 608 1466 663 naturae,
1505 599 1679 655 factus
1708 608 1888 653 autem
1917 596 2158 669 prosely-

586 704 688 755 tus,
734 709 857 748 cum
891 702 1039 747 esset
1083 692 1353 755 ethnicus,
1377 690 1565 744 videns
1596 691 1977 761 magistrorum
2006 689 2157 751 vitia,

586 783 1027 853 transgrediendo
1056 782 1248 853 legem,
1273 781 1398 851 jure
1427 781 1616 852 majori
1646 796 1828 851 paena,
1866 781 1918 836 id
1943 789 2027 835 est
2059 780 2160 834 du-

585 878 729 948 plici,
760 871 1067 942 mulctatur,
1101 878 1242 931 sicut
1269 884 1325 931 et
1353 891 1449 931 vos
1484 876 1575 945 qui
1607 874 1764 930 ﬁdem
1791 885 1841 929 et
1869 890 2032 944 opera
2057 889 2163 927 non

586 968 812 1023 habetis;
839 968 942 1022 Alii
973 968 1188 1037 quidem
1214 966 1420 1031 volunt,
1451 975 1509 1020 ut
1536 983 1713 1037 quam,
1760 965 2162 1028 adverbialiter,

586 1072 689 1127 pro
725 1059 883 1121 sicut,
934 1058 1249 1128 accipiatur,
1290 1065 1345 1111 et
1391 1056 1464 1111 sit
1512 1071 1704 1111 sensus
1751 1076 1764 1110 :
1813 1055 2012 1110 Facitis
2040 1070 2163 1110 eum

591 1151 757 1204 ﬁlium
789 1151 1048 1222 gehennae
1067 1149 1374 1220 dupliciter,
1402 1149 1544 1205 sicut
1589 1158 1645 1205 et
1692 1165 1787 1204 vos
1831 1151 2001 1215 estis;
2038 1150 2161 1219 quia

589 1251 646 1297 et
674 1242 832 1296 ﬁdem
864 1241 1063 1297 Christi
1093 1242 1367 1311 respuitis,
1406 1256 1472 1297 ex
1502 1241 1618 1312 lege
1641 1251 1695 1296 et
1723 1242 2000 1313 prephetis
2031 1257 2168 1312 prrc-

592 1335 913 1395 nnntiatatn,
972 1343 1025 1388 et
1075 1349 1238 1403 opera
1278 1334 1538 1389 virtutum
1593 1334 1736 1388 nulla
1784 1334 2015 1399 habetis,
2073 1334 2170 1388 sed

592 1428 739 1482 vitiis
768 1426 910 1496 pleni
939 1427 1092 1490 eStis,
1126 1428 1322 1496 quibus
1365 1426 1571 1482 ell'crati
1604 1436 1818 1480 omnem
1856 1434 2172 1480 mansuetu-

593 1517 774 1569 dinem
802 1516 981 1572 cordis
1008 1517 1283 1583 amisistis,
1318 1528 1372 1572 et
1403 1519 1522 1573 ideo
1560 1517 1669 1585 iam
1699 1518 1836 1571 ultra
1887 1517 2027 1571 beati
2072 1517 2174 1570 mi-

593 1609 741 1664 nime
775 1622 894 1663 esse
937 1610 1191 1679 potestis;
1242 1610 1367 1680 quia
1414 1610 1556 1665 beati
1593 1610 1753 1663 mites
1801 1618 1855 1663 ct
1901 1607 2170 1662 mansueti

593 1702 947 1770 possidebunt
969 1710 1185 1755 terram.
1216 1702 1438 1756 Terram
1463 1701 1609 1756 illam
1638 1702 1822 1770 utique
1850 1700 2166 1763 viventium,

2261 523 2407 562 mum
2435 509 2578 577 quod
2610 518 2800 573 restat,
2834 509 2880 563 si
2911 524 3016 562 non
3043 508 3407 578 corrigantur,
3434 506 3653 562 omnino
3690 506 3816 563 festi-

2262 610 2412 655 nant.
2447 601 2523 656 De
2542 616 2650 671 quo
2677 602 2923 671 sequitur
2955 619 2969 654 :

2341 695 2433 749 Vae
2456 696 2615 760 vobis,
2642 695 2800 750 duces
2824 695 2966 759 arci,
2997 695 3087 765 qui
3108 694 3280 749 dicitis
3306 710 3326 749 :
3357 692 3662 764 Quicunque
3684 693 3814 764 jura.

2262 787 2390 840 verit
2414 786 2469 838 in
2502 784 2711 854 templo,
2747 782 2876 837 nihil
2904 793 3010 848 est;
3031 784 3120 854 qui
3149 793 3324 836 autem
3368 783 3628 854 juracerit
3658 784 3709 837 in
3743 801 3818 838 aa-

2266 894 2383 931 rum
2428 877 2623 947 templi,
2654 876 2820 929 debet.
2854 873 3015 930 Stulti
3040 883 3089 929 et
3120 875 3244 929 circi
3276 888 3294 925 :
3327 873 3456 946 quid
3505 873 3638 928 enim
3673 874 3820 944 majus

2268 975 2363 1029 est,
2395 981 2603 1029 aurum,
2631 982 2701 1018 an
2727 966 2972 1033 templum
2999 964 3139 1033 quod
3183 962 3478 1031 sanctiﬁcat
3511 964 3731 1016 aurum?
3765 959 3821 1017 Et

2268 1057 2558 1129 quicunque
2568 1056 2826 1126 juraverit
2853 1056 2906 1108 in
2932 1055 3111 1119 altari,
3143 1053 3274 1108 nihil
3291 1063 3370 1108 est
3397 1070 3417 1108 :
3452 1054 3736 1124 quicunque
3745 1054 3822 1123 ju-

2271 1152 2460 1204 raverit
2487 1151 2542 1202 in
2569 1149 2731 1214 dono,
2752 1147 2890 1216 quod
2916 1156 2989 1202 est
3030 1164 3187 1218 super
3232 1146 3389 1211 illud,
3447 1146 3615 1200 debet.
3666 1144 3788 1201 Caci
3807 1161 3823 1198 :

2269 1242 2395 1313 quid
2426 1242 2562 1296 enim
2587 1240 2758 1311 majus
2792 1249 2887 1304 est,
2929 1240 3145 1302 donum,
3179 1255 3247 1292 an
3273 1238 3442 1291 altare
3487 1236 3627 1308 quod
3658 1238 3825 1290 sancti-

2270 1334 2394 1403 ﬁcat
2419 1330 2673 1385 domum!
2696 1329 2799 1396 Qui
2832 1335 2951 1399 ergo
2980 1328 3133 1398 jurat
3156 1328 3211 1381 in
3239 1327 3419 1390 altari,
3448 1326 3602 1396 jurat
3633 1326 3683 1379 in
3703 1341 3756 1379 eo
3781 1336 3824 1380 et

2272 1425 2327 1478 in
2348 1422 2585 1476 omnibus
2615 1438 2732 1491 qua:
2754 1436 2908 1491 super
2934 1419 3065 1472 illud
3105 1422 3248 1474 sunt.
3276 1418 3345 1472 Et
3373 1417 3466 1489 qui
3487 1418 3737 1488 juraverit
3782 1418 3826 1470 in

2273 1514 2479 1584 templo,
2501 1513 2650 1583 jurat
2687 1513 2742 1567 in
2766 1512 2879 1576 illo,
2913 1522 2959 1565 et
2983 1511 3036 1565 in
3074 1527 3132 1565 eo
3164 1512 3252 1582 qui
3280 1510 3486 1565 habitat
3525 1510 3582 1564 in
3617 1510 3739 1579 ipso.
3772 1508 3826 1562 Et

2273 1606 2363 1676 qui
2384 1605 2532 1675 jurat
2560 1606 2615 1657 in
2641 1603 2787 1668 caelo,
2821 1603 2973 1673 jurat
3003 1603 3057 1655 in
3076 1601 3317 1669 thronum
3360 1600 3478 1666 Dei,
3509 1610 3556 1655 et
3577 1602 3632 1653 in
3664 1617 3721 1654 eo
3755 1600 3829 1670 qui

2275 1697 2418 1753 sedet
2443 1710 2599 1765 super
2623 1710 2760 1749 eum.
2788 1695 3101 1765 Arguuntur
3123 1707 3355 1761 namque
3378 1689 3586 1746 Scriba:
3636 1693 3691 1746 et
3712 1689 3829 1743 Plia-

594 1767 660 1843 ail
693 1800 851 1861 quam
883 1792 1051 1846 David
1095 1793 1331 1861 suspirat
1359 1792 1580 1846 dicens:
1614 1767 1783 1845 Credo
1830 1790 2005 1845 videre
2036 1789 2170 1843 bona
2201 1767 2249 1827 Β
2280 1788 2442 1851 risaei,
2473 1794 2666 1842 cuncta
2712 1800 2814 1855 pro
2836 1785 2992 1839 lucro
3014 1784 3215 1845 facere,
3263 1791 3318 1837 et
3363 1782 3469 1837 non
3510 1774 3611 1852 pro
3666 1782 3831 1835 timore

598 1880 812 1935 Domini
844 1883 898 1934 in
938 1892 1080 1935 terra
1122 1882 1400 1936 eiveutium
1432 1880 1605 1951 (Psal.
1652 1894 1805 1946 xxvr,
1840 1882 1960 1952 13);
2012 1895 2175 1950 quam

452 1998 473 2019 ι
566 1989 715 2043 χοε,
747 1970 871 2043 quia
901 1982 1116 2030 terrena
1147 1973 1452 2039 sectamini,
1484 1974 1775 2030 infeliciter
1802 1973 2077 2029 amisistis.
2110 1973 2177 2029 Et

601 2063 894 2116 notandum
941 2063 1069 2133 quia
1103 2078 1226 2117 eum
1282 2063 1442 2133 duplo
1488 2064 1704 2133 gravius
1747 2063 2177 2133 delinquentibus

602 2157 845 2225 geheana
921 2157 1354 2227 repromittitur,
1421 2155 1723 2211 differentia
1787 2166 2176 2212 tormentorum

605 2257 954 2304 monstratur.
988 2248 1253 2317 Quoniam
1299 2249 1456 2304 aliter
1492 2258 1777 2320 torquetur
1801 2249 1893 2319 qui
1924 2249 2180 2318 simplici-

606 2349 690 2395 ter
720 2340 883 2395 fuerit
927 2340 1069 2395 ﬁlius
1116 2342 1406 2412 gehennre,
1454 2350 1509 2395 et
1543 2342 1701 2396 aliter
1742 2342 1833 2412 qui
1873 2341 2175 2410 dupliciter.

606 2429 806 2500 Sicque
829 2438 885 2485 et
911 2431 1165 2499 deinceps
1188 2430 1666 2495 considerandum,
1705 2432 1749 2485 si
1792 2432 1967 2485 adhuc
2005 2431 2177 2485 abun—

606 2521 824 2575 dantius
850 2521 1021 2591 possit
1046 2522 1243 2591 aliquis
1275 2521 1513 2590 torqueri
1547 2521 1850 2592 triplicitcr,
1879 2537 1973 2576 seu
2004 2520 2181 2574 multi-

603 2612 819 2685 pliciter
856 2613 1149 2667 secundum
1209 2612 1606 2667 multitudinem
1658 2621 2025 2683 peccatorum.
2073 2611 2183 2667 Nec

606 2711 785 2758 tamen
814 2704 1066 2759 audiendi
1099 2712 1224 2759 sunt
1251 2703 1341 2773 qui
1370 2704 1554 2758 dicunt
1584 2705 1729 2759 nulla
1764 2704 1879 2759 loca
1908 2718 2026 2759 esse
2061 2718 2181 2773 pte-

605 2811 818 2860 narum,
870 2811 1045 2865 neque
1095 2796 1269 2866 ptenis
1326 2797 1565 2867 torqueri
1618 2797 1734 2852 aliis
1775 2812 1910 2867 quos
1941 2797 2184 2868 gehenna

607 2886 927 2955 pervaserit,
997 2886 1100 2940 nisi
1166 2887 1384 2957 propria
1453 2888 1781 2943 conscientia
1844 2888 2180 2942 delictorum.

611 2973 764 3040 Quod
812 2974 996 3029 multis
1048 2973 1452 3045 Scripturarum
1493 2977 1546 3030 in
1583 2977 1716 3032 locis
1762 2978 2081 3041 ostenditur,
2132 2985 2186 3030 et

611 3063 728 3118 loca
759 3078 879 3120 esse
907 3079 1212 3133 poenarum,
1250 3074 1304 3120 et
1348 3066 1606 3135 supplicia
1662 3076 2049 3121 tormentorum
2074 3067 2184 3138 jam

612 3162 824 3225 parata,
857 3169 1064 3212 necnon
1088 3166 1143 3212 et
1171 3159 1489 3214 auctoritate
1516 3168 1825 3214 sanctorum
1856 3160 2076 3214 Patrum
2110 3161 2185 3214 ita
2214 3131 2260 3194 ε

612 3258 735 3300 esse
774 3244 1044 3312 ﬁrmatur,
1075 3248 1200 3303 licet
1251 3262 1347 3317 per
1383 3247 1622 3317 singulas
1668 3249 1878 3320 species
1903 3250 2190 3304 criminum

613 3334 827 3390 dicatur
850 3335 1076 3406 quilibet
1096 3337 1212 3392 ﬁeri
1240 3338 1380 3392 Illius
1402 3338 1683 3408 gehennae.
1710 3339 1779 3394 Ut
1810 3349 1934 3409 puta
1966 3340 2055 3409 qui
2080 3338 2191 3393 for-

613 3426 829 3482 nicator
848 3436 953 3494 est,
1010 3430 1357 3500 ﬁtgehennte
1408 3429 1585 3496 ﬁlius;
1636 3430 1727 3501 qui
1778 3439 1954 3484 autem
1987 3429 2195 3483 adulter

615 3519 904 3589 dupliciter
932 3529 1231 3591 torquetur,
1279 3521 1529 3577 similiter
1565 3530 1620 3577 et
1659 3537 1756 3592 per
1805 3530 2000 3576 cratera
2042 3521 2192 3574 vitia.

614 3607 726 3664 Nec
751 3610 1007 3680 injustum
1030 3610 1262 3676 videtur,
1279 3611 1324 3667 si
1354 3612 1649 3669 secundum
1675 3611 1891 3666 modum
1917 3610 2193 3680 culparum

616 3699 938 3756 adhibeatur
984 3702 1275 3771 unicuique
1334 3703 1657 3772 supplicium
1698 3711 2088 3759 tormentorum
2143 3703 2195 3755 in

615 3806 724 3846 una
769 3792 1067 3863 eademque
1113 3810 1293 3864 paena.
1350 3794 1522 3851 Porro
1569 3796 1636 3850 de
1692 3798 1913 3851 nomine
1941 3796 2200 3867 gehenna:

611 3882 726 3952 jam
753 3898 916 3953 supra
949 3885 1082 3939 satis
1103 3885 1357 3940 diximus.
1405 3885 1519 3940 lloc
1558 3893 1737 3940 tamen
1785 3886 2042 3941 lectorem
2085 3899 2202 3939 mo-

618 3985 743 4037 neo,
772 3981 832 4026 ut
868 3988 1082 4043 semper
1125 3976 1253 4029 hinc
1286 3975 1409 4031 inde
1453 3975 1830 4031 btereticorum
1880 3986 2070 4031 caveat
2126 3975 2202 4029 la-

618 4074 809 4130 queos,
844 4076 911 4116 ne
936 4060 1194 4119 falsorum
1222 4063 1392 4136 959
1413 4065 1734 4119 obvolvatur
1775 4064 1982 4135 laqueis
2021 4065 2203 4120 docto-

621 4168 763 4218 rum,
794 4153 887 4223 qui
912 4169 1017 4209 non
1049 4156 1318 4220 doctores,
1344 4156 1438 4211 sed
1459 4156 1774 4227 dceeptores
1823 4168 1950 4212 sunt
1997 4160 2203 4211 anima-

622 4256 764 4295 rum.
790 4241 927 4309 Quia
952 4244 1093 4298 sicut
1118 4244 1193 4297 illi
1224 4245 1521 4315 vaniloqui,
1564 4247 1630 4301 de
1673 4247 1870 4317 quibus
1899 4263 2040 4303 nunc
2069 4246 2205 4304 disi-

623 4348 768 4398 mus,
804 4335 876 4389 ita
907 4344 1032 4390 sunt
1059 4344 1114 4390 et
1140 4336 1230 4390 alii
1259 4338 1351 4408 qui
1391 4338 1576 4391 volunt
1604 4338 2006 4410 allegorizando
2035 4341 2205 4398 intro.

624 4421 843 4488 ducere,
886 4424 1028 4494 quod
1076 4426 1338 4496 gehenna,
1377 4441 1497 4495 qua:
1536 4428 1692 4483 vallis
1744 4428 1974 4485 ﬁliorum
2012 4431 2200 4486 Ennon

2276 1879 2404 1945 Dei;
2430 1879 2641 1934 sicutet
2661 1891 2824 1947 supra
2855 1876 2908 1929 iu
2942 1870 3291 1945 phylacteriis
3316 1882 3371 1928 et
3395 1872 3626 1927 ﬁmbriis
3655 1870 3823 1926 dilata-

2277 1975 2368 2041 tis,
2401 1986 2510 2028 uon
2530 1971 2673 2028 aliud
2697 1986 2860 2041 quam
2889 1983 3082 2024 vanam
3127 1966 3354 2039 gloriam
3391 1968 3756 2037 requirebant,
3784 1973 3831 2019 et

2277 2082 2373 2139 per
2396 2065 2738 2121 occasionem
2769 2062 2977 2134 glorim,
3017 2060 3179 2114 etiam
3209 2068 3264 2113 et
3285 2060 3339 2114 in
3385 2059 3471 2114 his
3498 2058 3647 2113 lucra
3689 2065 3834 2113 secta.

2278 2161 2479 2215 bantur
2505 2154 2876 2227 pecuniarum.
2909 2153 2975 2207 Et
2998 2151 3117 2207 ideo
3140 2150 3264 2220 jure
3298 2152 3593 2221 hypocrltrc
3617 2158 3671 2204 et
3692 2151 3834 2205 duces

2279 2252 2404 2307 caeci
2436 2257 2718 2312 vocantur,
2764 2246 2890 2301 licet
2916 2254 3079 2315 super
3136 2242 3450 2297 'cathedram
3498 2240 3669 2312 Moysi
3708 2238 3837 2294 sede-

2281 2349 2425 2395 runt.
2450 2339 2713 2406 Quoniam
2752 2337 2850 2391 sub
2894 2335 3076 2405 specie
3129 2332 3455 2395 sanctitatis,
3504 2347 3612 2386 non
3659 2331 3835 2385 cultum

2285 2432 2395 2491 Dei,
2435 2438 2538 2485 neu
2566 2429 2814 2500 gloriam,
2867 2441 2975 2481 non
3023 2427 3282 2481 honorem
3338 2424 3706 2494 requirebant,
3750 2435 3834 2477 nm

2281 2506 2679 2579 observantiam
2708 2519 3084 2574 mandatorum
3110 2517 3229 2582 Dei,
3258 2516 3398 2570 sicut
3412 2516 3528 2586 jam
3582 2530 3740 2585 supra
3787 2515 3840 2568 de

2284 2616 2421 2671 dono
2443 2612 2695 2678 diximus,
2727 2611 2941 2682 quando
2976 2610 3227 2666 dicebant
3265 2610 3406 2680 patri
3437 2610 3666 2663 matrive
3698 2627 3712 2663 :
3740 2606 3840 2661 Ηαο

2286 2722 2383 2760 nus
2408 2706 2751 2777 quodcunque
2779 2713 2853 2757 est
2879 2706 2943 2757 ex
2956 2719 3056 2766 me,
3080 2702 3175 2756 tibi
3200 2702 3406 2771 prodest
3427 2700 3646 2772 (Matth.
3674 2715 3756 2765 Iv,
3774 2698 3839 2769 5),

2284 2794 2345 2850 ut
2366 2796 2418 2849 in
2447 2806 2633 2850 eorum
2668 2794 2872 2848 lucrum
2904 2801 3100 2849 cuncta
3132 2792 3373 2848 venirent
3407 2809 3421 2845 :
3456 2792 3539 2847 sic
3582 2800 3639 2845 et
3662 2792 3714 2846 hi
3736 2806 3839 2860 par-

2286 2889 2647 2958 vipende‘bant
2673 2887 2930 2958 templum
2980 2894 3036 2941 et
3081 2885 3272 2951 altare,
3322 2901 3385 2940 ac
3433 2885 3682 2940 venerari
3715 2882 3844 2952 jube-

2288 2982 2414 3037 bant
2459 2997 2683 3046 aurum,
2732 2990 2784 3035 et
2825 2982 3002 3036 omnia
3054 2981 3186 3051 legis
3219 2981 3467 3045 donaria,
3525 2993 3647 3051 quae
3691 2979 3740 3033 in
3776 2979 3844 3033 his

2288 3074 2452 3145 950
2480 3073 2863 3137 oderebantur,
2892 3083 2949 3126 ut
2979 3073 3158 3128 omnia
3185 3072 3251 3126 ad
3270 3072 3560 3126 utilitatem
3584 3080 3637 3127 et
3666 3070 3844 3125 lucrum

2292 3182 2476 3221 corum
2512 3164 2856 3235 proﬁcerent.
2893 3164 2959 3217 Et
2985 3173 3267 3233 prouterca
3299 3164 3441 3232 quod
3468 3162 3603 3231 ipsis
3639 3162 3847 3217 delecta-

2295 3256 2515 3319 bantur,
2544 3271 2735 3309 aurum
2766 3262 2820 3308 et
2853 3254 3014 3317 dona,
3038 3254 3231 3324 quibus
3260 3254 3373 3307 suis
3422 3255 3716 3307 utebantur
3755 3251 3843 3303 usi-

2293 3347 2415 3409 hus,
2445 3345 2716 3399 sanctiora
2741 3358 2860 3398 esse
2882 3342 3154 3407 dicebant,
3185 3357 3348 3412 quam
3387 3342 3564 3411 ipsum
3615 3339 3845 3408 templum

2295 3442 2349 3489 et
2373 3435 2561 3500 altare,
2590 3443 2650 3487 ut
2687 3432 2979 3497 oll‘ercntes
3027 3434 3388 3503 promptiores
3429 3431 3647 3496 ﬁerent,
3697 3429 3851 3485 multi—

2296 3521 2453 3593 plicia
2482 3530 2671 3593 sponte
2699 3523 2764 3579 ad
2794 3521 3125 3578 offerendum
3156 3537 3337 3576 rerum
3389 3522 3552 3585 dona,
3608 3536 3759 3591 quam
3799 3517 3853 3570 ari

2296 3614 2485 3685 preces
2512 3612 2816 3669 fundendus
2865 3618 3050 3669 coram
3102 3616 3288 3668 sancto
3343 3612 3499 3667 altari
3559 3613 3614 3666 in
3665 3607 3854 3679 templo.

2301 3706 2473 3772 Unde,
2511 3716 2569 3762 ut
2597 3722 2783 3761 eorum
2808 3705 2971 3770 do‘na,
2995 3710 3199 3761 ctvo’ta
3239 3702 3411 3774 magis
3454 3702 3566 3759 Deo
3608 3703 3857 3757 ﬁrmarent

2299 3808 2543 3866 accepta,
2570 3805 2876 3851 statuerunt
2910 3794 3192 3867 stropham
3231 3794 3585 3851 callidissime
3623 3795 3765 3848 satis.
3805 3789 3857 3845 Si

2300 3887 2422 3958 quis
2450 3887 2499 3941 in
2524 3887 2922 3943 contentionem
2954 3887 3210 3951 venisset,
3252 3886 3333 3941 vel
3365 3887 3421 3940 in
3468 3887 3704 3955 aliquam
3745 3899 3857 3939 cou-

2302 3978 2645 4043 troversiam,
2678 3977 2819 4031 unde
2854 3984 3076 4047 propter
3117 3974 3523 4055 ambiguitatem
3567 3973 3751 4044 iurgii,
3790 3973 3860 4042 ju-

2303 4085 2427 4125 rare
2458 4069 2694 4133 deberet,
2718 4084 2825 4123 non
2857 4075 3132 4124 teneretur
3152 4084 3277 4124 reus
3311 4069 3365 4123 in
3395 4067 3593 4138 templo
3616 4067 3660 4121 si
3690 4065 3860 4119 falsum

2300 4161 2567 4230 jurasset;
2600 4159 2690 4215 sed
2714 4160 2757 4214 si
2789 4159 2841 4213 in
2865 4174 2996 4214 auro
3020 4174 3084 4215 ex
3123 4173 3230 4231 quo
3254 4169 3437 4230 postea
3466 4160 3739 4214 convictus
3778 4152 3869 4207 fal-

2306 4265 2423 4305 sum
2449 4250 2683 4319 iurasse,
2715 4250 2962 4305 criminis
2982 4266 3108 4305 reus
3157 4251 3481 4305 tenebatur:
3526 4250 3671 4303 unde
3703 4246 3870 4300 statim

2307 4355 2521 4403 aurum,
2554 4342 2605 4394 in
2632 4355 2739 4409 quo
2755 4340 3053 4411 iuraverat,
3080 4355 3207 4396 reus
3252 4340 3547 4411 cogebatur
3588 4337 3869 4395 exsolvere.

2307 4438 2367 4484 ut
2396 4429 2644 4483 universa
2673 4444 2859 4483 eorum
2900 4430 3086 4484 usibus
3118 4429 3392 4483 cederent.
3421 4427 3684 4483 Similiter
3735 4434 3788 4481 et
3828 4424 3875 4477 in

624 4521 854 4567 vocatur
876 4512 929 4566 in
955 4511 1275 4584 Scripturis,
1292 4524 1349 4569 et
1374 4514 1672 4572 Jerusalem
1692 4534 1797 4574 non
1824 4519 1982 4592 longe
2008 4521 2115 4577 sint
2139 4521 2207 4576 ab
2235 4512 2286 4571 D
2312 4522 2469 4576 altari
2492 4523 2536 4575 si
2567 4521 2687 4590 quis
2706 4519 2965 4589 jurasset,
2991 4518 3214 4591 perjurii
3257 4533 3596 4588 nequaquam
3620 4515 3880 4585 adiudica-

625 4600 879 4658 invicem.
918 4602 1067 4660 Licet
1112 4604 1412 4661 Jerusalem
1445 4608 1547 4684 sita
1591 4609 1663 4664 sit
1712 4610 1763 4664 in
1798 4621 2003 4677 monte,
2034 4621 2089 4667 et
2117 4627 2207 4684 ge-

627 4694 804 4749 henna
837 4696 991 4750 vallis
1034 4698 1245 4752 dicatur
1296 4712 1310 4751 :
1369 4682 1546 4755 tamen
1592 4716 1779 4757 eorum
1815 4703 2056 4760 locorum
2099 4682 2206 4759 una

627 4798 749 4839 sors
775 4792 875 4847 est,
902 4795 957 4839 et
986 4786 1040 4840 in
1068 4802 1174 4840 una
1218 4796 1574 4845 numerantur
1603 4792 1769 4858 tribu,
1802 4793 1943 4848 sicut
1992 4805 2047 4849 et
2084 4793 2209 4848 reli-

627 4890 748 4945 qua:
776 4874 1118 4931 electissimas
1139 4878 1407 4933 civitates.
1438 4879 1779 4952 Quapmpter
1814 4883 2204 4953 dogmatizant,

628 4981 726 5021 eos
753 4967 843 5035 qui
866 4977 1111 5036 peccant,
1134 4969 1260 5023 licet
1305 4970 1358 5023 in
1406 4973 1647 5041 gehenna
1681 4975 1982 5037 mittantur,
2013 4981 2069 5028 et
2092 4972 2206 5026 val-

630 5055 709 5112 les
764 5057 875 5111 sint
917 5058 1204 5127 appellati,
1269 5062 1393 5129 quia
1446 5074 1830 5131 peccaverunt,
1889 5065 2212 5133 quandoque

633 5150 774 5218 quod
826 5152 893 5205 ad
939 5166 1101 5205 unam
1151 5161 1354 5207 sortem
1403 5164 1529 5207 sunt
1579 5157 1868 5217 reversuri,
1905 5165 1959 5210 et
2006 5156 2061 5209 in
2104 5171 2210 5210 una

634 5240 928 5309 eademque
946 5243 1086 5297 tribu
1112 5245 1670 5310 connumerabuntur,
1699 5250 1749 5299 in
1782 5261 1886 5315 qua
1912 5245 2212 5303 Jerusalem

634 5328 727 5384 illa
745 5331 982 5387 caelestis
1011 5335 1254 5387 sortitur.
1287 5334 1440 5400 Quod
1479 5350 1640 5402 quam
1680 5336 1974 5391 absurdum
2024 5340 2095 5393 sit
2140 5339 2213 5393 ita

636 5422 855 5484 sentire,
884 5424 1038 5477 nobis
1062 5425 1385 5488 tacentibus,
1412 5425 1590 5479 omnis
1631 5428 1927 5482 auctoritas
1970 5428 2217 5499 Scriptu-

638 5530 842 5580 rarum,
874 5526 928 5570 et
953 5518 1217 5571 catholica
1245 5518 1377 5572 ﬁdes
1414 5517 1629 5572 clamat.
1676 5519 1802 5575 llaec
1850 5531 2056 5587 tamen,
2088 5525 2215 5592 quia

640 5606 706 5658 de
731 5603 1039 5660 Grazcorum
1088 5610 1301 5663 turbine
1336 5609 1403 5663 ad
1453 5624 1551 5663 nos
1580 5610 1717 5662 mala
1766 5612 2029 5666 translata
2062 5629 2220 5669 vene-

644 5704 787 5759 runt,
813 5696 1061 5751 omittere
1101 5713 1203 5753 non
1234 5699 1412 5754 debui.
1453 5698 1587 5769 Quia
1636 5702 1725 5770 qui
1776 5703 1901 5756 talia
1954 5705 2213 5771 sentiunt,

2310 4612 2471 4666 batur
2493 4625 2637 4672 reus,
2661 4610 2826 4665 etiam
2855 4609 3136 4665 convictus
3164 4609 3306 4678 quod
3323 4609 3582 4677 iurasset.
3609 4604 3670 4661 Si
3712 4614 3881 4659 autem

2309 4702 2644 4771 perjurasset
2692 4702 2744 4755 in
2768 4701 2943 4764 donis,
2973 4710 3029 4754 et
3055 4697 3416 4754 oblationibus
3452 4712 3570 4766 quae
3598 4695 3885 4751 odereban~

2307 4800 2402 4846 tur
2430 4792 2559 4854 Deo,
2590 4791 2657 4845 ad
2687 4790 2873 4854 altare,
2898 4790 2951 4844 in
2983 4789 3177 4844 hostiis
3205 4798 3259 4843 et
3283 4787 3539 4853 victimis,
3561 4802 3658 4842 seu
3688 4786 3747 4839 in
3778 4784 3885 4854 qui-

2312 4881 2522 4951 busque
2584 4880 2918 4944 muneribus,
2966 4881 3081 4934 haec
3132 4878 3525 4933 studiosissime
3572 4884 3886 4947 repetentes.

2316 4973 2446 5027 illud
2476 4973 2544 5027 ab
2566 4988 2631 5027 eo
2653 4974 2935 5042 exigebant
2987 4972 3040 5026 in
3083 4987 3190 5042 quo
3238 4972 3431 5026 falsum
3468 4969 3737 5040 iurasset.
3770 4968 3889 5023 [line

2317 5083 2531 5137 quoque
2567 5083 2671 5122 non
2723 5067 2994 5122 immerito
3050 5068 3229 5138 arguit
3279 5082 3375 5122 eos
3426 5067 3714 5130 Dominus,
3765 5061 3892 5135 quod

2319 5180 2510 5219 aurum
2536 5164 2720 5235 templi
2752 5171 2806 5218 et
2828 5164 2964 5218 dona
2996 5162 3185 5218 altaris
3208 5163 3262 5217 in
3302 5169 3773 5216 sacramentorum
3819 5172 3894 5212 re-

2318 5256 2575 5325 ligionem
2624 5263 3043 5319 venerarentur,
3100 5269 3222 5307 cum
3277 5254 3452 5308 honor
3494 5253 3725 5307 deberet
3789 5262 3895 5305 (sse

2319 5350 2497 5419 potior
2526 5347 2710 5403 altaris
2757 5356 2812 5402 et
2849 5346 3062 5417 templi;
3093 5336 3220 5415 quia
3252 5344 3558 5399 futurorum
3594 5344 3654 5397 in
3716 5343 3894 5408 ﬁgura.

2320 5449 2374 5494 et
2401 5456 2592 5493 aurum
2617 5439 2841 5509 templo,
2880 5446 2932 5493 et
2964 5439 3162 5493 donum
3205 5438 3484 5492 dedicatur
3528 5436 3717 5490 altari.
3764 5433 3898 5491 Uade

2321 5532 2573 5585 veniente
2595 5530 2830 5595 Christo,
2856 5532 2971 5585 haec
2994 5530 3176 5585 omnia
3205 5530 3341 5599 legis
3360 5531 3473 5599 jam
3504 5529 3729 5583 inutilia
3756 5532 3902 5582 erant

2320 5619 2693 5686 oll‘ercntibus,
2724 5622 2850 5690 quia
2874 5637 2980 5675 non
3008 5638 3035 5675 a
3094 5620 3212 5690 lege
3233 5620 3501 5684 Christus,
3535 5620 3634 5674 sed
3660 5619 3747 5675 lex
3793 5632 3904 5674 san-

2319 5710 2661 5767 ctiﬁcabatur
2690 5713 2742 5766 in
2789 5711 3038 5777 Christo;
3065 5711 3118 5765 in
3146 5727 3274 5781 qua,
3306 5711 3471 5766 veluti
3494 5712 3657 5767 sedes
3684 5727 3749 5767 ac
3773 5710 3907 5765 thro-
