  <div class='ocr_page' id='page_1' title='image "/cluster/home/n/w/nwhite01/storage/ocr_20150623/120/hvd.32044015466923/394.png"; bbox 0 0 4016 6354; ppageno 0'>
   <div class='ocr_carea' id='block_1_1' title="bbox 203 298 289 356">
    <p class='ocr_par' dir='ltr' id='par_1_1' title="bbox 203 298 289 356">
     <span class='ocr_line' id='line_1_1' title="bbox 203 298 289 356; baseline -0.012 0"><span class='ocrx_word' id='word_1_1' title='bbox 203 298 289 356; x_wconf 81' lang='grc'><strong>777</strong></span> 
     </span>
    </p>
   </div>
   <div class='ocr_carea' id='block_1_2' title="bbox 964 260 2686 363">
    <p class='ocr_par' dir='ltr' id='par_1_2' title="bbox 964 260 2686 363">
     <span class='ocr_line' id='line_1_2' title="bbox 964 260 2686 363; baseline -0.002 -9"><span class='ocrx_word' id='word_1_2' title='bbox 964 294 1324 358; x_wconf 72' lang='lat' dir='ltr'><strong>exposmo</strong></span> <span class='ocrx_word' id='word_1_3' title='bbox 1357 296 1426 357; x_wconf 64' lang='grc' dir='ltr'><strong>ιη</strong></span> <span class='ocrx_word' id='word_1_4' title='bbox 1463 284 1901 356; x_wconf 49' lang='lat' dir='ltr'><strong>misrrumum.</strong></span> <span class='ocrx_word' id='word_1_5' title='bbox 1928 323 1998 336; x_wconf 90' lang='grc'><strong>--</strong></span> <span class='ocrx_word' id='word_1_6' title='bbox 2034 287 2163 352; x_wconf 76' lang='lat' dir='ltr'><strong>un.</strong></span> <span class='ocrx_word' id='word_1_7' title='bbox 2204 293 2277 363; x_wconf 70' lang='grc' dir='ltr'><strong>χ,</strong></span> <span class='ocrx_word' id='word_1_8' title='bbox 2310 294 2462 353; x_wconf 68' lang='lat' dir='ltr'><strong>cur.</strong></span> <span class='ocrx_word' id='word_1_9' title='bbox 2500 260 2686 352; x_wconf 67' lang='lat' dir='ltr'><strong>XXIII.</strong></span> 
     </span>
    </p>
   </div>
   <div class='ocr_carea' id='block_1_3' title="bbox 3347 297 3450 357">
    <p class='ocr_par' dir='ltr' id='par_1_3' title="bbox 3347 297 3450 357">
     <span class='ocr_line' id='line_1_3' title="bbox 3347 297 3450 357; baseline 0.01 -1"><span class='ocrx_word' id='word_1_10' title='bbox 3347 297 3450 357; x_wconf 84' lang='lat'><strong>778</strong></span> 
     </span>
    </p>
   </div>
   <div class='ocr_carea' id='block_1_4' title="bbox 202 407 3452 488">
    <p class='ocr_par' dir='ltr' id='par_1_4' title="bbox 202 407 3452 488">
     <span class='ocr_line' id='line_1_4' title="bbox 202 407 3452 488; baseline 0.001 -19"><span class='ocrx_word' id='word_1_11' title='bbox 202 430 286 473; x_wconf 86' lang='lat' dir='ltr'><strong>nus</strong></span> <span class='ocrx_word' id='word_1_12' title='bbox 308 412 427 477; x_wconf 92' lang='lat' dir='ltr'><strong>Dei,</strong></span> <span class='ocrx_word' id='word_1_13' title='bbox 451 410 603 482; x_wconf 87' lang='lat' dir='ltr'><strong>prius</strong></span> <span class='ocrx_word' id='word_1_14' title='bbox 624 411 831 482; x_wconf 86' lang='lat' dir='ltr'><strong>positus</strong></span> <span class='ocrx_word' id='word_1_15' title='bbox 866 420 1006 477; x_wconf 89' lang='lat' dir='ltr'><strong>erat,</strong></span> <span class='ocrx_word' id='word_1_16' title='bbox 1042 412 1135 483; x_wconf 85' lang='lat' dir='ltr'><strong>qui</strong></span> <span class='ocrx_word' id='word_1_17' title='bbox 1163 430 1228 470; x_wconf 83' lang='lat' dir='ltr'><strong>ex</strong></span> <span class='ocrx_word' id='word_1_18' title='bbox 1248 428 1315 470; x_wconf 87' lang='lat' dir='ltr'><strong>ea</strong></span> <span class='ocrx_word' id='word_1_19' title='bbox 1366 415 1764 485; x_wconf 80' lang='lat' dir='ltr'><strong>praedicabatur</strong></span> <span class='ocrx_word' id='word_1_20' title='bbox 1793 415 1843 474; x_wconf 72' lang='grc' dir='ltr'>Α</span> <span class='ocrx_word' id='word_1_21' title='bbox 1868 409 1998 464; x_wconf 98' lang='lat' dir='ltr'><strong>bere</strong></span> <span class='ocrx_word' id='word_1_22' title='bbox 2020 407 2399 475; x_wconf 79' lang='lat' dir='ltr'><strong>differentiam,</strong></span> <span class='ocrx_word' id='word_1_23' title='bbox 2428 418 2488 466; x_wconf 90' lang='lat' dir='ltr'><strong>ut</strong></span> <span class='ocrx_word' id='word_1_24' title='bbox 2510 426 2613 465; x_wconf 89' lang='lat' dir='ltr'><strong>una</strong></span> <span class='ocrx_word' id='word_1_25' title='bbox 2660 407 2874 480; x_wconf 86' lang='lat' dir='ltr'><strong>quidem</strong></span> <span class='ocrx_word' id='word_1_26' title='bbox 2897 410 3166 483; x_wconf 91' lang='lat' dir='ltr'><strong>pertineat</strong></span> <span class='ocrx_word' id='word_1_27' title='bbox 3193 415 3262 472; x_wconf 90' lang='lat' dir='ltr'><strong>ad</strong></span> <span class='ocrx_word' id='word_1_28' title='bbox 3280 430 3452 488; x_wconf 81' lang='lat' dir='ltr'><strong>popu-</strong></span> 
     </span>
    </p>
   </div>
   <div class='ocr_carea' id='block_1_5' title="bbox 200 504 1763 577">
    <p class='ocr_par' dir='ltr' id='par_1_5' title="bbox 200 504 1763 577">
     <span class='ocr_line' id='line_1_5' title="bbox 200 504 1763 577; baseline -0.003 -12"><span class='ocrx_word' id='word_1_29' title='bbox 200 511 418 565; x_wconf 86' lang='lat' dir='ltr'><strong>futurus.</strong></span> <span class='ocrx_word' id='word_1_30' title='bbox 441 506 522 561; x_wconf 78' lang='lat' dir='ltr'><strong>Ac</strong></span> <span class='ocrx_word' id='word_1_31' title='bbox 545 520 643 576; x_wconf 90' lang='lat' dir='ltr'><strong>per</strong></span> <span class='ocrx_word' id='word_1_32' title='bbox 667 505 770 560; x_wconf 85' lang='lat' dir='ltr'><strong>hoc</strong></span> <span class='ocrx_word' id='word_1_33' title='bbox 794 504 961 561; x_wconf 89' lang='lat' dir='ltr'><strong>duces</strong></span> <span class='ocrx_word' id='word_1_34' title='bbox 984 506 1113 562; x_wconf 70' lang='lat' dir='ltr'><strong>czeci</strong></span> <span class='ocrx_word' id='word_1_35' title='bbox 1131 504 1256 575; x_wconf 88' lang='lat' dir='ltr'><strong>jure</strong></span> <span class='ocrx_word' id='word_1_36' title='bbox 1292 515 1555 563; x_wconf 72' lang='lat' dir='ltr'><strong>vocantur</strong></span> <span class='ocrx_word' id='word_1_37' title='bbox 1582 513 1639 562; x_wconf 90' lang='lat' dir='ltr'><strong>et</strong></span> <span class='ocrx_word' id='word_1_38' title='bbox 1666 505 1763 577; x_wconf 83' lang='lat' dir='ltr'><strong>hy-</strong></span> 
     </span>
    </p>
   </div>
   <div class='ocr_carea' id='block_1_6' title="bbox 198 598 1768 675">
    <p class='ocr_par' dir='ltr' id='par_1_6' title="bbox 198 598 1768 675">
     <span class='ocr_line' id='line_1_6' title="bbox 198 598 1768 675; baseline -0.002 -18"><span class='ocrx_word' id='word_1_39' title='bbox 198 601 432 675; x_wconf 66' lang='lat' dir='ltr'><strong>pocrita,</strong></span> <span class='ocrx_word' id='word_1_40' title='bbox 472 599 600 670; x_wconf 84' lang='lat' dir='ltr'><strong>quia</strong></span> <span class='ocrx_word' id='word_1_41' title='bbox 631 612 691 654; x_wconf 89' lang='lat' dir='ltr'><strong>se</strong></span> <span class='ocrx_word' id='word_1_42' title='bbox 730 598 904 670; x_wconf 87' lang='lat' dir='ltr'><strong>legem</strong></span> <span class='ocrx_word' id='word_1_43' title='bbox 949 600 1200 655; x_wconf 89' lang='lat' dir='ltr'><strong>venerari</strong></span> <span class='ocrx_word' id='word_1_44' title='bbox 1241 600 1663 665; x_wconf 75' lang='lat' dir='ltr'><strong>mentiebantur,</strong></span> <span class='ocrx_word' id='word_1_45' title='bbox 1710 606 1768 655; x_wconf 90' lang='lat' dir='ltr'><strong>et</strong></span> 
     </span>
    </p>
   </div>
   <div class='ocr_carea' id='block_1_7' title="bbox 192 688 1764 766">
    <p class='ocr_par' dir='ltr' id='par_1_7' title="bbox 192 688 1764 766">
     <span class='ocr_line' id='line_1_7' title="bbox 192 688 1764 766; baseline -0.001 -19"><span class='ocrx_word' id='word_1_46' title='bbox 192 693 363 763; x_wconf 72' lang='lat' dir='ltr'><strong>iurare</strong></span> <span class='ocrx_word' id='word_1_47' title='bbox 385 705 485 762; x_wconf 89' lang='lat' dir='ltr'><strong>per</strong></span> <span class='ocrx_word' id='word_1_48' title='bbox 515 688 769 744; x_wconf 85' lang='lat' dir='ltr'><strong>thronum</strong></span> <span class='ocrx_word' id='word_1_49' title='bbox 810 688 908 745; x_wconf 85' lang='lat' dir='ltr'><strong>Dei</strong></span> <span class='ocrx_word' id='word_1_50' title='bbox 936 698 1031 745; x_wconf 91' lang='lat' dir='ltr'><strong>aut</strong></span> <span class='ocrx_word' id='word_1_51' title='bbox 1084 705 1181 762; x_wconf 89' lang='lat' dir='ltr'><strong>per</strong></span> <span class='ocrx_word' id='word_1_52' title='bbox 1231 690 1431 747; x_wconf 69' lang='lat' dir='ltr'><strong>caelum</strong></span> <span class='ocrx_word' id='word_1_53' title='bbox 1470 705 1764 766; x_wconf 62' lang='lat' dir='ltr'><strong>consueve-</strong></span> 
     </span>
    </p>
   </div>
   <div class='ocr_carea' id='block_1_8' title="bbox 198 780 1764 861">
    <p class='ocr_par' dir='ltr' id='par_1_8' title="bbox 198 780 1764 861">
     <span class='ocr_line' id='line_1_8' title="bbox 198 780 1764 861; baseline -0.002 -22"><span class='ocrx_word' id='word_1_54' title='bbox 198 792 320 844; x_wconf 88' lang='lat' dir='ltr'><strong>rant,</strong></span> <span class='ocrx_word' id='word_1_55' title='bbox 352 781 660 854; x_wconf 74' lang='lat' dir='ltr'><strong>religiosius</strong></span> <span class='ocrx_word' id='word_1_56' title='bbox 710 780 1064 838; x_wconf 87' lang='lat' dir='ltr'><strong>observantes</strong></span> <span class='ocrx_word' id='word_1_57' title='bbox 1087 797 1154 838; x_wconf 90' lang='lat' dir='ltr'><strong>ea</strong></span> <span class='ocrx_word' id='word_1_58' title='bbox 1196 798 1362 861; x_wconf 83' lang='lat' dir='ltr'><strong>quam</strong></span> <span class='ocrx_word' id='word_1_59' title='bbox 1411 798 1536 839; x_wconf 91' lang='lat' dir='ltr'><strong>eum</strong></span> <span class='ocrx_word' id='word_1_60' title='bbox 1583 782 1677 854; x_wconf 86' lang='lat' dir='ltr'><strong>qui</strong></span> <span class='ocrx_word' id='word_1_61' title='bbox 1710 781 1764 837; x_wconf 91' lang='lat' dir='ltr'><strong>in</strong></span> 
     </span>
    </p>
   </div>
   <div class='ocr_carea' id='block_1_9' title="bbox 198 870 1767 944">
    <p class='ocr_par' dir='ltr' id='par_1_9' title="bbox 198 870 1767 944">
     <span class='ocr_line' id='line_1_9' title="bbox 198 870 1767 944; baseline -0.003 -13"><span class='ocrx_word' id='word_1_62' title='bbox 198 875 264 933; x_wconf 87' lang='lat' dir='ltr'><strong>his</strong></span> <span class='ocrx_word' id='word_1_63' title='bbox 294 871 491 930; x_wconf 87' lang='lat' dir='ltr'><strong>sedere</strong></span> <span class='ocrx_word' id='word_1_64' title='bbox 513 871 876 944; x_wconf 91' lang='lat' dir='ltr'><strong>judicabatur.</strong></span> <span class='ocrx_word' id='word_1_65' title='bbox 906 870 1352 929; x_wconf 78' lang='lat' dir='ltr'><strong>Sanctiﬁcantem</strong></span> <span class='ocrx_word' id='word_1_66' title='bbox 1402 886 1619 943; x_wconf 85' lang='lat' dir='ltr'><strong>quoque</strong></span> <span class='ocrx_word' id='word_1_67' title='bbox 1671 887 1767 927; x_wconf 86' lang='lat' dir='ltr'><strong>ne-</strong></span> 
     </span>
    </p>
   </div>
   <div class='ocr_carea' id='block_1_10' title="bbox 194 962 1769 1040">
    <p class='ocr_par' dir='ltr' id='par_1_10' title="bbox 194 962 1769 1040">
     <span class='ocr_line' id='line_1_10' title="bbox 194 962 1769 1040; baseline -0.001 -20"><span class='ocrx_word' id='word_1_68' title='bbox 194 964 477 1040; x_wconf 82' lang='lat' dir='ltr'><strong>gligebant,</strong></span> <span class='ocrx_word' id='word_1_69' title='bbox 504 971 561 1019; x_wconf 92' lang='lat' dir='ltr'><strong>et</strong></span> <span class='ocrx_word' id='word_1_70' title='bbox 586 962 953 1030; x_wconf 76' lang='lat' dir='ltr'><strong>sanctificata,</strong></span> <span class='ocrx_word' id='word_1_71' title='bbox 991 963 1210 1020; x_wconf 79' lang='lat' dir='ltr'><strong>Christo</strong></span> <span class='ocrx_word' id='word_1_72' title='bbox 1244 963 1637 1036; x_wconf 64' lang='lat' dir='ltr'><strong>praetermisso,</strong></span> <span class='ocrx_word' id='word_1_73' title='bbox 1677 978 1769 1019; x_wconf 89' lang='lat' dir='ltr'><strong>ve-</strong></span> 
     </span>
    </p>
   </div>
   <div class='ocr_carea' id='block_1_11' title="bbox 196 1046 1770 1126">
    <p class='ocr_par' dir='ltr' id='par_1_11' title="bbox 196 1046 1770 1126">
     <span class='ocr_line' id='line_1_11' title="bbox 196 1046 1770 1126; baseline -0.003 -13"><span class='ocrx_word' id='word_1_74' title='bbox 196 1057 542 1120; x_wconf 84' lang='lat' dir='ltr'><strong>nerabantur;</strong></span> <span class='ocrx_word' id='word_1_75' title='bbox 574 1061 631 1109; x_wconf 90' lang='lat' dir='ltr'><strong>et</strong></span> <span class='ocrx_word' id='word_1_76' title='bbox 653 1054 775 1110; x_wconf 91' lang='lat' dir='ltr'><strong>ideo</strong></span> <span class='ocrx_word' id='word_1_77' title='bbox 800 1053 955 1124; x_wconf 88' lang='lat' dir='ltr'><strong>quasi</strong></span> <span class='ocrx_word' id='word_1_78' title='bbox 999 1053 1122 1111; x_wconf 59' lang='lat' dir='ltr'><strong>caeli</strong></span> <span class='ocrx_word' id='word_1_79' title='bbox 1171 1055 1418 1126; x_wconf 67' lang='lat' dir='ltr'><strong>quaedam</strong></span> <span class='ocrx_word' id='word_1_80' title='bbox 1469 1046 1770 1110; x_wconf 85' lang='lat' dir='ltr'><strong>similitudo</strong></span> 
     </span>
    </p>
   </div>
   <div class='ocr_carea' id='block_1_12' title="bbox 197 1146 1767 1220">
    <p class='ocr_par' dir='ltr' id='par_1_12' title="bbox 197 1146 1767 1220">
     <span class='ocr_line' id='line_1_12' title="bbox 197 1146 1767 1220; baseline -0.001 -14"><span class='ocrx_word' id='word_1_81' title='bbox 197 1149 479 1214; x_wconf 85' lang='lat' dir='ltr'><strong>inducitur,</strong></span> <span class='ocrx_word' id='word_1_82' title='bbox 515 1155 576 1202; x_wconf 92' lang='lat' dir='ltr'><strong>ut</strong></span> <span class='ocrx_word' id='word_1_83' title='bbox 602 1146 693 1202; x_wconf 89' lang='lat' dir='ltr'><strong>ille</strong></span> <span class='ocrx_word' id='word_1_84' title='bbox 729 1147 820 1218; x_wconf 91' lang='lat' dir='ltr'><strong>qui</strong></span> <span class='ocrx_word' id='word_1_85' title='bbox 849 1147 1002 1203; x_wconf 87' lang='lat' dir='ltr'><strong>sedet</strong></span> <span class='ocrx_word' id='word_1_86' title='bbox 1030 1147 1194 1213; x_wconf 88' lang='lat' dir='ltr'><strong>ineo,</strong></span> <span class='ocrx_word' id='word_1_87' title='bbox 1250 1158 1342 1203; x_wconf 89' lang='lat' dir='ltr'><strong>aut</strong></span> <span class='ocrx_word' id='word_1_88' title='bbox 1384 1149 1441 1204; x_wconf 93' lang='lat' dir='ltr'><strong>in</strong></span> <span class='ocrx_word' id='word_1_89' title='bbox 1477 1146 1617 1220; x_wconf 89' lang='lat' dir='ltr'><strong>lege,</strong></span> <span class='ocrx_word' id='word_1_90' title='bbox 1679 1164 1767 1204; x_wconf 87' lang='lat' dir='ltr'><strong>re-</strong></span> 
     </span>
    </p>
   </div>
   <div class='ocr_carea' id='block_1_13' title="bbox 194 1238 1772 1313">
    <p class='ocr_par' dir='ltr' id='par_1_13' title="bbox 194 1238 1772 1313">
     <span class='ocr_line' id='line_1_13' title="bbox 194 1238 1772 1313; baseline -0.001 -16"><span class='ocrx_word' id='word_1_91' title='bbox 194 1248 560 1313; x_wconf 77' lang='lat' dir='ltr'><strong>cognoscatur.</strong></span> <span class='ocrx_word' id='word_1_92' title='bbox 596 1238 861 1306; x_wconf 85' lang='lat' dir='ltr'><strong>Quoniam</strong></span> <span class='ocrx_word' id='word_1_93' title='bbox 887 1251 1108 1311; x_wconf 84' lang='lat' dir='ltr'><strong>propter</strong></span> <span class='ocrx_word' id='word_1_94' title='bbox 1155 1241 1473 1297; x_wconf 86' lang='lat' dir='ltr'><strong>traditiones</strong></span> <span class='ocrx_word' id='word_1_95' title='bbox 1504 1258 1632 1298; x_wconf 91' lang='lat' dir='ltr'><strong>suas</strong></span> <span class='ocrx_word' id='word_1_96' title='bbox 1678 1239 1772 1296; x_wconf 85' lang='lat' dir='ltr'><strong>Ju-</strong></span> 
     </span>
    </p>
   </div>
   <div class='ocr_carea' id='block_1_14' title="bbox 195 1329 1772 1402">
    <p class='ocr_par' dir='ltr' id='par_1_14' title="bbox 195 1329 1772 1402">
     <span class='ocr_line' id='line_1_14' title="bbox 195 1329 1772 1402; baseline -0.003 -12"><span class='ocrx_word' id='word_1_97' title='bbox 195 1333 279 1390; x_wconf 65' lang='lat' dir='ltr'><strong>daei</strong></span> <span class='ocrx_word' id='word_1_98' title='bbox 329 1330 515 1388; x_wconf 88' lang='lat' dir='ltr'><strong>omnia</strong></span> <span class='ocrx_word' id='word_1_99' title='bbox 553 1329 688 1402; x_wconf 89' lang='lat' dir='ltr'><strong>legis</strong></span> <span class='ocrx_word' id='word_1_100' title='bbox 736 1330 988 1386; x_wconf 87' lang='lat' dir='ltr'><strong>mandata</strong></span> <span class='ocrx_word' id='word_1_101' title='bbox 1030 1339 1407 1401; x_wconf 88' lang='lat' dir='ltr'><strong>corruperant,</strong></span> <span class='ocrx_word' id='word_1_102' title='bbox 1451 1339 1507 1387; x_wconf 85' lang='lat' dir='ltr'><strong>et</strong></span> <span class='ocrx_word' id='word_1_103' title='bbox 1552 1346 1772 1387; x_wconf 90' lang='lat' dir='ltr'><strong>omnem</strong></span> 
     </span>
    </p>
   </div>
   <div class='ocr_carea' id='block_1_15' title="bbox 197 1420 1772 1495">
    <p class='ocr_par' dir='ltr' id='par_1_15' title="bbox 197 1420 1772 1495">
     <span class='ocr_line' id='line_1_15' title="bbox 197 1420 1772 1495; baseline -0.002 -14"><span class='ocrx_word' id='word_1_104' title='bbox 197 1422 517 1481; x_wconf 89' lang='lat' dir='ltr'><strong>intellectum</strong></span> <span class='ocrx_word' id='word_1_105' title='bbox 581 1421 649 1477; x_wconf 92' lang='lat' dir='ltr'><strong>de</strong></span> <span class='ocrx_word' id='word_1_106' title='bbox 709 1420 929 1478; x_wconf 84' lang='lat' dir='ltr'><strong>Christo</strong></span> <span class='ocrx_word' id='word_1_107' title='bbox 989 1431 1403 1478; x_wconf 86' lang='lat' dir='ltr'><strong>evacuaverant.</strong></span> <span class='ocrx_word' id='word_1_108' title='bbox 1476 1422 1772 1495; x_wconf 83' lang='lat' dir='ltr'><strong>Propterea</strong></span> 
     </span>
    </p>
   </div>
   <div class='ocr_carea' id='block_1_16' title="bbox 195 1511 1771 1586">
    <p class='ocr_par' dir='ltr' id='par_1_16' title="bbox 195 1511 1771 1586">
     <span class='ocr_line' id='line_1_16' title="bbox 195 1511 1771 1586; baseline -0.001 -17"><span class='ocrx_word' id='word_1_109' title='bbox 195 1514 295 1570; x_wconf 82' lang='lat' dir='ltr'><strong>vult</strong></span> <span class='ocrx_word' id='word_1_110' title='bbox 334 1530 433 1571; x_wconf 86' lang='lat' dir='ltr'><strong>eos</strong></span> <span class='ocrx_word' id='word_1_111' title='bbox 472 1512 755 1580; x_wconf 86' lang='lat' dir='ltr'><strong>reducere,</strong></span> <span class='ocrx_word' id='word_1_112' title='bbox 783 1521 894 1568; x_wconf 93' lang='lat' dir='ltr'><strong>tam</strong></span> <span class='ocrx_word' id='word_1_113' title='bbox 946 1513 1014 1568; x_wconf 93' lang='lat' dir='ltr'><strong>ad</strong></span> <span class='ocrx_word' id='word_1_114' title='bbox 1063 1511 1312 1568; x_wconf 88' lang='lat' dir='ltr'><strong>mandata</strong></span> <span class='ocrx_word' id='word_1_115' title='bbox 1358 1513 1580 1586; x_wconf 75' lang='lat' dir='ltr'><strong>agendae</strong></span> <span class='ocrx_word' id='word_1_116' title='bbox 1625 1513 1771 1577; x_wconf 62' lang='lat' dir='ltr'><strong>vitae,</strong></span> 
     </span>
    </p>
   </div>
   <div class='ocr_carea' id='block_1_17' title="bbox 198 1602 1775 1677">
    <p class='ocr_par' dir='ltr' id='par_1_17' title="bbox 198 1602 1775 1677">
     <span class='ocr_line' id='line_1_17' title="bbox 198 1602 1775 1677; baseline -0.002 -16"><span class='ocrx_word' id='word_1_117' title='bbox 198 1621 346 1677; x_wconf 84' lang='lat' dir='ltr'><strong>quam</strong></span> <span class='ocrx_word' id='word_1_118' title='bbox 369 1605 436 1660; x_wconf 91' lang='lat' dir='ltr'><strong>ad</strong></span> <span class='ocrx_word' id='word_1_119' title='bbox 458 1620 523 1660; x_wconf 90' lang='lat' dir='ltr'><strong>ea</strong></span> <span class='ocrx_word' id='word_1_120' title='bbox 544 1619 665 1675; x_wconf 61' lang='lat' dir='ltr'><strong>quae</strong></span> <span class='ocrx_word' id='word_1_121' title='bbox 683 1610 811 1659; x_wconf 88' lang='lat' dir='ltr'><strong>sunt</strong></span> <span class='ocrx_word' id='word_1_122' title='bbox 831 1602 1201 1676; x_wconf 65' lang='lat' dir='ltr'><strong>significanda:</strong></span> <span class='ocrx_word' id='word_1_123' title='bbox 1250 1603 1376 1659; x_wconf 65' lang='lat' dir='ltr'><strong>vitae</strong></span> <span class='ocrx_word' id='word_1_124' title='bbox 1398 1644 1412 1669; x_wconf 90' lang='lat'><strong>,</strong></span> <span class='ocrx_word' id='word_1_125' title='bbox 1432 1611 1517 1666; x_wconf 60' lang='lat' dir='ltr'><strong>,ut</strong></span> <span class='ocrx_word' id='word_1_126' title='bbox 1554 1618 1623 1659; x_wconf 86' lang='lat' dir='ltr'><strong>ex</strong></span> <span class='ocrx_word' id='word_1_127' title='bbox 1665 1618 1775 1659; x_wconf 92' lang='lat' dir='ltr'><strong>uno</strong></span> 
     </span>
    </p>
   </div>
   <div class='ocr_carea' id='block_1_18' title="bbox 199 1692 1770 1765">
    <p class='ocr_par' dir='ltr' id='par_1_18' title="bbox 199 1692 1770 1765">
     <span class='ocr_line' id='line_1_18' title="bbox 199 1692 1770 1765; baseline -0.003 -13"><span class='ocrx_word' id='word_1_128' title='bbox 199 1710 369 1752; x_wconf 86' lang='lat' dir='ltr'><strong>eorum</strong></span> <span class='ocrx_word' id='word_1_129' title='bbox 393 1693 668 1752; x_wconf 90' lang='lat' dir='ltr'><strong>Christum</strong></span> <span class='ocrx_word' id='word_1_130' title='bbox 684 1692 799 1764; x_wconf 92' lang='lat' dir='ltr'><strong>jam</strong></span> <span class='ocrx_word' id='word_1_131' title='bbox 830 1694 1047 1751; x_wconf 83' lang='lat' dir='ltr'><strong>venisse</strong></span> <span class='ocrx_word' id='word_1_132' title='bbox 1087 1693 1417 1765; x_wconf 85' lang='lat' dir='ltr'><strong>intelligant,</strong></span> <span class='ocrx_word' id='word_1_133' title='bbox 1462 1708 1530 1750; x_wconf 87' lang='lat' dir='ltr'><strong>ex</strong></span> <span class='ocrx_word' id='word_1_134' title='bbox 1576 1692 1770 1757; x_wconf 86' lang='lat' dir='ltr'><strong>altero,</strong></span> 
     </span>
    </p>
   </div>
   <div class='ocr_carea' id='block_1_19' title="bbox 1866 496 3454 573">
    <p class='ocr_par' dir='ltr' id='par_1_19' title="bbox 1866 496 3454 573">
     <span class='ocr_line' id='line_1_19' title="bbox 1866 496 3454 573; baseline 0.007 -19"><span class='ocrx_word' id='word_1_135' title='bbox 1866 498 2027 568; x_wconf 91' lang='lat' dir='ltr'><strong>lares,</strong></span> <span class='ocrx_word' id='word_1_136' title='bbox 2058 502 2151 573; x_wconf 94' lang='lat' dir='ltr'><strong>qui</strong></span> <span class='ocrx_word' id='word_1_137' title='bbox 2173 501 2410 558; x_wconf 90' lang='lat' dir='ltr'><strong>decimas</strong></span> <span class='ocrx_word' id='word_1_138' title='bbox 2442 501 2670 569; x_wconf 85' lang='lat' dir='ltr'><strong>dabant,</strong></span> <span class='ocrx_word' id='word_1_139' title='bbox 2701 504 2949 573; x_wconf 86' lang='lat' dir='ltr'><strong>quamvis</strong></span> <span class='ocrx_word' id='word_1_140' title='bbox 2976 504 3120 573; x_wconf 82' lang='lat' dir='ltr'><strong>ﬁcte,</strong></span> <span class='ocrx_word' id='word_1_141' title='bbox 3156 496 3327 564; x_wconf 83' lang='lat' dir='ltr'><strong>altera</strong></span> <span class='ocrx_word' id='word_1_142' title='bbox 3353 524 3454 565; x_wconf 84' lang='lat' dir='ltr'><strong>au-</strong></span> 
     </span>
    </p>
   </div>
   <div class='ocr_carea' id='block_1_20' title="bbox 1867 586 3452 668">
    <p class='ocr_par' dir='ltr' id='par_1_20' title="bbox 1867 586 3452 668">
     <span class='ocr_line' id='line_1_20' title="bbox 1867 586 3452 668; baseline 0.009 -23"><span class='ocrx_word' id='word_1_143' title='bbox 1867 599 1978 646; x_wconf 91' lang='lat' dir='ltr'><strong>tem</strong></span> <span class='ocrx_word' id='word_1_144' title='bbox 2014 592 2081 647; x_wconf 89' lang='lat' dir='ltr'><strong>ad</strong></span> <span class='ocrx_word' id='word_1_145' title='bbox 2105 593 2434 658; x_wconf 84' lang='lat' dir='ltr'><strong>sacerdotes,</strong></span> <span class='ocrx_word' id='word_1_146' title='bbox 2457 592 2550 663; x_wconf 91' lang='lat' dir='ltr'><strong>qui</strong></span> <span class='ocrx_word' id='word_1_147' title='bbox 2575 586 2812 651; x_wconf 79' lang='lat' dir='ltr'><strong>decimas</strong></span> <span class='ocrx_word' id='word_1_148' title='bbox 2852 595 3211 668; x_wconf 87' lang='lat' dir='ltr'><strong>accipiebant.</strong></span> <span class='ocrx_word' id='word_1_149' title='bbox 3233 599 3452 659; x_wconf 84' lang='lat' dir='ltr'><strong>Etenim</strong></span> 
     </span>
    </p>
   </div>
   <div class='ocr_carea' id='block_1_21' title="bbox 1867 683 3452 759">
    <p class='ocr_par' dir='ltr' id='par_1_21' title="bbox 1867 683 3452 759">
     <span class='ocr_line' id='line_1_21' title="bbox 1867 683 3452 759; baseline 0.008 -22"><span class='ocrx_word' id='word_1_150' title='bbox 1867 697 2047 739; x_wconf 90' lang='lat' dir='ltr'><strong>sermo</strong></span> <span class='ocrx_word' id='word_1_151' title='bbox 2074 683 2190 755; x_wconf 90' lang='lat' dir='ltr'><strong>ipse</strong></span> <span class='ocrx_word' id='word_1_152' title='bbox 2219 683 2273 739; x_wconf 91' lang='lat' dir='ltr'><strong>in</strong></span> <span class='ocrx_word' id='word_1_153' title='bbox 2302 684 2522 741; x_wconf 87' lang='lat' dir='ltr'><strong>dubium</strong></span> <span class='ocrx_word' id='word_1_154' title='bbox 2552 699 2748 741; x_wconf 90' lang='lat' dir='ltr'><strong>sonare</strong></span> <span class='ocrx_word' id='word_1_155' title='bbox 2780 686 3008 755; x_wconf 86' lang='lat' dir='ltr'><strong>videtur,</strong></span> <span class='ocrx_word' id='word_1_156' title='bbox 3035 704 3158 745; x_wconf 88' lang='lat' dir='ltr'><strong>cum</strong></span> <span class='ocrx_word' id='word_1_157' title='bbox 3205 691 3307 759; x_wconf 87' lang='lat' dir='ltr'><strong>ait,</strong></span> <span class='ocrx_word' id='word_1_158' title='bbox 3360 692 3452 749; x_wconf 73' lang='grc' dir='ltr'><strong>γω</strong></span> 
     </span>
    </p>
   </div>
   <div class='ocr_carea' id='block_1_22' title="bbox 1868 774 3455 852">
    <p class='ocr_par' dir='ltr' id='par_1_22' title="bbox 1868 774 3455 852">
     <span class='ocr_line' id='line_1_22' title="bbox 1868 774 3455 852; baseline 0.008 -24"><span class='ocrx_word' id='word_1_159' title='bbox 1868 774 2008 829; x_wconf 80' lang='lat' dir='ltr'><strong>vobis</strong></span> <span class='ocrx_word' id='word_1_160' title='bbox 2033 775 2124 846; x_wconf 85' lang='lat' dir='ltr'><strong>qui</strong></span> <span class='ocrx_word' id='word_1_161' title='bbox 2173 774 2472 839; x_wconf 78' lang='lat' dir='ltr'><strong>decimatis;</strong></span> <span class='ocrx_word' id='word_1_162' title='bbox 2494 791 2618 832; x_wconf 90' lang='lat' dir='ltr'><strong>nam</strong></span> <span class='ocrx_word' id='word_1_163' title='bbox 2637 786 2693 832; x_wconf 88' lang='lat' dir='ltr'><strong>et</strong></span> <span class='ocrx_word' id='word_1_164' title='bbox 2721 777 2814 847; x_wconf 89' lang='lat' dir='ltr'><strong>qui</strong></span> <span class='ocrx_word' id='word_1_165' title='bbox 2837 779 3036 852; x_wconf 86' lang='lat' dir='ltr'><strong>accipit</strong></span> <span class='ocrx_word' id='word_1_166' title='bbox 3090 781 3353 851; x_wconf 82' lang='lat' dir='ltr'><strong>decimas,</strong></span> <span class='ocrx_word' id='word_1_167' title='bbox 3394 794 3455 843; x_wconf 86' lang='lat' dir='ltr'><strong>et</strong></span> 
     </span>
    </p>
   </div>
   <div class='ocr_carea' id='block_1_23' title="bbox 1869 865 3457 943">
    <p class='ocr_par' dir='ltr' id='par_1_23' title="bbox 1869 865 3457 943">
     <span class='ocr_line' id='line_1_23' title="bbox 1869 865 3457 943; baseline 0.012 -26"><span class='ocrx_word' id='word_1_168' title='bbox 1869 865 1961 936; x_wconf 90' lang='lat' dir='ltr'><strong>qui</strong></span> <span class='ocrx_word' id='word_1_169' title='bbox 1988 865 2099 933; x_wconf 91' lang='lat' dir='ltr'><strong>dat,</strong></span> <span class='ocrx_word' id='word_1_170' title='bbox 2127 875 2275 923; x_wconf 88' lang='lat' dir='ltr'><strong>recte</strong></span> <span class='ocrx_word' id='word_1_171' title='bbox 2301 865 2466 938; x_wconf 76' lang='lat'><strong>952</strong></span> <span class='ocrx_word' id='word_1_172' title='bbox 2494 867 2768 925; x_wconf 88' lang='lat' dir='ltr'><strong>decimare</strong></span> <span class='ocrx_word' id='word_1_173' title='bbox 2797 870 2902 927; x_wconf 90' lang='lat' dir='ltr'><strong>dici</strong></span> <span class='ocrx_word' id='word_1_174' title='bbox 2948 880 3150 943; x_wconf 87' lang='lat' dir='ltr'><strong>potest.</strong></span> <span class='ocrx_word' id='word_1_175' title='bbox 3177 875 3457 936; x_wconf 82' lang='lat' dir='ltr'><strong>Fortassis</strong></span> 
     </span>
    </p>
   </div>
   <div class='ocr_carea' id='block_1_24' title="bbox 1872 954 3453 1025">
    <p class='ocr_par' dir='ltr' id='par_1_24' title="bbox 1872 954 3453 1025">
     <span class='ocr_line' id='line_1_24' title="bbox 1872 954 3453 1025; baseline 0.009 -15"><span class='ocrx_word' id='word_1_176' title='bbox 1872 954 2078 1014; x_wconf 76' lang='lat' dir='ltr'><strong>Scriba:</strong></span> <span class='ocrx_word' id='word_1_177' title='bbox 2096 965 2151 1012; x_wconf 88' lang='lat' dir='ltr'><strong>et</strong></span> <span class='ocrx_word' id='word_1_178' title='bbox 2176 956 2459 1025; x_wconf 84' lang='lat' dir='ltr'><strong>Pharisaei,</strong></span> <span class='ocrx_word' id='word_1_179' title='bbox 2499 975 2567 1015; x_wconf 84' lang='lat' dir='ltr'><strong>ex</strong></span> <span class='ocrx_word' id='word_1_180' title='bbox 2590 959 2830 1016; x_wconf 91' lang='lat' dir='ltr'><strong>minimis</strong></span> <span class='ocrx_word' id='word_1_181' title='bbox 2859 962 2973 1019; x_wconf 89' lang='lat' dir='ltr'><strong>suis</strong></span> <span class='ocrx_word' id='word_1_182' title='bbox 3021 964 3259 1023; x_wconf 86' lang='lat' dir='ltr'><strong>oleribus</strong></span> <span class='ocrx_word' id='word_1_183' title='bbox 3302 968 3453 1025; x_wconf 91' lang='lat' dir='ltr'><strong>deci-</strong></span> 
     </span>
    </p>
   </div>
   <div class='ocr_carea' id='block_1_25' title="bbox 1870 1048 3458 1134">
    <p class='ocr_par' dir='ltr' id='par_1_25' title="bbox 1870 1048 3458 1134">
     <span class='ocr_line' id='line_1_25' title="bbox 1870 1048 3458 1134; baseline 0.009 -30"><span class='ocrx_word' id='word_1_184' title='bbox 1870 1063 1991 1105; x_wconf 87' lang='lat' dir='ltr'><strong>mas</strong></span> <span class='ocrx_word' id='word_1_185' title='bbox 2019 1048 2239 1118; x_wconf 87' lang='lat' dir='ltr'><strong>dabant,</strong></span> <span class='ocrx_word' id='word_1_186' title='bbox 2261 1050 2389 1109; x_wconf 87' lang='lat' dir='ltr'><strong>licet</strong></span> <span class='ocrx_word' id='word_1_187' title='bbox 2422 1055 2734 1109; x_wconf 87' lang='lat' dir='ltr'><strong>sacerdotes</strong></span> <span class='ocrx_word' id='word_1_188' title='bbox 2753 1064 2956 1122; x_wconf 86' lang='lat' dir='ltr'><strong>essent,</strong></span> <span class='ocrx_word' id='word_1_189' title='bbox 2979 1062 3052 1111; x_wconf 88' lang='lat' dir='ltr'><strong>ut‘</strong></span> <span class='ocrx_word' id='word_1_190' title='bbox 3084 1074 3183 1128; x_wconf 89' lang='lat' dir='ltr'><strong>per</strong></span> <span class='ocrx_word' id='word_1_191' title='bbox 3210 1060 3315 1117; x_wconf 88' lang='lat' dir='ltr'><strong>hoc</strong></span> <span class='ocrx_word' id='word_1_192' title='bbox 3370 1062 3458 1134; x_wconf 91' lang='lat' dir='ltr'><strong>ju-</strong></span> 
     </span>
    </p>
   </div>
   <div class='ocr_carea' id='block_1_26' title="bbox 1871 1142 3458 1219">
    <p class='ocr_par' dir='ltr' id='par_1_26' title="bbox 1871 1142 3458 1219">
     <span class='ocr_line' id='line_1_26' title="bbox 1871 1142 3458 1219; baseline 0.008 -21"><span class='ocrx_word' id='word_1_193' title='bbox 1871 1142 2065 1199; x_wconf 89' lang='lat' dir='ltr'><strong>stiores</strong></span> <span class='ocrx_word' id='word_1_194' title='bbox 2091 1143 2427 1201; x_wconf 87' lang='lat' dir='ltr'><strong>haberentur</strong></span> <span class='ocrx_word' id='word_1_195' title='bbox 2460 1146 2516 1201; x_wconf 91' lang='lat' dir='ltr'><strong>in</strong></span> <span class='ocrx_word' id='word_1_196' title='bbox 2554 1147 2772 1218; x_wconf 88' lang='lat' dir='ltr'><strong>oopulo,</strong></span> <span class='ocrx_word' id='word_1_197' title='bbox 2804 1157 2860 1204; x_wconf 92' lang='lat' dir='ltr'><strong>et</strong></span> <span class='ocrx_word' id='word_1_198' title='bbox 2879 1148 3129 1205; x_wconf 88' lang='lat' dir='ltr'><strong>videntes</strong></span> <span class='ocrx_word' id='word_1_199' title='bbox 3149 1166 3281 1219; x_wconf 91' lang='lat' dir='ltr'><strong>eos,</strong></span> <span class='ocrx_word' id='word_1_200' title='bbox 3311 1153 3458 1210; x_wconf 37' lang='lat' dir='ltr'><strong>dices</strong></span> 
     </span>
    </p>
   </div>
   <div class='ocr_carea' id='block_1_27' title="bbox 1875 1231 3459 1304">
    <p class='ocr_par' dir='ltr' id='par_1_27' title="bbox 1875 1231 3459 1304">
     <span class='ocr_line' id='line_1_27' title="bbox 1875 1231 3459 1304; baseline 0.008 -19"><span class='ocrx_word' id='word_1_201' title='bbox 1875 1239 1998 1286; x_wconf 88' lang='lat' dir='ltr'><strong>rent</strong></span> <span class='ocrx_word' id='word_1_202' title='bbox 2024 1248 2036 1285; x_wconf 91' lang='lat'><strong>:</strong></span> <span class='ocrx_word' id='word_1_203' title='bbox 2070 1231 2235 1289; x_wconf 88' lang='lat' dir='ltr'><strong>Putas</strong></span> <span class='ocrx_word' id='word_1_204' title='bbox 2265 1238 2535 1304; x_wconf 90' lang='lat' dir='ltr'><strong>quomodo</strong></span> <span class='ocrx_word' id='word_1_205' title='bbox 2557 1234 2799 1293; x_wconf 91' lang='lat' dir='ltr'><strong>omnium</strong></span> <span class='ocrx_word' id='word_1_206' title='bbox 2827 1251 3007 1292; x_wconf 86' lang='lat' dir='ltr'><strong>rerum</strong></span> <span class='ocrx_word' id='word_1_207' title='bbox 3037 1254 3262 1296; x_wconf 90' lang='lat' dir='ltr'><strong>suarum</strong></span> <span class='ocrx_word' id='word_1_208' title='bbox 3310 1242 3459 1299; x_wconf 91' lang='lat' dir='ltr'><strong>deci-</strong></span> 
     </span>
    </p>
   </div>
   <div class='ocr_carea' id='block_1_28' title="bbox 1874 1326 3454 1403">
    <p class='ocr_par' dir='ltr' id='par_1_28' title="bbox 1874 1326 3454 1403">
     <span class='ocr_line' id='line_1_28' title="bbox 1874 1326 3454 1403; baseline 0.008 -23"><span class='ocrx_word' id='word_1_209' title='bbox 1874 1340 1992 1381; x_wconf 90' lang='lat' dir='ltr'><strong>mas</strong></span> <span class='ocrx_word' id='word_1_210' title='bbox 2019 1326 2106 1382; x_wconf 91' lang='lat' dir='ltr'><strong>isti</strong></span> <span class='ocrx_word' id='word_1_211' title='bbox 2141 1326 2337 1384; x_wconf 80' lang='lat' dir='ltr'><strong>oﬂ&#39;erre</strong></span> <span class='ocrx_word' id='word_1_212' title='bbox 2371 1328 2484 1385; x_wconf 91' lang='lat' dir='ltr'><strong>Deo</strong></span> <span class='ocrx_word' id='word_1_213' title='bbox 2514 1345 2621 1385; x_wconf 93' lang='lat' dir='ltr'><strong>non</strong></span> <span class='ocrx_word' id='word_1_214' title='bbox 2650 1329 2952 1402; x_wconf 83' lang='lat' dir='ltr'><strong>negligunt,</strong></span> <span class='ocrx_word' id='word_1_215' title='bbox 2983 1332 3076 1403; x_wconf 91' lang='lat' dir='ltr'><strong>qui</strong></span> <span class='ocrx_word' id='word_1_216' title='bbox 3110 1334 3277 1390; x_wconf 90' lang='lat' dir='ltr'><strong>etiam</strong></span> <span class='ocrx_word' id='word_1_217' title='bbox 3304 1350 3454 1391; x_wconf 88' lang='lat' dir='ltr'><strong>com-</strong></span> 
     </span>
    </p>
   </div>
   <div class='ocr_carea' id='block_1_29' title="bbox 1874 1416 3458 1495">
    <p class='ocr_par' dir='ltr' id='par_1_29' title="bbox 1874 1416 3458 1495">
     <span class='ocr_line' id='line_1_29' title="bbox 1874 1416 3458 1495; baseline 0.008 -26"><span class='ocrx_word' id='word_1_218' title='bbox 1874 1416 2255 1487; x_wconf 85' lang='lat' dir='ltr'><strong>temptibilium</strong></span> <span class='ocrx_word' id='word_1_219' title='bbox 2279 1417 2489 1474; x_wconf 87' lang='lat' dir='ltr'><strong>olerum</strong></span> <span class='ocrx_word' id='word_1_220' title='bbox 2530 1419 2773 1476; x_wconf 88' lang='lat' dir='ltr'><strong>decimas</strong></span> <span class='ocrx_word' id='word_1_221' title='bbox 2798 1421 2931 1477; x_wconf 87' lang='lat' dir='ltr'><strong>dare</strong></span> <span class='ocrx_word' id='word_1_222' title='bbox 2972 1438 3081 1479; x_wconf 90' lang='lat' dir='ltr'><strong>non</strong></span> <span class='ocrx_word' id='word_1_223' title='bbox 3130 1428 3458 1495; x_wconf 84' lang='lat' dir='ltr'><strong>praetermit-</strong></span> 
     </span>
    </p>
   </div>
   <div class='ocr_carea' id='block_1_30' title="bbox 1873 1508 3459 1588">
    <p class='ocr_par' dir='ltr' id='par_1_30' title="bbox 1873 1508 3459 1588">
     <span class='ocr_line' id='line_1_30' title="bbox 1873 1508 3459 1588; baseline 0.011 -31"><span class='ocrx_word' id='word_1_224' title='bbox 1873 1510 2029 1570; x_wconf 89' lang='lat' dir='ltr'><strong>tunt;</strong></span> <span class='ocrx_word' id='word_1_225' title='bbox 2054 1514 2211 1576; x_wconf 89' lang='lat' dir='ltr'><strong>putas</strong></span> <span class='ocrx_word' id='word_1_226' title='bbox 2233 1508 2506 1578; x_wconf 90' lang='lat' dir='ltr'><strong>quomodo</strong></span> <span class='ocrx_word' id='word_1_227' title='bbox 2527 1509 2823 1566; x_wconf 88' lang='lat' dir='ltr'><strong>secundum</strong></span> <span class='ocrx_word' id='word_1_228' title='bbox 2846 1513 3028 1568; x_wconf 90' lang='lat' dir='ltr'><strong>omnia</strong></span> <span class='ocrx_word' id='word_1_229' title='bbox 3060 1513 3154 1570; x_wconf 93' lang='lat' dir='ltr'><strong>Dei</strong></span> <span class='ocrx_word' id='word_1_230' title='bbox 3188 1527 3459 1588; x_wconf 66' lang='lat' dir='ltr'><strong>praecepta</strong></span> 
     </span>
    </p>
   </div>
   <div class='ocr_carea' id='block_1_31' title="bbox 1872 1596 3462 1667">
    <p class='ocr_par' dir='ltr' id='par_1_31' title="bbox 1872 1596 3462 1667">
     <span class='ocr_line' id='line_1_31' title="bbox 1872 1596 3462 1667; baseline 0.009 -16"><span class='ocrx_word' id='word_1_231' title='bbox 1872 1596 1984 1651; x_wconf 86' lang='lat' dir='ltr'><strong>vita</strong></span> <span class='ocrx_word' id='word_1_232' title='bbox 2014 1613 2204 1654; x_wconf 91' lang='lat' dir='ltr'><strong>eorum</strong></span> <span class='ocrx_word' id='word_1_233' title='bbox 2255 1609 2524 1667; x_wconf 89' lang='lat' dir='ltr'><strong>servatur,</strong></span> <span class='ocrx_word' id='word_1_234' title='bbox 2584 1602 2659 1657; x_wconf 89' lang='lat' dir='ltr'><strong>ita</strong></span> <span class='ocrx_word' id='word_1_235' title='bbox 2698 1611 2881 1659; x_wconf 89' lang='lat' dir='ltr'><strong>utnec</strong></span> <span class='ocrx_word' id='word_1_236' title='bbox 2906 1604 2961 1660; x_wconf 93' lang='lat' dir='ltr'><strong>in</strong></span> <span class='ocrx_word' id='word_1_237' title='bbox 3021 1606 3251 1663; x_wconf 89' lang='lat' dir='ltr'><strong>modicis</strong></span> <span class='ocrx_word' id='word_1_238' title='bbox 3296 1608 3462 1666; x_wconf 86' lang='lat' dir='ltr'><strong>rebus</strong></span> 
     </span>
    </p>
   </div>
   <div class='ocr_carea' id='block_1_32' title="bbox 1874 1688 3462 1772">
    <p class='ocr_par' dir='ltr' id='par_1_32' title="bbox 1874 1688 3462 1772">
     <span class='ocr_line' id='line_1_32' title="bbox 1874 1688 3462 1772; baseline 0.011 -30"><span class='ocrx_word' id='word_1_239' title='bbox 1874 1688 2147 1761; x_wconf 79' lang='lat' dir='ltr'><strong>negligere</strong></span> <span class='ocrx_word' id='word_1_240' title='bbox 2171 1691 2476 1748; x_wconf 91' lang='lat' dir='ltr'><strong>videantur.</strong></span> <span class='ocrx_word' id='word_1_241' title='bbox 2502 1693 2571 1748; x_wconf 86' lang='lat' dir='ltr'><strong>Et</strong></span> <span class='ocrx_word' id='word_1_242' title='bbox 2592 1693 2715 1751; x_wconf 92' lang='lat' dir='ltr'><strong>ideo</strong></span> <span class='ocrx_word' id='word_1_243' title='bbox 2774 1694 2917 1753; x_wconf 89' lang='lat' dir='ltr'><strong>forte</strong></span> <span class='ocrx_word' id='word_1_244' title='bbox 2970 1712 3035 1754; x_wconf 92' lang='lat' dir='ltr'><strong>ac</strong></span> <span class='ocrx_word' id='word_1_245' title='bbox 3084 1699 3129 1754; x_wconf 93' lang='lat' dir='ltr'><strong>si</strong></span> <span class='ocrx_word' id='word_1_246' title='bbox 3177 1700 3462 1772; x_wconf 87' lang='lat' dir='ltr'><strong>religionis</strong></span> 
     </span>
    </p>
   </div>
   <div class='ocr_carea' id='block_1_33' title="bbox 194 1774 3461 1866">
    <p class='ocr_par' dir='ltr' id='par_1_33' title="bbox 194 1774 3461 1866">
     <span class='ocr_line' id='line_1_33' title="bbox 194 1774 3461 1866; baseline 0.002 -21"><span class='ocrx_word' id='word_1_247' title='bbox 194 1789 447 1845; x_wconf 83' lang='lat' dir='ltr'><strong>servando</strong></span> <span class='ocrx_word' id='word_1_248' title='bbox 475 1803 596 1859; x_wconf 63' lang='lat' dir='ltr'><strong>qua</strong></span> <span class='ocrx_word' id='word_1_249' title='bbox 619 1795 889 1860; x_wconf 69' lang='lat' dir='ltr'><strong>pmoepta</strong></span> <span class='ocrx_word' id='word_1_250' title='bbox 925 1795 1069 1854; x_wconf 90' lang='lat' dir='ltr'><strong>sunt,</strong></span> <span class='ocrx_word' id='word_1_251' title='bbox 1108 1786 1165 1841; x_wconf 92' lang='lat' dir='ltr'><strong>in</strong></span> <span class='ocrx_word' id='word_1_252' title='bbox 1187 1785 1405 1843; x_wconf 88' lang='lat' dir='ltr'><strong>Christo</strong></span> <span class='ocrx_word' id='word_1_253' title='bbox 1456 1784 1773 1859; x_wconf 80' lang='lat' dir='ltr'><strong>proﬁciant.</strong></span> <span class='ocrx_word' id='word_1_254' title='bbox 1796 1774 1847 1836; x_wconf 87' lang='grc' dir='ltr'><strong>Β</strong></span> <span class='ocrx_word' id='word_1_255' title='bbox 1873 1782 2071 1854; x_wconf 86' lang='lat' dir='ltr'><strong>gratia,</strong></span> <span class='ocrx_word' id='word_1_256' title='bbox 2088 1781 2216 1839; x_wconf 90' lang='lat' dir='ltr'><strong>talia</strong></span> <span class='ocrx_word' id='word_1_257' title='bbox 2238 1782 2546 1851; x_wconf 89' lang='lat' dir='ltr'><strong>hujusmodi</strong></span> <span class='ocrx_word' id='word_1_258' title='bbox 2562 1786 2745 1855; x_wconf 89' lang='lat' dir='ltr'><strong>potius</strong></span> <span class='ocrx_word' id='word_1_259' title='bbox 2768 1785 3089 1857; x_wconf 77' lang='lat' dir='ltr'><strong>offerebant,</strong></span> <span class='ocrx_word' id='word_1_260' title='bbox 3105 1799 3231 1847; x_wconf 91' lang='lat' dir='ltr'><strong>utet</strong></span> <span class='ocrx_word' id='word_1_261' title='bbox 3245 1792 3461 1866; x_wconf 90' lang='lat' dir='ltr'><strong>dispen-</strong></span> 
     </span>
    </p>
   </div>
   <div class='ocr_carea' id='block_1_34' title="bbox 193 1879 1772 1953">
    <p class='ocr_par' dir='ltr' id='par_1_34' title="bbox 193 1879 1772 1953">
     <span class='ocr_line' id='line_1_34' title="bbox 193 1879 1772 1953; baseline -0.003 -15"><span class='ocrx_word' id='word_1_262' title='bbox 193 1881 285 1938; x_wconf 89' lang='lat' dir='ltr'><strong>Sed</strong></span> <span class='ocrx_word' id='word_1_263' title='bbox 306 1882 441 1953; x_wconf 88' lang='lat' dir='ltr'><strong>quia</strong></span> <span class='ocrx_word' id='word_1_264' title='bbox 463 1881 538 1936; x_wconf 89' lang='lat' dir='ltr'><strong>illi</strong></span> <span class='ocrx_word' id='word_1_265' title='bbox 557 1880 766 1938; x_wconf 82' lang='lat' dir='ltr'><strong>obsessi</strong></span> <span class='ocrx_word' id='word_1_266' title='bbox 787 1896 819 1936; x_wconf 91' lang='lat' dir='ltr'><strong>a</strong></span> <span class='ocrx_word' id='word_1_267' title='bbox 840 1879 1000 1952; x_wconf 78' lang='lat'><strong>951</strong></span> <span class='ocrx_word' id='word_1_268' title='bbox 1024 1879 1378 1948; x_wconf 64' lang='lat' dir='ltr'><strong>damonibns,</strong></span> <span class='ocrx_word' id='word_1_269' title='bbox 1403 1880 1505 1935; x_wconf 87' lang='lat' dir='ltr'><strong>ista</strong></span> <span class='ocrx_word' id='word_1_270' title='bbox 1527 1880 1772 1951; x_wconf 89' lang='lat' dir='ltr'><strong>recipere</strong></span> 
     </span>
    </p>
   </div>
   <div class='ocr_carea' id='block_1_35' title="bbox 190 1970 1765 2044">
    <p class='ocr_par' dir='ltr' id='par_1_35' title="bbox 190 1970 1765 2044">
     <span class='ocr_line' id='line_1_35' title="bbox 190 1970 1765 2044; baseline -0.003 -12"><span class='ocrx_word' id='word_1_271' title='bbox 190 1975 507 2040; x_wconf 86' lang='lat' dir='ltr'><strong>uoluerunt;</strong></span> <span class='ocrx_word' id='word_1_272' title='bbox 534 1989 635 2029; x_wconf 89' lang='lat' dir='ltr'><strong>nos</strong></span> <span class='ocrx_word' id='word_1_273' title='bbox 648 1973 775 2044; x_wconf 88' lang='lat' dir='ltr'><strong>quia</strong></span> <span class='ocrx_word' id='word_1_274' title='bbox 797 1974 854 2028; x_wconf 83' lang='lat' dir='ltr'><strong>in</strong></span> <span class='ocrx_word' id='word_1_275' title='bbox 881 1971 1061 2027; x_wconf 77' lang='lat' dir='ltr'><strong>multis</strong></span> <span class='ocrx_word' id='word_1_276' title='bbox 1084 1971 1400 2041; x_wconf 71' lang='lat' dir='ltr'><strong>o/j‘endimus</strong></span> <span class='ocrx_word' id='word_1_277' title='bbox 1424 1987 1602 2026; x_wconf 81' lang='lat' dir='ltr'><strong>omnes</strong></span> <span class='ocrx_word' id='word_1_278' title='bbox 1624 1970 1765 2041; x_wconf 83' lang='lat' dir='ltr'><strong>(Jac.</strong></span> 
     </span>
    </p>
   </div>
   <div class='ocr_carea' id='block_1_36' title="bbox 189 2062 1773 2136">
    <p class='ocr_par' dir='ltr' id='par_1_36' title="bbox 189 2062 1773 2136">
     <span class='ocr_line' id='line_1_36' title="bbox 189 2062 1773 2136; baseline -0.003 -13"><span class='ocrx_word' id='word_1_279' title='bbox 189 2082 264 2133; x_wconf 79' lang='lat' dir='ltr'><strong>ut,</strong></span> <span class='ocrx_word' id='word_1_280' title='bbox 294 2066 380 2136; x_wconf 72' lang='lat'><strong>2),</strong></span> <span class='ocrx_word' id='word_1_281' title='bbox 411 2080 723 2136; x_wconf 87' lang='lat' dir='ltr'><strong>sequamur,</strong></span> <span class='ocrx_word' id='word_1_282' title='bbox 753 2072 1034 2136; x_wconf 89' lang='lat' dir='ltr'><strong>gementes</strong></span> <span class='ocrx_word' id='word_1_283' title='bbox 1058 2078 1159 2135; x_wconf 90' lang='lat' dir='ltr'><strong>pro</strong></span> <span class='ocrx_word' id='word_1_284' title='bbox 1183 2062 1288 2130; x_wconf 88' lang='lat' dir='ltr'><strong>his,</strong></span> <span class='ocrx_word' id='word_1_285' title='bbox 1317 2062 1773 2131; x_wconf 88' lang='lat' dir='ltr'><strong>Christum.Quia</strong></span> 
     </span>
    </p>
   </div>
   <div class='ocr_carea' id='block_1_37' title="bbox 188 2156 1770 2232">
    <p class='ocr_par' dir='ltr' id='par_1_37' title="bbox 188 2156 1770 2232">
     <span class='ocr_line' id='line_1_37' title="bbox 188 2156 1770 2232; baseline -0.002 -18"><span class='ocrx_word' id='word_1_286' title='bbox 188 2159 433 2232; x_wconf 70' lang='grc' dir='ltr'><strong>ὑαιιὶᾳαὶ</strong></span> <span class='ocrx_word' id='word_1_287' title='bbox 457 2159 655 2231; x_wconf 80' lang='lat' dir='ltr'><strong>lugent,</strong></span> <span class='ocrx_word' id='word_1_288' title='bbox 682 2158 931 2231; x_wconf 82' lang='lat' dir='ltr'><strong>quoniam</strong></span> <span class='ocrx_word' id='word_1_289' title='bbox 956 2157 1058 2228; x_wconf 79' lang='lat' dir='ltr'><strong>ipsi</strong></span> <span class='ocrx_word' id='word_1_290' title='bbox 1099 2156 1513 2213; x_wconf 81' lang='lat' dir='ltr'><strong>consolabuntur</strong></span> <span class='ocrx_word' id='word_1_291' title='bbox 1553 2156 1770 2228; x_wconf 76' lang='lat' dir='ltr'><strong>(Matth.</strong></span> 
     </span>
    </p>
   </div>
   <div class='ocr_carea' id='block_1_38' title="bbox 188 2249 1772 2323">
    <p class='ocr_par' dir='ltr' id='par_1_38' title="bbox 188 2249 1772 2323">
     <span class='ocr_line' id='line_1_38' title="bbox 188 2249 1772 2323; baseline -0.001 -17"><span class='ocrx_word' id='word_1_292' title='bbox 188 2268 241 2320; x_wconf 78' lang='grc' dir='ltr'><strong>ν,</strong></span> <span class='ocrx_word' id='word_1_293' title='bbox 268 2252 343 2323; x_wconf 76' lang='lat'><strong>5).</strong></span> <span class='ocrx_word' id='word_1_294' title='bbox 378 2253 447 2308; x_wconf 84' lang='lat' dir='ltr'><strong>Et</strong></span> <span class='ocrx_word' id='word_1_295' title='bbox 485 2252 720 2322; x_wconf 89' lang='lat' dir='ltr'><strong>primum</strong></span> <span class='ocrx_word' id='word_1_296' title='bbox 764 2250 1088 2307; x_wconf 91' lang='lat' dir='ltr'><strong>mundemus</strong></span> <span class='ocrx_word' id='word_1_297' title='bbox 1126 2249 1493 2306; x_wconf 88' lang='lat' dir='ltr'><strong>conscientias</strong></span> <span class='ocrx_word' id='word_1_298' title='bbox 1534 2259 1772 2315; x_wconf 90' lang='lat' dir='ltr'><strong>nostras,</strong></span> 
     </span>
    </p>
   </div>
   <div class='ocr_carea' id='block_1_39' title="bbox 185 2342 1775 2416">
    <p class='ocr_par' dir='ltr' id='par_1_39' title="bbox 185 2342 1775 2416">
     <span class='ocr_line' id='line_1_39' title="bbox 185 2342 1775 2416; baseline -0.002 -16"><span class='ocrx_word' id='word_1_299' title='bbox 185 2354 242 2402; x_wconf 87' lang='lat' dir='ltr'><strong>ut</strong></span> <span class='ocrx_word' id='word_1_300' title='bbox 270 2347 586 2416; x_wconf 83' lang='lat' dir='ltr'><strong>Scripturas</strong></span> <span class='ocrx_word' id='word_1_301' title='bbox 621 2359 827 2408; x_wconf 84' lang='lat' dir='ltr'><strong>sacras,</strong></span> <span class='ocrx_word' id='word_1_302' title='bbox 850 2358 1014 2413; x_wconf 81' lang='lat' dir='ltr'><strong>quam</strong></span> <span class='ocrx_word' id='word_1_303' title='bbox 1058 2351 1265 2398; x_wconf 64' lang='lat' dir='ltr'><strong>sancta:</strong></span> <span class='ocrx_word' id='word_1_304' title='bbox 1319 2342 1448 2408; x_wconf 91' lang='lat' dir='ltr'><strong>sint,</strong></span> <span class='ocrx_word' id='word_1_305' title='bbox 1501 2354 1775 2413; x_wconf 88' lang='lat' dir='ltr'><strong>quamque</strong></span> 
     </span>
    </p>
   </div>
   <div class='ocr_carea' id='block_1_40' title="bbox 187 2435 1778 2511">
    <p class='ocr_par' dir='ltr' id='par_1_40' title="bbox 187 2435 1778 2511">
     <span class='ocr_line' id='line_1_40' title="bbox 187 2435 1778 2511; baseline -0.002 -16"><span class='ocrx_word' id='word_1_306' title='bbox 187 2439 291 2495; x_wconf 89' lang='lat' dir='ltr'><strong>Deo</strong></span> <span class='ocrx_word' id='word_1_307' title='bbox 318 2439 524 2511; x_wconf 66' lang='lat' dir='ltr'><strong>plenae,</strong></span> <span class='ocrx_word' id='word_1_308' title='bbox 546 2438 600 2494; x_wconf 93' lang='lat' dir='ltr'><strong>in</strong></span> <span class='ocrx_word' id='word_1_309' title='bbox 626 2438 823 2509; x_wconf 89' lang='lat' dir='ltr'><strong>quibus</strong></span> <span class='ocrx_word' id='word_1_310' title='bbox 864 2436 1003 2492; x_wconf 91' lang='lat' dir='ltr'><strong>Deus</strong></span> <span class='ocrx_word' id='word_1_311' title='bbox 1045 2435 1335 2502; x_wconf 88' lang='lat' dir='ltr'><strong>inhabitat,</strong></span> <span class='ocrx_word' id='word_1_312' title='bbox 1364 2444 1420 2491; x_wconf 90' lang='lat' dir='ltr'><strong>et</strong></span> <span class='ocrx_word' id='word_1_313' title='bbox 1463 2450 1532 2491; x_wconf 86' lang='lat' dir='ltr'><strong>ex</strong></span> <span class='ocrx_word' id='word_1_314' title='bbox 1580 2435 1778 2507; x_wconf 89' lang='lat' dir='ltr'><strong>quibus</strong></span> 
     </span>
    </p>
   </div>
   <div class='ocr_carea' id='block_1_41' title="bbox 186 2526 1773 2601">
    <p class='ocr_par' dir='ltr' id='par_1_41' title="bbox 186 2526 1773 2601">
     <span class='ocr_line' id='line_1_41' title="bbox 186 2526 1773 2601; baseline -0.005 -13"><span class='ocrx_word' id='word_1_315' title='bbox 186 2532 332 2589; x_wconf 87' lang='lat' dir='ltr'><strong>nobis</strong></span> <span class='ocrx_word' id='word_1_316' title='bbox 361 2531 632 2601; x_wconf 89' lang='lat' dir='ltr'><strong>loquitur,</strong></span> <span class='ocrx_word' id='word_1_317' title='bbox 670 2527 1055 2598; x_wconf 89' lang='lat' dir='ltr'><strong>intelligamus.</strong></span> <span class='ocrx_word' id='word_1_318' title='bbox 1087 2526 1296 2582; x_wconf 89' lang='lat' dir='ltr'><strong>Deinde</strong></span> <span class='ocrx_word' id='word_1_319' title='bbox 1319 2526 1526 2582; x_wconf 90' lang='lat' dir='ltr'><strong>nullum</strong></span> <span class='ocrx_word' id='word_1_320' title='bbox 1580 2541 1773 2581; x_wconf 90' lang='lat' dir='ltr'><strong>aurum</strong></span> 
     </span>
    </p>
   </div>
   <div class='ocr_carea' id='block_1_42' title="bbox 188 2616 1776 2690">
    <p class='ocr_par' dir='ltr' id='par_1_42' title="bbox 188 2616 1776 2690">
     <span class='ocr_line' id='line_1_42' title="bbox 188 2616 1776 2690; baseline -0.003 -13"><span class='ocrx_word' id='word_1_321' title='bbox 188 2622 481 2679; x_wconf 84' lang='lat' dir='ltr'><strong>credamus</strong></span> <span class='ocrx_word' id='word_1_322' title='bbox 521 2626 790 2686; x_wconf 88' lang='lat' dir='ltr'><strong>sanctum,</strong></span> <span class='ocrx_word' id='word_1_323' title='bbox 820 2617 924 2674; x_wconf 89' lang='lat' dir='ltr'><strong>nisi</strong></span> <span class='ocrx_word' id='word_1_324' title='bbox 952 2616 1097 2689; x_wconf 90' lang='lat' dir='ltr'><strong>quod</strong></span> <span class='ocrx_word' id='word_1_325' title='bbox 1136 2617 1274 2673; x_wconf 89' lang='lat' dir='ltr'><strong>infra</strong></span> <span class='ocrx_word' id='word_1_326' title='bbox 1301 2617 1500 2690; x_wconf 90' lang='lat' dir='ltr'><strong>templo</strong></span> <span class='ocrx_word' id='word_1_327' title='bbox 1542 2617 1641 2673; x_wconf 92' lang='lat' dir='ltr'><strong>Dei</strong></span> <span class='ocrx_word' id='word_1_328' title='bbox 1680 2618 1776 2674; x_wconf 90' lang='lat' dir='ltr'><strong>de-</strong></span> 
     </span>
    </p>
   </div>
   <div class='ocr_carea' id='block_1_43' title="bbox 184 2709 1780 2779">
    <p class='ocr_par' dir='ltr' id='par_1_43' title="bbox 184 2709 1780 2779">
     <span class='ocr_line' id='line_1_43' title="bbox 184 2709 1780 2779; baseline -0.003 -10"><span class='ocrx_word' id='word_1_329' title='bbox 184 2712 431 2770; x_wconf 88' lang='lat' dir='ltr'><strong>dicatum</strong></span> <span class='ocrx_word' id='word_1_330' title='bbox 452 2719 555 2777; x_wconf 88' lang='lat' dir='ltr'><strong>est,</strong></span> <span class='ocrx_word' id='word_1_331' title='bbox 581 2710 636 2767; x_wconf 92' lang='lat' dir='ltr'><strong>id</strong></span> <span class='ocrx_word' id='word_1_332' title='bbox 662 2718 748 2768; x_wconf 91' lang='lat' dir='ltr'><strong>est</strong></span> <span class='ocrx_word' id='word_1_333' title='bbox 800 2709 938 2766; x_wconf 87' lang='lat' dir='ltr'><strong>nihil</strong></span> <span class='ocrx_word' id='word_1_334' title='bbox 986 2718 1142 2765; x_wconf 88' lang='lat' dir='ltr'><strong>extra</strong></span> <span class='ocrx_word' id='word_1_335' title='bbox 1197 2709 1408 2765; x_wconf 91' lang='lat' dir='ltr'><strong>divinas</strong></span> <span class='ocrx_word' id='word_1_336' title='bbox 1465 2709 1780 2779; x_wconf 89' lang='lat' dir='ltr'><strong>Scripturas</strong></span> 
     </span>
    </p>
   </div>
   <div class='ocr_carea' id='block_1_44' title="bbox 187 2799 1781 2876">
    <p class='ocr_par' dir='ltr' id='par_1_44' title="bbox 187 2799 1781 2876">
     <span class='ocr_line' id='line_1_44' title="bbox 187 2799 1781 2876; baseline -0.002 -17"><span class='ocrx_word' id='word_1_337' title='bbox 187 2803 424 2876; x_wconf 84' lang='lat' dir='ltr'><strong>aliquid,</strong></span> <span class='ocrx_word' id='word_1_338' title='bbox 454 2802 703 2875; x_wconf 83' lang='lat' dir='ltr'><strong>quamvis</strong></span> <span class='ocrx_word' id='word_1_339' title='bbox 734 2799 953 2874; x_wconf 77' lang='lat' dir='ltr'><strong>fulgeat,</strong></span> <span class='ocrx_word' id='word_1_340' title='bbox 1003 2800 1350 2871; x_wconf 87' lang='lat' dir='ltr'><strong>recipiamus.</strong></span> <span class='ocrx_word' id='word_1_341' title='bbox 1409 2799 1548 2867; x_wconf 87' lang='lat' dir='ltr'><strong>Quia</strong></span> <span class='ocrx_word' id='word_1_342' title='bbox 1599 2800 1781 2856; x_wconf 88' lang='lat' dir='ltr'><strong>omnis</strong></span> 
     </span>
    </p>
   </div>
   <div class='ocr_carea' id='block_1_45' title="bbox 185 2890 1779 2965">
    <p class='ocr_par' dir='ltr' id='par_1_45' title="bbox 185 2890 1779 2965">
     <span class='ocr_line' id='line_1_45' title="bbox 185 2890 1779 2965; baseline -0.005 -12"><span class='ocrx_word' id='word_1_343' title='bbox 185 2911 378 2954; x_wconf 87' lang='lat' dir='ltr'><strong>sensus</strong></span> <span class='ocrx_word' id='word_1_344' title='bbox 402 2895 499 2965; x_wconf 89' lang='lat' dir='ltr'><strong>qui</strong></span> <span class='ocrx_word' id='word_1_345' title='bbox 528 2902 683 2948; x_wconf 88' lang='lat' dir='ltr'><strong>extra</strong></span> <span class='ocrx_word' id='word_1_346' title='bbox 722 2891 1067 2963; x_wconf 88' lang='lat' dir='ltr'><strong>resplendere</strong></span> <span class='ocrx_word' id='word_1_347' title='bbox 1098 2890 1335 2957; x_wconf 86' lang='lat' dir='ltr'><strong>videtur,</strong></span> <span class='ocrx_word' id='word_1_348' title='bbox 1377 2890 1482 2947; x_wconf 81' lang='lat' dir='ltr'><strong>etsi</strong></span> <span class='ocrx_word' id='word_1_349' title='bbox 1537 2890 1779 2946; x_wconf 89' lang='lat' dir='ltr'><strong>admira-</strong></span> 
     </span>
    </p>
   </div>
   <div class='ocr_carea' id='block_1_46' title="bbox 185 2981 1782 3056">
    <p class='ocr_par' dir='ltr' id='par_1_46' title="bbox 185 2981 1782 3056">
     <span class='ocr_line' id='line_1_46' title="bbox 185 2981 1782 3056; baseline -0.006 -8"><span class='ocrx_word' id='word_1_350' title='bbox 185 2990 305 3048; x_wconf 89' lang='lat' dir='ltr'><strong>bilis</strong></span> <span class='ocrx_word' id='word_1_351' title='bbox 334 2990 443 3055; x_wconf 92' lang='lat' dir='ltr'><strong>sit,</strong></span> <span class='ocrx_word' id='word_1_352' title='bbox 477 3002 584 3043; x_wconf 88' lang='lat' dir='ltr'><strong>non</strong></span> <span class='ocrx_word' id='word_1_353' title='bbox 627 2985 883 3042; x_wconf 91' lang='lat' dir='ltr'><strong>continuo</strong></span> <span class='ocrx_word' id='word_1_354' title='bbox 911 2984 1173 3056; x_wconf 85' lang='lat' dir='ltr'><strong>probatur</strong></span> <span class='ocrx_word' id='word_1_355' title='bbox 1222 2990 1463 3039; x_wconf 90' lang='lat' dir='ltr'><strong>sanctus.</strong></span> <span class='ocrx_word' id='word_1_356' title='bbox 1501 2981 1639 3050; x_wconf 87' lang='lat' dir='ltr'><strong>Quia</strong></span> <span class='ocrx_word' id='word_1_357' title='bbox 1689 2997 1782 3038; x_wconf 88' lang='lat' dir='ltr'><strong>so-</strong></span> 
     </span>
    </p>
   </div>
   <div class='ocr_carea' id='block_1_47' title="bbox 183 3072 1779 3152">
    <p class='ocr_par' dir='ltr' id='par_1_47' title="bbox 183 3072 1779 3152">
     <span class='ocr_line' id='line_1_47' title="bbox 183 3072 1779 3152; baseline -0.004 -17"><span class='ocrx_word' id='word_1_358' title='bbox 183 3080 266 3137; x_wconf 91' lang='lat' dir='ltr'><strong>lus</strong></span> <span class='ocrx_word' id='word_1_359' title='bbox 325 3077 579 3152; x_wconf 88' lang='lat' dir='ltr'><strong>Spiritus</strong></span> <span class='ocrx_word' id='word_1_360' title='bbox 623 3083 844 3133; x_wconf 87' lang='lat' dir='ltr'><strong>sanctus</strong></span> <span class='ocrx_word' id='word_1_361' title='bbox 901 3084 986 3131; x_wconf 90' lang='lat' dir='ltr'><strong>est</strong></span> <span class='ocrx_word' id='word_1_362' title='bbox 1032 3074 1311 3131; x_wconf 90' lang='lat' dir='ltr'><strong>dedicator</strong></span> <span class='ocrx_word' id='word_1_363' title='bbox 1371 3072 1779 3144; x_wconf 84' lang='lat' dir='ltr'><strong>Scripturarum</strong></span> 
     </span>
    </p>
   </div>
   <div class='ocr_carea' id='block_1_48' title="bbox 186 3165 1775 3241">
    <p class='ocr_par' dir='ltr' id='par_1_48' title="bbox 186 3165 1775 3241">
     <span class='ocr_line' id='line_1_48' title="bbox 186 3165 1775 3241; baseline -0.006 -11"><span class='ocrx_word' id='word_1_364' title='bbox 186 3180 532 3237; x_wconf 84' lang='lat' dir='ltr'><strong>sanctarum,</strong></span> <span class='ocrx_word' id='word_1_365' title='bbox 554 3185 665 3241; x_wconf 91' lang='lat' dir='ltr'><strong>quo</strong></span> <span class='ocrx_word' id='word_1_366' title='bbox 685 3166 1077 3234; x_wconf 81' lang='lat' dir='ltr'><strong>sanctiﬁcatur,</strong></span> <span class='ocrx_word' id='word_1_367' title='bbox 1122 3166 1178 3223; x_wconf 89' lang='lat' dir='ltr'><strong>in</strong></span> <span class='ocrx_word' id='word_1_368' title='bbox 1207 3165 1433 3232; x_wconf 88' lang='lat' dir='ltr'><strong>eisdem,</strong></span> <span class='ocrx_word' id='word_1_369' title='bbox 1478 3174 1535 3221; x_wconf 89' lang='lat' dir='ltr'><strong>et</strong></span> <span class='ocrx_word' id='word_1_370' title='bbox 1559 3165 1629 3222; x_wconf 92' lang='lat' dir='ltr'><strong>ab</strong></span> <span class='ocrx_word' id='word_1_371' title='bbox 1671 3165 1775 3222; x_wconf 74' lang='lat' dir='ltr'><strong>eis~</strong></span> 
     </span>
    </p>
   </div>
   <div class='ocr_carea' id='block_1_49' title="bbox 182 3258 1785 3333">
    <p class='ocr_par' dir='ltr' id='par_1_49' title="bbox 182 3258 1785 3333">
     <span class='ocr_line' id='line_1_49' title="bbox 182 3258 1785 3333; baseline -0.003 -12"><span class='ocrx_word' id='word_1_372' title='bbox 182 3261 306 3321; x_wconf 87' lang='lat' dir='ltr'><strong>dem</strong></span> <span class='ocrx_word' id='word_1_373' title='bbox 327 3261 661 3333; x_wconf 85' lang='lat' dir='ltr'><strong>Scripturis,</strong></span> <span class='ocrx_word' id='word_1_374' title='bbox 681 3274 842 3315; x_wconf 91' lang='lat' dir='ltr'><strong>omne</strong></span> <span class='ocrx_word' id='word_1_375' title='bbox 868 3275 1060 3316; x_wconf 90' lang='lat' dir='ltr'><strong>aurum</strong></span> <span class='ocrx_word' id='word_1_376' title='bbox 1110 3258 1473 3330; x_wconf 89' lang='lat' dir='ltr'><strong>eloquiorum,</strong></span> <span class='ocrx_word' id='word_1_377' title='bbox 1530 3266 1591 3315; x_wconf 88' lang='lat' dir='ltr'><strong>ut</strong></span> <span class='ocrx_word' id='word_1_378' title='bbox 1632 3258 1785 3316; x_wconf 85' lang='lat' dir='ltr'><strong>inve-</strong></span> 
     </span>
    </p>
   </div>
   <div class='ocr_carea' id='block_1_50' title="bbox 183 3348 1785 3424">
    <p class='ocr_par' dir='ltr' id='par_1_50' title="bbox 183 3348 1785 3424">
     <span class='ocr_line' id='line_1_50' title="bbox 183 3348 1785 3424; baseline -0.002 -14"><span class='ocrx_word' id='word_1_379' title='bbox 183 3353 371 3410; x_wconf 85' lang='lat' dir='ltr'><strong>niatur</strong></span> <span class='ocrx_word' id='word_1_380' title='bbox 426 3352 573 3424; x_wconf 94' lang='lat' dir='ltr'><strong>quod</strong></span> <span class='ocrx_word' id='word_1_381' title='bbox 613 3349 955 3423; x_wconf 83' lang='lat' dir='ltr'><strong>proferamus</strong></span> <span class='ocrx_word' id='word_1_382' title='bbox 1000 3365 1123 3407; x_wconf 89' lang='lat' dir='ltr'><strong>esse</strong></span> <span class='ocrx_word' id='word_1_383' title='bbox 1170 3359 1441 3406; x_wconf 90' lang='lat' dir='ltr'><strong>sanctum.</strong></span> <span class='ocrx_word' id='word_1_384' title='bbox 1494 3348 1601 3407; x_wconf 89' lang='lat' dir='ltr'><strong>Sed</strong></span> <span class='ocrx_word' id='word_1_385' title='bbox 1640 3359 1695 3407; x_wconf 91' lang='lat' dir='ltr'><strong>et</strong></span> <span class='ocrx_word' id='word_1_386' title='bbox 1739 3351 1785 3407; x_wconf 93' lang='lat' dir='ltr'><strong>si</strong></span> 
     </span>
    </p>
   </div>
   <div class='ocr_carea' id='block_1_51' title="bbox 179 3441 1787 3516">
    <p class='ocr_par' dir='ltr' id='par_1_51' title="bbox 179 3441 1787 3516">
     <span class='ocr_line' id='line_1_51' title="bbox 179 3441 1787 3516; baseline -0.002 -16"><span class='ocrx_word' id='word_1_387' title='bbox 179 3459 295 3516; x_wconf 87' lang='lat' dir='ltr'><strong>qua</strong></span> <span class='ocrx_word' id='word_1_388' title='bbox 315 3444 468 3500; x_wconf 87' lang='lat' dir='ltr'><strong>dona</strong></span> <span class='ocrx_word' id='word_1_389' title='bbox 494 3441 774 3499; x_wconf 84' lang='lat' dir='ltr'><strong>offerimus</strong></span> <span class='ocrx_word' id='word_1_390' title='bbox 799 3443 867 3498; x_wconf 87' lang='lat' dir='ltr'><strong>ad</strong></span> <span class='ocrx_word' id='word_1_391' title='bbox 896 3441 1084 3507; x_wconf 82' lang='lat' dir='ltr'><strong>altare,</strong></span> <span class='ocrx_word' id='word_1_392' title='bbox 1117 3442 1269 3512; x_wconf 90' lang='lat' dir='ltr'><strong>prius</strong></span> <span class='ocrx_word' id='word_1_393' title='bbox 1292 3441 1556 3498; x_wconf 89' lang='lat' dir='ltr'><strong>mundum</strong></span> <span class='ocrx_word' id='word_1_394' title='bbox 1579 3456 1676 3499; x_wconf 90' lang='lat' dir='ltr'><strong>cor</strong></span> <span class='ocrx_word' id='word_1_395' title='bbox 1698 3457 1787 3497; x_wconf 85' lang='lat' dir='ltr'><strong>su-</strong></span> 
     </span>
    </p>
   </div>
   <div class='ocr_carea' id='block_1_52' title="bbox 180 3532 1791 3607">
    <p class='ocr_par' dir='ltr' id='par_1_52' title="bbox 180 3532 1791 3607">
     <span class='ocr_line' id='line_1_52' title="bbox 180 3532 1791 3607; baseline -0.002 -16"><span class='ocrx_word' id='word_1_396' title='bbox 180 3549 291 3607; x_wconf 84' lang='lat' dir='ltr'><strong>per</strong></span> <span class='ocrx_word' id='word_1_397' title='bbox 319 3550 462 3606; x_wconf 90' lang='lat' dir='ltr'><strong>quo,</strong></span> <span class='ocrx_word' id='word_1_398' title='bbox 486 3535 619 3590; x_wconf 91' lang='lat' dir='ltr'><strong>etin</strong></span> <span class='ocrx_word' id='word_1_399' title='bbox 638 3549 769 3606; x_wconf 91' lang='lat' dir='ltr'><strong>quo,</strong></span> <span class='ocrx_word' id='word_1_400' title='bbox 807 3548 872 3589; x_wconf 83' lang='lat' dir='ltr'><strong>ea</strong></span> <span class='ocrx_word' id='word_1_401' title='bbox 915 3532 1215 3589; x_wconf 79' lang='lat' dir='ltr'><strong>offerimus.</strong></span> <span class='ocrx_word' id='word_1_402' title='bbox 1264 3532 1507 3605; x_wconf 83' lang='lat' dir='ltr'><strong>Agamus</strong></span> <span class='ocrx_word' id='word_1_403' title='bbox 1552 3532 1694 3587; x_wconf 89' lang='lat' dir='ltr'><strong>votis</strong></span> <span class='ocrx_word' id='word_1_404' title='bbox 1734 3539 1791 3588; x_wconf 89' lang='lat' dir='ltr'><strong>et</strong></span> 
     </span>
    </p>
   </div>
   <div class='ocr_carea' id='block_1_53' title="bbox 182 3623 1789 3697">
    <p class='ocr_par' dir='ltr' id='par_1_53' title="bbox 182 3623 1789 3697">
     <span class='ocr_line' id='line_1_53' title="bbox 182 3623 1789 3697; baseline -0.004 -14"><span class='ocrx_word' id='word_1_405' title='bbox 182 3626 465 3697; x_wconf 86' lang='lat' dir='ltr'><strong>precibus</strong></span> <span class='ocrx_word' id='word_1_406' title='bbox 484 3626 652 3695; x_wconf 81' lang='lat' dir='ltr'><strong>prius,</strong></span> <span class='ocrx_word' id='word_1_407' title='bbox 673 3634 736 3682; x_wconf 93' lang='lat' dir='ltr'><strong>ut</strong></span> <span class='ocrx_word' id='word_1_408' title='bbox 756 3625 828 3681; x_wconf 89' lang='lat' dir='ltr'><strong>sit</strong></span> <span class='ocrx_word' id='word_1_409' title='bbox 850 3623 979 3680; x_wconf 88' lang='lat' dir='ltr'><strong>illud</strong></span> <span class='ocrx_word' id='word_1_410' title='bbox 1017 3623 1438 3686; x_wconf 81' lang='lat' dir='ltr'><strong>sanctificatum,</strong></span> <span class='ocrx_word' id='word_1_411' title='bbox 1469 3623 1611 3695; x_wconf 90' lang='lat' dir='ltr'><strong>quod</strong></span> <span class='ocrx_word' id='word_1_412' title='bbox 1638 3623 1789 3693; x_wconf 90' lang='lat' dir='ltr'><strong>prin-</strong></span> 
     </span>
    </p>
   </div>
   <div class='ocr_carea' id='block_1_54' title="bbox 179 3714 1790 3788">
    <p class='ocr_par' dir='ltr' id='par_1_54' title="bbox 179 3714 1790 3788">
     <span class='ocr_line' id='line_1_54' title="bbox 179 3714 1790 3788; baseline -0.001 -15"><span class='ocrx_word' id='word_1_413' title='bbox 179 3717 370 3788; x_wconf 88' lang='lat' dir='ltr'><strong>cipale</strong></span> <span class='ocrx_word' id='word_1_414' title='bbox 397 3725 487 3773; x_wconf 90' lang='lat' dir='ltr'><strong>est</strong></span> <span class='ocrx_word' id='word_1_415' title='bbox 519 3735 571 3772; x_wconf 83' lang='grc' dir='ltr'><strong>ιη</strong></span> <span class='ocrx_word' id='word_1_416' title='bbox 600 3717 790 3784; x_wconf 88' lang='lat' dir='ltr'><strong>nobis;</strong></span> <span class='ocrx_word' id='word_1_417' title='bbox 833 3726 962 3773; x_wconf 91' lang='lat' dir='ltr'><strong>tunc</strong></span> <span class='ocrx_word' id='word_1_418' title='bbox 987 3716 1203 3772; x_wconf 91' lang='lat' dir='ltr'><strong>demum</strong></span> <span class='ocrx_word' id='word_1_419' title='bbox 1243 3716 1383 3773; x_wconf 91' lang='lat' dir='ltr'><strong>dona</strong></span> <span class='ocrx_word' id='word_1_420' title='bbox 1410 3723 1466 3771; x_wconf 86' lang='lat' dir='ltr'><strong>et</strong></span> <span class='ocrx_word' id='word_1_421' title='bbox 1486 3714 1790 3773; x_wconf 87' lang='lat' dir='ltr'><strong>oblationes</strong></span> 
     </span>
    </p>
   </div>
   <div class='ocr_carea' id='block_1_55' title="bbox 173 3805 1789 3879">
    <p class='ocr_par' dir='ltr' id='par_1_55' title="bbox 173 3805 1789 3879">
     <span class='ocr_line' id='line_1_55' title="bbox 173 3805 1789 3879; baseline -0.001 -16"><span class='ocrx_word' id='word_1_422' title='bbox 173 3809 230 3865; x_wconf 90' lang='lat' dir='ltr'><strong>in</strong></span> <span class='ocrx_word' id='word_1_423' title='bbox 260 3806 360 3864; x_wconf 87' lang='lat' dir='ltr'><strong>illo</strong></span> <span class='ocrx_word' id='word_1_424' title='bbox 383 3822 514 3879; x_wconf 68' lang='lat' dir='ltr'><strong>quae</strong></span> <span class='ocrx_word' id='word_1_425' title='bbox 533 3806 817 3864; x_wconf 81' lang='lat' dir='ltr'><strong>oll’erimus</strong></span> <span class='ocrx_word' id='word_1_426' title='bbox 838 3806 1102 3879; x_wconf 87' lang='lat' dir='ltr'><strong>quotidie,</strong></span> <span class='ocrx_word' id='word_1_427' title='bbox 1133 3814 1324 3863; x_wconf 91' lang='lat' dir='ltr'><strong>sancta</strong></span> <span class='ocrx_word' id='word_1_428' title='bbox 1353 3814 1535 3863; x_wconf 90' lang='lat' dir='ltr'><strong>erunt.</strong></span> <span class='ocrx_word' id='word_1_429' title='bbox 1572 3805 1640 3861; x_wconf 88' lang='lat' dir='ltr'><strong>Et</strong></span> <span class='ocrx_word' id='word_1_430' title='bbox 1667 3805 1789 3861; x_wconf 90' lang='lat' dir='ltr'><strong>ideo</strong></span> 
     </span>
    </p>
   </div>
   <div class='ocr_carea' id='block_1_56' title="bbox 1873 1877 3460 1953">
    <p class='ocr_par' dir='ltr' id='par_1_56' title="bbox 1873 1877 3460 1953">
     <span class='ocr_line' id='line_1_56' title="bbox 1873 1877 3460 1953; baseline 0.009 -22"><span class='ocrx_word' id='word_1_431' title='bbox 1873 1877 1964 1932; x_wconf 91' lang='lat' dir='ltr'><strong>dio</strong></span> <span class='ocrx_word' id='word_1_432' title='bbox 1983 1886 2253 1943; x_wconf 89' lang='lat' dir='ltr'><strong>carerent,</strong></span> <span class='ocrx_word' id='word_1_433' title='bbox 2278 1887 2334 1935; x_wconf 89' lang='lat' dir='ltr'><strong>et</strong></span> <span class='ocrx_word' id='word_1_434' title='bbox 2354 1879 2526 1951; x_wconf 89' lang='lat' dir='ltr'><strong>gloria</strong></span> <span class='ocrx_word' id='word_1_435' title='bbox 2550 1879 2656 1936; x_wconf 92' lang='lat' dir='ltr'><strong>illis</strong></span> <span class='ocrx_word' id='word_1_436' title='bbox 2669 1881 2724 1936; x_wconf 92' lang='lat' dir='ltr'><strong>in</strong></span> <span class='ocrx_word' id='word_1_437' title='bbox 2756 1882 2955 1953; x_wconf 89' lang='lat' dir='ltr'><strong>populo</strong></span> <span class='ocrx_word' id='word_1_438' title='bbox 2978 1884 3332 1943; x_wconf 86' lang='lat' dir='ltr'><strong>favorabilior</strong></span> <span class='ocrx_word' id='word_1_439' title='bbox 3372 1904 3460 1945; x_wconf 87' lang='lat' dir='ltr'><strong>es-</strong></span> 
     </span>
    </p>
   </div>
   <div class='ocr_carea' id='block_1_57' title="bbox 1875 1967 3461 2050">
    <p class='ocr_par' dir='ltr' id='par_1_57' title="bbox 1875 1967 3461 2050">
     <span class='ocr_line' id='line_1_57' title="bbox 1875 1967 3461 2050; baseline 0.008 -26"><span class='ocrx_word' id='word_1_440' title='bbox 1875 1977 1977 2024; x_wconf 89' lang='lat' dir='ltr'><strong>set.</strong></span> <span class='ocrx_word' id='word_1_441' title='bbox 1996 1967 2151 2026; x_wconf 87' lang='lat' dir='ltr'><strong>Unde</strong></span> <span class='ocrx_word' id='word_1_442' title='bbox 2166 1968 2494 2026; x_wconf 89' lang='lat' dir='ltr'><strong>etDominus</strong></span> <span class='ocrx_word' id='word_1_443' title='bbox 2507 1988 2573 2026; x_wconf 85' lang='lat' dir='ltr'><strong>ex</strong></span> <span class='ocrx_word' id='word_1_444' title='bbox 2590 1972 2844 2028; x_wconf 90' lang='lat' dir='ltr'><strong>omnibus</strong></span> <span class='ocrx_word' id='word_1_445' title='bbox 2861 1973 2964 2028; x_wconf 88' lang='lat' dir='ltr'><strong>tria</strong></span> <span class='ocrx_word' id='word_1_446' title='bbox 2981 1975 3305 2046; x_wconf 85' lang='lat' dir='ltr'><strong>elegitolera</strong></span> <span class='ocrx_word' id='word_1_447' title='bbox 3339 1995 3461 2050; x_wconf 78' lang='lat' dir='ltr'><strong>qua:</strong></span> 
     </span>
    </p>
   </div>
   <div class='ocr_carea' id='block_1_58' title="bbox 1876 2061 3463 2140">
    <p class='ocr_par' dir='ltr' id='par_1_58' title="bbox 1876 2061 3463 2140">
     <span class='ocr_line' id='line_1_58' title="bbox 1876 2061 3463 2140; baseline 0.006 -23"><span class='ocrx_word' id='word_1_448' title='bbox 1876 2061 2098 2129; x_wconf 89' lang='lat' dir='ltr'><strong>dabant,</strong></span> <span class='ocrx_word' id='word_1_449' title='bbox 2150 2071 2417 2133; x_wconf 88' lang='lat' dir='ltr'><strong>quatenus</strong></span> <span class='ocrx_word' id='word_1_450' title='bbox 2465 2078 2532 2119; x_wconf 80' lang='lat' dir='ltr'><strong>ex</strong></span> <span class='ocrx_word' id='word_1_451' title='bbox 2563 2063 2695 2134; x_wconf 92' lang='lat' dir='ltr'><strong>ipsis</strong></span> <span class='ocrx_word' id='word_1_452' title='bbox 2745 2066 3062 2122; x_wconf 85' lang='lat' dir='ltr'><strong>ostenderet</strong></span> <span class='ocrx_word' id='word_1_453' title='bbox 3100 2067 3231 2138; x_wconf 91' lang='lat' dir='ltr'><strong>quid</strong></span> <span class='ocrx_word' id='word_1_454' title='bbox 3256 2085 3463 2140; x_wconf 58' lang='lat' dir='ltr'><strong>qurere-</strong></span> 
     </span>
    </p>
   </div>
   <div class='ocr_carea' id='block_1_59' title="bbox 1876 2152 3471 2232">
    <p class='ocr_par' dir='ltr' id='par_1_59' title="bbox 1876 2152 3471 2232">
     <span class='ocr_line' id='line_1_59' title="bbox 1876 2152 3471 2232; baseline 0.008 -26"><span class='ocrx_word' id='word_1_455' title='bbox 1876 2152 2033 2217; x_wconf 87' lang='lat' dir='ltr'><strong>bant;</strong></span> <span class='ocrx_word' id='word_1_456' title='bbox 2077 2153 2335 2223; x_wconf 89' lang='lat' dir='ltr'><strong>quoniam</strong></span> <span class='ocrx_word' id='word_1_457' title='bbox 2360 2153 2635 2211; x_wconf 89' lang='lat' dir='ltr'><strong>odorifera</strong></span> <span class='ocrx_word' id='word_1_458' title='bbox 2679 2156 2836 2212; x_wconf 88' lang='lat' dir='ltr'><strong>valde</strong></span> <span class='ocrx_word' id='word_1_459' title='bbox 2878 2167 3027 2226; x_wconf 90' lang='lat' dir='ltr'><strong>sunt,</strong></span> <span class='ocrx_word' id='word_1_460' title='bbox 3049 2168 3109 2215; x_wconf 95' lang='lat' dir='ltr'><strong>ut</strong></span> <span class='ocrx_word' id='word_1_461' title='bbox 3153 2175 3252 2232; x_wconf 90' lang='lat' dir='ltr'><strong>per</strong></span> <span class='ocrx_word' id='word_1_462' title='bbox 3275 2176 3471 2227; x_wconf 82' lang='lat' dir='ltr'><strong>eorum</strong></span> 
     </span>
    </p>
   </div>
   <div class='ocr_carea' id='block_1_60' title="bbox 1876 2244 3466 2327">
    <p class='ocr_par' dir='ltr' id='par_1_60' title="bbox 1876 2244 3466 2327">
     <span class='ocr_line' id='line_1_60' title="bbox 1876 2244 3466 2327; baseline 0.008 -27"><span class='ocrx_word' id='word_1_463' title='bbox 1876 2244 2259 2312; x_wconf 88' lang='lat' dir='ltr'><strong>odoramenta,</strong></span> <span class='ocrx_word' id='word_1_464' title='bbox 2292 2256 2623 2304; x_wconf 81' lang='lat' dir='ltr'><strong>monstraret</strong></span> <span class='ocrx_word' id='word_1_465' title='bbox 2660 2246 2860 2305; x_wconf 90' lang='lat' dir='ltr'><strong>famam</strong></span> <span class='ocrx_word' id='word_1_466' title='bbox 2905 2267 3057 2307; x_wconf 73' lang='lat' dir='ltr'><strong>vanae</strong></span> <span class='ocrx_word' id='word_1_467' title='bbox 3100 2251 3276 2311; x_wconf 88' lang='lat' dir='ltr'><strong>laudis</strong></span> <span class='ocrx_word' id='word_1_468' title='bbox 3302 2271 3466 2327; x_wconf 88' lang='lat' dir='ltr'><strong>quam</strong></span> 
     </span>
    </p>
   </div>
   <div class='ocr_carea' id='block_1_61' title="bbox 1879 2337 3468 2413">
    <p class='ocr_par' dir='ltr' id='par_1_61' title="bbox 1879 2337 3468 2413">
     <span class='ocr_line' id='line_1_61' title="bbox 1879 2337 3468 2413; baseline 0.009 -22"><span class='ocrx_word' id='word_1_469' title='bbox 1879 2337 2103 2393; x_wconf 84' lang='lat' dir='ltr'><strong>naribus</strong></span> <span class='ocrx_word' id='word_1_470' title='bbox 2151 2339 2219 2394; x_wconf 89' lang='lat' dir='ltr'><strong>ad</strong></span> <span class='ocrx_word' id='word_1_471' title='bbox 2266 2355 2327 2395; x_wconf 91' lang='lat' dir='ltr'><strong>se</strong></span> <span class='ocrx_word' id='word_1_472' title='bbox 2367 2340 2684 2407; x_wconf 88' lang='lat' dir='ltr'><strong>trahebant,</strong></span> <span class='ocrx_word' id='word_1_473' title='bbox 2717 2352 2773 2398; x_wconf 89' lang='lat' dir='ltr'><strong>et</strong></span> <span class='ocrx_word' id='word_1_474' title='bbox 2815 2342 3013 2413; x_wconf 90' lang='lat' dir='ltr'><strong>quibus</strong></span> <span class='ocrx_word' id='word_1_475' title='bbox 3060 2343 3468 2404; x_wconf 67' lang='lat' dir='ltr'><strong>delectabantdi&#39;</strong></span> 
     </span>
    </p>
   </div>
   <div class='ocr_carea' id='block_1_62' title="bbox 1878 2430 3471 2506">
    <p class='ocr_par' dir='ltr' id='par_1_62' title="bbox 1878 2430 3471 2506">
     <span class='ocr_line' id='line_1_62' title="bbox 1878 2430 3471 2506; baseline 0.004 -19"><span class='ocrx_word' id='word_1_476' title='bbox 1878 2430 2314 2488; x_wconf 84' lang='lat' dir='ltr'><strong>cblectamentis.</strong></span> <span class='ocrx_word' id='word_1_477' title='bbox 2356 2431 2425 2488; x_wconf 85' lang='lat' dir='ltr'><strong>Et</strong></span> <span class='ocrx_word' id='word_1_478' title='bbox 2488 2432 2808 2504; x_wconf 86' lang='lat' dir='ltr'><strong>reliquistis,</strong></span> <span class='ocrx_word' id='word_1_479' title='bbox 2854 2433 3050 2506; x_wconf 89' lang='lat' dir='ltr'><strong>inquit,</strong></span> <span class='ocrx_word' id='word_1_480' title='bbox 3094 2434 3379 2505; x_wconf 87' lang='lat' dir='ltr'><strong>judicium,</strong></span> <span class='ocrx_word' id='word_1_481' title='bbox 3415 2449 3471 2495; x_wconf 91' lang='lat' dir='ltr'><strong>et</strong></span> 
     </span>
    </p>
   </div>
   <div class='ocr_carea' id='block_1_63' title="bbox 1880 2524 3467 2597">
    <p class='ocr_par' dir='ltr' id='par_1_63' title="bbox 1880 2524 3467 2597">
     <span class='ocr_line' id='line_1_63' title="bbox 1880 2524 3467 2597; baseline 0.005 -18"><span class='ocrx_word' id='word_1_482' title='bbox 1880 2524 2335 2589; x_wconf 74' lang='lat' dir='ltr'><strong>misericordiam,</strong></span> <span class='ocrx_word' id='word_1_483' title='bbox 2378 2533 2434 2580; x_wconf 90' lang='lat' dir='ltr'><strong>et</strong></span> <span class='ocrx_word' id='word_1_484' title='bbox 2483 2524 2665 2581; x_wconf 84' lang='lat' dir='ltr'><strong>ﬁdem.</strong></span> <span class='ocrx_word' id='word_1_485' title='bbox 2695 2525 2837 2583; x_wconf 85' lang='lat' dir='ltr'><strong>Ecce</strong></span> <span class='ocrx_word' id='word_1_486' title='bbox 2865 2527 3042 2585; x_wconf 90' lang='lat' dir='ltr'><strong>tribus</strong></span> <span class='ocrx_word' id='word_1_487' title='bbox 3069 2529 3212 2583; x_wconf 84' lang='lat' dir='ltr'><strong>male</strong></span> <span class='ocrx_word' id='word_1_488' title='bbox 3249 2530 3467 2597; x_wconf 83' lang='lat' dir='ltr'><strong>oblatis,</strong></span> 
     </span>
    </p>
   </div>
   <div class='ocr_carea' id='block_1_64' title="bbox 1882 2614 3470 2689">
    <p class='ocr_par' dir='ltr' id='par_1_64' title="bbox 1882 2614 3470 2689">
     <span class='ocr_line' id='line_1_64' title="bbox 1882 2614 3470 2689; baseline 0.005 -19"><span class='ocrx_word' id='word_1_489' title='bbox 1882 2615 1989 2670; x_wconf 86' lang='lat' dir='ltr'><strong>tria</strong></span> <span class='ocrx_word' id='word_1_490' title='bbox 2028 2615 2226 2686; x_wconf 90' lang='lat' dir='ltr'><strong>objecit</strong></span> <span class='ocrx_word' id='word_1_491' title='bbox 2271 2614 2425 2688; x_wconf 90' lang='lat' dir='ltr'><strong>pejus</strong></span> <span class='ocrx_word' id='word_1_492' title='bbox 2452 2616 2721 2687; x_wconf 87' lang='lat' dir='ltr'><strong>neglecta,</strong></span> <span class='ocrx_word' id='word_1_493' title='bbox 2765 2618 2962 2688; x_wconf 88' lang='lat' dir='ltr'><strong>quibus</strong></span> <span class='ocrx_word' id='word_1_494' title='bbox 2986 2622 3386 2689; x_wconf 79' lang='lat' dir='ltr'><strong>praetermissis,</strong></span> <span class='ocrx_word' id='word_1_495' title='bbox 3414 2625 3470 2677; x_wconf 90' lang='lat' dir='ltr'><strong>in</strong></span> 
     </span>
    </p>
   </div>
   <div class='ocr_carea' id='block_1_65' title="bbox 1883 2704 3469 2783">
    <p class='ocr_par' dir='ltr' id='par_1_65' title="bbox 1883 2704 3469 2783">
     <span class='ocr_line' id='line_1_65' title="bbox 1883 2704 3469 2783; baseline 0.006 -24"><span class='ocrx_word' id='word_1_496' title='bbox 1883 2704 2051 2760; x_wconf 87' lang='lat' dir='ltr'><strong>Deum</strong></span> <span class='ocrx_word' id='word_1_497' title='bbox 2081 2713 2136 2761; x_wconf 90' lang='lat' dir='ltr'><strong>et</strong></span> <span class='ocrx_word' id='word_1_498' title='bbox 2167 2705 2220 2760; x_wconf 91' lang='lat' dir='ltr'><strong>in</strong></span> <span class='ocrx_word' id='word_1_499' title='bbox 2249 2705 2526 2776; x_wconf 85' lang='lat' dir='ltr'><strong>proximos</strong></span> <span class='ocrx_word' id='word_1_500' title='bbox 2544 2707 2724 2763; x_wconf 91' lang='lat' dir='ltr'><strong>omnis</strong></span> <span class='ocrx_word' id='word_1_501' title='bbox 2743 2704 2958 2776; x_wconf 90' lang='lat' dir='ltr'><strong>justitia</strong></span> <span class='ocrx_word' id='word_1_502' title='bbox 2978 2707 3304 2777; x_wconf 81' lang='lat' dir='ltr'><strong>frustratur;</strong></span> <span class='ocrx_word' id='word_1_503' title='bbox 3340 2713 3469 2783; x_wconf 83' lang='lat' dir='ltr'><strong>quia</strong></span> 
     </span>
    </p>
   </div>
   <div class='ocr_carea' id='block_1_66' title="bbox 1875 2795 3473 2869">
    <p class='ocr_par' dir='ltr' id='par_1_66' title="bbox 1875 2795 3473 2869">
     <span class='ocr_line' id='line_1_66' title="bbox 1875 2795 3473 2869; baseline 0.006 -19"><span class='ocrx_word' id='word_1_504' title='bbox 1875 2795 2087 2866; x_wconf 88' lang='lat' dir='ltr'><strong>justitia</strong></span> <span class='ocrx_word' id='word_1_505' title='bbox 2118 2796 2235 2863; x_wconf 89' lang='lat' dir='ltr'><strong>Dei,</strong></span> <span class='ocrx_word' id='word_1_506' title='bbox 2268 2804 2327 2852; x_wconf 93' lang='lat' dir='ltr'><strong>ut</strong></span> <span class='ocrx_word' id='word_1_507' title='bbox 2368 2796 2549 2868; x_wconf 89' lang='lat' dir='ltr'><strong>justus</strong></span> <span class='ocrx_word' id='word_1_508' title='bbox 2597 2798 2827 2869; x_wconf 87' lang='lat' dir='ltr'><strong>quisque</strong></span> <span class='ocrx_word' id='word_1_509' title='bbox 2853 2800 2925 2855; x_wconf 87' lang='lat' dir='ltr'><strong>sit</strong></span> <span class='ocrx_word' id='word_1_510' title='bbox 2963 2809 3019 2856; x_wconf 90' lang='lat' dir='ltr'><strong>et</strong></span> <span class='ocrx_word' id='word_1_511' title='bbox 3061 2801 3229 2869; x_wconf 81' lang='lat' dir='ltr'><strong>vivat,</strong></span> <span class='ocrx_word' id='word_1_512' title='bbox 3269 2819 3339 2858; x_wconf 81' lang='lat' dir='ltr'><strong>ex</strong></span> <span class='ocrx_word' id='word_1_513' title='bbox 3365 2804 3473 2860; x_wconf 78' lang='lat' dir='ltr'><strong>ﬁde</strong></span> 
     </span>
    </p>
   </div>
   <div class='ocr_carea' id='block_1_67' title="bbox 1886 2889 3473 2964">
    <p class='ocr_par' dir='ltr' id='par_1_67' title="bbox 1886 2889 3473 2964">
     <span class='ocr_line' id='line_1_67' title="bbox 1886 2889 3473 2964; baseline 0.004 -20"><span class='ocrx_word' id='word_1_514' title='bbox 1886 2898 2153 2955; x_wconf 87' lang='lat' dir='ltr'><strong>servatur,</strong></span> <span class='ocrx_word' id='word_1_515' title='bbox 2185 2890 2313 2961; x_wconf 88' lang='lat' dir='ltr'><strong>quia</strong></span> <span class='ocrx_word' id='word_1_516' title='bbox 2336 2889 2674 2961; x_wconf 84' lang='lat' dir='ltr'><strong>justiﬁcatur</strong></span> <span class='ocrx_word' id='word_1_517' title='bbox 2701 2891 2920 2964; x_wconf 90' lang='lat' dir='ltr'><strong>impius.</strong></span> <span class='ocrx_word' id='word_1_518' title='bbox 2951 2893 3021 2949; x_wconf 90' lang='lat' dir='ltr'><strong>Et</strong></span> <span class='ocrx_word' id='word_1_519' title='bbox 3054 2894 3159 2950; x_wconf 89' lang='lat' dir='ltr'><strong>nisi</strong></span> <span class='ocrx_word' id='word_1_520' title='bbox 3190 2895 3242 2950; x_wconf 92' lang='lat' dir='ltr'><strong>in</strong></span> <span class='ocrx_word' id='word_1_521' title='bbox 3265 2893 3473 2964; x_wconf 88' lang='lat' dir='ltr'><strong>judicio</strong></span> 
     </span>
    </p>
   </div>
   <div class='ocr_carea' id='block_1_68' title="bbox 1884 2980 3474 3056">
    <p class='ocr_par' dir='ltr' id='par_1_68' title="bbox 1884 2980 3474 3056">
     <span class='ocr_line' id='line_1_68' title="bbox 1884 2980 3474 3056; baseline 0.007 -22"><span class='ocrx_word' id='word_1_522' title='bbox 1884 2980 2088 3049; x_wconf 87' lang='lat' dir='ltr'><strong>probus</strong></span> <span class='ocrx_word' id='word_1_523' title='bbox 2111 2981 2424 3048; x_wconf 85' lang='lat' dir='ltr'><strong>inveniaris,</strong></span> <span class='ocrx_word' id='word_1_524' title='bbox 2449 2981 2628 3052; x_wconf 83' lang='lat' dir='ltr'><strong>justus</strong></span> <span class='ocrx_word' id='word_1_525' title='bbox 2652 2998 2930 3054; x_wconf 90' lang='lat' dir='ltr'><strong>nunquam</strong></span> <span class='ocrx_word' id='word_1_526' title='bbox 2979 3001 3099 3042; x_wconf 88' lang='lat' dir='ltr'><strong>esse</strong></span> <span class='ocrx_word' id='word_1_527' title='bbox 3128 2988 3347 3056; x_wconf 88' lang='lat' dir='ltr'><strong>poteris,</strong></span> <span class='ocrx_word' id='word_1_528' title='bbox 3381 3005 3474 3044; x_wconf 60' lang='lat' dir='ltr'><strong>nco</strong></span> 
     </span>
    </p>
   </div>
   <div class='ocr_carea' id='block_1_69' title="bbox 1887 3076 3476 3151">
    <p class='ocr_par' dir='ltr' id='par_1_69' title="bbox 1887 3076 3476 3151">
     <span class='ocr_line' id='line_1_69' title="bbox 1887 3076 3476 3151; baseline 0.004 -19"><span class='ocrx_word' id='word_1_529' title='bbox 1887 3093 1994 3146; x_wconf 82' lang='lat' dir='ltr'><strong>que</strong></span> <span class='ocrx_word' id='word_1_530' title='bbox 2030 3078 2083 3133; x_wconf 91' lang='lat' dir='ltr'><strong>in</strong></span> <span class='ocrx_word' id='word_1_531' title='bbox 2122 3076 2335 3147; x_wconf 90' lang='lat' dir='ltr'><strong>justitia</strong></span> <span class='ocrx_word' id='word_1_532' title='bbox 2355 3076 2713 3147; x_wconf 85' lang='lat' dir='ltr'><strong>justilicatus,</strong></span> <span class='ocrx_word' id='word_1_533' title='bbox 2741 3092 2840 3151; x_wconf 87' lang='lat' dir='ltr'><strong>per</strong></span> <span class='ocrx_word' id='word_1_534' title='bbox 2872 3094 3033 3149; x_wconf 92' lang='lat' dir='ltr'><strong>quam</strong></span> <span class='ocrx_word' id='word_1_535' title='bbox 3078 3083 3287 3138; x_wconf 91' lang='lat' dir='ltr'><strong>recedit</strong></span> <span class='ocrx_word' id='word_1_536' title='bbox 3312 3083 3476 3139; x_wconf 91' lang='lat' dir='ltr'><strong>homo</strong></span> 
     </span>
    </p>
   </div>
   <div class='ocr_carea' id='block_1_70' title="bbox 1811 3159 3479 3247">
    <p class='ocr_par' dir='ltr' id='par_1_70' title="bbox 1811 3159 3479 3247">
     <span class='ocr_line' id='line_1_70' title="bbox 1811 3159 3479 3247; baseline 0.004 -23"><span class='ocrx_word' id='word_1_537' title='bbox 1811 3159 1859 3224; x_wconf 88' lang='lat' dir='ltr'><strong>C</strong></span> <span class='ocrx_word' id='word_1_538' title='bbox 1889 3167 1958 3222; x_wconf 88' lang='lat' dir='ltr'><strong>ab</strong></span> <span class='ocrx_word' id='word_1_539' title='bbox 1990 3168 2296 3239; x_wconf 89' lang='lat' dir='ltr'><strong>iniquitate.</strong></span> <span class='ocrx_word' id='word_1_540' title='bbox 2332 3168 2543 3225; x_wconf 85' lang='lat' dir='ltr'><strong>Idcirco</strong></span> <span class='ocrx_word' id='word_1_541' title='bbox 2566 3178 2898 3241; x_wconf 68' lang='lat' dir='ltr'><strong>praeceptum</strong></span> <span class='ocrx_word' id='word_1_542' title='bbox 2925 3180 3011 3227; x_wconf 89' lang='lat' dir='ltr'><strong>est</strong></span> <span class='ocrx_word' id='word_1_543' title='bbox 3024 3170 3196 3244; x_wconf 87' lang='lat' dir='ltr'><strong>juste,</strong></span> <span class='ocrx_word' id='word_1_544' title='bbox 3227 3176 3372 3247; x_wconf 88' lang='lat' dir='ltr'><strong>quod</strong></span> <span class='ocrx_word' id='word_1_545' title='bbox 3392 3174 3479 3246; x_wconf 91' lang='lat' dir='ltr'><strong>ju-</strong></span> 
     </span>
    </p>
   </div>
   <div class='ocr_carea' id='block_1_71' title="bbox 1891 3258 3477 3331">
    <p class='ocr_par' dir='ltr' id='par_1_71' title="bbox 1891 3258 3477 3331">
     <span class='ocr_line' id='line_1_71' title="bbox 1891 3258 3477 3331; baseline 0.005 -17"><span class='ocrx_word' id='word_1_546' title='bbox 1891 3267 2032 3315; x_wconf 89' lang='lat' dir='ltr'><strong>stum</strong></span> <span class='ocrx_word' id='word_1_547' title='bbox 2085 3268 2169 3315; x_wconf 90' lang='lat' dir='ltr'><strong>est</strong></span> <span class='ocrx_word' id='word_1_548' title='bbox 2207 3259 2452 3331; x_wconf 76' lang='lat' dir='ltr'><strong>exsequi.</strong></span> <span class='ocrx_word' id='word_1_549' title='bbox 2482 3258 2635 3327; x_wconf 91' lang='lat' dir='ltr'><strong>Quod</strong></span> <span class='ocrx_word' id='word_1_550' title='bbox 2681 3269 2808 3316; x_wconf 90' lang='lat' dir='ltr'><strong>tunc</strong></span> <span class='ocrx_word' id='word_1_551' title='bbox 2836 3271 2983 3318; x_wconf 91' lang='lat' dir='ltr'><strong>recte</strong></span> <span class='ocrx_word' id='word_1_552' title='bbox 3013 3262 3095 3329; x_wconf 82' lang='lat' dir='ltr'><strong>lit,</strong></span> <span class='ocrx_word' id='word_1_553' title='bbox 3119 3279 3241 3320; x_wconf 92' lang='lat' dir='ltr'><strong>cum</strong></span> <span class='ocrx_word' id='word_1_554' title='bbox 3270 3274 3327 3322; x_wconf 87' lang='lat' dir='ltr'><strong>et</strong></span> <span class='ocrx_word' id='word_1_555' title='bbox 3366 3264 3477 3324; x_wconf 90' lang='lat' dir='ltr'><strong>Deo</strong></span> 
     </span>
    </p>
   </div>
   <div class='ocr_carea' id='block_1_72' title="bbox 1891 3350 3477 3423">
    <p class='ocr_par' dir='ltr' id='par_1_72' title="bbox 1891 3350 3477 3423">
     <span class='ocr_line' id='line_1_72' title="bbox 1891 3350 3477 3423; baseline 0.008 -22"><span class='ocrx_word' id='word_1_556' title='bbox 1891 3365 2011 3421; x_wconf 72' lang='lat' dir='ltr'><strong>qua:</strong></span> <span class='ocrx_word' id='word_1_557' title='bbox 2027 3350 2124 3407; x_wconf 91' lang='lat' dir='ltr'><strong>Dei</strong></span> <span class='ocrx_word' id='word_1_558' title='bbox 2155 3358 2301 3415; x_wconf 89' lang='lat' dir='ltr'><strong>sunt,</strong></span> <span class='ocrx_word' id='word_1_559' title='bbox 2325 3360 2380 3407; x_wconf 87' lang='lat' dir='ltr'><strong>et</strong></span> <span class='ocrx_word' id='word_1_560' title='bbox 2409 3351 2658 3421; x_wconf 86' lang='lat' dir='ltr'><strong>proximo</strong></span> <span class='ocrx_word' id='word_1_561' title='bbox 2677 3350 2971 3423; x_wconf 90' lang='lat' dir='ltr'><strong>unicuique</strong></span> <span class='ocrx_word' id='word_1_562' title='bbox 2997 3368 3118 3422; x_wconf 74' lang='lat' dir='ltr'><strong>qua:</strong></span> <span class='ocrx_word' id='word_1_563' title='bbox 3148 3370 3244 3410; x_wconf 90' lang='lat' dir='ltr'><strong>sua</strong></span> <span class='ocrx_word' id='word_1_564' title='bbox 3265 3364 3393 3413; x_wconf 90' lang='lat' dir='ltr'><strong>sunt</strong></span> <span class='ocrx_word' id='word_1_565' title='bbox 3420 3358 3477 3413; x_wconf 92' lang='lat' dir='ltr'><strong>in</strong></span> 
     </span>
    </p>
   </div>
   <div class='ocr_carea' id='block_1_73' title="bbox 1885 3438 3475 3515">
    <p class='ocr_par' dir='ltr' id='par_1_73' title="bbox 1885 3438 3475 3515">
     <span class='ocr_line' id='line_1_73' title="bbox 1885 3438 3475 3515; baseline 0.004 -20"><span class='ocrx_word' id='word_1_566' title='bbox 1885 3439 2090 3509; x_wconf 89' lang='lat' dir='ltr'><strong>judicio</strong></span> <span class='ocrx_word' id='word_1_567' title='bbox 2109 3438 2258 3510; x_wconf 90' lang='lat' dir='ltr'><strong>juste</strong></span> <span class='ocrx_word' id='word_1_568' title='bbox 2304 3441 2684 3497; x_wconf 90' lang='lat' dir='ltr'><strong>restituuntur.</strong></span> <span class='ocrx_word' id='word_1_569' title='bbox 2714 3440 2795 3496; x_wconf 84' lang='lat' dir='ltr'><strong>Ac</strong></span> <span class='ocrx_word' id='word_1_570' title='bbox 2819 3456 2917 3513; x_wconf 92' lang='lat' dir='ltr'><strong>per</strong></span> <span class='ocrx_word' id='word_1_571' title='bbox 2940 3442 3045 3499; x_wconf 90' lang='lat' dir='ltr'><strong>hoc</strong></span> <span class='ocrx_word' id='word_1_572' title='bbox 3063 3444 3339 3515; x_wconf 87' lang='lat' dir='ltr'><strong>judicandi</strong></span> <span class='ocrx_word' id='word_1_573' title='bbox 3364 3448 3475 3502; x_wconf 83' lang='lat' dir='ltr'><strong>vir-</strong></span> 
     </span>
    </p>
   </div>
   <div class='ocr_carea' id='block_1_74' title="bbox 1892 3531 3480 3607">
    <p class='ocr_par' dir='ltr' id='par_1_74' title="bbox 1892 3531 3480 3607">
     <span class='ocr_line' id='line_1_74' title="bbox 1892 3531 3480 3607; baseline 0.006 -21"><span class='ocrx_word' id='word_1_574' title='bbox 1892 3541 1998 3597; x_wconf 90' lang='lat' dir='ltr'><strong>tus,</strong></span> <span class='ocrx_word' id='word_1_575' title='bbox 2051 3545 2160 3587; x_wconf 91' lang='lat' dir='ltr'><strong>non</strong></span> <span class='ocrx_word' id='word_1_576' title='bbox 2189 3532 2370 3587; x_wconf 91' lang='lat' dir='ltr'><strong>minus</strong></span> <span class='ocrx_word' id='word_1_577' title='bbox 2400 3531 2603 3597; x_wconf 89' lang='lat' dir='ltr'><strong>divina,</strong></span> <span class='ocrx_word' id='word_1_578' title='bbox 2628 3546 2790 3602; x_wconf 92' lang='lat' dir='ltr'><strong>quam</strong></span> <span class='ocrx_word' id='word_1_579' title='bbox 2820 3541 2878 3587; x_wconf 89' lang='lat' dir='ltr'><strong>et</strong></span> <span class='ocrx_word' id='word_1_580' title='bbox 2907 3533 3164 3598; x_wconf 88' lang='lat' dir='ltr'><strong>humana,</strong></span> <span class='ocrx_word' id='word_1_581' title='bbox 3210 3545 3271 3592; x_wconf 93' lang='lat' dir='ltr'><strong>ut</strong></span> <span class='ocrx_word' id='word_1_582' title='bbox 3298 3536 3480 3607; x_wconf 88' lang='lat' dir='ltr'><strong>justus</strong></span> 
     </span>
    </p>
   </div>
   <div class='ocr_carea' id='block_1_75' title="bbox 1892 3621 3481 3698">
    <p class='ocr_par' dir='ltr' id='par_1_75' title="bbox 1892 3621 3481 3698">
     <span class='ocr_line' id='line_1_75' title="bbox 1892 3621 3481 3698; baseline 0.006 -21"><span class='ocrx_word' id='word_1_583' title='bbox 1892 3621 2209 3691; x_wconf 64' lang='lat' dir='ltr'><strong>inveniaris,</strong></span> <span class='ocrx_word' id='word_1_584' title='bbox 2269 3622 2698 3694; x_wconf 89' lang='lat' dir='ltr'><strong>comprehendit.</strong></span> <span class='ocrx_word' id='word_1_585' title='bbox 2734 3623 2800 3678; x_wconf 88' lang='lat' dir='ltr'><strong>Et</strong></span> <span class='ocrx_word' id='word_1_586' title='bbox 2849 3624 2972 3682; x_wconf 91' lang='lat' dir='ltr'><strong>ideo</strong></span> <span class='ocrx_word' id='word_1_587' title='bbox 3013 3642 3176 3698; x_wconf 89' lang='lat' dir='ltr'><strong>quam</strong></span> <span class='ocrx_word' id='word_1_588' title='bbox 3227 3628 3366 3686; x_wconf 90' lang='lat' dir='ltr'><strong>bene</strong></span> <span class='ocrx_word' id='word_1_589' title='bbox 3399 3632 3481 3687; x_wconf 91' lang='lat' dir='ltr'><strong>di-</strong></span> 
     </span>
    </p>
   </div>
   <div class='ocr_carea' id='block_1_76' title="bbox 1890 3712 3479 3793">
    <p class='ocr_par' dir='ltr' id='par_1_76' title="bbox 1890 3712 3479 3793">
     <span class='ocr_line' id='line_1_76' title="bbox 1890 3712 3479 3793; baseline 0.006 -23"><span class='ocrx_word' id='word_1_590' title='bbox 1890 3724 2039 3771; x_wconf 90' lang='lat' dir='ltr'><strong>ctum</strong></span> <span class='ocrx_word' id='word_1_591' title='bbox 2064 3723 2184 3772; x_wconf 87' lang='lat' dir='ltr'><strong>est:</strong></span> <span class='ocrx_word' id='word_1_592' title='bbox 2214 3714 2275 3771; x_wconf 89' lang='lat' dir='ltr'><strong>ln</strong></span> <span class='ocrx_word' id='word_1_593' title='bbox 2298 3712 2787 3784; x_wconf 88' lang='lat' dir='ltr'><strong>omnibusjudiciis</strong></span> <span class='ocrx_word' id='word_1_594' title='bbox 2814 3719 2920 3774; x_wconf 91' lang='lat' dir='ltr'><strong>tuis</strong></span> <span class='ocrx_word' id='word_1_595' title='bbox 2940 3718 3110 3776; x_wconf 90' lang='lat' dir='ltr'><strong>Deum</strong></span> <span class='ocrx_word' id='word_1_596' title='bbox 3138 3724 3311 3793; x_wconf 86' lang='lat' dir='ltr'><strong>cogita</strong></span> <span class='ocrx_word' id='word_1_597' title='bbox 3338 3740 3479 3780; x_wconf 89' lang='lat' dir='ltr'><strong>sem-</strong></span> 
     </span>
    </p>
   </div>
   <div class='ocr_carea' id='block_1_77' title="bbox 1892 3805 3481 3879">
    <p class='ocr_par' dir='ltr' id='par_1_77' title="bbox 1892 3805 3481 3879">
     <span class='ocr_line' id='line_1_77' title="bbox 1892 3805 3481 3879; baseline 0.007 -18"><span class='ocrx_word' id='word_1_598' title='bbox 1892 3823 2007 3879; x_wconf 88' lang='lat' dir='ltr'><strong>per.</strong></span> <span class='ocrx_word' id='word_1_599' title='bbox 2038 3805 2177 3862; x_wconf 90' lang='lat' dir='ltr'><strong>Sunt</strong></span> <span class='ocrx_word' id='word_1_600' title='bbox 2196 3807 2344 3862; x_wconf 92' lang='lat' dir='ltr'><strong>enim</strong></span> <span class='ocrx_word' id='word_1_601' title='bbox 2383 3805 2590 3875; x_wconf 90' lang='lat' dir='ltr'><strong>judicia</strong></span> <span class='ocrx_word' id='word_1_602' title='bbox 2631 3809 2932 3879; x_wconf 70' lang='lat' dir='ltr'><strong>saacularia,</strong></span> <span class='ocrx_word' id='word_1_603' title='bbox 2974 3822 3101 3869; x_wconf 88' lang='lat' dir='ltr'><strong>sunt</strong></span> <span class='ocrx_word' id='word_1_604' title='bbox 3139 3823 3194 3870; x_wconf 93' lang='lat' dir='ltr'><strong>et</strong></span> <span class='ocrx_word' id='word_1_605' title='bbox 3224 3816 3481 3873; x_wconf 82' lang='lat' dir='ltr'><strong>ecclesia-</strong></span> 
     </span>
    </p>
   </div>
   <div class='ocr_carea' id='block_1_78' title="bbox 174 3898 1789 3973">
    <p class='ocr_par' dir='ltr' id='par_1_78' title="bbox 174 3898 1789 3973">
     <span class='ocr_line' id='line_1_78' title="bbox 174 3898 1789 3973; baseline -0.001 -18"><span class='ocrx_word' id='word_1_606' title='bbox 174 3898 451 3973; x_wconf 58' lang='lat' dir='ltr'><strong>lacr&#39;ymis</strong></span> <span class='ocrx_word' id='word_1_607' title='bbox 480 3910 538 3956; x_wconf 91' lang='lat' dir='ltr'><strong>et</strong></span> <span class='ocrx_word' id='word_1_608' title='bbox 558 3900 811 3972; x_wconf 83' lang='lat' dir='ltr'><strong>precibus</strong></span> <span class='ocrx_word' id='word_1_609' title='bbox 831 3908 1045 3973; x_wconf 90' lang='lat' dir='ltr'><strong>oportet</strong></span> <span class='ocrx_word' id='word_1_610' title='bbox 1068 3899 1293 3966; x_wconf 87' lang='lat' dir='ltr'><strong>instare,</strong></span> <span class='ocrx_word' id='word_1_611' title='bbox 1317 3910 1376 3956; x_wconf 92' lang='lat' dir='ltr'><strong>ut</strong></span> <span class='ocrx_word' id='word_1_612' title='bbox 1390 3899 1492 3955; x_wconf 90' lang='lat' dir='ltr'><strong>ista</strong></span> <span class='ocrx_word' id='word_1_613' title='bbox 1512 3898 1789 3957; x_wconf 87' lang='lat' dir='ltr'><strong>beatitudo</strong></span> 
     </span>
    </p>
   </div>
   <div class='ocr_carea' id='block_1_79' title="bbox 171 3991 1785 4062">
    <p class='ocr_par' dir='ltr' id='par_1_79' title="bbox 171 3991 1785 4062">
     <span class='ocr_line' id='line_1_79' title="bbox 171 3991 1785 4062; baseline -0.002 -15"><span class='ocrx_word' id='word_1_614' title='bbox 171 3994 472 4049; x_wconf 86' lang='lat' dir='ltr'><strong>nutriatur</strong></span> <span class='ocrx_word' id='word_1_615' title='bbox 500 4008 535 4048; x_wconf 89' lang='lat' dir='ltr'><strong>a</strong></span> <span class='ocrx_word' id='word_1_616' title='bbox 561 3993 681 4048; x_wconf 88' lang='lat' dir='ltr'><strong>Deo</strong></span> <span class='ocrx_word' id='word_1_617' title='bbox 701 3992 754 4047; x_wconf 91' lang='lat' dir='ltr'><strong>in</strong></span> <span class='ocrx_word' id='word_1_618' title='bbox 780 3992 957 4057; x_wconf 89' lang='lat' dir='ltr'><strong>nobis,</strong></span> <span class='ocrx_word' id='word_1_619' title='bbox 980 4000 1036 4047; x_wconf 91' lang='lat' dir='ltr'><strong>et</strong></span> <span class='ocrx_word' id='word_1_620' title='bbox 1058 4007 1153 4048; x_wconf 92' lang='lat' dir='ltr'><strong>cor</strong></span> <span class='ocrx_word' id='word_1_621' title='bbox 1190 3991 1537 4057; x_wconf 87' lang='lat' dir='ltr'><strong>mundemus,</strong></span> <span class='ocrx_word' id='word_1_622' title='bbox 1563 4007 1632 4048; x_wconf 86' lang='lat' dir='ltr'><strong>ex</strong></span> <span class='ocrx_word' id='word_1_623' title='bbox 1657 4006 1785 4062; x_wconf 92' lang='lat' dir='ltr'><strong>quo,</strong></span> 
     </span>
    </p>
   </div>
   <div class='ocr_carea' id='block_1_80' title="bbox 166 4081 1793 4155">
    <p class='ocr_par' dir='ltr' id='par_1_80' title="bbox 166 4081 1793 4155">
     <span class='ocr_line' id='line_1_80' title="bbox 166 4081 1793 4155; baseline -0.002 -17"><span class='ocrx_word' id='word_1_624' title='bbox 166 4084 311 4139; x_wconf 89' lang='lat' dir='ltr'><strong>etin</strong></span> <span class='ocrx_word' id='word_1_625' title='bbox 336 4100 459 4155; x_wconf 87' lang='lat' dir='ltr'><strong>quo</strong></span> <span class='ocrx_word' id='word_1_626' title='bbox 507 4092 697 4139; x_wconf 93' lang='lat' dir='ltr'><strong>votum</strong></span> <span class='ocrx_word' id='word_1_627' title='bbox 737 4082 848 4138; x_wconf 92' lang='lat' dir='ltr'><strong>Deo</strong></span> <span class='ocrx_word' id='word_1_628' title='bbox 873 4081 1121 4139; x_wconf 75' lang='lat' dir='ltr'><strong>offertur.</strong></span> <span class='ocrx_word' id='word_1_629' title='bbox 1170 4081 1435 4150; x_wconf 90' lang='lat' dir='ltr'><strong>Quoniam</strong></span> <span class='ocrx_word' id='word_1_630' title='bbox 1492 4095 1654 4136; x_wconf 91' lang='lat' dir='ltr'><strong>omne</strong></span> <span class='ocrx_word' id='word_1_631' title='bbox 1700 4096 1793 4135; x_wconf 90' lang='lat' dir='ltr'><strong>vo-</strong></span> 
     </span>
    </p>
   </div>
   <div class='ocr_carea' id='block_1_81' title="bbox 167 4170 1790 4245">
    <p class='ocr_par' dir='ltr' id='par_1_81' title="bbox 167 4170 1790 4245">
     <span class='ocr_line' id='line_1_81' title="bbox 167 4170 1790 4245; baseline -0.004 -13"><span class='ocrx_word' id='word_1_632' title='bbox 167 4184 284 4233; x_wconf 87' lang='lat' dir='ltr'><strong>tum</strong></span> <span class='ocrx_word' id='word_1_633' title='bbox 315 4176 585 4234; x_wconf 85' lang='lat' dir='ltr'><strong>hominis</strong></span> <span class='ocrx_word' id='word_1_634' title='bbox 631 4183 693 4230; x_wconf 91' lang='lat' dir='ltr'><strong>ut</strong></span> <span class='ocrx_word' id='word_1_635' title='bbox 715 4184 994 4245; x_wconf 87' lang='lat' dir='ltr'><strong>acceptum</strong></span> <span class='ocrx_word' id='word_1_636' title='bbox 1030 4172 1142 4229; x_wconf 90' lang='lat' dir='ltr'><strong>Deo</strong></span> <span class='ocrx_word' id='word_1_637' title='bbox 1195 4172 1286 4238; x_wconf 91' lang='lat' dir='ltr'><strong>sit,</strong></span> <span class='ocrx_word' id='word_1_638' title='bbox 1334 4187 1430 4228; x_wconf 91' lang='lat' dir='ltr'><strong>cor</strong></span> <span class='ocrx_word' id='word_1_639' title='bbox 1487 4170 1640 4239; x_wconf 87' lang='lat' dir='ltr'><strong>facit,</strong></span> <span class='ocrx_word' id='word_1_640' title='bbox 1683 4186 1790 4226; x_wconf 91' lang='lat' dir='ltr'><strong>non</strong></span> 
     </span>
    </p>
   </div>
   <div class='ocr_carea' id='block_1_82' title="bbox 1846 3896 3481 3974">
    <p class='ocr_par' dir='ltr' id='par_1_82' title="bbox 1846 3896 3481 3974">
     <span class='ocr_line' id='line_1_82' title="bbox 1846 3896 3481 3974; baseline 0.006 -19"><span class='ocrx_word' id='word_1_641' title='bbox 1846 3962 1853 3969; x_wconf 36' lang='lat'><strong>,</strong></span> <span class='ocrx_word' id='word_1_642' title='bbox 1894 3899 2049 3955; x_wconf 89' lang='lat' dir='ltr'><strong>stica.</strong></span> <span class='ocrx_word' id='word_1_643' title='bbox 2078 3896 2189 3954; x_wconf 87' lang='lat' dir='ltr'><strong>Nec</strong></span> <span class='ocrx_word' id='word_1_644' title='bbox 2211 3906 2391 3954; x_wconf 92' lang='lat' dir='ltr'><strong>tamen</strong></span> <span class='ocrx_word' id='word_1_645' title='bbox 2426 3899 2718 3956; x_wconf 63' lang='lat' dir='ltr'><strong>saecularcs</strong></span> <span class='ocrx_word' id='word_1_646' title='bbox 2760 3900 2889 3959; x_wconf 90' lang='lat' dir='ltr'><strong>licet</strong></span> <span class='ocrx_word' id='word_1_647' title='bbox 2918 3919 3252 3974; x_wconf 66' lang='lat' dir='ltr'><strong>praesumere</strong></span> <span class='ocrx_word' id='word_1_648' title='bbox 3302 3908 3369 3966; x_wconf 87' lang='lat' dir='ltr'><strong>de</strong></span> <span class='ocrx_word' id='word_1_649' title='bbox 3397 3909 3481 3965; x_wconf 91' lang='lat' dir='ltr'><strong>his</strong></span> 
     </span>
    </p>
   </div>
   <div class='ocr_carea' id='block_1_83' title="bbox 1895 3987 3482 4063">
    <p class='ocr_par' dir='ltr' id='par_1_83' title="bbox 1895 3987 3482 4063">
     <span class='ocr_line' id='line_1_83' title="bbox 1895 3987 3482 4063; baseline 0.009 -22"><span class='ocrx_word' id='word_1_650' title='bbox 1895 4004 2014 4061; x_wconf 77' lang='lat' dir='ltr'><strong>qua:</strong></span> <span class='ocrx_word' id='word_1_651' title='bbox 2040 3987 2223 4044; x_wconf 90' lang='lat' dir='ltr'><strong>divina</strong></span> <span class='ocrx_word' id='word_1_652' title='bbox 2250 3997 2407 4055; x_wconf 88' lang='lat' dir='ltr'><strong>sunt;</strong></span> <span class='ocrx_word' id='word_1_653' title='bbox 2434 4005 2534 4046; x_wconf 85' lang='lat' dir='ltr'><strong>nec</strong></span> <span class='ocrx_word' id='word_1_654' title='bbox 2556 3990 2869 4048; x_wconf 88' lang='lat' dir='ltr'><strong>sacerdotes</strong></span> <span class='ocrx_word' id='word_1_655' title='bbox 2893 3994 2984 4063; x_wconf 93' lang='lat' dir='ltr'><strong>qui</strong></span> <span class='ocrx_word' id='word_1_656' title='bbox 3007 3994 3191 4052; x_wconf 88' lang='lat' dir='ltr'><strong>divina</strong></span> <span class='ocrx_word' id='word_1_657' title='bbox 3222 4006 3404 4055; x_wconf 90' lang='lat' dir='ltr'><strong>tenent</strong></span> <span class='ocrx_word' id='word_1_658' title='bbox 3426 4000 3482 4055; x_wconf 88' lang='lat' dir='ltr'><strong>in</strong></span> 
     </span>
    </p>
   </div>
   <div class='ocr_carea' id='block_1_84' title="bbox 1828 4076 3484 4157">
    <p class='ocr_par' dir='ltr' id='par_1_84' title="bbox 1828 4076 3484 4157">
     <span class='ocr_line' id='line_1_84' title="bbox 1828 4076 3484 4157; baseline 0.007 -20"><span class='ocrx_word' id='word_1_659' title='bbox 1828 4140 1833 4145; x_wconf 89' lang='lat'>_</span> <span class='ocrx_word' id='word_1_660' title='bbox 1895 4081 2146 4138; x_wconf 84' lang='lat' dir='ltr'><strong>manibus</strong></span> <span class='ocrx_word' id='word_1_661' title='bbox 2177 4082 2244 4138; x_wconf 91' lang='lat' dir='ltr'><strong>ad</strong></span> <span class='ocrx_word' id='word_1_662' title='bbox 2286 4096 2351 4136; x_wconf 91' lang='lat' dir='ltr'><strong>ea</strong></span> <span class='ocrx_word' id='word_1_663' title='bbox 2380 4097 2500 4153; x_wconf 69' lang='lat' dir='ltr'><strong>qua:</strong></span> <span class='ocrx_word' id='word_1_664' title='bbox 2553 4076 2739 4139; x_wconf 55' lang='lat' dir='ltr'><strong>saeculi</strong></span> <span class='ocrx_word' id='word_1_665' title='bbox 2765 4093 2892 4140; x_wconf 90' lang='lat' dir='ltr'><strong>sunt</strong></span> <span class='ocrx_word' id='word_1_666' title='bbox 2916 4090 3171 4157; x_wconf 87' lang='lat' dir='ltr'><strong>transire,</strong></span> <span class='ocrx_word' id='word_1_667' title='bbox 3194 4091 3289 4147; x_wconf 88' lang='lat' dir='ltr'><strong>sed</strong></span> <span class='ocrx_word' id='word_1_668' title='bbox 3317 4107 3484 4148; x_wconf 89' lang='lat' dir='ltr'><strong>unus-</strong></span> 
     </span>
    </p>
   </div>
   <div class='ocr_carea' id='block_1_85' title="bbox 162 4262 3488 4337">
    <p class='ocr_par' dir='ltr' id='par_1_85' title="bbox 162 4262 3488 4337">
     <span class='ocr_line' id='line_1_85' title="bbox 162 4262 3488 4337; baseline 0.002 -14"><span class='ocrx_word' id='word_1_669' title='bbox 162 4283 266 4325; x_wconf 88' lang='lat' dir='ltr'><strong>suo</strong></span> <span class='ocrx_word' id='word_1_670' title='bbox 297 4282 578 4332; x_wconf 87' lang='lat' dir='ltr'><strong>munere,</strong></span> <span class='ocrx_word' id='word_1_671' title='bbox 599 4267 696 4323; x_wconf 89' lang='lat' dir='ltr'><strong>sed</strong></span> <span class='ocrx_word' id='word_1_672' title='bbox 727 4266 868 4321; x_wconf 92' lang='lat' dir='ltr'><strong>dono</strong></span> <span class='ocrx_word' id='word_1_673' title='bbox 897 4265 1013 4322; x_wconf 93' lang='lat' dir='ltr'><strong>Dei.</strong></span> <span class='ocrx_word' id='word_1_674' title='bbox 1050 4264 1118 4320; x_wconf 91' lang='lat' dir='ltr'><strong>Et</strong></span> <span class='ocrx_word' id='word_1_675' title='bbox 1140 4264 1263 4321; x_wconf 91' lang='lat' dir='ltr'><strong>ideo</strong></span> <span class='ocrx_word' id='word_1_676' title='bbox 1284 4262 1659 4320; x_wconf 90' lang='lat' dir='ltr'><strong>honorabilius</strong></span> <span class='ocrx_word' id='word_1_677' title='bbox 1706 4269 1795 4318; x_wconf 88' lang='lat' dir='ltr'><strong>est</strong></span> <span class='ocrx_word' id='word_1_678' title='bbox 1897 4265 2041 4337; x_wconf 90' lang='lat' dir='ltr'><strong>quod</strong></span> <span class='ocrx_word' id='word_1_679' title='bbox 2063 4263 2272 4334; x_wconf 92' lang='lat' dir='ltr'><strong>justum</strong></span> <span class='ocrx_word' id='word_1_680' title='bbox 2304 4275 2390 4321; x_wconf 87' lang='lat' dir='ltr'><strong>est</strong></span> <span class='ocrx_word' id='word_1_681' title='bbox 2422 4275 2773 4337; x_wconf 78' lang='lat' dir='ltr'><strong>exsequatur.</strong></span> <span class='ocrx_word' id='word_1_682' title='bbox 2809 4268 3084 4327; x_wconf 65' lang='lat' dir='ltr'><strong>Caeterum</strong></span> <span class='ocrx_word' id='word_1_683' title='bbox 3115 4271 3259 4328; x_wconf 87' lang='lat' dir='ltr'><strong>inter</strong></span> <span class='ocrx_word' id='word_1_684' title='bbox 3288 4270 3488 4330; x_wconf 85' lang='lat' dir='ltr'><strong>fratres</strong></span> 
     </span>
    </p>
   </div>
   <div class='ocr_carea' id='block_1_86' title="bbox 162 4355 3485 4431">
    <p class='ocr_par' dir='ltr' id='par_1_86' title="bbox 162 4355 3485 4431">
     <span class='ocr_line' id='line_1_86' title="bbox 162 4355 3485 4431; baseline 0.001 -13"><span class='ocrx_word' id='word_1_685' title='bbox 162 4376 263 4419; x_wconf 83' lang='lat' dir='ltr'><strong>cor</strong></span> <span class='ocrx_word' id='word_1_686' title='bbox 289 4358 585 4426; x_wconf 87' lang='lat' dir='ltr'><strong>hominis,</strong></span> <span class='ocrx_word' id='word_1_687' title='bbox 612 4358 680 4413; x_wconf 94' lang='lat' dir='ltr'><strong>ad</strong></span> <span class='ocrx_word' id='word_1_688' title='bbox 705 4357 849 4429; x_wconf 89' lang='lat' dir='ltr'><strong>quod</strong></span> <span class='ocrx_word' id='word_1_689' title='bbox 878 4357 1112 4427; x_wconf 90' lang='lat' dir='ltr'><strong>primum</strong></span> <span class='ocrx_word' id='word_1_690' title='bbox 1154 4357 1297 4412; x_wconf 91' lang='lat' dir='ltr'><strong>Deus</strong></span> <span class='ocrx_word' id='word_1_691' title='bbox 1322 4355 1566 4427; x_wconf 88' lang='lat' dir='ltr'><strong>respicit,</strong></span> <span class='ocrx_word' id='word_1_692' title='bbox 1589 4370 1656 4409; x_wconf 83' lang='lat' dir='ltr'><strong>ex</strong></span> <span class='ocrx_word' id='word_1_693' title='bbox 1686 4370 1794 4425; x_wconf 90' lang='lat' dir='ltr'><strong>quo</strong></span> <span class='ocrx_word' id='word_1_694' title='bbox 1896 4357 2014 4414; x_wconf 90' lang='lat' dir='ltr'><strong>sine</strong></span> <span class='ocrx_word' id='word_1_695' title='bbox 2040 4357 2413 4412; x_wconf 86' lang='lat' dir='ltr'><strong>misericordia</strong></span> <span class='ocrx_word' id='word_1_696' title='bbox 2452 4358 2652 4422; x_wconf 86' lang='lat' dir='ltr'><strong>vivere,</strong></span> <span class='ocrx_word' id='word_1_697' title='bbox 2679 4358 2793 4431; x_wconf 89' lang='lat' dir='ltr'><strong>jam</strong></span> <span class='ocrx_word' id='word_1_698' title='bbox 2816 4358 3082 4430; x_wconf 88' lang='lat' dir='ltr'><strong>judicium</strong></span> <span class='ocrx_word' id='word_1_699' title='bbox 3105 4362 3380 4421; x_wconf 89' lang='lat' dir='ltr'><strong>incurrere</strong></span> <span class='ocrx_word' id='word_1_700' title='bbox 3405 4365 3485 4420; x_wconf 85' lang='lat' dir='ltr'><strong>di-</strong></span> 
     </span>
    </p>
   </div>
   <div class='ocr_carea' id='block_1_87' title="bbox 157 4448 3492 4529">
    <p class='ocr_par' dir='ltr' id='par_1_87' title="bbox 157 4448 3492 4529">
     <span class='ocr_line' id='line_1_87' title="bbox 157 4448 3492 4529; baseline 0.001 -20"><span class='ocrx_word' id='word_1_701' title='bbox 157 4466 357 4512; x_wconf 82' lang='lat' dir='ltr'><strong>votum</strong></span> <span class='ocrx_word' id='word_1_702' title='bbox 387 4453 659 4517; x_wconf 78' lang='lat' dir='ltr'><strong>offertur,</strong></span> <span class='ocrx_word' id='word_1_703' title='bbox 687 4466 849 4522; x_wconf 90' lang='lat' dir='ltr'><strong>quam</strong></span> <span class='ocrx_word' id='word_1_704' title='bbox 883 4467 1079 4506; x_wconf 91' lang='lat' dir='ltr'><strong>munus</strong></span> <span class='ocrx_word' id='word_1_705' title='bbox 1117 4451 1325 4517; x_wconf 90' lang='lat' dir='ltr'><strong>cordis;</strong></span> <span class='ocrx_word' id='word_1_706' title='bbox 1353 4449 1496 4521; x_wconf 91' lang='lat' dir='ltr'><strong>quod</strong></span> <span class='ocrx_word' id='word_1_707' title='bbox 1544 4458 1602 4505; x_wconf 92' lang='lat' dir='ltr'><strong>et</strong></span> <span class='ocrx_word' id='word_1_708' title='bbox 1649 4449 1793 4505; x_wconf 88' lang='lat' dir='ltr'><strong>Deus</strong></span> <span class='ocrx_word' id='word_1_709' title='bbox 1826 4523 1860 4529; x_wconf 81' lang='lat'><strong><em>_</em></strong></span> <span class='ocrx_word' id='word_1_710' title='bbox 1896 4450 2108 4515; x_wconf 90' lang='lat' dir='ltr'><strong>vinum,</strong></span> <span class='ocrx_word' id='word_1_711' title='bbox 2136 4449 2262 4520; x_wconf 89' lang='lat' dir='ltr'><strong>quia</strong></span> <span class='ocrx_word' id='word_1_712' title='bbox 2281 4448 2550 4518; x_wconf 88' lang='lat' dir='ltr'><strong>judicium</strong></span> <span class='ocrx_word' id='word_1_713' title='bbox 2572 4451 2678 4507; x_wconf 90' lang='lat' dir='ltr'><strong>erit</strong></span> <span class='ocrx_word' id='word_1_714' title='bbox 2707 4452 2825 4507; x_wconf 91' lang='lat' dir='ltr'><strong>sine</strong></span> <span class='ocrx_word' id='word_1_715' title='bbox 2850 4453 3247 4523; x_wconf 89' lang='lat' dir='ltr'><strong>misericordia,</strong></span> <span class='ocrx_word' id='word_1_716' title='bbox 3279 4457 3371 4529; x_wconf 93' lang='lat' dir='ltr'><strong>qui</strong></span> <span class='ocrx_word' id='word_1_717' title='bbox 3408 4458 3492 4512; x_wconf 92' lang='lat' dir='ltr'><strong>in-</strong></span> 
     </span>
    </p>
   </div>
   <div class='ocr_carea' id='block_1_88' title="bbox 155 4523 1776 4617">
    <p class='ocr_par' dir='ltr' id='par_1_88' title="bbox 155 4540 1761 4617">
     <span class='ocr_line' id='line_1_88' title="bbox 155 4540 1761 4617; baseline -0.008 -14"><span class='ocrx_word' id='word_1_718' title='bbox 155 4556 284 4617; x_wconf 88' lang='lat' dir='ltr'><strong>post</strong></span> <span class='ocrx_word' id='word_1_719' title='bbox 311 4562 426 4604; x_wconf 78' lang='lat' dir='ltr'><strong>cor</strong></span> <span class='ocrx_word' id='word_1_720' title='bbox 451 4543 689 4614; x_wconf 84' lang='lat' dir='ltr'><strong>respicit</strong></span> <span class='ocrx_word' id='word_1_721' title='bbox 718 4558 785 4597; x_wconf 81' lang='lat' dir='ltr'><strong>ex</strong></span> <span class='ocrx_word' id='word_1_722' title='bbox 820 4557 927 4612; x_wconf 88' lang='lat' dir='ltr'><strong>quo</strong></span> <span class='ocrx_word' id='word_1_723' title='bbox 954 4551 1139 4597; x_wconf 86' lang='lat' dir='ltr'><strong>votum</strong></span> <span class='ocrx_word' id='word_1_724' title='bbox 1187 4540 1435 4599; x_wconf 79' lang='lat' dir='ltr'><strong>oll‘ertur.</strong></span> <span class='ocrx_word' id='word_1_725' title='bbox 1752 4598 1761 4601; x_wconf 27' lang='grc' dir='ltr'><em>ν</em></span> 
     </span>
    </p>
   </div>
   <div class='ocr_carea' id='block_1_89' title="bbox 1876 4523 3491 4617">
    <p class='ocr_par' dir='ltr' id='par_1_89' title="bbox 1898 4523 3491 4612">
     <span class='ocr_line' id='line_1_89' title="bbox 1898 4523 3491 4612; baseline 0.004 -17"><span class='ocrx_word' id='word_1_726' title='bbox 1898 4541 2306 4612; x_wconf 70' lang='lat' dir='ltr'><strong>prmsentiarum</strong></span> <span class='ocrx_word' id='word_1_727' title='bbox 2348 4555 2458 4595; x_wconf 88' lang='lat' dir='ltr'><strong>non</strong></span> <span class='ocrx_word' id='word_1_728' title='bbox 2504 4539 2634 4596; x_wconf 83' lang='lat' dir='ltr'><strong>facit</strong></span> <span class='ocrx_word' id='word_1_729' title='bbox 2663 4542 3119 4600; x_wconf 88' lang='lat' dir='ltr'><strong>misericordiam.</strong></span> <span class='ocrx_word' id='word_1_730' title='bbox 3150 4542 3257 4601; x_wconf 90' lang='lat' dir='ltr'><strong>Sed</strong></span> <span class='ocrx_word' id='word_1_731' title='bbox 3281 4523 3491 4602; x_wconf 80' lang='lat' dir='ltr'><strong>miseri-</strong></span> 
     </span>
    </p>
   </div>
   <div class='ocr_carea' id='block_1_90' title="bbox 243 4623 3493 4707">
    <p class='ocr_par' dir='ltr' id='par_1_90' title="bbox 243 4623 3493 4707">
     <span class='ocr_line' id='line_1_90' title="bbox 243 4623 3493 4707; baseline 0.001 -18"><span class='ocrx_word' id='word_1_732' title='bbox 243 4635 345 4692; x_wconf 73' lang='grc' dir='ltr'><strong><em>γιε</em></strong></span> <span class='ocrx_word' id='word_1_733' title='bbox 369 4635 562 4699; x_wconf 78' lang='lat' dir='ltr'><strong>vobis,</strong></span> <span class='ocrx_word' id='word_1_734' title='bbox 592 4631 793 4688; x_wconf 75' lang='lat' dir='ltr'><strong>Scriba:</strong></span> <span class='ocrx_word' id='word_1_735' title='bbox 813 4640 861 4687; x_wconf 84' lang='lat' dir='ltr'><strong>et</strong></span> <span class='ocrx_word' id='word_1_736' title='bbox 895 4630 1159 4687; x_wconf 80' lang='lat' dir='ltr'><strong>Phariswi</strong></span> <span class='ocrx_word' id='word_1_737' title='bbox 1201 4632 1504 4703; x_wconf 73' lang='lat' dir='ltr'><strong>hypocrilw,</strong></span> <span class='ocrx_word' id='word_1_738' title='bbox 1533 4631 1623 4703; x_wconf 85' lang='lat' dir='ltr'><strong>qui</strong></span> <span class='ocrx_word' id='word_1_739' title='bbox 1655 4630 1796 4685; x_wconf 83' lang='lat' dir='ltr'><strong>deci-</strong></span> <span class='ocrx_word' id='word_1_740' title='bbox 1898 4633 2098 4690; x_wconf 74' lang='lat' dir='ltr'><strong>cordia:</strong></span> <span class='ocrx_word' id='word_1_741' title='bbox 2151 4631 2515 4702; x_wconf 90' lang='lat' dir='ltr'><strong>principatum</strong></span> <span class='ocrx_word' id='word_1_742' title='bbox 2560 4623 2669 4700; x_wconf 78' lang='lat' dir='ltr'><strong>est,</strong></span> <span class='ocrx_word' id='word_1_743' title='bbox 2718 4640 2777 4688; x_wconf 89' lang='lat' dir='ltr'><strong>ut</strong></span> <span class='ocrx_word' id='word_1_744' title='bbox 2836 4651 2866 4689; x_wconf 87' lang='lat' dir='ltr'><strong>a</strong></span> <span class='ocrx_word' id='word_1_745' title='bbox 2924 4635 3219 4706; x_wconf 90' lang='lat' dir='ltr'><strong>semetipso</strong></span> <span class='ocrx_word' id='word_1_746' title='bbox 3267 4635 3493 4707; x_wconf 85' lang='lat' dir='ltr'><strong>incipiat</strong></span> 
     </span>
    </p>
   </div>
   <div class='ocr_carea' id='block_1_91' title="bbox 152 4722 3532 4800">
    <p class='ocr_par' dir='ltr' id='par_1_91' title="bbox 152 4722 3532 4800">
     <span class='ocr_line' id='line_1_91' title="bbox 152 4722 3532 4800; baseline -0.001 -15"><span class='ocrx_word' id='word_1_747' title='bbox 152 4729 322 4785; x_wconf 64' lang='lat' dir='ltr'><strong>matis</strong></span> <span class='ocrx_word' id='word_1_748' title='bbox 346 4727 648 4784; x_wconf 79' lang='lat' dir='ltr'><strong>mentlmm</strong></span> <span class='ocrx_word' id='word_1_749' title='bbox 688 4733 735 4779; x_wconf 86' lang='lat' dir='ltr'><strong>et</strong></span> <span class='ocrx_word' id='word_1_750' title='bbox 757 4735 967 4779; x_wconf 83' lang='lat' dir='ltr'><strong>anetum</strong></span> <span class='ocrx_word' id='word_1_751' title='bbox 1010 4733 1057 4779; x_wconf 80' lang='lat' dir='ltr'><strong>et</strong></span> <span class='ocrx_word' id='word_1_752' title='bbox 1090 4725 1371 4796; x_wconf 82' lang='lat' dir='ltr'><strong>cyminum,</strong></span> <span class='ocrx_word' id='word_1_753' title='bbox 1418 4733 1465 4778; x_wconf 85' lang='lat' dir='ltr'><strong>et</strong></span> <span class='ocrx_word' id='word_1_754' title='bbox 1512 4723 1794 4795; x_wconf 76' lang='lat' dir='ltr'><strong>reliquistis</strong></span> <span class='ocrx_word' id='word_1_755' title='bbox 1898 4726 2083 4790; x_wconf 88' lang='lat' dir='ltr'><strong>homo,</strong></span> <span class='ocrx_word' id='word_1_756' title='bbox 2106 4724 2248 4780; x_wconf 88' lang='lat' dir='ltr'><strong>sicut</strong></span> <span class='ocrx_word' id='word_1_757' title='bbox 2276 4722 2540 4794; x_wconf 84' lang='lat' dir='ltr'><strong>scriptum</strong></span> <span class='ocrx_word' id='word_1_758' title='bbox 2579 4733 2685 4789; x_wconf 88' lang='lat' dir='ltr'><strong>est,</strong></span> <span class='ocrx_word' id='word_1_759' title='bbox 2737 4724 2986 4782; x_wconf 80' lang='lat' dir='ltr'><strong>Miserere</strong></span> <span class='ocrx_word' id='word_1_760' title='bbox 3012 4727 3204 4782; x_wconf 68' lang='lat' dir='ltr'><strong>animae</strong></span> <span class='ocrx_word' id='word_1_761' title='bbox 3238 4736 3344 4784; x_wconf 58' lang='lat' dir='ltr'><strong>tua?</strong></span> <span class='ocrx_word' id='word_1_762' title='bbox 3374 4728 3491 4800; x_wconf 86' lang='lat' dir='ltr'><strong>pla-</strong></span> <span class='ocrx_word' id='word_1_763' title='bbox 3524 4760 3532 4766; x_wconf 70' lang='grc' dir='ltr'><strong><em>ο</em></strong></span> 
     </span>
    </p>
   </div>
   <div class='ocr_carea' id='block_1_92' title="bbox 148 4812 3493 4892">
    <p class='ocr_par' dir='ltr' id='par_1_92' title="bbox 148 4812 3493 4892">
     <span class='ocr_line' id='line_1_92' title="bbox 148 4812 3493 4892; baseline 0.001 -19"><span class='ocrx_word' id='word_1_764' title='bbox 148 4833 275 4892; x_wconf 67' lang='lat' dir='ltr'><strong>que</strong></span> <span class='ocrx_word' id='word_1_765' title='bbox 327 4816 614 4891; x_wconf 73' lang='lat' dir='ltr'><strong>graviora</strong></span> <span class='ocrx_word' id='word_1_766' title='bbox 658 4824 778 4868; x_wconf 79' lang='lat' dir='ltr'><strong>sunt</strong></span> <span class='ocrx_word' id='word_1_767' title='bbox 803 4812 949 4885; x_wconf 79' lang='lat' dir='ltr'><strong>legis,</strong></span> <span class='ocrx_word' id='word_1_768' title='bbox 967 4813 1250 4885; x_wconf 81' lang='lat' dir='ltr'><strong>judicium,</strong></span> <span class='ocrx_word' id='word_1_769' title='bbox 1277 4823 1324 4869; x_wconf 77' lang='lat' dir='ltr'><strong>et</strong></span> <span class='ocrx_word' id='word_1_770' title='bbox 1353 4814 1792 4879; x_wconf 78' lang='lat' dir='ltr'><strong>misericordiam,</strong></span> <span class='ocrx_word' id='word_1_771' title='bbox 1897 4832 2016 4871; x_wconf 83' lang='lat' dir='ltr'><strong>cens</strong></span> <span class='ocrx_word' id='word_1_772' title='bbox 2061 4814 2171 4869; x_wconf 88' lang='lat' dir='ltr'><strong>Deo</strong></span> <span class='ocrx_word' id='word_1_773' title='bbox 2204 4812 2394 4885; x_wconf 85' lang='lat' dir='ltr'><strong>(Eccli.</strong></span> <span class='ocrx_word' id='word_1_774' title='bbox 2436 4831 2567 4881; x_wconf 81' lang='lat' dir='ltr'><strong>xxx,</strong></span> <span class='ocrx_word' id='word_1_775' title='bbox 2614 4815 2737 4888; x_wconf 72' lang='lat'><strong>24);</strong></span> <span class='ocrx_word' id='word_1_776' title='bbox 2770 4818 2963 4874; x_wconf 87' lang='lat' dir='ltr'><strong>deinde</strong></span> <span class='ocrx_word' id='word_1_777' title='bbox 2988 4834 3087 4890; x_wconf 91' lang='lat' dir='ltr'><strong>per</strong></span> <span class='ocrx_word' id='word_1_778' title='bbox 3113 4834 3302 4877; x_wconf 86' lang='lat' dir='ltr'><strong>omnes</strong></span> <span class='ocrx_word' id='word_1_779' title='bbox 3342 4821 3493 4878; x_wconf 82' lang='lat' dir='ltr'><strong>vadit</strong></span> 
     </span>
    </p>
   </div>
   <div class='ocr_carea' id='block_1_93' title="bbox 147 4904 3493 4983">
    <p class='ocr_par' dir='ltr' id='par_1_93' title="bbox 147 4904 3493 4983">
     <span class='ocr_line' id='line_1_93' title="bbox 147 4904 3493 4983; baseline 0.002 -24"><span class='ocrx_word' id='word_1_780' title='bbox 147 4921 199 4964; x_wconf 78' lang='grc' dir='ltr'><em>ει</em></span> <span class='ocrx_word' id='word_1_781' title='bbox 222 4911 440 4981; x_wconf 72' lang='lat' dir='ltr'><strong>ﬁdem.</strong></span> <span class='ocrx_word' id='word_1_782' title='bbox 479 4904 626 4962; x_wconf 72' lang='grc' dir='ltr'><strong>Ηιεε</strong></span> <span class='ocrx_word' id='word_1_783' title='bbox 659 4906 887 4976; x_wconf 78' lang='lat' dir='ltr'><strong>aporluit</strong></span> <span class='ocrx_word' id='word_1_784' title='bbox 936 4906 1132 4977; x_wconf 79' lang='lat' dir='ltr'><strong>facere,</strong></span> <span class='ocrx_word' id='word_1_785' title='bbox 1163 4917 1211 4961; x_wconf 83' lang='lat' dir='ltr'><strong>et</strong></span> <span class='ocrx_word' id='word_1_786' title='bbox 1260 4906 1354 4960; x_wconf 85' lang='lat' dir='ltr'><strong>illa</strong></span> <span class='ocrx_word' id='word_1_787' title='bbox 1402 4924 1505 4961; x_wconf 88' lang='lat' dir='ltr'><strong>non</strong></span> <span class='ocrx_word' id='word_1_788' title='bbox 1535 4907 1793 4962; x_wconf 76' lang='lat' dir='ltr'><strong>omittere.</strong></span> <span class='ocrx_word' id='word_1_789' title='bbox 1898 4911 2194 4982; x_wconf 85' lang='lat' dir='ltr'><strong>proximos,</strong></span> <span class='ocrx_word' id='word_1_790' title='bbox 2210 4909 2335 4980; x_wconf 87' lang='lat' dir='ltr'><strong>quia</strong></span> <span class='ocrx_word' id='word_1_791' title='bbox 2353 4907 2500 4964; x_wconf 84' lang='lat' dir='ltr'><strong>solus</strong></span> <span class='ocrx_word' id='word_1_792' title='bbox 2523 4908 2611 4964; x_wconf 91' lang='lat' dir='ltr'><strong>ille</strong></span> <span class='ocrx_word' id='word_1_793' title='bbox 2629 4909 2753 4980; x_wconf 89' lang='lat' dir='ltr'><strong>jure</strong></span> <span class='ocrx_word' id='word_1_794' title='bbox 2777 4911 3058 4983; x_wconf 84' lang='lat' dir='ltr'><strong>proximus</strong></span> <span class='ocrx_word' id='word_1_795' title='bbox 3073 4910 3493 4983; x_wconf 84' lang='lat' dir='ltr'><strong>habetur,juxta</strong></span> 
     </span>
    </p>
   </div>
   <div class='ocr_carea' id='block_1_94' title="bbox 148 4997 3490 5077">
    <p class='ocr_par' dir='ltr' id='par_1_94' title="bbox 148 4997 3490 5077">
     <span class='ocr_line' id='line_1_94' title="bbox 148 4997 3490 5077; baseline 0.001 -20"><span class='ocrx_word' id='word_1_796' title='bbox 148 5002 247 5063; x_wconf 65' lang='lat' dir='ltr'><strong>Vae</strong></span> <span class='ocrx_word' id='word_1_797' title='bbox 274 5014 503 5060; x_wconf 84' lang='lat' dir='ltr'><strong>autem</strong></span> <span class='ocrx_word' id='word_1_798' title='bbox 540 4998 672 5067; x_wconf 90' lang='lat' dir='ltr'><strong>illis,</strong></span> <span class='ocrx_word' id='word_1_799' title='bbox 706 4999 833 5070; x_wconf 89' lang='lat' dir='ltr'><strong>quia</strong></span> <span class='ocrx_word' id='word_1_800' title='bbox 864 5000 1043 5056; x_wconf 91' lang='lat' dir='ltr'><strong>omnia</strong></span> <span class='ocrx_word' id='word_1_801' title='bbox 1074 5014 1238 5070; x_wconf 90' lang='lat' dir='ltr'><strong>opera</strong></span> <span class='ocrx_word' id='word_1_802' title='bbox 1261 5015 1358 5054; x_wconf 86' lang='lat' dir='ltr'><strong>sua</strong></span> <span class='ocrx_word' id='word_1_803' title='bbox 1382 4997 1681 5069; x_wconf 90' lang='lat' dir='ltr'><strong>liquabant,</strong></span> <span class='ocrx_word' id='word_1_804' title='bbox 1738 5008 1799 5054; x_wconf 91' lang='lat' dir='ltr'><strong>ut</strong></span> <span class='ocrx_word' id='word_1_805' title='bbox 1907 5000 2279 5074; x_wconf 88' lang='lat' dir='ltr'><strong>Evangelinm.</strong></span> <span class='ocrx_word' id='word_1_806' title='bbox 2302 5001 2393 5070; x_wconf 91' lang='lat' dir='ltr'><strong>qui</strong></span> <span class='ocrx_word' id='word_1_807' title='bbox 2416 5000 2552 5056; x_wconf 85' lang='lat' dir='ltr'><strong>facit</strong></span> <span class='ocrx_word' id='word_1_808' title='bbox 2580 5002 3031 5059; x_wconf 88' lang='lat' dir='ltr'><strong>misericordiam.</strong></span> <span class='ocrx_word' id='word_1_809' title='bbox 3058 5002 3183 5059; x_wconf 82' lang='lat' dir='ltr'><strong>llaec</strong></span> <span class='ocrx_word' id='word_1_810' title='bbox 3204 5011 3330 5060; x_wconf 89' lang='lat' dir='ltr'><strong>sunt</strong></span> <span class='ocrx_word' id='word_1_811' title='bbox 3357 5003 3490 5077; x_wconf 89' lang='lat' dir='ltr'><strong>legis</strong></span> 
     </span>
    </p>
   </div>
   <div class='ocr_carea' id='block_1_95' title="bbox 146 5089 3496 5169">
    <p class='ocr_par' dir='ltr' id='par_1_95' title="bbox 146 5089 3496 5169">
     <span class='ocr_line' id='line_1_95' title="bbox 146 5089 3496 5169; baseline 0.001 -18"><span class='ocrx_word' id='word_1_812' title='bbox 146 5095 523 5151; x_wconf 74' lang='lat' dir='ltr'><strong>viderentur</strong></span> <span class='ocrx_word' id='word_1_813' title='bbox 544 5091 615 5145; x_wconf 87' lang='lat' dir='ltr'><strong>ab</strong></span> <span class='ocrx_word' id='word_1_814' title='bbox 643 5089 972 5155; x_wconf 84' lang='lat' dir='ltr'><strong>hominibus,</strong></span> <span class='ocrx_word' id='word_1_815' title='bbox 995 5098 1052 5145; x_wconf 83' lang='lat' dir='ltr'><strong>el</strong></span> <span class='ocrx_word' id='word_1_816' title='bbox 1072 5090 1194 5146; x_wconf 80' lang='lat' dir='ltr'><strong>ideo</strong></span> <span class='ocrx_word' id='word_1_817' title='bbox 1223 5089 1522 5162; x_wconf 64' lang='lat' dir='ltr'><strong>hypocrita:</strong></span> <span class='ocrx_word' id='word_1_818' title='bbox 1556 5090 1678 5161; x_wconf 80' lang='lat' dir='ltr'><strong>iure</strong></span> <span class='ocrx_word' id='word_1_819' title='bbox 1700 5105 1799 5145; x_wconf 73' lang='grc' dir='ltr'><strong>νο·</strong></span> <span class='ocrx_word' id='word_1_820' title='bbox 1905 5103 2174 5169; x_wconf 60' lang='lat' dir='ltr'><strong>praecepta</strong></span> <span class='ocrx_word' id='word_1_821' title='bbox 2219 5110 2340 5166; x_wconf 72' lang='lat' dir='ltr'><strong>qua:</strong></span> <span class='ocrx_word' id='word_1_822' title='bbox 2367 5094 2618 5166; x_wconf 88' lang='lat' dir='ltr'><strong>graviora</strong></span> <span class='ocrx_word' id='word_1_823' title='bbox 2668 5096 2921 5151; x_wconf 90' lang='lat' dir='ltr'><strong>dicuntur</strong></span> <span class='ocrx_word' id='word_1_824' title='bbox 2950 5112 2980 5152; x_wconf 88' lang='lat' dir='ltr'><strong>a</strong></span> <span class='ocrx_word' id='word_1_825' title='bbox 3036 5095 3266 5152; x_wconf 87' lang='lat' dir='ltr'><strong>Domino</strong></span> <span class='ocrx_word' id='word_1_826' title='bbox 3289 5137 3305 5163; x_wconf 96' lang='lat'><strong>,</strong></span> <span class='ocrx_word' id='word_1_827' title='bbox 3352 5101 3496 5156; x_wconf 88' lang='lat' dir='ltr'><strong>sicut</strong></span> 
     </span>
    </p>
   </div>
   <div class='ocr_carea' id='block_1_96' title="bbox 144 5180 3496 5254">
    <p class='ocr_par' dir='ltr' id='par_1_96' title="bbox 144 5180 3496 5254">
     <span class='ocr_line' id='line_1_96' title="bbox 144 5180 3496 5254; baseline -0.001 -10"><span class='ocrx_word' id='word_1_828' title='bbox 144 5200 391 5244; x_wconf 87' lang='lat' dir='ltr'><strong>cantur.</strong></span> <span class='ocrx_word' id='word_1_829' title='bbox 432 5182 570 5240; x_wconf 84' lang='lat' dir='ltr'><strong>Sed</strong></span> <span class='ocrx_word' id='word_1_830' title='bbox 611 5183 964 5252; x_wconf 63' lang='lat' dir='ltr'><strong>quaerendum</strong></span> <span class='ocrx_word' id='word_1_831' title='bbox 988 5181 1262 5253; x_wconf 91' lang='lat' dir='ltr'><strong>quomodo</strong></span> <span class='ocrx_word' id='word_1_832' title='bbox 1313 5181 1655 5237; x_wconf 89' lang='lat' dir='ltr'><strong>decimabant</strong></span> <span class='ocrx_word' id='word_1_833' title='bbox 1705 5198 1803 5238; x_wconf 84' lang='lat' dir='ltr'><strong>sua</strong></span> <span class='ocrx_word' id='word_1_834' title='bbox 1905 5181 2067 5254; x_wconf 80' lang='lat'><strong>953</strong></span> <span class='ocrx_word' id='word_1_835' title='bbox 2111 5188 2169 5236; x_wconf 90' lang='lat' dir='ltr'><strong>et</strong></span> <span class='ocrx_word' id='word_1_836' title='bbox 2199 5180 2303 5235; x_wconf 87' lang='lat' dir='ltr'><strong>alia</strong></span> <span class='ocrx_word' id='word_1_837' title='bbox 2332 5196 2494 5251; x_wconf 86' lang='lat' dir='ltr'><strong>quam</strong></span> <span class='ocrx_word' id='word_1_838' title='bbox 2524 5180 2778 5250; x_wconf 87' lang='lat' dir='ltr'><strong>plurima.</strong></span> <span class='ocrx_word' id='word_1_839' title='bbox 2815 5180 2923 5235; x_wconf 87' lang='lat' dir='ltr'><strong>Sed</strong></span> <span class='ocrx_word' id='word_1_840' title='bbox 2946 5181 3000 5235; x_wconf 92' lang='lat' dir='ltr'><strong>in</strong></span> <span class='ocrx_word' id='word_1_841' title='bbox 3051 5182 3138 5237; x_wconf 89' lang='lat' dir='ltr'><strong>his</strong></span> <span class='ocrx_word' id='word_1_842' title='bbox 3180 5182 3351 5239; x_wconf 87' lang='lat' dir='ltr'><strong>tribus</strong></span> <span class='ocrx_word' id='word_1_843' title='bbox 3378 5199 3496 5239; x_wconf 85' lang='lat' dir='ltr'><strong>om-</strong></span> 
     </span>
    </p>
   </div>
   <div class='ocr_carea' id='block_1_97' title="bbox 144 5272 3493 5347">
    <p class='ocr_par' dir='ltr' id='par_1_97' title="bbox 144 5272 3493 5347">
     <span class='ocr_line' id='line_1_97' title="bbox 144 5272 3493 5347; baseline -0.002 -9"><span class='ocrx_word' id='word_1_844' title='bbox 144 5280 385 5339; x_wconf 67' lang='lat' dir='ltr'><strong>Scriba:</strong></span> <span class='ocrx_word' id='word_1_845' title='bbox 408 5290 482 5335; x_wconf 79' lang='lat' dir='ltr'><strong>et</strong></span> <span class='ocrx_word' id='word_1_846' title='bbox 504 5274 800 5342; x_wconf 67' lang='lat' dir='ltr'><strong>Pharisaei,</strong></span> <span class='ocrx_word' id='word_1_847' title='bbox 830 5278 897 5332; x_wconf 89' lang='lat' dir='ltr'><strong>ad</strong></span> <span class='ocrx_word' id='word_1_848' title='bbox 936 5291 1072 5347; x_wconf 91' lang='lat' dir='ltr'><strong>quos</strong></span> <span class='ocrx_word' id='word_1_849' title='bbox 1100 5285 1156 5331; x_wconf 91' lang='lat' dir='ltr'><strong>et</strong></span> <span class='ocrx_word' id='word_1_850' title='bbox 1183 5275 1250 5331; x_wconf 89' lang='lat' dir='ltr'><strong>de</strong></span> <span class='ocrx_word' id='word_1_851' title='bbox 1300 5274 1496 5346; x_wconf 87' lang='lat' dir='ltr'><strong>quibus</strong></span> <span class='ocrx_word' id='word_1_852' title='bbox 1549 5274 1803 5346; x_wconf 88' lang='lat' dir='ltr'><strong>loqueba-</strong></span> <span class='ocrx_word' id='word_1_853' title='bbox 1908 5274 1994 5329; x_wconf 89' lang='lat' dir='ltr'><strong>nis</strong></span> <span class='ocrx_word' id='word_1_854' title='bbox 2019 5272 2231 5344; x_wconf 87' lang='lat' dir='ltr'><strong>justitia</strong></span> <span class='ocrx_word' id='word_1_855' title='bbox 2257 5281 2633 5338; x_wconf 88' lang='lat' dir='ltr'><strong>conservatur,</strong></span> <span class='ocrx_word' id='word_1_856' title='bbox 2660 5280 2717 5326; x_wconf 90' lang='lat' dir='ltr'><strong>et</strong></span> <span class='ocrx_word' id='word_1_857' title='bbox 2756 5272 2993 5328; x_wconf 89' lang='lat' dir='ltr'><strong>charitas</strong></span> <span class='ocrx_word' id='word_1_858' title='bbox 3018 5286 3034 5327; x_wconf 90' lang='lat'><strong>:</strong></span> <span class='ocrx_word' id='word_1_859' title='bbox 3063 5289 3172 5329; x_wconf 89' lang='lat' dir='ltr'><strong>non</strong></span> <span class='ocrx_word' id='word_1_860' title='bbox 3200 5273 3493 5341; x_wconf 88' lang='lat' dir='ltr'><strong>immerito,</strong></span> 
     </span>
    </p>
   </div>
   <div class='ocr_carea' id='block_1_98' title="bbox 142 5364 3499 5445">
    <p class='ocr_par' dir='ltr' id='par_1_98' title="bbox 142 5364 3499 5445">
     <span class='ocr_line' id='line_1_98' title="bbox 142 5364 3499 5445; baseline 0 -22"><span class='ocrx_word' id='word_1_861' title='bbox 142 5382 263 5441; x_wconf 79' lang='lat' dir='ltr'><strong>tur,</strong></span> <span class='ocrx_word' id='word_1_862' title='bbox 297 5367 657 5445; x_wconf 66' lang='grc' dir='ltr'><strong>ρι-εεεεηίιιι</strong></span> <span class='ocrx_word' id='word_1_863' title='bbox 683 5383 805 5423; x_wconf 90' lang='lat' dir='ltr'><strong>cum</strong></span> <span class='ocrx_word' id='word_1_864' title='bbox 827 5367 931 5439; x_wconf 88' lang='lat' dir='ltr'><strong>ipsi</strong></span> <span class='ocrx_word' id='word_1_865' title='bbox 962 5369 1274 5426; x_wconf 86' lang='lat' dir='ltr'><strong>sacerdotes</strong></span> <span class='ocrx_word' id='word_1_866' title='bbox 1312 5381 1469 5428; x_wconf 85' lang='lat' dir='ltr'><strong>erant</strong></span> <span class='ocrx_word' id='word_1_867' title='bbox 1496 5382 1553 5429; x_wconf 81' lang='lat' dir='ltr'><strong>et</strong></span> <span class='ocrx_word' id='word_1_868' title='bbox 1583 5375 1804 5444; x_wconf 48' lang='lat' dir='ltr'><strong>Levita},</strong></span> <span class='ocrx_word' id='word_1_869' title='bbox 1911 5367 2035 5439; x_wconf 84' lang='lat' dir='ltr'><strong>quia</strong></span> <span class='ocrx_word' id='word_1_870' title='bbox 2064 5364 2527 5439; x_wconf 66' lang='lat' dir='ltr'><strong>praetermiserant</strong></span> <span class='ocrx_word' id='word_1_871' title='bbox 2551 5380 2637 5430; x_wconf 89' lang='lat' dir='ltr'><strong>ea,</strong></span> <span class='ocrx_word' id='word_1_872' title='bbox 2666 5365 2872 5422; x_wconf 72' lang='lat' dir='ltr'><strong>Scriba:</strong></span> <span class='ocrx_word' id='word_1_873' title='bbox 2891 5376 2947 5421; x_wconf 89' lang='lat' dir='ltr'><strong>et</strong></span> <span class='ocrx_word' id='word_1_874' title='bbox 2971 5364 3227 5423; x_wconf 72' lang='lat' dir='ltr'><strong>Pharisaei</strong></span> <span class='ocrx_word' id='word_1_875' title='bbox 3252 5383 3283 5421; x_wconf 92' lang='lat' dir='ltr'><strong>a</strong></span> <span class='ocrx_word' id='word_1_876' title='bbox 3315 5364 3499 5424; x_wconf 87' lang='lat' dir='ltr'><strong>Domi-</strong></span> 
     </span>
    </p>
   </div>
   <div class='ocr_carea' id='block_1_99' title="bbox 140 5460 3498 5544">
    <p class='ocr_par' dir='ltr' id='par_1_99' title="bbox 140 5460 3498 5544">
     <span class='ocr_line' id='line_1_99' title="bbox 140 5460 3498 5544; baseline -0.002 -20"><span class='ocrx_word' id='word_1_877' title='bbox 140 5469 245 5544; x_wconf 87' lang='lat' dir='ltr'><strong>qui</strong></span> <span class='ocrx_word' id='word_1_878' title='bbox 289 5466 515 5540; x_wconf 79' lang='lat' dir='ltr'><strong>magis</strong></span> <span class='ocrx_word' id='word_1_879' title='bbox 552 5460 893 5533; x_wconf 89' lang='lat' dir='ltr'><strong>accipiebant</strong></span> <span class='ocrx_word' id='word_1_880' title='bbox 918 5461 1160 5519; x_wconf 90' lang='lat' dir='ltr'><strong>decimas</strong></span> <span class='ocrx_word' id='word_1_881' title='bbox 1200 5479 1232 5520; x_wconf 93' lang='lat' dir='ltr'><strong>a</strong></span> <span class='ocrx_word' id='word_1_882' title='bbox 1264 5466 1462 5536; x_wconf 89' lang='lat' dir='ltr'><strong>popqu</strong></span> <span class='ocrx_word' id='word_1_883' title='bbox 1507 5483 1669 5538; x_wconf 84' lang='lat' dir='ltr'><strong>quam</strong></span> <span class='ocrx_word' id='word_1_884' title='bbox 1706 5469 1806 5525; x_wconf 71' lang='lat' dir='ltr'><strong>da-</strong></span> <span class='ocrx_word' id='word_1_885' title='bbox 1911 5477 1982 5517; x_wconf 91' lang='lat' dir='ltr'><strong>no</strong></span> <span class='ocrx_word' id='word_1_886' title='bbox 2027 5460 2393 5531; x_wconf 91' lang='lat' dir='ltr'><strong>corriguntur.</strong></span> <span class='ocrx_word' id='word_1_887' title='bbox 2448 5460 2558 5515; x_wconf 88' lang='lat' dir='ltr'><strong>Cur</strong></span> <span class='ocrx_word' id='word_1_888' title='bbox 2604 5470 2786 5516; x_wconf 87' lang='lat' dir='ltr'><strong>autem</strong></span> <span class='ocrx_word' id='word_1_889' title='bbox 2826 5461 3079 5518; x_wconf 92' lang='lat' dir='ltr'><strong>dicantur</strong></span> <span class='ocrx_word' id='word_1_890' title='bbox 3126 5463 3336 5534; x_wconf 83' lang='lat' dir='ltr'><strong>gravia,</strong></span> <span class='ocrx_word' id='word_1_891' title='bbox 3371 5478 3498 5519; x_wconf 90' lang='lat' dir='ltr'><strong>cum</strong></span> 
     </span>
    </p>
   </div>
   <div class='ocr_carea' id='block_1_100' title="bbox 140 5550 3501 5629">
    <p class='ocr_par' dir='ltr' id='par_1_100' title="bbox 140 5550 3501 5629">
     <span class='ocr_line' id='line_1_100' title="bbox 140 5550 3501 5629; baseline 0.002 -25"><span class='ocrx_word' id='word_1_892' title='bbox 140 5573 314 5629; x_wconf 62' lang='lat' dir='ltr'><strong>rem;</strong></span> <span class='ocrx_word' id='word_1_893' title='bbox 348 5557 485 5616; x_wconf 77' lang='lat' dir='ltr'><strong>nisi</strong></span> <span class='ocrx_word' id='word_1_894' title='bbox 523 5554 659 5624; x_wconf 85' lang='lat' dir='ltr'><strong>quia</strong></span> <span class='ocrx_word' id='word_1_895' title='bbox 688 5570 756 5609; x_wconf 83' lang='lat' dir='ltr'><strong>ex</strong></span> <span class='ocrx_word' id='word_1_896' title='bbox 786 5553 919 5624; x_wconf 89' lang='lat' dir='ltr'><strong>ipsis</strong></span> <span class='ocrx_word' id='word_1_897' title='bbox 951 5554 1171 5625; x_wconf 86' lang='lat' dir='ltr'><strong>quidam</strong></span> <span class='ocrx_word' id='word_1_898' title='bbox 1212 5557 1526 5614; x_wconf 80' lang='lat' dir='ltr'><strong>sacerdotes</strong></span> <span class='ocrx_word' id='word_1_899' title='bbox 1545 5567 1704 5614; x_wconf 89' lang='lat' dir='ltr'><strong>erant</strong></span> <span class='ocrx_word' id='word_1_900' title='bbox 1753 5568 1809 5614; x_wconf 90' lang='lat' dir='ltr'><strong>et</strong></span> <span class='ocrx_word' id='word_1_901' title='bbox 1912 5569 2072 5610; x_wconf 90' lang='lat' dir='ltr'><strong>omne</strong></span> <span class='ocrx_word' id='word_1_902' title='bbox 2097 5568 2238 5610; x_wconf 89' lang='lat' dir='ltr'><strong>onus</strong></span> <span class='ocrx_word' id='word_1_903' title='bbox 2261 5550 2462 5607; x_wconf 85' lang='lat' dir='ltr'><strong>Christi</strong></span> <span class='ocrx_word' id='word_1_904' title='bbox 2495 5552 2612 5607; x_wconf 90' lang='lat' dir='ltr'><strong>leve</strong></span> <span class='ocrx_word' id='word_1_905' title='bbox 2637 5553 2725 5619; x_wconf 89' lang='lat' dir='ltr'><strong>sit,</strong></span> <span class='ocrx_word' id='word_1_906' title='bbox 2757 5566 2862 5609; x_wconf 93' lang='lat' dir='ltr'><strong>non</strong></span> <span class='ocrx_word' id='word_1_907' title='bbox 2894 5554 3337 5611; x_wconf 90' lang='lat' dir='ltr'><strong>inconvenienter</strong></span> <span class='ocrx_word' id='word_1_908' title='bbox 3355 5569 3501 5627; x_wconf 65' lang='lat' dir='ltr'><strong>quc-</strong></span> 
     </span>
    </p>
   </div>
   <div class='ocr_carea' id='block_1_101' title="bbox 134 5642 3503 5721">
    <p class='ocr_par' dir='ltr' id='par_1_101' title="bbox 134 5642 3503 5721">
     <span class='ocr_line' id='line_1_101' title="bbox 134 5642 3503 5721; baseline -0.001 -11"><span class='ocrx_word' id='word_1_909' title='bbox 134 5649 402 5715; x_wconf 68' lang='lat' dir='ltr'><strong>Levitaz,</strong></span> <span class='ocrx_word' id='word_1_910' title='bbox 440 5643 693 5719; x_wconf 85' lang='lat' dir='ltr'><strong>quidam</strong></span> <span class='ocrx_word' id='word_1_911' title='bbox 715 5658 845 5699; x_wconf 90' lang='lat' dir='ltr'><strong>vero</strong></span> <span class='ocrx_word' id='word_1_912' title='bbox 890 5643 1203 5715; x_wconf 88' lang='lat' dir='ltr'><strong>populares.</strong></span> <span class='ocrx_word' id='word_1_913' title='bbox 1256 5645 1325 5702; x_wconf 87' lang='lat' dir='ltr'><strong>Et</strong></span> <span class='ocrx_word' id='word_1_914' title='bbox 1362 5657 1649 5721; x_wconf 85' lang='lat' dir='ltr'><strong>propterea</strong></span> <span class='ocrx_word' id='word_1_915' title='bbox 1699 5665 1808 5705; x_wconf 91' lang='lat' dir='ltr'><strong>non</strong></span> <span class='ocrx_word' id='word_1_916' title='bbox 1912 5648 2072 5703; x_wconf 89' lang='lat' dir='ltr'><strong>ritur.</strong></span> <span class='ocrx_word' id='word_1_917' title='bbox 2099 5645 2236 5714; x_wconf 89' lang='lat' dir='ltr'><strong>Quia</strong></span> <span class='ocrx_word' id='word_1_918' title='bbox 2267 5643 2310 5698; x_wconf 91' lang='lat' dir='ltr'><strong>si</strong></span> <span class='ocrx_word' id='word_1_919' title='bbox 2336 5642 2437 5698; x_wconf 85' lang='lat' dir='ltr'><strong>ista</strong></span> <span class='ocrx_word' id='word_1_920' title='bbox 2469 5645 2656 5714; x_wconf 88' lang='lat' dir='ltr'><strong>gravia</strong></span> <span class='ocrx_word' id='word_1_921' title='bbox 2680 5653 2826 5711; x_wconf 89' lang='lat' dir='ltr'><strong>sunt,</strong></span> <span class='ocrx_word' id='word_1_922' title='bbox 2851 5655 2906 5702; x_wconf 87' lang='lat' dir='ltr'><strong>et</strong></span> <span class='ocrx_word' id='word_1_923' title='bbox 2940 5656 3137 5704; x_wconf 59' lang='lat' dir='ltr'><strong>caetera</strong></span> <span class='ocrx_word' id='word_1_924' title='bbox 3192 5647 3332 5704; x_wconf 91' lang='lat' dir='ltr'><strong>levia</strong></span> <span class='ocrx_word' id='word_1_925' title='bbox 3378 5661 3503 5708; x_wconf 80' lang='lat' dir='ltr'><strong>esse</strong></span> 
     </span>
    </p>
   </div>
   <div class='ocr_carea' id='block_1_102' title="bbox 136 5733 1776 5816">
    <p class='ocr_par' dir='ltr' id='par_1_102' title="bbox 136 5735 1775 5816">
     <span class='ocr_line' id='line_1_102' title="bbox 136 5735 1775 5816; baseline -0.005 -11"><span class='ocrx_word' id='word_1_926' title='bbox 136 5746 586 5816; x_wconf 73' lang='lat' dir='ltr'><strong>incongruum</strong></span> <span class='ocrx_word' id='word_1_927' title='bbox 613 5745 718 5805; x_wconf 87' lang='lat' dir='ltr'><strong>est,</strong></span> <span class='ocrx_word' id='word_1_928' title='bbox 747 5735 794 5793; x_wconf 91' lang='lat' dir='ltr'><strong>si</strong></span> <span class='ocrx_word' id='word_1_929' title='bbox 818 5736 1086 5808; x_wconf 87' lang='lat' dir='ltr'><strong>duplicem</strong></span> <span class='ocrx_word' id='word_1_930' title='bbox 1118 5737 1278 5809; x_wconf 86' lang='lat' dir='ltr'><strong>hujus</strong></span> <span class='ocrx_word' id='word_1_931' title='bbox 1304 5738 1406 5796; x_wconf 88' lang='lat' dir='ltr'><strong>loci</strong></span> <span class='ocrx_word' id='word_1_932' title='bbox 1454 5740 1687 5798; x_wconf 90' lang='lat' dir='ltr'><strong>dicimus</strong></span> <span class='ocrx_word' id='word_1_933' title='bbox 1707 5742 1775 5798; x_wconf 88' lang='lat' dir='ltr'><strong>ha</strong></span> 
     </span>
    </p>
   </div>
   <div class='ocr_carea' id='block_1_103' title="bbox 1876 5733 3503 5816">
    <p class='ocr_par' dir='ltr' id='par_1_103' title="bbox 1914 5733 3503 5809">
     <span class='ocr_line' id='line_1_103' title="bbox 1914 5733 3503 5809; baseline 0 -15"><span class='ocrx_word' id='word_1_934' title='bbox 1914 5754 2022 5794; x_wconf 88' lang='lat' dir='ltr'><strong>non</strong></span> <span class='ocrx_word' id='word_1_935' title='bbox 2038 5740 2293 5809; x_wconf 82' lang='lat' dir='ltr'><strong>possunt;</strong></span> <span class='ocrx_word' id='word_1_936' title='bbox 2318 5733 2417 5790; x_wconf 89' lang='lat' dir='ltr'><strong>etsi</strong></span> <span class='ocrx_word' id='word_1_937' title='bbox 2447 5733 2584 5791; x_wconf 88' lang='lat' dir='ltr'><strong>levia</strong></span> <span class='ocrx_word' id='word_1_938' title='bbox 2624 5745 2778 5803; x_wconf 90' lang='lat' dir='ltr'><strong>sunt,</strong></span> <span class='ocrx_word' id='word_1_939' title='bbox 2824 5740 3274 5808; x_wconf 86' lang='lat' dir='ltr'><strong>quemadmodum</strong></span> <span class='ocrx_word' id='word_1_940' title='bbox 3316 5736 3503 5799; x_wconf 74' lang='lat' dir='ltr'><strong>Salva-</strong></span> 
     </span>
    </p>
   </div>
   <div class='ocr_carea' id='block_1_104' title="bbox 542 5829 3147 5904">
    <p class='ocr_par' dir='ltr' id='par_1_104' title="bbox 542 5829 3147 5904">
     <span class='ocr_line' id='line_1_104' title="bbox 542 5829 3147 5904; baseline 0.003 -16"><span class='ocrx_word' id='word_1_941' title='bbox 542 5829 823 5889; x_wconf 71' lang='lat' dir='ltr'><strong>Pnnon.</strong></span> <span class='ocrx_word' id='word_1_942' title='bbox 854 5829 1050 5904; x_wconf 76' lang='lat' dir='ltr'><strong>CXX.</strong></span> <span class='ocrx_word' id='word_1_943' title='bbox 2240 5894 2289 5904; x_wconf 78' lang='lat'>__</span> <span class='ocrx_word' id='word_1_944' title='bbox 3068 5835 3147 5897; x_wconf 73' lang='lat'><strong>25</strong></span> 
     </span>
    </p>
   </div>
   <div class='ocr_carea' id='block_1_105' title="bbox 1895 4172 3603 4253">
    <p class='ocr_par' dir='ltr' id='par_1_105' title="bbox 1895 4172 3603 4253">
     <span class='ocr_line' id='line_1_105' title="bbox 1895 4172 3603 4253; baseline 0.008 -27"><span class='ocrx_word' id='word_1_945' title='bbox 1895 4172 2126 4244; x_wconf 89' lang='lat' dir='ltr'><strong>quisque</strong></span> <span class='ocrx_word' id='word_1_946' title='bbox 2170 4188 2383 4239; x_wconf 87' lang='lat' dir='ltr'><strong>eorum,</strong></span> <span class='ocrx_word' id='word_1_947' title='bbox 2423 4172 2542 4228; x_wconf 91' lang='lat' dir='ltr'><strong>sine</strong></span> <span class='ocrx_word' id='word_1_948' title='bbox 2568 4174 2885 4246; x_wconf 88' lang='lat' dir='ltr'><strong>acceptione</strong></span> <span class='ocrx_word' id='word_1_949' title='bbox 2914 4191 3292 4247; x_wconf 88' lang='lat' dir='ltr'><strong>personarum,</strong></span> <span class='ocrx_word' id='word_1_950' title='bbox 3338 4180 3488 4253; x_wconf 86' lang='lat' dir='ltr'><strong>juste</strong></span> <span class='ocrx_word' id='word_1_951' title='bbox 3592 4203 3603 4209; x_wconf 78' lang='grc'><strong>-</strong></span> 
     </span>
    </p>
   </div>
  </div>
