4016 6354
630 318 732 401 m

1418 340 1473 399 s.
1515 338 1872 401 paseussn
1911 308 2254 398 exsecari
2292 336 2586 396 ABBATIS
2625 334 3075 397 consummas

3706 352 3784 416 ιιι

629 462 714 508 tor
750 454 843 519 ait,
894 455 1162 525 quomodo
1221 454 1309 509 hic
1372 454 1559 525 gravia
1615 453 1904 509 dicuntur?
1953 451 2207 517 Attende,
2236 457 2287 518 Α
2313 448 2444 517 Qua:
2479 450 2558 505 sic
2586 450 2794 521 pariter
2819 448 3044 519 junctae,
3106 452 3232 508 hinc
3270 453 3384 512 inde
3427 467 3606 516 certant
3647 476 3787 528 contra

624 556 827 616 quaeso,
885 544 1011 615 quia
1037 545 1139 601 etsi
1190 544 1323 601 levis
1367 544 1579 601 dicatur
1622 553 2014 616 praeceptorum
2052 557 2209 599 enor-

627 638 805 703 mitas,
834 652 973 692 onus
993 647 1173 693 tamen
1201 645 1426 694 vocatur
1453 655 1466 692 :
1497 637 1644 709 quod
1684 637 1732 693 si
1755 652 1914 703 onus,
1942 636 2211 707 quomodo

625 728 773 782 leve?
798 724 914 782 Nisi
943 728 1087 799 quod
1114 727 1218 783 alia
1267 736 1392 783 sunt
1439 742 1604 783 onera
1641 726 1913 793 vitiorum,
1953 742 2071 798 quae
2120 725 2213 780 de~

623 819 864 890 primunt
906 819 1188 876 hominem
1236 820 1304 875 ad
1354 820 1461 875 ima
1514 819 1843 885 inferorum;
1900 819 2003 873 alia
2044 832 2210 873 onera

626 912 1002 970 mandatorum
1029 911 1148 980 Dei,
1172 927 1292 985 qua:
1332 924 1567 980 servata,
1613 913 1793 969 levant
1839 912 2110 968 hominem
2143 910 2211 967 ad

622 1001 837 1057 excelsa
852 1001 1131 1060 calorum.
1163 1002 1293 1069 Qua
1312 1002 1431 1057 dua:
1458 1004 1779 1075 gravitates,
1828 1003 2072 1058 diversas
2113 1016 2208 1071 ap-

622 1104 812 1167 petunt
830 1105 1047 1169 partes;
1082 1096 1291 1153 scilicet
1307 1105 1565 1168 quantum
1596 1095 1804 1152 felicior
1831 1093 1919 1149 illa
1946 1108 2065 1163 qua:
2089 1108 2209 1147 sur-

620 1202 741 1247 sum
765 1190 953 1258 trahit,
982 1200 1193 1248 tantum
1227 1190 1494 1248 infelicior
1518 1206 1637 1261 qua:
1686 1190 1937 1245 deorsum
1989 1187 2205 1258 mergit.

619 1282 787 1342 Porro
798 1284 1006 1342 olerum
1021 1285 1259 1342 decimas
1270 1285 1400 1342 dare
1421 1300 1529 1341 non
1556 1281 1902 1354 reprehendit
1922 1280 2207 1361 Dominus,

618 1378 710 1435 sed
735 1377 861 1449 quia
874 1381 1143 1452 pmcipua
1158 1394 1384 1451 quaeque
1411 1393 1517 1433 non
1540 1376 1825 1441 curabant,
1843 1384 2025 1430 utrum
2038 1388 2210 1445 popu-

617 1471 700 1527 lus
714 1472 1028 1529 observaret
1042 1489 1109 1529 an
1132 1489 1260 1540 non,
1277 1487 1397 1545 quae
1412 1487 1511 1527 nec
1526 1471 1625 1542 ipsi
1643 1469 1809 1543 digito
1823 1467 2076 1524 volebant
2090 1481 2210 1531 mo—_

618 1578 762 1621 vere.
779 1564 850 1622 Et
864 1565 985 1623 ideo
1014 1568 1111 1632 ait,
1138 1563 1246 1620 Illa
1272 1565 1502 1636 oportuit
1526 1565 1781 1633 facere,et
1801 1562 1902 1615 ista
1926 1576 2028 1614 non
2045 1552 2203 1629 omit-:

615 1664 739 1713 tere.
782 1657 830 1715 0
868 1659 1134 1731 sapientia
1163 1658 1347 1714 divina
1394 1672 1559 1728 quam
1599 1655 1824 1725 provide
1866 1653 1920 1708 in
1952 1651 2205 1707 omnibus

614 1745 870 1819 loquitur!
888 1750 1113 1807 Dixerat
1130 1750 1274 1806 enim
1295 1764 1456 1819 supra
1483 1746 1624 1818 quod
1647 1762 1747 1801 nec
1770 1760 1907 1799 unus
1927 1759 2062 1813 apex
2080 1743 2203 1798 iotte

2314 540 2467 606 vitia,
2500 548 2557 595 ut
2581 548 2721 596 sicut
2746 539 2835 595 illa
2874 555 3003 596 suos
3049 542 3274 599 miseros
3319 543 3504 602 faciunt
3541 561 3790 627 sectatores,

2313 632 2387 688 ita
2408 646 2537 688 vero
2561 633 2678 688 ista:
2706 634 2913 689 beatos.
2946 634 3013 690 Et
3041 635 3169 706 quia
3203 633 3399 694 Scriba:
3421 649 3472 697 et
3495 640 3704 701 Pharisaei
3724 650 3794 705 mi

2313 726 2456 780 nima
2484 740 2708 795 quaeque
2734 723 3009 796 liquantes
3036 724 3352 796 oﬂ'crebant,
3371 729 3605 799 judicium
3636 751 3693 792 ex
3716 755 3796 810 quo

2304 815 2516 887 justitia
2565 817 2829 882 nascitur,
2883 825 2939 872 et
2986 819 3406 877 misericordiam
3452 824 3719 896 glutiebant,
3757 840 3799 888 et

2309 909 2463 978 quasi
2490 910 2557 964 ad
2581 908 2870 981 ingluviem
2894 913 3162 969 stomachi
3189 914 3563 988 demergehant.
3587 919 3801 981 Uudeuec

2311 1000 2583 1055 immerito
2610 999 2819 1056 duabus
2844 1001 2963 1057 istis
2987 1002 3403 1061 beatitudinibus
3433 1007 3641 1074 amissis,
3677 1026 3802 1069 unum

2311 1093 2483 1149 solum
2504 1109 2605 1161 vae,
2638 1104 2693 1149 et
2717 1094 3104 1165 sempiternum
3131 1106 3526 1166 contraxerant;
3561 1115 3618 1155 eo
3635 1102 3804 1172 quodin

2311 1184 2414 1240 hoc
2446 1199 2575 1251 uno,
2602 1193 2657 1240 et
2690 1184 2852 1241 ﬁdem
2889 1202 3009 1258 qua:
3046 1187 3100 1242 in
3122 1188 3290 1243 Deum
3318 1198 3417 1255 est,
3443 1189 3807 1258 calcaverant,et

2309 1288 2429 1344 quae
2461 1275 2696 1330 maxime
2719 1275 2864 1330 inter
2899 1277 3177 1347 proximos
3211 1288 3335 1334 sunt
3366 1279 3578 1337 virtutes
3616 1296 3805 1339 necessa-

2309 1367 2422 1433 riae,
2454 1382 2522 1423 ne
2544 1384 2666 1423 cum
2698 1368 2806 1424 ullo
2836 1370 3321 1438 communicarent,
3353 1372 3718 1430 absorbuerant.
3750 1374 3810 1432 ld-

2308 1460 2454 1516 eirco
2480 1460 2748 1532 duplicata
2769 1462 2822 1516 in
2852 1463 3122 1530 omnibus,
3138 1465 3286 1535 justo
3311 1463 3405 1521 Dei
3424 1464 3627 1535 judicio,
3648 1483 3727 1540 pro
3739 1484 3811 1526 sua

2308 1550 2597 1622 iniquitate
2627 1553 2752 1609 vita:
2777 1569 2888 1609 suae
2915 1554 3193 1626 dispendia
3214 1557 3576 1628 reportabant.

2386 1641 2479 1698 Va:
2508 1644 2672 1711 vobis,
2702 1645 2903 1701 Scriba:
2929 1657 2979 1701 et
3010 1644 3270 1703 Phariswi
3296 1650 3582 1720 hypocrita,
3608 1650 3810 1723 quintan-

2306 1737 2446 1792 datis
2470 1738 2611 1809 quod
2634 1739 2699 1792 de
2719 1739 2849 1810 foris
2872 1750 2947 1795 est
2970 1739 3148 1795 colicis
3171 1750 3221 1795 et
3262 1741 3568 1812 paropsidis,
3596 1741 3714 1795 intus
3743 1759 3816 1795 au-

612 1842 911 1914 prteterihit
938 1859 970 1898 a
994 1844 1134 1915 lege,
1160 1843 1366 1899 ideirco
1388 1852 1441 1898 et
1465 1857 1628 1906 nunc,
1655 1856 1755 1896 nec
1780 1838 2199 1895 deeimationem
2232 1826 2277 1886 Β
2305 1835 2408 1881 τεπι
2432 1825 2574 1898 Ριεηὶ
2615 1829 2737 1882 alii
2768 1829 2957 1899 ναρὶηο
3002 1839 3050 1884 ει
3088 1828 3442 1884 inmunditia.
3473 1827 3597 1884 Nam
3623 1829 3707 1885 sub
3730 1844 3816 1901 spe-

613 1933 960 1990 minimarum
993 1951 1175 1990 rerum
1227 1933 1453 2000 relaxat,
1505 1932 1597 1988 sed
1647 1942 1706 1987 ut
1755 1933 1936 1988 omnia
1991 1931 2201 2002 integre

612 2024 1003 2095 compleantur.
1032 2024 1380 2081 Mandaverat
1414 2024 1559 2081 enim
1588 2023 1851 2096 judicium
1902 2039 2113 2088 verum,
2147 2032 2202 2079 et

609 2113 867 2183 iustitiam
903 2131 1143 2181 servare,
1172 2116 1599 2172 misericordiam
1642 2114 1848 2180 facere,
1899 2122 1954 2169 et
1996 2115 2201 2170 habere

613 2202 795 2273 fidem,
817 2217 1039 2277 propter
1066 2206 1289 2277 gloriam
1320 2206 1554 2262 nominis
1598 2205 1680 2261 sui
1733 2204 1974 2260 decimas
2017 2213 2199 2259 autem

611 2294 825 2363 on'erre,
847 2296 973 2353 licet
994 2305 1050 2353 et
1070 2299 1199 2367 ipsae
1221 2297 1289 2352 ad
1313 2297 1574 2352 honorem
1599 2295 1694 2351 Dei
1719 2295 1857 2351 datae
1870 2295 2195 2366 pertineant,

613 2392 793 2441 tamen
826 2396 1049 2458 propter
1076 2387 1364 2443 utilitatem
1409 2387 1751 2443 sacerdotum
1812 2386 2097 2451 dabantur,
2139 2395 2201 2443 ut

610 2476 797 2532 usibus
833 2491 1020 2532 eorum
1047 2475 1405 2533 deservirent.
1431 2475 1499 2531 Et
1528 2476 1653 2531 ideo
1681 2476 1820 2530 forte
1848 2476 2069 2531 minima
2105 2472 2203 2532 de-'

609 2567 872 2624 cimarum
918 2567 1209 2639 exigebant
1235 2567 1401 2623 etiam
1442 2566 1708 2634 oluscula,
1753 2567 1843 2637 qui
1889 2582 1993 2622 non
2014 2563 2197 2623 solum

610 2672 715 2714 non
735 2659 1003 2715 curabant
1028 2657 1252 2728 majora,
1282 2658 1326 2715 si
1368 2667 1460 2713 aut
1489 2657 1597 2729 ipsi
1625 2666 1720 2715 aut
1771 2658 1996 2730 populus
2028 2658 2196 2730 negli-

608 2759 778 2825 geret,
818 2766 1006 2807 verum
1043 2751 1205 2805 etiam
1239 2764 1338 2806 nec
1384 2749 1430 2804 si
1484 2748 1537 2803 in
1586 2746 1755 2801 Deum
1784 2747 2014 2818 quisque
2042 2755 2191 2804 atro-

609 2840 757 2895 ciora
780 2840 1115 2910 deliquisset,
1140 2838 1513 2911 corrigebatur
1541 2851 1607 2892 ne
1632 2846 1905 2909 peccaret.
1950 2836 2104 2893 Unde
2139 2844 2196 2893 et

612 2932 667 2988 in
694 2930 801 2987 ﬁne
820 2933 1141 2989 sententiam
1169 2946 1329 3001 quam
1364 2931 1502 2986 bene
1528 2928 1799 2985 concludit
1832 2944 2005 2994 suam,
2036 2929 2193 2984 duces

608 3027 755 3093 caci,
780 3026 1099 3092 mutantes,
1127 3024 1234 3089 vel,
1282 3023 1421 3080 sicut
1473 3022 1560 3079 alii
1605 3021 1822 3079 codices
1869 3020 2088 3087 habent,
2128 3021 2192 3075 ti-

606 3128 824 3191 quantes
852 3117 1089 3184 culicem,
1121 3126 1169 3172 ct
1215 3112 1475 3170 cometam
1512 3113 1807 3187 gluticntes.
1858 3110 1961 3169 Ubi
1993 3115 2192 3169 subau-

2305 1919 2386 1974 eie
2414 1934 2663 1975 vasorum
2693 1921 2940 1977 homines
2958 1922 3238 1993 designat;
3279 1932 3336 1978 et
3359 1939 3425 1978 ex
3454 1937 3516 1978 eo
3544 1924 3670 1994 quod
3695 1923 3818 1989 addit,

2304 2014 2371 2068 ab
2396 2013 2543 2069 intus
2569 2013 2710 2085 pleni
2733 2015 2866 2070 estis
2881 2016 3068 2088 rapina
3092 2026 3146 2071 et
3176 2016 3481 2088 iniquitate,
3499 2016 3709 2086 apertius
3726 2013 3818 2068 illud

2306 2104 2637 2159 manifestat.
2689 2105 2888 2160 Verum
2920 2103 3089 2163 Judaei
3138 2108 3355 2179 quoties
3403 2108 3678 2178 ingressuri
3712 2112 3825 2163 erant

2304 2196 2561 2267 templum
2587 2198 2857 2253 sacrificia
2887 2200 3139 2264 oblaturi,
3181 2209 3277 2255 aut
3306 2202 3420 2257 dies
3457 2200 3614 2256 festos
3637 2199 3821 2256 celebra-

2304 2290 2426 2352 turi,
2454 2305 2546 2346 seu
2578 2306 2644 2346 ex
2676 2291 2871 2347 itinere
2897 2291 3196 2358 venientes,
3228 2293 3439 2363 seipsos
3467 2308 3495 2347 a
3526 2291 3668 2358 foris,
3688 2299 3733 2345 et
3759 2305 3825 2345 ve-

2301 2382 2555 2437 stimenta
2586 2398 2704 2447 sua,
2737 2394 2789 2438 et
2817 2383 2999 2439 omnia
3041 2383 3298 2441 utensilia
3330 2383 3611 2440 lavabant:
3641 2398 3720 2438 cor
3754 2396 3820 2434 au-

2301 2481 2409 2529 tem
2441 2490 2621 2542 suum,
2647 2485 2704 2530 et
2727 2476 3117 2533 conscientiam
3142 2477 3292 2534 intus
3332 2493 3438 2533 non
3493 2476 3734 2541 lavabant,
3758 2489 3828 2529 nec

2300 2565 2571 2621 curabant
2618 2568 2882 2623 mundare
2926 2584 2958 2623 a
3007 2569 3263 2626 sordibus
3312 2569 3609 2640 pravitatis.
3639 2567 3761 2625 Unde
3791 2573 3828 2620 et

2299 2661 2440 2733 apud
2467 2659 2797 2741 Matthazum,
2824 2661 3012 2718 caiicis
3045 2670 3101 2718 et
3125 2663 3441 2735 paropsidis
3462 2680 3494 2719 a
3520 2662 3645 2719 foris
3664 2658 3833 2715 munda-

2299 2751 2375 2808 t'io
2424 2752 2654 2825 figurate
2691 2751 3080 2822 introducitur;
3107 2755 3252 2825 apud
3280 2754 3485 2810 Lucam
3534 2768 3653 2809 vero
3694 2748 3832 2807 calicis

2298 2854 2353 2899 et
2382 2845 2545 2899 catini
2574 2843 2776 2901 lavatio
2798 2856 3281 2902 commemoratur.
3315 2846 3484 2920 955
3509 2845 3725 2903 Calicem
3746 2840 3835 2914 qui-

2297 2932 2420 2993 dem
2451 2940 2611 2995 ambo
2637 2939 2841 3005 dicunt,
2865 2941 3009 3011 quod
3057 2956 3154 2998 vas
3210 2942 3280 2997 ad
3334 2943 3627 3014 potandum
3675 2950 3837 3007 semper

2300 3026 2547 3084 habetur.
2574 3029 2718 3103 Ergo
2766 3029 3111 3102 paropsidem
3157 3048 3271 3088 non
3313 3033 3481 3088 ambo
3505 3031 3750 3093 dixerunt,
3772 3022 3841 3082 sed

2300 3116 2386 3173 ille
2416 3119 2631 3188 quidem
2659 3121 2924 3188 catinum,
2943 3121 3043 3177 iste
3068 3131 3255 3178 autem
3278 3122 3645 3194 paropsidem.
3669 3118 3837 3177 Utrum-

608 3210 859 3267 diendum
881 3209 1022 3281 quod
1049 3222 1211 3279 supra
1238 3206 1471 3273 dixerat,
1505 3202 1597 3263 Va:
1631 3204 1802 3261 vobis.
1838 3202 1977 3271 Quia
2035 3204 2195 3260 mini-
2221 3190 2267 3251 (ἶ
2297 3222 2404 3279 que
2435 3217 2612 3264 tamen
2659 3225 2754 3266 vas
2780 3211 2848 3267 ad
2875 3212 3203 3268 vescendum
3256 3190 3510 3286 paratur.
3539 3211 3607 3269 Et
3651 3211 3754 3267 ideo
3772 3221 3840 3281 per

609 3316 694 3357 ma
708 3315 936 3371 quaeque
947 3298 1223 3356 offerendo
1247 3296 1640 3363 clariﬁcahant,
1658 3297 1762 3353 hoc
1782 3296 1979 3368 quippe
1991 3297 2196 3369 signiti-

607 3391 823 3448 cantius
850 3389 1102 3447 excolare
1141 3388 1225 3445 vel
1250 3388 1492 3461 eliquare
1521 3396 1699 3454 sonat,
1722 3388 1865 3458 quod
1891 3387 2191 3455 mentitam,

613 3493 855 3551 anetum,
880 3483 1179 3556 cyminum,
1228 3496 1321 3537 seu
1373 3479 1627 3551 quaelibet
1673 3494 1863 3551 parva,
1916 3495 2038 3552 quae
2094 3495 2195 3550 per

606 3576 833 3633 culicem
866 3575 1214 3641 denotantur,
1261 3574 1405 3646 quod
1440 3574 1517 3630 ita
1561 3575 1869 3647 pompatice
1916 3590 1979 3629 ac
2015 3574 2193 3630 lucide

605 3670 868 3741 parabant
892 3667 1087 3725 oﬂ'erre
1139 3683 1335 3740 parva,
1368 3675 1429 3722 ut
1470 3668 1648 3723 omnis
1690 3667 1970 3739 diligentia
2003 3667 2057 3723 in
2107 3668 2192 3724 his

605 3763 1076 3819 commendaretur
1125 3760 1398 3817 olusculis.
1456 3759 1523 3815 Et
1569 3759 1710 3826 ideo,
1770 3760 1895 3830 quia
1947 3775 2014 3815 ex
2059 3760 2191 3815 vitio

605 3850 969 3918 offerentium,
1010 3851 1174 3907 etiam
1220 3860 1276 3907 et
1326 3852 1443 3923 ipsa
1488 3850 1765 3907 immunda
1813 3850 2037 3916 ﬁebant,
2090 3866 2192 3906 nec

605 3944 877 4001 immerito
918 3944 1076 4000 culici
1123 3953 1528 4015 comparantur,
1573 3944 1716 4014 quod
1775 3953 1831 3999 et
1883 3960 2107 4016 parvum
2139 3952 2193 3999 et

602 4034 769 4111 95‘.
790 4036 1128 4092 immundum
1154 4045 1237 4092 est
1266 4036 1489 4109 animal,
1522 4035 1664 4091 sicut
1692 4042 1750 4089 et
1790 4035 2028 4091 camelos
2073 4050 2187 4090 ma-

604 4146 790 4203 gnum.
840 4129 992 4198 Quod
1043 4128 1266 4201 pessimi
1325 4127 1637 4184 sacerdotes
1695 4135 1822 4181 tunc
1870 4126 2188 4199 glutiebant,

604 4235 727 4277 cum
753 4218 989 4275 maxima
1012 4217 1109 4275 Dei
1142 4218 1394 4273 mandata
1425 4226 1646 4288 propter
1664 4217 1871 4273 ventris
1898 4216 2189 4290 ingluviem

606 4311 989 4379 absorbebant,
1005 4326 1104 4367 nec
1130 4310 1399 4365 curabant
1423 4308 1551 4380 quid
1576 4317 1671 4364 aut
1691 4308 1814 4381 ipsi,
1846 4318 1939 4366 aut
1962 4311 2190 4383 populus

605 4404 814 4477 peccati
837 4404 889 4458 in
917 4403 1086 4459 Deum
1112 4400 1496 4459 committeret.
1536 4399 1648 4458 Nec
1687 4402 1831 4458 enim
1879 4405 2190 4459 esuriebant

604 4503 662 4552 et
687 4494 943 4552 sitiebant
973 4493 1265 4565 iustitiam,
1303 4503 1360 4551 et
1413 4493 1537 4552 ideo
1588 4497 1823 4567 possessi
1855 4511 1886 4551 a
1924 4497 2185 4563 daemone,

608 4599 717 4645 tam
738 4588 961 4661 grandia
991 4588 1252 4645 virtutum
1280 4602 1471 4660 opera,
1513 4603 1579 4644 ac
1611 4588 1655 4643 si
1695 4587 1970 4642 immunda
2000 4597 2054 4643 et
2084 4598 2190 4643 tor-

504 4756 507 4759 _
604 4690 783 4748 tuosa,
808 4680 969 4752 gibbo
997 4677 1241 4751 depressi
1268 4679 1511 4735 avaritiae
1533 4678 1852 4752 glutiebant,
1886 4693 1953 4734 ne
2000 4677 2190 4750 imple-

605 4786 794 4833 rentur
831 4790 994 4846 opera
1034 4790 1153 4845 qua:
1177 4772 1328 4843 jussa
1359 4781 1534 4830 erant.
1562 4771 1763 4828 Omnes
1816 4786 2050 4841 namque
2093 4772 2188 4826 ho-

603 4870 780 4926 mines
808 4878 903 4923 aut
922 4866 1135 4940 judices
1162 4873 1288 4922 sunt
1314 4873 1409 4920 aut
1436 4870 1692 4926 rectores,
1746 4862 2018 4933 spiritales
2037 4862 2185 4918 vide—

604 4962 735 5019 licet
762 4969 858 5018 aut
884 4958 1216 5023 mundiales,
1246 4965 1340 5012 aut
1378 4965 1526 5012 certe
1558 4956 1752 5026 reliqui
1786 4956 1886 5011 sub
1911 4954 2188 5024 judicibus

604 5062 732 5111 sunt
759 5062 814 5110 et
848 5051 1173 5109 rectoribus.
1221 5048 1427 5118 Quibus
1474 5048 1784 5104 necessaria
1829 5055 1933 5115 est,
1957 5056 2065 5102 tam
2096 5046 2188 5115 qui

602 5154 863 5216 praesunt,
885 5161 1048 5217 quam
1073 5150 1127 5199 et
1147 5142 1238 5215 qui
1262 5143 1660 5211 obsequuntur,
1679 5140 1813 5199 ﬁdes
1836 5156 1960 5195 vera
1986 5148 2041 5194 et
2061 5154 2189 5209 ope-

606 5238 749 5295 ratio
770 5238 931 5305 bona,
965 5245 1026 5292 ut
1071 5236 1279 5307 possint
1332 5233 1613 5306 percipere
1657 5231 1756 5286 has
1798 5230 2188 5297 beatitudines,

608 5347 728 5403 quae
756 5331 885 5387 huic
914 5329 1031 5385 loco
1062 5328 1337 5386 contraria
1378 5323 1703 5397 junguntur,
1749 5321 2013 5389 Quoniam
2056 5322 2193 5377 beati

606 5424 695 5497 qui
721 5423 957 5478 esuriant
986 5433 1033 5476 et
1053 5423 1236 5476 sitiunt
1254 5419 1519 5491 justitiam
1544 5413 1916 5488 (Matth.v,6).
1948 5415 2045 5469 Hic
2073 5415 2190 5469 duae

606 5514 971 5570 beatitudines
1025 5512 1249 5567 veniunt
1298 5518 1488 5566 contra
1550 5507 1652 5562 hoe
1708 5521 1869 5560 unum
1919 5521 2015 5567 vae,
2069 5519 2190 5574 qua!

610 5621 883 5677 nunquam
924 5602 993 5660 ab
1044 5603 1272 5659 invicem
1331 5600 1468 5655 bene
1518 5607 1868 5670 separantur;
1920 5596 2048 5667 quia
2091 5612 2189 5651 nec

603 5695 864 5764 iudicium
888 5695 939 5752 in
972 5709 1080 5764 quo
1098 5692 1308 5765 justitia
1339 5698 1610 5753 servatur,
1656 5688 1772 5743 sine
1818 5688 2187 5743 misericordia

608 5806 727 5849 esse
753 5790 929 5855 debet,
965 5808 1058 5847 nec
1089 5787 1458 5845 misericordia
1494 5787 1606 5841 sine
1631 5787 1839 5856 justitia
1873 5786 2183 5840 coronatur.

2300 3302 2415 3359 ιιωο
2444 3304 2549 3358 duo
2578 3314 2680 3359 nun
2708 3305 3022 3377 incongrue,
3048 3320 3251 3376 corpus
3277 3315 3337 3363 et
3366 3307 3551 3363 anima
3577 3306 3757 3376 integer
3770 3300 3839 3357 bo-

2301 3411 2387 3451 mo
2407 3396 2703 3467 accipitur;
2737 3407 2798 3453 ut
2840 3415 2937 3470 per
2983 3415 3046 3455 ea
3084 3386 3229 3456 vasa
3271 3401 3478 3474 quibus
3532 3399 3770 3458 nutrimur
3802 3393 3843 3448 in

2296 3487 2419 3561 cibo
2445 3497 2538 3543 aut
2570 3498 2720 3559 potu,
2748 3497 2892 3546 totus
2947 3489 3211 3563 figuretur
3250 3493 3453 3559 homo,
3502 3494 3560 3548 et
3598 3495 3841 3550 moneam.

2300 3581 2460 3636 verbo
2500 3581 2645 3636 intus
2676 3581 2842 3637 lavari
2894 3592 2949 3639 et
2983 3583 3155 3655 pasci.
3196 3584 3344 3653 Quia
3407 3602 3515 3642 non
3546 3584 3602 3640 in
3631 3580 3728 3639 solo
3747 3591 3845 3652 post

2297 3671 2416 3725 vivit
2445 3672 2599 3726 homo
2630 3672 2847 3743 (Matth.
2876 3689 2948 3738 1v,
2976 3672 3055 3745 ι),
3084 3675 3181 3730 sed
3205 3675 3264 3730 in
3300 3676 3541 3747 spiritali
3587 3676 3699 3731 cibo
3734 3679 3845 3743 pom-

2296 3778 2423 3832 que,
2450 3763 2651 3832 quibus
2679 3764 2907 3819 interior
2935 3774 3240 3824 recreatur.
3281 3767 3357 3823 Et
3388 3778 3452 3823 ut
3482 3766 3737 3839 intelligas
3752 3760 3843 3835 quia

2295 3873 2424 3912 vasa
2448 3858 2565 3913 haec
2588 3872 2695 3913 non
2726 3867 2952 3930 propter
2977 3873 3035 3915 se
3064 3867 3193 3915 sunt
3241 3869 3560 3934 assumpta,
3605 3857 3719 3916 audi
3753 3850 3848 3925 quid

2297 3951 2542 4021 sequitur
2564 3965 2585 4004 ξ
2613 3947 2887 4006 Pharistre
2908 3968 3065 4017 cruce,
3086 3953 3295 4008 munda
3319 3956 3478 4027 prius
3504 3952 3641 4024 quod
3661 3952 3778 4006 intus
3796 3950 3847 3999 ut

2296 4041 2474 4096 colicis
2493 4050 2541 4096 et
2569 4042 2865 4112 paropsidis
2915 4052 2970 4096 ut
3017 4042 3112 4112 ﬁat
3147 4053 3198 4099 et
3245 4045 3329 4107 id,
3366 4046 3516 4116 quod
3569 4043 3746 4115 deforis
3779 4044 3846 4100 αι·

2295 4131 2568 4186 mundum.
2595 4129 2709 4186 Non
2736 4132 2880 4187 enim
2910 4130 3126 4188 videtur
3147 4148 3476 4203 congruere
3506 4144 3570 4191 ut
3620 4128 3763 4192 Judaei
3781 4124 3848 4180 de-

2295 4220 2429 4277 foris
2454 4221 2698 4277 lavarent
2743 4237 2871 4276 vasa
2915 4237 3035 4289 sua,
3085 4231 3139 4279 et
3180 4224 3341 4280 intus
3394 4224 3671 4282 immunda
3694 4223 3850 4277 esseni.

2295 4310 2386 4381 qui
2413 4320 2619 4367 tantum
2677 4312 2913 4367 studium
2943 4312 2997 4366 in
3025 4327 3214 4369 eorum
3247 4316 3699 4393 baptismatibus,
3722 4318 3766 4365 et
3783 4320 3854 4377 pu-

2297 4405 2691 4460 riiieationibus
2739 4405 3088 4461 adhibebant.
3143 4406 3346 4478 Neque
3393 4408 3711 4482 putandum,
3747 4393 3854 4470 quod

2295 4495 2415 4550 ideo
2482 4496 2740 4551 Dominus
2813 4497 2880 4551 de
2955 4497 3226 4565 lavando,
3301 4508 3408 4555 aut
3484 4517 3594 4558 non
3652 4490 3855 4553 lavanda.

2292 4604 2420 4645 vasa
2475 4603 2571 4643 sua
2601 4628 2616 4654 ,
2681 4603 2777 4643 eos
2841 4589 3201 4657 reprehendat
3227 4630 3245 4657 ,
3326 4604 3393 4647 ut
3460 4594 3530 4649 de
3584 4592 3665 4647 his
3712 4596 3856 4643 curam

2292 4689 2534 4754 gereret;
2562 4680 2655 4735 sed
2688 4680 2808 4736 ideo
2848 4681 2915 4737 de
2952 4681 3230 4739 ablutione
3280 4700 3559 4743 vasorum
3608 4676 3860 4752 exemplum

2293 4774 2478 4839 trahit,
2503 4781 2560 4826 nt
2584 4787 2679 4842 per
2697 4773 2799 4828 hoc
2823 4772 2922 4843 ipsi
2949 4774 3017 4828 ad
3039 4788 3098 4828 se
3128 4775 3402 4845 redeant,
3421 4788 3481 4834 et
3495 4766 3863 4833 mundentseab

2291 4867 2544 4926 Omnibus
2569 4866 3018 4938 inquinamentis,
3047 4878 3156 4922 tam
3184 4869 3349 4926 intus
3399 4887 3574 4944 quam
3601 4864 3866 4929 deforisnll

2297 4962 2409 5016 sint
2429 4958 2599 5014 sancti
2624 4970 2680 5014 et
2700 4958 2888 5014 mundi
2923 4968 3105 5014 mente
3118 4970 3173 5015 et
3194 4976 3473 5033 corpore.
3494 4963 3650 5032 Quod
3664 4960 3706 5014 si
3719 4954 3867 5012 audire

2290 5050 2509 5113 vellent,
2538 5057 2724 5105 essent
2751 5049 2945 5119 utique
2960 5048 3123 5115 beati,
3160 5052 3299 5120 quia
3331 5051 3485 5108 beati
3513 5050 3706 5107 mundo
3726 5040 3865 5105 caret.

2290 5132 2536 5212 quoniam
2578 5140 2677 5211 ipsi
2716 5138 2880 5194 Deum
2906 5140 3146 5195 videbunt
3179 5140 3424 5212 (Matth.
3462 5160 3517 5211 v,
3547 5143 3624 5214 8).
3660 5140 3777 5207 Qua
3808 5132 3868 5187 ni-

2291 5234 2488 5290 mirum
2519 5233 2797 5289 beatitudo
2811 5234 3080 5289 conlraria
3099 5244 3181 5288 est
3196 5250 3288 5290 vae
3314 5236 3475 5308 quod
3493 5236 3576 5292 eis
3599 5228 3869 5293 ascribitur.

2291 5325 2416 5396 quia
2447 5325 2499 5379 in
2529 5323 2779 5379 omnibus
2804 5324 2948 5378 intus
2980 5324 3136 5379 malis
3178 5326 3390 5395 repleti
3418 5339 3605 5384 erant.
3638 5320 3871 5394 Siquidem

2292 5415 2394 5484 ipsi
2426 5424 2581 5469 erant
2607 5413 2745 5468 calix
2792 5421 2847 5467 et
2890 5414 3129 5479 catinus;
3159 5414 3302 5483 quia
3328 5416 3477 5474 foris
3511 5416 3710 5475 nitidos
3738 5426 3789 5470 se
3814 5409 3873 5482 il-

2292 5506 2534 5569 ctabant,
2562 5505 2617 5558 in
2646 5503 2859 5569 habitu,
2891 5504 2944 5558 in
2977 5517 3258 5570 sermone,
3316 5507 3376 5565 in
3417 5511 3669 5565 vestibus
3694 5503 3874 5574 etplly-

2291 5598 2550 5662 lacteriis,
2580 5606 2636 5653 et
2658 5598 2712 5653 in
2741 5594 2993 5661 omnibus
3018 5595 3301 5654 simulatis
3326 5600 3627 5671 Operibus,
3648 5598 3737 5655 sed
3756 5602 3876 5649 meus

2290 5706 2479 5747 eorum
2511 5699 2565 5745 et
2607 5687 2940 5745 conscientia
2968 5686 3222 5755 omnibus
3279 5688 3591 5761 inquinata
3644 5680 3877 5762 spnrcitiis

2290 5794 2343 5838 et
2370 5783 2618 5837 vitiorum
2652 5780 2918 5836 sordibus.
2952 5779 3092 5835 Nam
3127 5781 3419 5853 quidquid
3480 5786 3682 5841 fecerit
3729 5783 3876 5835 horum

3940 714 3948 749 Δ
