4016 6354
203 414 284 474 781

201 538 295 579 non
320 537 386 578 ex
411 525 745 584 conscientia
771 529 935 598 bona,
975 548 1153 604 neque
1176 537 1485 592 secundum
1514 541 1702 607 Deum,
1734 557 1764 597 a
1792 551 1843 605 Α

198 614 317 671 foris
333 616 551 687 quidem
573 622 804 677 mundus
819 623 1054 692 videtur,
1085 629 1153 682 ab
1181 629 1326 685 intus
1359 640 1538 687 autem
1575 633 1766 704 plenus

199 716 273 765 est
293 708 413 764 dolo
436 717 492 764 et
517 711 818 782 hypocrisi.
846 714 1008 773 Tales
1035 718 1232 790 quippe
1258 730 1384 776 sunt
1419 739 1629 791 omnes,
1674 726 1766 795 qui

199 801 356 871 magis
374 802 606 872 gloriam
636 807 821 861 mundi
862 822 1130 878 quaerunt,
1177 828 1338 881 quam
1387 815 1503 881 Dei,
1553 824 1609 872 et
1645 818 1767 888 plus

194 892 491 950 hominibus
562 898 801 968 gestiunt
844 900 1062 970 placere
1111 918 1273 974 quam
1336 907 1464 963 Deo.
1536 908 1764 978 Quibus,

194 984 447 1056 quidquid
470 986 698 1044 fecerint
726 991 875 1058 boni,
903 992 1030 1048 dum
1047 1010 1152 1050 non
1180 996 1321 1053 bono
1339 1000 1516 1055 studio
1538 1000 1765 1071 faciunt,

192 1077 311 1132 nihil
334 1079 593 1148 prodest;
624 1082 867 1151 quinimo
892 1085 1070 1151 obest,
1092 1089 1220 1159 quia
1244 1090 1384 1147 unde
1407 1091 1541 1148 foris
1561 1096 1764 1151 renite-

191 1178 337 1226 scunt
393 1171 453 1225 in
506 1187 691 1243 opere,
738 1174 865 1232 inde
906 1178 1080 1249 magis
1141 1180 1286 1236 intus
1342 1185 1664 1241 sordescunt
1708 1186 1762 1242 in

190 1271 378 1319 mente.
412 1262 483 1317 Et
508 1263 557 1325 si
582 1265 720 1320 bona
747 1264 931 1325 facere
982 1269 1356 1341 hujuscemodi
1400 1276 1647 1333 homines
1677 1279 1762 1333 vi-

189 1355 392 1420 dentur,
424 1366 708 1426 peccatum
728 1369 835 1426 est,
873 1371 1080 1430 quanto
1112 1366 1286 1435 magis
1313 1383 1439 1424 cum
1472 1371 1587 1441 ipsa
1615 1388 1763 1429 com-

188 1445 393 1499 mittunt
421 1446 689 1503 crimina!
714 1448 784 1507 Et
809 1450 933 1508 ideo
960 1453 1078 1513 talis
1109 1465 1233 1525 apta
1270 1466 1355 1514 est
1396 1464 1758 1531 comparatio,

189 1544 237 1592 et
267 1551 524 1599 vasorum
568 1540 809 1601 exterius
849 1543 1072 1611 ablutio,
1099 1560 1329 1616 quorum
1374 1567 1503 1607 usus
1533 1553 1762 1610 interior

188 1635 281 1681 est.
307 1625 442 1695 Quia
474 1629 520 1684 sl
554 1643 649 1686 vas
674 1630 1019 1691 obsorduerit
1059 1637 1223 1703 intus,
1250 1639 1380 1709 quid
1411 1640 1660 1710 proﬁciet
1707 1645 1753 1701 si

966 422 1325 484 EXPOSITIO
1362 428 1430 484 ΙΝ
1469 427 1905 495 ΜΑΤΤΗᾹΞΗΜ.
1946 466 2006 477 --
2048 434 2175 493 LIB.
2218 432 2285 506 Χ,
2326 440 2477 497 CAP.
2515 438 2699 500 XXIII.

3344 446 3447 507 789

1870 544 2070 602 fuerint
2098 564 2262 620 opera
2295 552 2661 610 tenebrarum.
2709 553 2999 627 Propterea
3047 569 3099 613 et
3140 578 3238 641 per
3272 576 3443 638 exag-

1869 638 2199 707 gerationem
2232 642 2485 700 dicuntur
2511 645 2672 716 plena
2711 647 2945 713 ossibus,
2985 656 3040 706 et
3063 638 3312 710 dealbata
3356 654 3444 715 s'e-
3482 658 3485 663 λ

1868 728 2053 798 pulcra
2077 732 2500 804 hypocritarum.
2530 736 2797 804 Quoniam
2820 754 2942 794 cum
2977 738 3143 813 957
3170 744 3444 816 hypocrisi
3515 769 3524 777 ·

1869 820 1923 873 et
1945 819 2232 890 iniquitate
2262 823 2538 896 replentur
2572 827 2842 896 homines,
2885 832 3136 889 omnibus
3170 837 3445 903 replentur

1868 910 2044 966 malis.
2064 912 2192 978 Qua:
2213 912 2346 971 vitia
2366 914 2570 973 nullum
2604 918 2965 978 ecclesiastici
2988 924 3196 981 ordinis
3217 929 3441 998 gradum
3478 938 3481 941 '

1868 1003 2182 1078 relinquunt
2213 1011 2496 1079 intactum,
2527 1015 2653 1069 dum
2704 1023 2760 1071 et
2811 1018 3055 1091 martyrii
3103 1020 3444 1099 simulatores

1866 1092 2237 1165 inveniuntur,
2267 1110 2322 1157 et
2364 1104 2639 1173 apostolos
2660 1104 2826 1163 falsos
2854 1106 3020 1166 fuisse
3047 1092 3328 1181 probatur.
3352 1112 3443 1171 8i-

1866 1186 2068 1244 militer
2091 1200 2147 1246 et
2176 1192 2228 1248 in
2260 1195 2529 1251 universis
2586 1196 2831 1256 invenies
2875 1202 3158 1261 ordinibus
3187 1220 3446 1276 personas

1864 1280 2283 1339 ostentationem
2341 1297 2612 1343 sectantes
2660 1291 2946 1359 virtutum,
2995 1310 3095 1350 nec
3137 1294 3319 1353 tamen
3349 1299 3447 1354 ha-
3475 1297 3482 1328 ’-

1862 1372 2071 1429 bentes.
2101 1375 2169 1430 Et
2194 1378 2315 1433 ideo
2347 1380 2483 1436 tales
2522 1384 2835 1440 earumdem
2866 1382 3152 1455 virtutum,
3185 1406 3321 1462 quas
3345 1394 3447 1450 ha-

1860 1465 1990 1522 bere
2020 1483 2077 1523 se
2098 1469 2357 1549 simulant
2376 1472 2581 1529 inimici
2611 1475 2911 1546 probantur
3080 1476 3086 1481 ”

1896 1561 1905 1565 “
1939 1556 2033 1613 Va:
2062 1561 2225 1626 vobis,
2251 1561 2446 1619 Scriba
2475 1576 2524 1620 et
2563 1563 2829 1624 Phariswi
2858 1570 3175 1643 hypocrita,
3197 1578 3287 1645 qui
3315 1580 3447 1634 tedi-

1862 1648 2036 1718 ﬁcatis
2085 1652 2323 1722 sepulcra
2365 1657 2757 1727 prophetarum,
2785 1671 2835 1715 et
2869 1665 3065 1721 ornatis
3113 1680 3444 1727 monumenta

192 1710 385 1770 lavetur
405 1725 613 1773 tantum
653 1722 928 1778 exterius?
970 1724 1179 1782 ldcirco
1227 1743 1443 1801 semper
1484 1733 1629 1795 nitor
1655 1734 1758 1805 yir-
1848 1710 2151 1810 iustorum;
2183 1753 2231 1799 et
2274 1710 2488 1801 dicitis:
2523 1746 2587 1803 Si
2613 1749 2893 1819 fuissemus
2919 1755 2974 1810 in
3020 1756 3201 1814 diebus
3236 1772 3445 1832 patrum

192 1811 341 1832 .........
405 1808 759 1832 ,μηεημμ
809 1810 973 1832 Α..-
1039 1831 1042 1832 ν
1093 1826 1103 1832 ,
1156 1818 1166 1830 .
1216 1826 1226 1832 ,
1299 1820 1312 1832 .
1653 1826 1664 1832 -

189 1811 343 1860 tutam
404 1808 763 1877 requirendus
807 1810 974 1887 956
1024 1826 1110 1872 est
1154 1818 1404 1888 interius,
1449 1833 1505 1878 et
1544 1826 1754 1895 puritas

180 1898 389 1954 mentis.
411 1898 548 1967 Quia
597 1901 743 1959 beati
790 1907 993 1962 mundo
1030 1910 1215 1978 corde,
1246 1913 1348 1983 ipsi
1398 1914 1565 1973 Deum
1606 1919 1755 1979 vide-
1780 1909 1831 1971 Β

177 1984 314 2040 bunt.

250 2071 332 2128 Vt:
368 2075 536 2143 vobis,
570 2077 772 2136 Scriba:
797 2092 847 2138 et
877 2083 1135 2143 Pharistei
1155 2090 1457 2161 hypocriten,
1508 2098 1634 2167 quia
1674 2101 1754 2155 si-

175 2164 308 2221 miles
329 2169 463 2224 estis
494 2171 747 2240 sepulcris
771 2175 1049 2245 dealbatis,
1078 2198 1197 2252 qua:
1225 2200 1257 2238 a
1282 2185 1413 2256 [oris
1441 2164 1627 2259 parent
1659 2194 1753 2249 Ito.

172 2257 398 2315 minibus
425 2264 682 2331 speciosa,
714 2267 856 2323 intus
881 2285 1001 2327 vero
1027 2272 1182 2343 plena
1210 2287 1330 2332 sunt
1369 2257 1572 2337 ossibus
1620 2302 1755 2341 mor-

170 2358 378 2404 tuorum
432 2363 482 2407 et
537 2357 680 2410 omni
729 2361 1003 2429 spurcitia.
1067 2363 1289 2423 Videtur
1332 2386 1569 2442 namque
1625 2376 1753 2434 licet

170 2441 397 2499 diversis
423 2444 604 2502 verbis
644 2458 699 2503 et
729 2452 1011 2509 sententiis
1046 2454 1274 2527 idipsum
1330 2441 1594 2532 repetere,
1623 2467 1752 2523 dum

167 2546 381 2605 semper
408 2535 614 2599 eisdem
654 2555 818 2595 unum
865 2558 945 2596 vae
974 2545 1215 2617 replicat,
1266 2565 1536 2624 unamque
1563 2570 1748 2614 eorum

167 2620 477 2695 hypocrisin
504 2628 744 2685 damnat.
777 2631 915 2688 Hinc
936 2644 1020 2691 est
1048 2639 1191 2709 quod
1243 2620 1487 2713 sequitur
1518 2665 1533 2700 :
1567 2646 1657 2704 Sic
1701 2661 1750 2709 et

166 2729 244 2769 eos
268 2734 299 2769 a
322 2718 471 2787 [oris
500 2721 710 2790 quidem
752 2728 949 2798 paretis
970 2729 1266 2789 hominibus
1283 2734 1441 2805 justi,
1490 2741 1632 2801 intus
1660 2760 1752 2805 au-

165 2813 253 2861 tem
287 2808 443 2879 pleni
467 2813 592 2867 estis
616 2814 880 2886 hypocrisi
923 2830 972 2875 et
1011 2822 1306 2895 iniquitate.
1341 2826 1450 2884 Sed
1502 2832 1629 2889 dum
1661 2850 1749 2892 ac-

164 2898 513 2956 cumulantur
533 2916 751 2975 peccata
776 2923 942 2980 supra
974 2923 1222 2983 peccata,
1248 2918 1454 2975 etbona
1479 2936 1598 2992 qua:
1615 2922 1750 2981 ﬁunt

167 2987 281 3046 ﬁcte
308 3002 606 3050 transeunt
634 2998 699 3053 ad
721 3000 974 3070 crimina,
1002 3006 1390 3080 multiplicatur
1420 2987 1553 3070 illud
1580 3033 1746 3075 unum

161 3094 234 3138 Vze
260 3087 437 3142 toties
452 3103 577 3143 cum
599 3100 847 3163 augetur,
864 3101 923 3151 ut
941 3095 1071 3155 illud
1096 3098 1345 3159 ultimum
1361 3121 1528 3163 unum
1550 3108 1605 3164 in
1627 3125 1747 3181 sep-

166 3183 261 3231 tem
285 3180 413 3237 suis
442 3182 686 3249 partibus
709 3186 1064 3258 compleatur.
1083 3189 1216 3247 Nam
1234 3194 1539 3268 hypocrisis
1566 3209 1620 3257 et
1642 3180 1746 3257 ini-

170 3268 360 3338 quitas,
380 3272 594 3343 quibus
614 3275 802 3346 repleti
829 3291 987 3334 erant
1014 3280 1221 3340 Scriba:
1245 3295 1295 3342 et
1324 3288 1604 3360 Pharisaei,
1630 3294 1746 3366 ipsa
1773 3274 1820 3338 δ

174 3368 291 3413 sunt
317 3376 446 3416 ossa
464 3372 802 3422 mortuorum
831 3377 886 3425 et
906 3369 1262 3433 immunditia:
1289 3379 1572 3437 universa}.
1613 3383 1749 3452 Quia

160 3448 482 3521 hypocrisis,
518 3458 767 3524 quamvis
808 3460 874 3515 sit
920 3461 1099 3534 aliqua
1132 3467 1405 3527 simulatio
1434 3471 1581 3541 boni,
1624 3448 1749 3532 facsi

162 3557 245 3609 os,
272 3556 485 3601 mortua
518 3547 690 3605 virtus
710 3560 813 3606 est.
846 3552 1000 3610 Unde
1020 3565 1076 3612 et
1111 3558 1337 3618 virtutes
1365 3563 1419 3619 in
1452 3563 1749 3638 Scripturis

170 3635 776 3697 sacrisossadicuntur.
823 3644 940 3701 Non
994 3656 1173 3706 tamen
1228 3653 1432 3711 habent
1481 3635 1605 3737 ossa
1658 3660 1747 3716 illa

162 3728 358 3797 quibus
426 3733 706 3804 replentur
764 3740 1011 3811 sepulcra
1075 3745 1279 3816 aliquid
1328 3749 1514 3818 vitale,
1681 3769 1747 3812 eo

158 3822 296 3890 quod
309 3823 566 3880 videntur
593 3828 736 3885 bona
765 3846 886 3887 esse
912 3835 1038 3890 dum
1059 3837 1309 3896 simulate
1331 3840 1490 3899 ﬁunt.
1505 3843 1580 3903 Os
1598 3857 1742 3915 sunt,

157 3919 206 3964 ut
234 3912 307 3968 ita
336 3916 545 3984 dicam,
579 3921 810 3978 virtutes
861 3940 981 3995 qua:
1026 3928 1299 3986 simulatae
1351 3945 1499 4000 sunt,
1531 3912 1742 3994 mortua

145 3999 345 4071 iustitia
376 4018 490 4075 est,
524 4022 582 4067 et
632 4024 844 4071 mortua
875 4018 1117 4084 castitas,
1168 4031 1260 4076 aut
1308 4022 1610 4096 virginitas,
1649 4044 1741 4084 seu

149 4106 353 4163 caetera,
383 4118 517 4173 qua:
545 4103 670 4160 ﬁcte
693 4106 849 4163 tiunt.
876 4108 944 4164 Et
964 4111 1066 4167 hoc
1092 4112 1207 4167 vult
1249 4112 1537 4174 ostendere
1592 4121 1745 4177 beni-

149 4190 444 4260 gnissimus
505 4192 799 4265 Salvator,
857 4203 999 4272 quod
1041 4205 1219 4261 omnis
1262 4208 1437 4265 virtus
1489 4211 1741 4269 simulata

145 4293 350 4340 mortua
374 4286 563 4344 virtus
584 4297 668 4343 est
706 4306 721 4367 ;
755 4292 982 4361 quinino
1006 4312 1105 4353 nec
1132 4299 1322 4365 virtus,
1356 4304 1479 4371 quia
1497 4305 1614 4361 sine
1637 4306 1741 4364 ﬁde

146 4382 239 4428 est.
262 4375 330 4431 Et
358 4378 495 4434 ideo
530 4380 655 4436 talis
697 4383 869 4439 virtus
898 4386 1127 4459 talisque
1152 4390 1361 4461 justitia
1393 4405 1608 4452 mortua
1635 4409 1734 4465 est,

142 4480 253 4534 qua:
282 4478 525 4540 propter
547 4470 715 4527 Deum
750 4474 889 4531 facta
920 4492 1026 4533 non
1052 4487 1137 4534 est
1158 4498 1173 4545 ;
1195 4481 1338 4539 unde
1370 4499 1476 4540 non
1500 4486 1736 4557 justitia,

142 4569 236 4609 non
272 4558 483 4625 virtus,
518 4561 611 4616 sed
642 4562 915 4622 simulatio
955 4580 1059 4624 est.
1102 4569 1213 4626 Nec
1246 4573 1521 4633 immerito
1575 4578 1739 4649 igitur

134 4664 358 4720 corpora
387 4664 772 4726 peccatorum,
805 4660 1049 4731 sepulcra
1085 4663 1341 4721 dicuntur
1375 4657 1734 4741 mortuorum,
1762 4647 1816 4708 D

135 4745 183 4790 et
207 4742 497 4811 dealbata,
525 4747 653 4800 dum
681 4751 920 4805 exterius
947 4753 1185 4809 renitcnt
1222 4757 1551 4826 quibuslibet
1576 4778 1749 4818 orna-'

130 4834 349 4900 mentis,
380 4846 443 4890 et
473 4836 662 4892 anima
685 4839 833 4897 intus
855 4852 1067 4900 mortua
1093 4856 1198 4911 est,
1223 4848 1407 4906 multis
1436 4852 1636 4921 repleta
1658 4854 1739 4910 vi-

133 4919 327 4979 tiorum
385 4926 686 4985 {etin-ibus.
737 4929 848 4988 Nec
900 4932 1084 5006 itaque
1113 4939 1302 4996 vivens
1338 4919 1575 5012 putanda
1629 4955 1733 5012 est,

125 5026 241 5080 quae
270 5018 421 5073 nihil
457 5020 722 5078 mundum
745 5031 840 5079 aut
861 5027 1104 5096 spiritale
1131 5032 1241 5102 agit
1280 5034 1333 5088 in
1365 5052 1589 5107 corpore
1611 5054 1732 5109 pec-

125 5109 249 5162 cati.
280 5110 355 5167 Et
375 5114 537 5169 sicut
559 5117 868 5187 sepulcrum
891 5124 1128 5191 quandiu
1144 5126 1385 5183 clausum
1412 5140 1518 5197 est,
1544 5147 1573 5186 a
1599 5132 1749 5190 foris

121 5202 420 5266 pulchrum
458 5207 701 5275 videtur,
728 5220 807 5279 et,
843 5213 1083 5272 si'l‘uerit
1127 5230 1393 5290 apertum,
1433 5224 1725 5282 horribile:

122 5293 277 5351 sieet
321 5299 695 5360 simulatores
742 5306 1030 5377 bonorum,
1077 5315 1314 5382 quantliu
1373 5332 1480 5372 non
1531 5308 1729 5390 Cogno-

116 5399 368 5449 scnntnr.
398 5392 716 5453 laudabiles
741 5401 1112 5472 testimantur;
1144 5423 1268 5463 cum
1309 5420 1489 5466 autem
1529 5412 1728 5483 cogniti

117 5474 348 5548 fuerint,
385 5485 799 5545 abominabiles
847 5493 1213 5553 inveniuntur.
1243 5500 1451 5567 Quibus
1489 5512 1549 5556 ut
1584 5504 1730 5573 paci-

112 5567 197 5623 ﬁci
222 5574 368 5639 sint,
405 5576 533 5632 Deo
558 5587 653 5633 aut
682 5582 783 5636 sibi
827 5585 977 5642 valde
1008 5592 1339 5646 contrarium
1375 5603 1486 5661 est;
1533 5606 1587 5650 et
1612 5596 1747 5654 ideo

110 5663 358 5727 primum
401 5668 545 5724 dum
573 5687 635 5726 se
678 5676 973 5745 perimunt,
1002 5696 1100 5735 nec
1126 5681 1269 5737 beati
1317 5699 1439 5740 esse
1479 5699 1724 5756 possunt,

108 5770 208 5811 nec
234 5757 338 5815 lilii
372 5760 486 5817 Dei
521 5767 723 5830 vocari,
759 5769 883 5839 quia
914 5772 1052 5839 pleni
1083 5783 1207 5828 sunt
1233 5784 1567 5833 mortuorum
1592 5782 1726 5836 ossi-

108 5848 226 5904 bus.
260 5854 465 5908 Tanta
500 5859 692 5927 quippe
726 5873 845 5915 sunt
881 5880 997 5915 ossa
1027 5866 1075 5918 in
1107 5865 1183 5921 eis
1207 5870 1500 5937 spurcitiae,
1523 5884 1720 5942 quanta

1858 1842 2179 1901 nostrorum,
2207 1852 2310 1891 non
2339 1854 2567 1895 essemus
2591 1843 2722 1896 socii
2747 1860 2926 1900 eorum
2969 1848 3022 1902 in
3046 1848 3300 1921 sanguine
3330 1870 3448 1925 pri»

1856 1928 2151 1998 phetarum,
2184 1946 2247 1987 ac
2280 1930 2504 2004 reliqua.
2537 1934 2805 2002 Quantum
2850 1944 2917 1997 ad
2957 1945 3296 2015 superﬁciem
3326 1946 3445 2007 ver-
3472 1966 3475 1969 ‘

1772 2081 1777 2087 ,
1856 2019 2049 2075 borum
2094 2032 2326 2093 spectat,
2377 2042 2483 2082 non
2511 2030 2645 2085 satis
2662 2028 2810 2098 juste
2850 2049 3025 2105 neque
3048 2039 3447 2099 rationabiliter

1855 2114 2169 2170 comminari
2195 2112 2411 2174 videtur
2441 2122 2702 2179 adversus
2730 2140 2826 2182 eos
2857 2128 2948 2197 qui
2991 2131 3334 2189 aedificabant
3355 2151 3443 2192 se-

1853 2205 2037 2276 pulcra
2069 2218 2428 2277 mortuorum,
2461 2222 2517 2269 et
2562 2215 2829 2272 ornabant
2874 2232 3223 2278 monumenta
3269 2216 3445 2296 justo-

1854 2313 1999 2366 rum,
2027 2301 2168 2357 sicut
2194 2311 2248 2357 et
2274 2320 2374 2360 nos
2401 2321 2545 2362 nunc
2573 2317 2883 2367 sanctorum
2931 2312 3161 2373 favimus
3186 2332 3443 2395 quorum-

1852 2388 2000 2455 libet,
2034 2394 2123 2461 qui
2153 2390 2290 2464 apud
2314 2412 2413 2453 nos
2453 2399 2796 2467 requiescere
2836 2405 3155 2474 probantur.
3189 2392 3443 2478 Quinimo

1851 2478 2123 2538 laudabile
2173 2484 2375 2555 aliquid
2417 2486 2711 2556 faciebant,
2744 2490 2871 2547 dum
2908 2502 2963 2548 et
2991 2510 3176 2552 eorum
3203 2500 3440 2556 aediﬁca-

1852 2572 1983 2627 bant
2011 2584 2067 2629 et
2095 2577 2364 2659 ornabant
2410 2579 2695 2665 sepulcra;
2750 2584 2914 2640 etiam
2962 2595 3017 2641 et
3059 2591 3312 2660 operibus
3347 2608 3441 2663 pa-

1853 2672 1993 2720 trum
2025 2656 2273 2735 suorum,
2314 2671 2405 2740 qui
2449 2674 2563 2728 ausi
2595 2656 2721 2730 sunt
2746 2675 2799 2730 in
2833 2691 2927 2734 eos
2955 2694 3171 2737 manum
3200 2685 3438 2753 mittere,

1852 2742 1958 2809 non
1995 2756 2429 2827 consentiebant,
2460 2761 2702 2820 dicentes
2733 2780 2746 2820 :
2777 2764 2845 2821 Et
2873 2782 2992 2834 nos,
3019 2770 3066 2824 si
3085 2770 3363 2841 fuissemus
3384 2776 3441 2830 in
3503 2828 3520 2846 ,

1849 2845 2031 2900 diebus
2052 2859 2262 2917 patrum
2306 2848 2626 2920 nostrorum,
2651 2872 2755 2910 non
2781 2873 3010 2914 essemus
3035 2862 3166 2915 socii
3183 2878 3361 2918 eorum
3385 2867 3440 2920 in

1849 2940 2104 3009 sanguine
2130 2943 2523 3013 prophetarum.
2549 2947 2830 3014 Quomodo
2856 2967 2986 3027 ergo
3020 2955 3065 3009 si
3094 2955 3230 3011 tales
3256 2968 3433 3025 erant,

1849 3024 2069 3097 dignum
2102 3039 2221 3085 erat
2244 3040 2302 3086 ut
2348 3032 2455 3089 illis
2497 3051 2575 3090 vas
2604 3037 2889 3095 imminere
2922 3024 3288 3112 praediceret?
3324 3024 3435 3105 Ne;

1849 3131 1954 3185 quc
1968 3118 2111 3172 enim
2131 3119 2249 3176 ideo
2272 3122 2568 3194 culpabiles
2586 3137 2765 3195 erant,
2784 3132 2909 3201 quia
2941 3132 3035 3188 ﬁlii
3053 3149 3240 3192 eorum
3258 3150 3436 3209 erant,

1849 3210 2103 3277 quoniam
2136 3227 2241 3267 non
2271 3229 2337 3269 ex
2363 3215 2591 3273 arbitrio
2631 3220 2860 3292 alicujus
2888 3227 3040 3281 venit
3078 3227 3232 3299 cujus
3277 3233 3349 3289 sit
3374 3234 3438 3291 ﬁ-

1851 3299 1975 3367 lius,
2000 3300 2126 3358 boni
2157 3305 2259 3381 viri
2287 3322 2356 3362 an
2402 3310 2550 3365 mali.
2580 3310 2733 3379 Quod
2766 3315 2813 3371 si
2848 3317 2902 3372 in
2942 3320 3091 3376 nullo
3119 3321 3312 3380 horum
3341 3327 3435 3383 de-

1850 3392 2037 3450 lictum
2085 3406 2188 3464 est,
2236 3408 2403 3456 restat
2433 3403 2560 3472 quia
2612 3421 2722 3461 non
2761 3407 2884 3465 ideo
2914 3411 2991 3466 rei
3020 3425 3148 3470 sunt
3192 3430 3258 3472 eo
3293 3421 3434 3488 quod

1847 3488 1975 3544 boni
2009 3500 2184 3559 erant,
2235 3493 2328 3549 sed
2379 3496 2508 3567 quia
2539 3498 2842 3558 imitatores
2890 3515 3172 3575 parentum
3217 3527 3434 3568 suorum

1848 3580 2022 3647 erant,
2055 3600 2189 3654 quos
2218 3587 2532 3659 culpabant.
2555 3590 2784 3665 Propter
2813 3598 2955 3667 quod
2979 3608 3126 3670 patet
3152 3603 3290 3659 bona
3319 3606 3433 3661 vir-

1846 3682 2022 3730 tutum
2049 3690 2169 3747 qum
2196 3676 2448 3735 videntur
2475 3672 2689 3752 fecisse,
2720 3701 2827 3742 non
2868 3698 3088 3762 propter
3115 3692 3307 3761 Deum,
3339 3698 3457 3752 sedi

1849 3768 1972 3825 ﬁcte
2000 3770 2446 3855 ut‘laudarentur
2473 3778 2613 3849 apud
2647 3772 2917 3848 homines,
2971 3784 3220 3855 agebant.
3278 3786 3431 3845 Unde

1847 3862 1960 3916 ait:
1988 3862 2055 3917 Et
2080 3840 2172 3919 itas
2194 3864 2402 3935 implete
2420 3885 2718 3927 mensuram
2739 3884 2952 3945 patrum
2978 3889 3285 3935 uestrorum.
3312 3880 3426 3938 Non
3454 3880 3461 3891 ’

1845 3953 1989 4008 enim
2018 3953 2263 4025 imperat
2297 3957 2581 4043 ut’faciant
2608 3977 2727 4033 quae
2755 3981 2861 4021 non
2891 3979 3125 4040 oportet,
3165 3973 3259 4027 sed
3286 3987 3428 4045 prae-

1844 4046 1979 4102 dicit
2009 4063 2129 4118 quae
2159 4048 2258 4120 ipsi
2295 4038 2489 4108 facturi
2511 4067 2686 4124 erant,
2718 4069 2773 4113 et
2794 4059 2905 4131 jam
2926 4038 2993 4117 in
3023 4072 3202 4120 mente
3245 4066 3430 4122 molie—

1843 4138 2059 4194 bantur.
2086 4139 2187 4211 lpsi
2213 4158 2446 4215 namque
2484 4147 2585 4203 sibi
2617 4148 2912 4208 facinorum
2940 4171 3160 4213 suorum
3186 4160 3430 4217 testimo—

1842 4226 1991 4283 nium
2021 4231 2335 4301 reddebant,
2367 4243 2420 4289 et
2447 4250 2567 4292 esse
2600 4238 2738 4296 ﬁlios
2765 4257 2954 4301 eorum
2996 4247 3087 4317 qui
3141 4252 3453 4321 prophetas

1840 4308 2153 4376 occiderant
2193 4336 2251 4379 se
2282 4331 2695 4398 monstrabant;
2729 4332 2977 4404 quamvis
3004 4338 3248 4411 sepulCra
3278 4356 3429 4400 vene.

1841 4413 2116 4478 rarentur,
2144 4414 2266 4469 cum
2289 4418 2547 4489 quidquid
2580 4422 2633 4476 in
2658 4424 2816 4481 dictis
2837 4443 3022 4485 eorum
3049 4443 3168 4488 erat
3193 4436 3257 4490 de
3275 4434 3431 4491 Chri-

1840 4504 1944 4570 sto,
1976 4507 2381 4564 conculcabant.
2410 4511 2476 4566 Et
2504 4514 2680 4572 adhuc
2725 4521 2868 4589 quod
2911 4532 3030 4578 erat
3078 4516 3276 4592 minus,
3306 4544 3431 4601 sup-

1838 4597 2049 4668 plentes
2085 4602 2152 4655 ad
2185 4602 2611 4661 interfectionem
2650 4618 3035 4683 prophetarum
3065 4630 3224 4689 atque
3250 4597 3429 4699 justo-

1842 4705 1982 4754 rum,
2035 4689 2235 4747 Christi
2284 4696 2559 4752 occisione
2606 4703 3032 4772 compleverunt.
3091 4692 3431 4784 Quapropter

1842 4780 2011 4850 impia
2044 4786 2356 4853 posteritas,
2389 4787 2514 4843 licet
2549 4804 2835 4861 parentum
2876 4796 3014 4853 facta
3043 4780 3441 4871 detes'tatavsit,

1839 4864 2223 4942 prophetarum
2278 4875 2448 4934 libros
2479 4893 2787 4951 veneretur,
2824 4886 3092 4956 justorum
3142 4897 3429 4950 memorias

1839 4977 2123 5031 exornent,
2178 4969 2423 5039 sepulcra
2478 4973 2806 5043 instaurent,
2854 4992 2915 5035 ut
2962 4983 3052 5038 tali
3105 4988 3404 5041 re'verentia

1839 5066 1989 5112 extra
2024 5058 2235 5129 culpam
2291 5065 2501 5133 paterni
2539 5067 2762 5126 sceleris
2809 5072 2976 5146 958
3014 5090 3072 5132 se
3116 5078 3424 5134 ostendant.

1834 5146 1998 5203 Putas
2041 5152 2183 5219 quod
2213 5161 2365 5208 extra
2411 5168 2618 5214 reatum
2668 5161 2809 5227 sint,
2862 5176 2916 5221 et
2953 5175 3111 5222 extra
3154 5169 3439 5232 piaculum

1833 5240 2139 5311 gravissimi
2166 5243 2409 5310 sceleris,
2440 5250 2529 5318 qui
2559 5251 2845 5309 Dominum
2868 5258 3256 5328 prophetarum
3285 5262 3429 5315 oeci-

1832 5334 2047 5397 derunt,
2081 5336 2169 5406 qui
2200 5337 2262 5392 de
2286 5337 2377 5393 illo
2416 5343 2596 5420 omnia
2633 5356 2753 5415 quae
2796 5359 2943 5415 gesta
2999 5361 3123 5405 sunt
3158 5350 3435 5422 prmdixe-'

1832 5426 2003 5479 runt?
2051 5426 2117 5481 Et
2164 5428 2285 5484 ideo
2316 5429 2605 5502 Dominus,
2636 5434 2871 5507 Implete,
2900 5440 3095 5511 inquit,
3128 5458 3426 5498 mensuram

1832 5527 2041 5586 patrum
2082 5529 2386 5575 vestrorum.
2418 5525 2495 5578 Ac
2526 5526 2567 5579 si
2600 5526 2785 5581 dicat:
2813 5527 2923 5587 Vos
2968 5535 3057 5603 qui
3094 5549 3157 5589 ea
3191 5536 3423 5591 detestat

1832 5610 1961 5663 mini
2008 5628 2126 5681 qua}
2156 5629 2185 5666 a
2216 5616 2461 5682 patribus
2492 5620 2686 5675 vestris
2721 5632 2845 5678 sunt
2874 5636 3207 5700 perpetrata,
3241 5621 3431 5685 multi--r

1829 5700 2027 5769 plicato
2060 5701 2246 5758 fenore
2271 5706 2535 5773 criminis,
2563 5702 2852 5784 adimplete
2880 5730 3228 5777 mensuram.
3283 5721 3418 5789 Quia

1831 5798 1955 5845 tunc
1986 5791 2050 5846 ad
2079 5794 2289 5871 plenum
2324 5796 2375 5850 iit
2411 5802 2713 5863 persecutio
2747 5808 3132 5877 membrorum,
3176 5821 3225 5869 et
3259 5813 3423 5868 totius

1829 5884 2073 5950 corporis
2102 5885 2427 5945 interﬂuit).
2462 5907 2582 5944 cum
2608 5898 2915 5963 prmcitlitur
2943 5915 3119 5974 caput,
3156 5917 3203 5956 et
3238 5904 3426 5958 omnia
