4016 6354
249 434 352 490 ⁸185

1044 431 1404 488 EXPOSITIO
1441 431 1506 488 IN
1547 430 1989 490 MATTHIEUM.
2032 459 2101 472 —
2138 430 2265 485 LIB.
2310 428 2567 494 X,'CAP.
2608 427 2793 483 XXIII.

3427 425 3531 481 7M

248 561 481 605 mortem
509 546 899 618 apostolorum,
929 554 1359 617 cazterorumque
1380 554 1717 610 sanctorum,
1743 544 1835 615 qui
1862 548 1912 605 Α
1940 541 2111 597 Judaei
2158 543 2388 599 necdum
2421 550 2598 607 erant,
2631 540 2726 597 sed
2768 538 3062 612 complices
3091 539 3226 596 Cain
3246 538 3364 610 jam
3400 541 3537 599 mali

248 638 497 695 nolentes
537 639 704 694 occisi
758 647 902 692 sunt.
949 637 1018 691 Et
1065 638 1185 693 ideo
1230 637 1371 692 forte
1414 636 1587 692 dicit:
1621 636 1840 707 Implete

246 746 551 785 musarum
596 738 807 799 patrum
846 738 1157 795 vestrorum,
1182 736 1237 784 et
1277 743 1382 783 non
1432 728 1836 800 superimplete.

246 821 401 889 Quod
433 821 481 876 si
513 820 721 876 diceret
741 821 983 890 apertius
1008 820 1075 875 de
1094 835 1176 886 se,
1214 820 1317 875 illis
1342 828 1672 876 monstraret
1696 821 1842 891 quod

246 912 492 967 futurum
515 919 655 967 erat.
686 911 821 966 Nam
848 911 1065 981 benigni
1105 921 1158 967 et
1178 910 1309 980 justi
1336 911 1537 980 judicis
1585 921 1688 977 est,
1714 927 1842 968 suas

246 1004 481 1074 injurias
529 1004 703 1075 magis
753 1012 1125 1069 contemnere,
1164 1012 1220 1060 et
1259 1005 1488 1060 aliorum
1538 1004 1837 1060 vindicare.

243 1095 459 1149 Idcirco
508 1094 769 1151 Dominus
822 1096 946 1167 quia
989 1096 1169 1167 justus
1209 1106 1293 1153 est
1325 1107 1379 1153 et
1408 1107 1610 1164 rectus,
1649 1098 1842 1154 videns

242 1184 409 1239 corda
445 1198 637 1240 eorum
686 1185 810 1240 dolo
858 1201 923 1241 ac
972 1186 1159 1241 fraude
1197 1187 1377 1258 plena,
1427 1197 1482 1243 et
1524 1197 1842 1245 coacervata

242 1285 473 1346 peccata
504 1286 785 1346 parentum
813 1287 869 1332 et
902 1293 1113 1343 eorum,
1144 1280 1217 1333 ita
1257 1288 1519 1351 quantum
1562 1282 1630 1336 ad
1654 1280 1843 1335 volun-

242 1378 414 1425 tatem
443 1385 636 1425 eorum
671 1381 971 1443 exspectat,
1005 1382 1061 1429 et
1094 1374 1430 1444 propositum
1479 1374 1680 1439 cordis,
1726 1374 1844 1443 jam

241 1481 507 1521 mensura
562 1475 779 1537 patrum
812 1466 1034 1538 impleta
1072 1477 1237 1531 esset,
1272 1483 1378 1522 non
1424 1468 1696 1523 immerito
1723 1470 1839 1522 ait:

240 1558 368 1613 Ideo
389 1574 512 1612 ecce
538 1574 632 1628 ego
654 1559 805 1612 mitto
836 1558 903 1612 ad
946 1574 1036 1613 vos
1067 1557 1383 1629 prophetas;
1406 1559 1530 1629 quia
1563 1556 1675 1627 jam
1702 1561 1845 1630 apud

246 1650 434 1713 Deum,
494 1649 587 1718 qui
632 1648 796 1703 corda
844 1648 1079 1727 inspicit,
1132 1650 1287 1719 quasi
1337 1648 1620 1705 homicida:
1666 1660 1839 1713 erant,

249 1757 480 1811 quorum
512 1740 718 1794 malitia
746 1739 800 1793 in
841 1741 1120 1811 proposito
1140 1749 1335 1797 eratet
1372 1741 1663 1797 voluntate.
1707 1741 1845 1797 Hinc

1941 635 2106 707 962
2130 644 2186 690 et
2206 634 2490 689 homicida:
2515 642 2690 689 erant.
2713 632 2862 689 Unde
2880 632 3027 699 licet,
3052 631 3351 688 secundum
3373 647 3538 690 usum

1944 728 2262 791 humanum,
2310 725 2490 780 multa:
2519 725 2631 780 sint
2666 727 3048 795 generationes
3076 725 3231 795 juxta
3262 732 3539 781 terrarum

1942 821 2302 885 diversitates,
2323 822 2478 891 juxta
2500 820 2904 891 Scripturarum
2929 819 3402 885 consuetudinem,
3424 832 3542 875 non

1945 914 2177 991 amplius
2199 928 2362 984 quam
2388 914 2506 969 duae
2531 913 2585 967 in
2612 912 2721 969 fine
2747 912 3096 983 colliguntur.
3128 913 3205 969 De
3242 913 3439 985 quibus
3467 912 3539 968 ab

1946 1006 2102 1061 initio
2143 1005 2260 1061 duae
2300 1013 2691 1060 construuntur
2736 1003 3017 1071 civitates,
3046 1001 3285 1075 Babylon
3327 1002 3540 1059 scilicet

1944 1096 2180 1162 misera,
2231 1104 2285 1152 et
2324 1095 2659 1151 Hierusalem
2700 1096 2881 1151 beata.
2912 1095 2982 1151 Et
3027 1096 3171 1151 sicut
3214 1095 3307 1151 uni
3350 1109 3542 1152 earum

1945 1189 2130 1243 omnia
2168 1188 2623 1259 repromittuntur
2662 1186 2825 1252 bona,
2856 1201 2956 1257 per
2999 1200 3189 1242 omnes
3233 1184 3543 1257 Scriptura-

1946 1295 2067 1334 rum
2098 1279 2347 1350 paginas,
2372 1278 2449 1334 sic
2485 1278 2664 1344 alteri,
2696 1276 2858 1333 simul
2890 1291 2955 1332 ac
2995 1276 3043 1332 si
3080 1276 3198 1341 uni,
3228 1275 3546 1349 prophetico

1947 1371 2318 1441 imprecantur
2364 1370 2568 1435 omnia,
2617 1377 2674 1423 et
2718 1367 3108 1423 denuntiantur
3150 1366 3313 1421 mala.
3341 1365 3387 1418 Α
3418 1382 3545 1421 san-

1946 1466 2124 1537 guine,
2156 1465 2353 1535 inquit,
2379 1463 2507 1517 Abel
2524 1464 2686 1533 justi,
2716 1478 2879 1535 usque
2900 1462 2970 1516 ad
2998 1461 3306 1533 sanguinem
3333 1456 3543 1514 Zacha-

1949 1557 2067 1610 ήιε.
2098 1555 2171 1609 De
2201 1554 2337 1609 Abel
2375 1562 2556 1610 autem
2589 1552 2734 1608 nulla
2775 1560 2858 1608 est
2887 1550 3236 1620 ambiguitas,
3270 1549 3398 1620 quin
3427 1548 3545 1621 ipse

1948 1647 2021 1702 sit
2048 1662 2208 1717 quem
2242 1646 2374 1702 Cain
2416 1644 2588 1702 frater
2614 1644 2734 1715 ejus
2760 1644 2979 1701 occidit.
3008 1641 3195 1699 Justus
3223 1650 3405 1698 autem
3434 1655 3543 1697 non

1950 1741 2125 1796 solum
2155 1755 2299 1796 nunc
2322 1755 2391 1796 ex
2415 1741 2509 1795 Dei
2537 1739 2825 1805 sententia,
2845 1754 3034 1795 verum
3064 1754 3131 1794 ex
3151 1737 3379 1795 Genesis
3399 1736 3547 1792 testi-

240 1831 403 1903 961
450 1845 668 1901 quoque
710 1831 971 1900 propheta
1025 1831 1138 1885 ait:
1177 1830 1512 1887 Declinantes
1560 1843 1732 1887 autem
1789 1834 1847 1889 in
1952 1833 2138 1888 monio
2168 1834 2573 1902 comprobatur,
2597 1832 2689 1888 ubi
2726 1840 2945 1903 accepta
2974 1832 3091 1903 ejus
3115 1846 3146 1886 a
3177 1832 3289 1887 Deo
3316 1844 3548 1886 narran-

241 1922 611 1994 obligationes,
645 1921 869 1976 adducet
922 1922 1184 1978 Dominus
1228 1940 1346 1978 cum
1377 1924 1712 1994 operantibus
1742 1925 1846 1980 ini—
1871 1904 1922 1967 Β
1953 1934 2040 1980 tur
2067 1938 2312 1979 munera.
2342 1922 2448 1979 Sed
2475 1924 2541 1979 de
2565 1922 2854 1990 Zacharia,
2877 1923 2998 1994 quis
3032 1923 3125 1988 sit,
3147 1922 3242 1993 qui
3268 1919 3548 1977 Barachias

239 2024 525 2085 qtufalem.
567 2013 866 2084 Prophetas
888 2021 1070 2068 autem
1098 2020 1157 2069 et
1183 2014 1477 2084 sapientes,
1510 2030 1574 2069 ac
1600 2014 1842 2083 Scribas,

242 2108 525 2179 apostolos
542 2118 723 2173 vocat,
747 2109 833 2165 vel
853 2124 948 2165 eos
974 2125 1112 2181 quos
1132 2126 1256 2166 cum
1279 2112 1359 2167 eis
1383 2112 1533 2166 misit
1561 2112 1629 2166 ad
1651 2111 1845 2182 praedi-

243 2203 507 2257 candum.
541 2201 808 2270 Quoniam
838 2203 981 2258 sicut
1009 2204 1201 2259 scribit
1230 2204 1517 2274 Apostolus
1552 2205 1618 2259 ad
1656 2204 1848 2260 Corin-

247 2293 417 2357 thios,
444 2294 596 2347 varia
642 2290 862 2348 fuerunt
907 2294 1047 2349 dona
1090 2295 1143 2348 in
1199 2294 1439 2350 Ecclesia
1464 2294 1686 2360 Christi,
1713 2310 1850 2366 quos

247 2384 432 2453 posuit
463 2381 701 2453 Spiritus
731 2393 974 2450 sanctus,
1006 2383 1142 2441 alios
1167 2386 1385 2456 quidem
1413 2388 1728 2458 prophetas,
1753 2388 1848 2459 qui

246 2475 433 2532 futura
478 2478 953 2548 praenuntiabant;
987 2478 1121 2534 alios
1150 2479 1443 2549 sapientes,
1474 2480 1566 2550 qui
1600 2479 1849 2549 plenissi-

252 2586 401 2624 mam
435 2570 492 2625 in
534 2570 752 2626 Christo
796 2571 1070 2627 habebant
1127 2572 1429 2636 scientiam,
1477 2581 1534 2627 et
1582 2581 1851 2628 noverunt

249 2662 475 2732 quando
504 2662 765 2718 deberent
792 2661 1036 2732 proferre
1079 2678 1419 2729 sermonem;
1464 2663 1599 2721 alios
1629 2662 1851 2720 Scrihas

250 2754 306 2808 in
354 2753 473 2825 lege
512 2754 878 2822 doctissimos,
930 2757 1021 2827 qui
1065 2756 1309 2814 sciebant
1337 2756 1583 2827 proferre
1626 2757 1693 2813 de
1728 2771 1851 2813 cor-

253 2846 420 2901 dibus
481 2848 595 2902 suis
642 2864 802 2914 nova,
855 2857 962 2904 etc.
1010 2848 1078 2904 Et
1128 2865 1196 2904 ex
1242 2849 1349 2905 illis
1382 2850 1664 2915 occidetis,
1711 2849 1854 2905 sicut

253 2937 459 2994 Paulus
489 2939 781 2995 decollatus
807 2948 911 3003 est,
942 2948 997 2995 et
1046 2939 1203 2995 multi
1247 2940 1371 3006 alii;
1418 2948 1474 2995 et
1498 2941 1851 3012 crucifigetis,

253 3030 401 3084 sicut
440 3027 636 3085 Petrus
673 3030 968 3086 crucifixus
1026 3040 1131 3097 est,
1175 3040 1229 3088 et
1281 3031 1528 3087 Andreas
1582 3046 1743 3088 cruce
1797 3032 1853 3089 in

251 3120 449 3176 eadem
479 3135 805 3191 suspensus;
835 3138 934 3179 nec
976 3138 1085 3178 non
1115 3132 1170 3178 et
1214 3120 1521 3194 Stephanus
1559 3124 1851 3197 lapidatus,

253 3216 349 3285 qui
401 3216 613 3284 primus
656 3225 867 3290 martyr
909 3216 1139 3273 Domino
1187 3219 1445 3283 occurrit,
1469 3218 1601 3274 olim
1632 3220 1701 3275 ad
1751 3220 1856 3276 hoc

1952 2015 2099 2071 ﬁlius
2123 2023 2400 2080 narratur,
2429 2014 2599 2069 multa
2627 2014 2876 2070 dubietas
2903 2021 3008 2081 est,
3029 2014 3159 2084 quia
3182 2013 3381 2068 multos
3407 2011 3545 2083 legi-

1952 2122 2076 2162 mus
2103 2105 2417 2162 Zacharias.
2448 2104 2516 2160 Et
2557 2120 2625 2162 ne
2658 2105 2831 2161 libera
2875 2106 3097 2162 daretur
3128 2106 3288 2162 nobis
3318 2105 3549 2161 facultas

1951 2199 2179 2264 erroris,
2212 2197 2455 2253 additqu
2506 2207 2608 2262 est,
2643 2214 2796 2270 quem
2836 2198 3100 2253 occidistis
3134 2200 3273 2253 inter
3299 2198 3549 2270 templum

1952 2300 2003 2344 et
2028 2289 2216 2344 altare.
2240 2290 2319 2345 De
2342 2304 2451 2360 quo
2476 2289 2669 2345 beatus
2695 2289 3055 2363 Hieronymus
3076 2291 3246 2347 multa
3269 2306 3330 2348 se
3353 2291 3551 2362 legisse

1955 2390 2191 2437 testatur
2218 2382 2274 2437 in
2292 2383 2689 2438 commentario
2717 2398 2835 2439 suo.
2876 2382 2980 2439 Sed
3002 2383 3268 2457 Origenes
3300 2394 3553 2442 astruere

1953 2484 2205 2541 conatur,
2237 2475 2381 2547 quod
2429 2475 2518 2531 ille
2553 2491 2611 2532 se
2653 2476 2810 2531 facile
2845 2475 3092 2532 refellere
3132 2492 3296 2549 posse
3332 2477 3553 2549 profite-

1957 2574 2066 2620 tur.
2091 2565 2248 2621 Hunc
2270 2566 2592 2622 Zachariam
2616 2575 2829 2638 patrem
2856 2566 3024 2624 fuisse
3045 2567 3293 2638 Joannis,
3314 2569 3552 2628 maxime

1956 2656 2085 2726 quia
2124 2654 2243 2725 ejus
2285 2656 2721 2713 interfectionem
2767 2656 3019 2715 Christus
3065 2660 3270 2716 eisdem
3317 2661 3554 2731 imputat

1956 2752 2181 2819 Judaeis,
2211 2752 2409 2823 quibus
2455 2752 2798 2823 loquebatur,
2826 2762 2883 2810 et
2918 2770 3025 2809 non
3058 2754 3305 2825 patribus
3334 2770 3548 2812 eorum.

1962 2842 2130 2910 Quem
2158 2844 2447 2911 occidistis,
2479 2845 2673 2916 inquit,
2708 2848 2845 2901 inter
2868 2848 3117 2920 templum
3150 2858 3199 2904 et
3236 2849 3423 2906 altare.
3459 2849 3554 2907 Sic

1960 2938 2161 3009 quippe
2188 2937 2257 2993 ad
2298 2952 2393 2995 eos
2431 2938 2655 2994 verbum
2686 2940 2890 3012 dirigit,
2926 2941 3082 3011 quasi
3109 2949 3165 2997 et
3198 2942 3299 3014 ipsi
3330 2942 3404 2998 ita
3429 2957 3555 2999 esse

1959 3048 2163 3103 negare
2210 3048 2317 3090 non
2359 3035 2591 3106 possint.
2623 3034 2731 3091 Sed
2760 3035 3031 3107 quomodo
3073 3034 3239 3091 fuerit
3282 3036 3423 3094 illius
3451 3037 3556 3093 Ba-

1960 3124 2161 3182 rachias
2198 3124 2422 3193 fatetur,
2452 3126 2519 3183 de
2551 3126 2849 3198 Scripturis
2875 3127 3080 3183 sanctis
3104 3142 3213 3183 non
3238 3141 3400 3197 posse
3420 3142 3551 3199 pro-

1960 3218 2101 3285 bari,
2146 3219 2253 3275 nisi
2301 3218 2459 3284 forte,
2495 3219 2623 3291 quia
2663 3219 2959 3275 Barachias
3006 3219 3303 3275 benedictus
3342 3219 3443 3277 Dei
3485 3235 3557 3275 ex

252 3306 485 3362 electus.
527 3306 679 3364 Unde
731 3323 833 3364 nec
879 3309 1153 3365 immerito
1197 3326 1394 3367 nomen
1434 3312 1712 3382 accepisse
1733 3327 1856 3369 cre-
1882 3298 1930 3362 Ο
1962 3312 2193 3371 Hebraeo
2234 3315 2644 3387 interpretatur,
2684 3316 2801 3387 ipso
2845 3323 2984 3371 teste
3028 3313 3392 3385 Hieronymo,
3430 3314 3557 3385 jure

256 3400 427 3467 ditur,
475 3415 603 3456 nam
650 3400 950 3473 Stephanus
996 3401 1203 3469 Graece,
1249 3401 1441 3459 Latine
1488 3418 1616 3459 vero
1662 3420 1857 3461 corona

261 3492 483 3548 dicitur.
537 3492 607 3548 Et
630 3492 752 3549 ideo
791 3495 1017 3565 provide
1045 3496 1181 3551 satis
1226 3511 1292 3553 ex
1338 3496 1601 3567 praesagio
1624 3496 1763 3553 sicut
1790 3511 1859 3554 ex

272 3585 511 3649 nomine,
538 3584 853 3658 designatus
898 3596 982 3642 est
1015 3596 1144 3643 ante
1177 3588 1313 3645 alios
1340 3603 1598 3644 coronam
1638 3598 1859 3660 gestans

276 3675 331 3728 in
354 3677 543 3744 capite,
569 3678 817 3734 minister
843 3679 1110 3749 gloriosus
1137 3690 1428 3738 coronatus
1453 3682 1711 3737 occurrit.
1734 3682 1859 3738 Fla-

264 3765 452 3836 gellati
482 3782 607 3823 vero
652 3769 901 3841 discipuli
943 3772 996 3826 in
1030 3771 1255 3829 Actibus
1297 3772 1548 3844 leguntur
1591 3774 1863 3844 apostolo-

264 3875 410 3913 rum.
440 3858 570 3929 Qua:
598 3863 779 3917 omnia
806 3864 1080 3935 deinceps,
1111 3867 1291 3937 qualia
1323 3875 1378 3921 et
1405 3877 1605 3939 quanta
1635 3868 1857 3936 fuerint,

262 3955 354 4009 ubi
388 3955 476 4011 vel
512 3958 604 4012 ubi
625 3959 792 4027 passi,
821 3974 982 4015 nemo
1019 3970 1103 4016 est
1130 3961 1223 4032 qui
1251 3970 1550 4017 enumeret.
1590 3960 1695 4018 Sed
1721 3964 1861 4019 sicut

262 4046 368 4101 isto
394 4048 545 4104 trino
572 4065 799 4105 numero
834 4066 1026 4107 omnes
1063 4068 1156 4108 eos
1190 4053 1281 4123 qui
1313 4052 1457 4123 passi
1485 4061 1630 4119 sunt,
1681 4053 1748 4108 ab
1780 4053 1861 4110 eis

259 4142 521 4214 collegit:
554 4144 629 4199 ita
660 4153 715 4201 et
738 4154 1003 4216 quotquot
1046 4145 1191 4216 passi
1224 4156 1352 4201 sunt
1388 4162 1585 4219 genera
1618 4156 1863 4203 tormen-

257 4244 442 4289 torum
468 4238 900 4293 connumeravit.
947 4237 1100 4295 Unde
1125 4239 1387 4309 sequitur,
1414 4248 1462 4293 et
1482 4240 1860 4310 persequemini

251 4328 324 4381 de
350 4330 565 4384 civitate
587 4330 642 4383 in
674 4330 953 4385 civitatem.
987 4330 1101 4385 Hoc
1120 4331 1319 4402 quippe
1350 4345 1513 4401 quam
1550 4331 1862 4403 frequenter

252 4417 516 4486 fecerint,
570 4420 685 4491 ipsa
726 4421 953 4477 historia
1000 4422 1219 4492 prodit,
1262 4421 1595 4493 expellentes
1643 4437 1737 4478 eos
1796 4424 1862 4479 de

247 4510 471 4579 Judzea,
502 4521 563 4569 ut
591 4514 660 4570 ad
681 4514 919 4586 gentium
943 4514 1278 4583 solitudines,
1307 4513 1434 4572 licet
1474 4514 1651 4584 inviti,
1685 4525 1863 4575 trans-

253 4604 429 4658 irent.

338 4691 409 4747 Ut
453 4696 645 4762 veniat,
684 4697 882 4770 inquit,
913 4715 1070 4770 super
1096 4715 1185 4754 vos
1213 4701 1381 4755 omnis
1413 4700 1627 4771 sanguis
1648 4699 1856 4769 justus,

249 4787 352 4856 qui
392 4786 595 4856 eﬁ'usus
625 4799 701 4844 est
728 4807 887 4862 super
932 4800 1147 4857 terram,
1175 4809 1207 4846 a
1251 4793 1506 4863 sanguine
1540 4790 1669 4846 Abel
1699 4792 1861 4863 justi,

249 4895 432 4948 usque
471 4880 542 4934 ad
579 4884 889 4953 sanguinem
915 4880 1216 4951 Zachariw,
1248 4901 1400 4956 quem
1432 4883 1695 4939 occidistis
1726 4885 1864 4941 inter

250 4970 518 5041 templum
548 4982 595 5026 et
629 4972 815 5029 altare.
854 4973 923 5030 Et
960 4974 1077 5031 haec
1115 4984 1200 5032 est
1240 4975 1397 5047 plena
1446 4990 1697 5031 mensura
1737 4991 1863 5047 pec-

248 5062 396 5118 cati.
445 5061 675 5135 Propter
716 5065 860 5136 quod
912 5066 1167 5137 possibile
1206 5082 1313 5124 non
1352 5076 1491 5134 erat,
1530 5067 1621 5139 qui
1664 5068 1864 5124 talibus

249 5156 510 5214 conclusi
541 5158 752 5216 actibus
776 5160 1176 5229 detinebantur,
1197 5170 1258 5217 ut
1279 5160 1579 5234 effugerent
1597 5161 1859 5232 judicium

250 5246 553 5317 gehennae.
584 5245 737 5315 Quod
763 5248 994 5320 denique
1023 5250 1119 5316 ait,
1149 5267 1307 5322 super
1332 5268 1440 5318 vos,
1472 5267 1579 5307 non
1607 5252 1685 5307 sic
1718 5253 1862 5308 acci-

249 5339 531 5411 piendum
569 5341 797 5409 aestimo,
824 5342 983 5412 quasi
1023 5342 1167 5398 dicat
1206 5358 1368 5413 super
1401 5358 1494 5400 eos
1531 5352 1739 5399 tantum
1768 5345 1861 5415 qui

253 5432 761 5501 imprtesentiarum
800 5444 986 5502 erant,
1037 5452 1159 5491 cum
1211 5436 1410 5506 quibus
1462 5445 1518 5491 et
1556 5437 1622 5491 de
1665 5437 1862 5507 quibus

253 5525 434 5596 longe
467 5524 580 5595 jam
606 5525 699 5581 diu
724 5526 1051 5598 loquebatur
1107 5528 1213 5583 Sed
1237 5544 1361 5584 cum
1385 5528 1539 5594 dicit,
1566 5545 1723 5599 super
1750 5546 1860 5598 vos,

256 5628 386 5675 tam
424 5617 585 5673 simul
614 5628 815 5688 patres,
844 5619 911 5675 de
941 5620 1136 5691 quibus
1164 5634 1325 5689 supra
1356 5620 1589 5686 dixerat,
1615 5634 1777 5690 quam
1812 5629 1869 5677 et

254 5712 418 5769 ﬁlios
464 5722 519 5766 et
558 5728 749 5767 omnes
776 5728 963 5767 eorum
995 5713 1307 5784 complices,
1339 5727 1403 5768 ac
1433 5712 1478 5768 si
1509 5713 1561 5768 in
1601 5728 1710 5769 uno
1740 5729 1866 5770 cor-

256 5822 432 5881 pore,
473 5807 885 5879 comprehendit
930 5824 1065 5880 quos
1105 5808 1267 5865 simul
1307 5808 1478 5865 malos
1526 5824 1647 5864 mox
1703 5826 1865 5867 uuam

258 5903 690 5977 generationem
728 5919 849 5962 esse
875 5905 1130 5963 ostendit.
1176 5903 1312 5963 Nam
1355 5905 1411 5964 in
1453 5913 1696 5979 tempore
1732 5903 1868 5965 Abel

1881 4663 1937 4725 D

1961 3406 2135 3476 possit
2162 3405 2457 3462 Zacharias
2494 3405 2812 3462 benedictus
2846 3404 2943 3461 Dei
2972 3403 3117 3460 filius
3146 3403 3275 3467 dici,
3313 3417 3380 3459 eo
3410 3406 3558 3474 quod

1961 3514 2029 3555 ex
2059 3514 2257 3572 genere
2299 3499 2625 3556 sacerdotali
2666 3498 2939 3570 pontificis
2974 3497 3120 3553 ﬁlius
3160 3497 3355 3564 fuerit;
3387 3498 3480 3569 qui
3506 3499 3557 3556 si

1963 3608 2072 3649 non
2126 3593 2443 3649 benedictus
2491 3592 2587 3649 Dei
2636 3600 2812 3659 esset,
2856 3591 3113 3649 sacerdos
3162 3589 3280 3647 fore
3331 3590 3559 3647 minime

1961 3696 2165 3758 posset.
2188 3686 2455 3744 Caeterum
2478 3688 2545 3744 de
2572 3688 2845 3745 occisione
2867 3686 2985 3756 ejus
3010 3687 3141 3743 dicit
3168 3702 3226 3743 se
3249 3686 3411 3743 talem
3434 3700 3558 3757 per-

1962 3781 2171 3851 cepisse
2223 3782 2591 3849 traditionem,
2629 3782 2781 3854 quasi
2840 3781 3003 3837 fuerit
3051 3781 3246 3852 aliquis
3300 3781 3453 3837 locus
3500 3783 3558 3838 in

1963 3872 2185 3944 templo,
2224 3888 2331 3945 quo
2381 3873 2681 3947 virginibus
2729 3874 2906 3930 solum
2961 3882 3081 3929 erat
3129 3872 3339 3930 licitum
3385 3881 3553 3939 stare,

1963 3980 2071 4019 non
2110 3965 2529 4035 permittebatur
2571 3966 2622 4021 ei
2653 3980 2721 4022 eo
2759 3967 2814 4021 in
2860 3964 2977 4022 loco
3021 3973 3186 4022 stare.
3218 3965 3385 4021 Beata
3428 3980 3559 4021 vero

1963 4056 2132 4112 Maria
2160 4066 2448 4129 postquam
2474 4058 2659 4130 genuit
2681 4056 3041 4124 Salvatorem,
3078 4058 3387 4128 ingrediens
3415 4065 3556 4113 tem-

1963 4148 2113 4220 plum
2142 4157 2203 4204 ut
2231 4158 2435 4217 oraret,
2464 4151 2615 4207 stetit
2637 4152 2859 4208 conscia
2884 4152 2967 4207 sui
2991 4151 3213 4222 pudoris
3242 4150 3334 4207 illo
3359 4150 3557 4206 inloco

1964 4239 2057 4309 qui
2101 4240 2372 4321 virginupt
2400 4251 2537 4298 erat.
2583 4242 3006 4301 Prohibentibus
3055 4252 3236 4300 autem
3264 4243 3474 4300 Scribis
3503 4252 3560 4301 et

1962 4333 2271 4399 Pharisaais,
2303 4337 2396 4408 qui
2439 4347 2705 4394 noverant
2746 4352 2867 4395 eam
2914 4339 3082 4395 filium
3129 4340 3426 4412 peperisse,
3455 4340 3555 4397 Za-

1966 4423 2179 4480 charias
2208 4425 2376 4481 divini
2403 4428 2647 4498 mysterii
2670 4428 2786 4499 jam
2816 4428 2974 4500 plene
3002 4431 3275 4496 conscius,
3310 4430 3392 4488 eis
3416 4430 3555 4487 dici-

1962 4519 2055 4567 tur
2080 4514 2366 4582 restitisse,
2392 4524 2555 4587 atque
2580 4518 2785 4575 dixisse
2805 4520 3303 4578 contradicentibus
3330 4522 3380 4577 ei
3410 4536 3427 4577 :
3454 4519 3559 4577 No-

1964 4601 2059 4658 lite
2084 4603 2375 4673 prohibere
2400 4606 2654 4676 quoniam
2683 4608 2848 4681 963
2878 4610 3039 4682 digna
3068 4620 3155 4669 est
3178 4612 3451 4684 virginum
3479 4611 3557 4669 lo-

1966 4711 2032 4752 co
2068 4706 2234 4763 stare,
2272 4701 2527 4769 quoniam
2559 4711 2615 4757 et
2653 4703 2769 4774 ipsa
2809 4704 2964 4776 virgo
3000 4714 3105 4761 est.
3143 4705 3259 4773 Qua
3289 4706 3356 4762 de
3386 4720 3557 4762 causa

1966 4788 2239 4858 principes
2270 4792 2612 4849 sacerdotum
2641 4796 2919 4862 commoti,
2951 4798 3078 4868 quia
3107 4795 3383 4853 Christum
3417 4812 3555 4869 pra:-

1967 4876 2205 4946 dicabat,
2236 4882 2393 4951 quasi
2441 4882 2883 4942 manifestissime
2936 4896 3125 4944 contra
3172 4886 3346 4959 legem
3392 4905 3557 4961 agen-

1969 4979 2103 5037 tem,
2133 4980 2189 5028 et
2230 4973 2285 5028 in
2323 4972 2443 5031 loco
2479 4975 2750 5049 virginum
2779 4986 2926 5035 stare
2953 4979 3342 5037 concedentem
3370 4980 3560 5038 mulie-

1968 5076 2110 5129 rem,
2138 5063 2205 5119 de
2232 5080 2337 5135 qua
2377 5064 2626 5124 Christus
2652 5077 2813 5125 natus
2849 5085 2958 5126 non
2996 5071 3315 5141 negabatur,
3345 5070 3558 5127 occide-

1971 5163 2096 5210 runt
2121 5170 2244 5212 eum
2278 5157 2420 5215 inter
2450 5161 2709 5232 templum
2745 5171 2802 5219 et
2828 5162 3017 5228 altare,
3052 5163 3153 5219 viri
3190 5164 3555 5236 generationis

1970 5243 2114 5302 illius
2163 5250 2444 5320 temporis,
2475 5251 2561 5308 vel
2610 5250 2751 5309 forte
2788 5267 2913 5309 cum
2965 5254 3162 5324 quibus
3210 5253 3553 5326 loquebatur.

1970 5340 2177 5409 Quibus
2208 5344 2281 5399 ita
2317 5346 2499 5413 dictis,
2535 5348 2881 5418 prosequitur
2912 5350 3052 5404 idem
3092 5348 3357 5420 Origenes
3385 5356 3443 5405 et
3472 5350 3558 5405 in-

1970 5434 2095 5500 fert,
2124 5438 2269 5506 quod
2315 5438 2360 5494 si
2414 5438 2720 5509 hujusmodi
2766 5439 3109 5497 traditionem
3153 5455 3261 5497 non
3304 5441 3554 5508 credunt,

1970 5528 2249 5599 exigamus
2278 5530 2345 5585 ab
2374 5530 2454 5585 eis
2482 5530 2765 5595 rationem,
2797 5531 3068 5601 quomodo
3102 5533 3258 5603 quasi
3296 5531 3438 5590 filios
3463 5548 3557 5589 eo-

1972 5635 2090 5675 rum
2118 5621 2208 5691 qui
2237 5621 2553 5677 occideruut
2589 5622 2903 5692 prophetas,
2927 5624 3220 5695 exprobrat
3244 5621 3404 5680 Jesus
3432 5623 3557 5681 illos

1969 5714 2232 5770 occidisse
2258 5714 2598 5780 Zachariam,
2622 5730 2798 5785 neque
2823 5718 2887 5772 ad
2920 5725 3100 5787 patres
3125 5717 3229 5773 hoc
3252 5716 3553 5788 reterquet.

1971 5807 2064 5863 sed
2090 5807 2242 5876 quasi
2274 5806 2374 5877 ipsi
2399 5821 2521 5861 eum
2554 5805 2649 5862 filii
2676 5808 2977 5865 occiderint
3024 5808 3166 5866 inter
3203 5808 3465 5885 templum
3500 5820 3557 5867 et

1971 5902 2174 5985 altare;
2222 5898 2291 5959 ad
2337 5910 2634 5976 praesentes
2679 5903 2825 5964 enim
2873 5903 3115 5981 loquitur
3151 5902 3457 5969 Pbarisaeos
3498 5913 3557 5962 et
