4016 6354
185 374 287 443 7Q

960 375 1323 445 EXPOSITIO
1361 377 1428 434 IN
1467 378 1902 436 MATTHIEUM.
1940 414 2007 421 ——
2046 383 2172 439 LIB.
2213 384 2279 453 X,
2318 386 2470 443 CAP.
2509 389 2691 445 XXIII.

3350 397 3453 453 790

178 491 326 565 pidss
353 505 442 545 eos
468 490 558 562 qui
582 489 653 544 ad
678 500 727 544 te
757 490 901 545 missi
927 500 1070 545 sunt.
1096 490 1223 547 Hice
1266 494 1464 564 quippe
1488 508 1591 547 vox
1611 492 1764 565 plan-
1790 494 1835 554 Δ
1871 492 2012 551 lilius
2045 495 2339 554 Baracbiaa.
2377 499 2549 570 Quam
2592 501 2729 558 forte
2774 504 3161 562 dissonantiam
3197 508 3452 574 nominis,

180 584 352 658 gentis
376 588 462 640 e'st
490 590 546 640 et
576 582 828 649 dolentis,
859 584 999 640 sicut
1024 595 1080 640 et
1119 585 1246 642 alibi
1285 588 1483 643 dicitur
1516 604 1529 642 :
1571 586 1763 643 Videas
1868 600 1963 645 aut
1990 591 2277 649 diversitas
2323 594 2682 666 interpretum
2708 594 2837 652 fecit
2861 638 2875 663 ,
2908 607 3002 653 aut
3037 600 3275 656 varietas
3303 599 3456 658 codi-

176 675 332 732 Jesus
353 675 639 741 civitatem,
661 675 800 746 ﬂevit
824 686 982 745 super
1006 675 1153 730 illam
1186 674 1336 749 (Luc.
1375 693 1490 743 xxx,
1509 666 1617 747 21).
1646 676 1763 733 Νοη

176 764 323 822 enim‘
370 765 494 835 pius
535 770 591 821 et
632 764 870 821 clemens
919 760 1216 833 Dominus,
1264 776 1474 823 tantum
1523 768 1589 825 de
1632 780 1764 825 nece

177 862 491 912 sanctorum
523 864 745 913 suorum
771 856 960 913 habuit
986 858 1279 915 lamentum
1298 901 1313 925 ,
1345 875 1519 930 neque
1547 861 1614 917 de
1639 876 1763 918 san-

177 948 334 1020 guine
363 949 754 1019 prophetarum
792 950 1035 1004 omnium
1064 951 1155 1021 qui
1186 948 1390 1006 eﬂusus
1413 960 1499 1007 est
1525 952 1593 1008 ab
1625 952 1761 1020 illis,

174 1048 438 1114 quantum
467 1040 683 1098 ﬂevisse
713 1042 942 1115 legimus
973 1046 1039 1099 de
1068 1045 1168 1099 hac
1193 1047 1392 1101 misera
1411 1086 1426 1111 ,
1456 1054 1510 1102 et
1539 1046 1760 1113 luxisse,

175 1152 351 1192 sciens
382 1137 531 1207 quod
560 1137 746 1192 electis
787 1137 899 1193 suis
939 1136 1109 1207 gloria
1151 1154 1249 1210 per
1292 1141 1407 1196 haec
1448 1140 1758 1212 parabatur.

173 1227 336 1301 966
374 1225 486 1283 Sed
519 1228 585 1283 de
610 1227 825 1283 illorum
864 1228 1083 1285 interitu
1122 1230 1431 1302 plangebat,
1487 1247 1553 1289 ac
1583 1234 1630 1288 si
1666 1234 1758 1288 be-

174 1323 370 1390 nignus
410 1329 466 1375 et
498 1319 678 1391 justus
721 1321 1025 1388 Dominus,’
1046 1337 1183 1393 quos
1211 1324 1438 1379 multum
1475 1325 1759 1381 dilexerat.

174 1413 451 1469 Flectebat
491 1415 636 1469 enim
667 1429 789 1470 eum
818 1416 983 1470 nimia
1013 1416 1300 1472 clementia
1338 1418 1407 1473 ad
1444 1417 1761 1484 Iumentum,

176 1515 229 1561 et
252 1504 545 1562 revocabat
566 1505 776 1577 iustitia
801 1543 817 1571 ,
848 1522 917 1562 ne
955 1514 1168 1562 tantum
1201 1508 1403 1562 malum
1439 1508 1641 1563 diutius
1670 1523 1764 1578 pa-

180 1605 381 1653 teretur
400 1597 556 1654 abire
577 1597 826 1653 inultum.
852 1597 919 1653 Et
947 1598 1067 1655 ideo
1093 1598 1365 1670 lacrymas
1389 1599 1645 1655 fundebat
1666 1614 1764 1670 pro

184 1690 357 1762 impiis
380 1732 395 1756 ,
420 1690 611 1747 volens
640 1691 718 1747 eis
748 1691 1091 1747 clementiam
1129 1701 1388 1763 praestare
1409 1735 1423 1760 ,
1456 1694 1549 1748 sed
1581 1693 1764 1763 prohi-

1864 696 2009 739 cum.
2043 683 2150 742 Sed
2179 689 2450 758 quomodo
2478 687 2815 747 Hierusalem
2858 691 3122 749 occiderit
3162 694 3457 766 prophetas

1864 769 2011 833 recte
2037 780 2314 849 qirteritur.
2341 774 2455 836 Non
2481 783 2625 837 enim
2657 784 2773 854 ipsa
2798 800 3077 841 murorum
3105 786 3332 843 aedilicia
3353 799 3450 845 eos

1864 869 2131 926 occidisse
2168 873 2490 941 creduntur,
2522 876 2663 931 sicut
2700 891 2801 932 nec
2830 878 3091 934 Dominus
3119 894 3249 935 saxa
3276 888 3331 935 et
3357 894 3454 950 pa~

1866 960 2031 1016 rietes
2052 963 2309 1036 plangere
2331 967 2609 1036 probatur.
2635 966 2745 1024 Sed
2762 969 2840 1024 sic
2862 969 3066 1026 dictum
3091 981 3195 1036 est,
3219 974 3279 1026 ut
3298 970 3456 1042 vulgo

1866 1055 1972 1111 dici
2000 1056 2158 1123 solet,
2190 1057 2562 1116 Conclamavit
2594 1070 2706 1116 tota
2732 1062 2957 1129 civitas,
2991 1071 3077 1130 et,
3110 1062 3339 1135 Egressa
3371 1069 3455 1118 est

1864 1148 2042 1202 onmis
2066 1149 2260 1205 civitas
2289 1151 2500 1205 obviam
2525 1152 2595 1216 ei,
2625 1168 2722 1223 pro
2749 1152 2834 1208 his
2855 1153 2945 1223 qui
2978 1161 3102 1208 sunt
3128 1152 3183 1207 in
3203 1152 3449 1209 civitate.

1866 1234 2021 1294 Unde
2049 1249 2103 1293 et
2123 1240 2224 1309 ipsi
2252 1256 2415 1311 quam
2444 1242 2582 1300 bene
2610 1243 2865 1298 concives
2904 1243 3161 1298 dicuntur
3196 1242 3287 1313 qui
3328 1252 3447 1298 eos-

1864 1328 1987 1383 dem
2018 1330 2355 1398 oceiderunt,
2386 1347 2616 1403 quorum
2662 1346 2825 1389 causa
2870 1333 3091 1400 dicitur,
3119 1332 3453 1388 Hierusalem
3506 1342 3511 1353 ‘

1866 1423 2130 1478 occidisse
2175 1425 2486 1495 prophetas.
2540 1424 2608 1480 Et
2634 1425 2933 1482 notandum
2972 1426 3099 1495 quia
3145 1440 3251 1481 non
3296 1424 3454 1490 dixit,

1866 1528 1988 1583 quae
2026 1514 2271 1569 occidisti
2316 1524 2369 1570 et
2417 1514 2693 1587 lapidasti,
2739 1515 2835 1572 sed
2865 1530 2986 1586 qua:
3024 1515 3230 1571 occidis
3257 1523 3313 1570 et
3336 1528 3456 1584 qua

1866 1601 2091 1673 lapidas.
2123 1603 2200 1659 Ac
2227 1604 2271 1660 si
2298 1604 2511 1661 dicatur
2536 1624 2549 1661 :
2575 1603 2690 1662 Hoc
2709 1606 2989 1678 proprium
3013 1607 3203 1673 habes,
3223 1614 3279 1660 et
3297 1604 3454 1676 quasi

1860 1691 1973 1762 jam
1999 1693 2302 1748 naturalem
2332 1695 2801 1765 consuetudinem,
2831 1705 2889 1751 ut
2912 1697 3124 1768 lapides
3149 1706 3372 1752 sanctos
3397 1702 3453 1751 et

179 1781 335 1837 hebat
357 1797 547 1837 eorum
580 1782 832 1854 impietas
854 1825 870 1849 ,
898 1793 956 1839 et
978 1784 1205 1855 iustitiae
1232 1786 1424 1842 virtus.
1458 1785 1592 1854 Quia
1634 1795 1761 1842 tunc
1794 1853 1833 1861 _
1867 1785 2103 1840 occidas.
2138 1784 2253 1841 Non
2285 1787 2429 1842 enim
2463 1788 2700 1844 cessavit
2726 1785 2946 1845 Christo
2972 1796 3272 1861 perempto,
3306 1790 3454 1846 dein-

175 1883 255 1931 est
277 1890 406 1929 vera
430 1853 822 1941 misericordia,
856 1877 899 1931 si
922 1853 1132 1947 iustitia
1160 1894 1265 1932 non
1294 1853 1538 1933 laedatur.
1563 1874 1644 1933 Ac
1666 1884 1763 1949 per
1791 1853 1838 1913 Β
1866 1890 1995 1947 ceps
2021 1877 2272 1934 occidere
2301 1877 2367 1933 ad
2395 1893 2453 1934 se
2477 1880 2692 1948 missos,
2721 1892 2841 1952 quas
2861 1853 3011 1952 prius
3031 1853 3323 1954 prop-betas
3346 1897 3453 1937 non

171 1966 271 2026 hoc
292 1970 413 2027 btet:
432 1987 538 2025 vox
560 1986 665 2041 qua
688 1970 887 2027 dicitur
903 1968 1258 2038 Hierusalem,
1284 1964 1637 2039 Hierusalem,
1656 1984 1761 2026 non

172 2061 353 2117 minus
391 2062 720 2117 deterrentis
765 2070 849 2115 est
887 2076 1049 2131 quam
1090 2068 1147 2116 et
1185 2061 1520 2133 plangentis;
1550 2061 1597 2117 si
1627 2059 1764 2117 forte

173 2162 385 2208 terrore
435 2153 743 2224 compnncti
792 2159 1069 2207 cessarent
1102 2167 1132 2205 a
1181 2161 1370 2218 reatu,
1417 2160 1474 2208 et
1513 2151 1765 2208 lamentis

168 2245 477 2315 provocati,
500 2242 871 2299 formarentur
913 2245 982 2299 ad
1028 2243 1364 2315 pmuitentim
1413 2244 1639 2300 luctum.
1687 2244 1766 2300 Ac

168 2350 275 2407 per
301 2334 404 2389 hoc
432 2342 577 2406 patet
612 2349 837 2400 sensus,
867 2334 994 2406 quia
1025 2334 1177 2406 impii
1205 2343 1261 2390 et
1289 2342 1607 2405 peccatores
1635 2350 1763 2405 pro-

170 2434 372 2482 vocant
414 2426 515 2480 sibi
548 2424 707 2491 iram,
741 2441 808 2481 ne
849 2433 1163 2480 mereantur
1190 2425 1356 2481 ullam
1396 2426 1760 2482 clementiam.

172 2517 305 2585 Quae
333 2517 531 2572 occidis
561 2518 838 2588 prop/tetas
856 2559 872 2584 ,
901 2528 949 2572 et
979 2514 1185 2583 lapidas
1211 2534 1297 2572 eos
1323 2517 1413 2588 qui
1442 2518 1512 2572 ad
1541 2526 1589 2573 te
1616 2520 1763 2573 missi

168 2622 309 2668 sunt.
343 2608 556 2669 Rursus
598 2607 857 2683 Origenes
892 2610 1148 2668 refricare
1174 2611 1386 2667 videtur
1438 2627 1557 2682 quae
1602 2625 1764 2695 supra

172 2705 411 2768 dixerat,
441 2711 498 2758 et
526 2703 718 2773 quierit
747 2702 1022 2774 quomodo
1052 2701 1326 2769 Salvator,
1344 2718 1532 2759 coram
1561 2701 1766 2759 Judaais

171 2790 404 2863 loquens
452 2792 619 2863 (inter
666 2808 804 2863 quos
839 2800 997 2849 erant
1025 2791 1231 2849 Scribat
1266 2802 1322 2849 et
1350 2792 1639 2858 Pharisaei,
1671 2793 1762 2865 qui

172 2882 546 2953 gloriabantur
568 2883 621 2939 in
642 2882 777 2956 legis
798 2884 1020 2940 scientia
1042 2894 1098 2940 et
1112 2883 1665 2957 prophetarum),qua
1686 2886 1765 2938 ra'-

174 2973 317 3028 tione
349 2972 552 3029 dixerit
574 2973 915 3031 Hierusalem
937 2976 1205 3032 occidisse
1220 2976 1535 3047 prophetas,
1551 2982 1603 3029 et
1632 2973 1765 3045 lapi-

173 3067 334 3123 dasse
383 3068 452 3122 ad
495 3084 553 3124 se
585 3069 815 3125 missos?
853 3070 996 3141 quod
1026 3087 1132 3127 non
1164 3071 1299 3127 satis
1345 3070 1526 3127 divina
1569 3070 1765 3140 probat

174 3159 403 3214 historia
425 3200 441 3225 ,
477 3174 597 3227 qua:
631 3159 684 3213 in
727 3158 1026 3232 Synagogis
1056 3175 1243 3216 eorum
1276 3158 1517 3231 quotidie
1546 3159 1763 3231 legeba-

176 3260 285 3317 tur,
306 3252 412 3307 nisi
437 3268 602 3308 unum
623 3253 876 3308 Azariam
901 3252 1066 3308 lilium
1094 3251 1315 3319 Joiadae,
1345 3268 1506 3324 quem
1532 3250 1763 3322 legimus

172 3342 508 3414 lapidatum;
540 3353 593 3399 et
623 3352 931 3415 propterea,
965 3344 1159 3414 inquit,
1190 3344 1503 3407 videndum,
1533 3359 1600 3399 ne
1623 3342 1764 3400 forte

175 3443 425 3504 oporteat
447 3450 515 3490 ex
539 3434 692 3489 libris
716 3434 1105 3491 secretioribus
1134 3435 1247 3507 (qui
1279 3436 1418 3506 apud
1451 3451 1544 3490 eos
1572 3435 1761 3505 legun-

177 3527 288 3594 tur)
313 3527 421 3582 hoc
462 3526 687 3581 verbum
732 3524 933 3582 Christi
972 3528 1261 3583 ostendere
1286 3568 1301 3593 ,
1345 3534 1401 3582 et
1449 3540 1553 3582 non
1589 3527 1761 3582 solum

183 3614 413 3679 Christi,
438 3617 525 3671 sed
549 3617 714 3673 etiam
741 3616 1129 3688 discipulorum
1158 3618 1296 3689 ejus,
1332 3615 1592 3688 Stephani
1621 3618 1766 3673 vide-

181 3705 311 3761 limt
333 3710 741 3781 protomartyris
756 3718 812 3765 et
833 3704 1061 3781 apostoli
1086 3708 1257 3765 Pauli.
1283 3708 1595 3780 Stephanus
1618 3724 1767 3765 nam-

176 3813 280 3869 que
317 3799 450 3855 dicit
491 3820 502 3854 :
536 3799 703 3867 Quem
732 3802 1105 3872 prophetarum
1131 3810 1305 3874 patres
1336 3802 1491 3857 vestri
1517 3818 1620 3856 non
1644 3812 1766 3857 sunt

171 3893 432 3958 persecuti
447 3892 474 3945 .’
515 3889 578 3945 Et
624 3892 928 3948 occiderunt
973 3908 1059 3949 eos
1099 3895 1190 3965 qui
1235 3893 1670 3972 pra’nuntiabant
1701 3892 1766 3949 de

170 3984 397 4041 adventu
429 3986 623 4057 hujus,
654 3987 808 4059 cujus
839 4005 975 4043 nunc
1010 4006 1096 4049 vos
1131 3989 1422 4059 proditores
1447 3989 1570 4044 estis
1594 3998 1641 4042 et
1665 3989 1762 4043 ho-

171 4078 381 4135 micida:
416 4080 557 4151 (Act.
591 4097 687 4145 vn,
721 4081 832 4155 52).
879 4081 945 4137 Et
982 4080 1184 4139 Paulus
1215 4098 1431 4155 quoque
1472 4080 1762 4139 Thessalo-

168 4169 487 4228 uicensibus
516 4190 531 4227 :
565 4166 693 4238 Vos,
720 4175 914 4247 inquit,
944 4176 1231 4232 imitatores
1259 4176 1388 4243 facti
1408 4177 1553 4242 estis,
1584 4187 1631 4230 et
1655 4175 1768 4246 fra-

163 4266 265 4315 tres
304 4259 677 4318 Ecclesia'rum
720 4264 849 4329 Dei,
892 4282 1009 4336 qum
1053 4277 1171 4339 sunt
1199 4267 1253 4321 in
1293 4265 1511 4332 Juda’a,
1556 4260 1765 4321 Christo

1786 3210 1839 3276 Ο

1865 1969 2140 2023 metuebat
2176 1969 2479 2039 perimere,
2520 1972 2617 2026 sed
2649 1962 2837 2027 eadem
2873 1971 3003 2028 fecit
3037 1974 3295 2043 apostolis
3336 1986 3456 2044 qua

1866 2056 2016 2130 prius
2038 2058 2244 2115 fecerat
2266 2060 2334 2115 ad
2378 2075 2437 2117 se
2464 2060 2663 2117 missis.
2700 2062 2780 2118 Ae
2819 2063 2866 2118 si
2898 2064 3144 2120 diceret:
3177 2065 3457 2133 Quomodo

1866 2151 2145 2206 sanaberis
2164 2164 2285 2222 quae
2308 2152 2513 2207 nullum
2542 2153 2610 2207 ad
2639 2160 2697 2209 te
2723 2153 2994 2210 medicum
3024 2156 3211 2211 venire
3238 2156 3454 2226 permit-

1868 2244 1975 2299 tis?
2004 2245 2249 2314 quinimo
2288 2259 2503 2301 omnem
2545 2247 2868 2303 medicinam
2897 2249 3184 2306 concidens
3206 2292 3221 2317 ,
3254 2251 3456 2336 idcirco

1865 2336 2136 2406 quomodo
2181 2336 2275 2390 tibi
2322 2352 2575 2407 parcam,
2625 2352 2746 2410 quae
2771 2341 2907 2396 meis
2947 2355 3053 2397 non
3083 2342 3265 2412 parcis
3300 2344 3369 2398 ad
3404 2352 3457 2397 te

1867 2425 2087 2480 missis?

1940 2513 2157 2581 Quoties
2203 2516 2341 2570 volm
2373 2530 2688 2589 congregare
2716 2517 2856 2588 ﬁlios
2906 2530 3055 2585 tuos,
3086 2522 3221 2575 sicut
3255 2523 3454 2593 gallina

1867 2617 2144 2678 congregat
2163 2605 2337 2676 pullos
2357 2623 2480 2663 suos
2502 2608 2597 2662 sub
2618 2608 2719 2664 alis
2738 2622 2865 2675 suis,
2886 2620 2934 2666 et
2951 2611 3164 2666 noluisti
3180 2611 3209 2665 γ
3228 2612 3291 2667 Et
3311 2628 3455 2683 quaa-

1866 2702 2093 2754 rendum
2117 2712 2255 2771 quos
2280 2699 2425 2755 dicat
2449 2699 2610 2770 ﬁlios,
2643 2700 2729 2756 vel
2748 2712 2847 2756 cur
2871 2702 3035 2765 dicat,
3064 2705 3269 2773 quoties
3291 2701 3451 2767 solui,

1867 2788 2019 2859 quasi
2051 2790 2141 2858 qui
2191 2787 2502 2860 frequenter
2530 2800 2625 2845 eos
2671 2805 3003 2863 congregare
3030 2791 3290 2857 voluerit,
3328 2800 3450 2846 cum

1867 2870 2212 2938 manifestum
2256 2882 2326 2937 sit
2367 2898 2474 2938 non
2506 2883 2610 2939 nisi
2659 2883 2827 2939 semel
2874 2896 2969 2939 eos
3009 2884 3063 2937 in
3094 2896 3323 2953 corpore
3358 2884 3451 2938 do-

1868 2972 2086 3028 coisse?
2111 2973 2177 3028 Et
2206 2973 2250 3029 si
2285 2973 2468 3037 voluit,
2504 2973 2633 3045 quid
2659 2982 2770 3040 est,
2800 2973 2941 3044 quod
2970 2986 3077 3030 non
3117 2972 3291 3031 ﬁcit?
3320 2974 3448 3028 Cum

1869 3066 2045 3120 omnia
2070 3078 2393 3137 quiscunque
2419 3066 2602 3131 soluit,
2634 3067 2777 3122 sicut
2824 3066 3093 3137 Propheta
3122 3068 3271 3122 canit
3300 3086 3310 3120 :
3344 3068 3446 3120 Da—

1867 3159 2045 3211 minus
2072 3158 2126 3212 in
2155 3158 2282 3212 caelo
2311 3160 2437 3213 etin
2483 3166 2624 3213 terra
2653 3158 2774 3229 fecit
2805 3158 2979 3231 (Psat.
3010 3170 3234 3224 συξη,
3263 3157 3340 3230 6).
3379 3160 3451 3212 De

1871 3263 1975 3318 qua
2006 3250 2307 3319 quaestione
2332 3250 2439 3305 etsi
2466 3251 2599 3305 satis
2616 3248 2733 3319 jam
2759 3262 2919 3321 supra
2951 3251 3273 3317 tractavi,“
3306 3265 3449 3307 Illinc

1870 3340 2046 3395 adhuc
2068 3340 2259 3403 dicam,
2293 3338 2418 3411 quia
2438 3340 2482 3395 si
2510 3340 2773 3397 noluisset
2794 3354 2889 3396 eos
2916 3340 2985 3396 ad
3008 3354 3068 3397 se
3096 3355 3447 3411 congregare,

1868 3432 2165 3501 prophetas
2192 3439 2247 3485 et
2284 3431 2555 3501 apostolos
2575 3472 2591 3498 ,
2622 3444 2897 3502 nunquam
2938 3431 3002 3487 sd
3032 3444 3127 3488 eos
3161 3434 3316 3487 toties
3343 3433 3448 3485 ini-

1869 3524 2057 3590 sisset;
2096 3525 2189 3594 qul
2219 3526 2335 3580 suis
2368 3538 2473 3580 non
2502 3525 2779 3596 pepercit,
2816 3533 2877 3581 nt
2900 3527 2953 3581 ei
2987 3536 3236 3597 parceret
3258 3538 3447 3597 peccs-

1870 3616 2011 3679 trici,
2040 3624 2096 3670 et
2122 3628 2310 3671 eorum
2336 3617 2505 3672 vitam
2530 3617 2785 3689 neglexit,
2813 3625 2871 3671 ut
2895 3616 3052 3672 istius
3079 3624 3311 3672 mortem
3338 3630 3444 3670 non

1871 3708 2109 3775 videret,
2143 3710 2307 3765 etiam
2336 3719 2390 3766 et
2436 3711 2789 3781 semetipsum
2829 3710 2887 3765 in
2928 3720 3159 3765 mortem
3196 3708 3445 3764 tradidit.
3558 3778 3561 3783 λ

1869 3797 1976 3855 Sed
2001 3799 2130 3868 quid
2161 3808 2277 3865 est,
2323 3800 2450 3869 quia
2493 3814 2599 3855 non
2631 3796 2761 3855 fecit
2796 3815 2915 3870 quasi
2941 3798 3141 3863 voluit,
3174 3798 3277 3854 nisi
3322 3798 3446 3867 quia

1863 3890 2041 3961 justus
2067 3898 2174 3956 est,
2207 3898 2263 3946 et
2282 3889 2548 3960 justitiam
2580 3904 2797 3961 semper
2820 3891 3046 3947 dilexit?
3071 3890 3276 3945 idcirco
3295 3889 3451 3944 aliter

1868 3996 1975 4038 non
2010 3982 2221 4053 potuit,
2274 3982 2399 4053 quia
2449 3998 2553 4037 non
2594 3982 2815 4047 debuit,
2851 3982 3107 4053 quoniam
3137 3978 3451 4035 insanabilis

1866 4082 1986 4130 erat
2013 4074 2197 4144 passio
2221 4073 2359 4142 ejus,
2394 4075 2517 4145 quia
2537 4117 2550 4139 ,
2578 4083 2638 4129 ut
2665 4074 2837 4148 πο
2868 4075 2943 4129 ita
2974 4075 3173 4135 dicant,
3203 4072 3332 4128 vicit
3356 4086 3447 4127 stl-

1850 4174 1977 4221 tem
2020 4166 2289 4229 divinam,
2322 4174 2376 4221 et
2415 4180 2607 4222 omnes
2649 4166 2843 4222 medici
2881 4165 3186 4236 spiritales,
3232 4165 3299 4218 ad
3328 4177 3448 4219 cam

1870 4257 2018 4313 missi
2037 4296 2053 4324 ,
2080 4256 2393 4313 deiecerunt
2422 4257 2476 4312 in
2505 4258 2758 4313 omnibus
2784 4273 2905 4329 quae
2941 4272 3038 4329 pro
3069 4256 3159 4312 illa
3189 4265 3447 4329 egerunt,

162 4347 313 4416 Iesu,
342 4352 602 4424 quoniam
632 4354 811 4409 eadem
838 4355 983 4425 passi
1006 4356 1127 4411 estis
1152 4364 1198 4411 et
1220 4371 1306 4411 vos
1328 4373 1359 4410 a
1386 4354 1764 4411 contribulibus
1868 4356 1923 4404 et
1958 4348 2080 4404 ideo
2116 4362 2222 4404 non
2259 4357 2344 4405 est
2378 4358 2589 4406 curata.
2619 4349 2794 4417 Quam
2825 4349 2871 4405 si
2903 4349 3128 4420 perdere
3154 4347 3447 4411 voluisset,

159 4448 371 4510 reatris,
401 4447 543 4501 sicut
568 4456 617 4501 et
640 4449 739 4518 ipsi
762 4465 793 4502 a
812 4448 1020 4504 Iudicis
1041 4450 1131 4522 qui
1150 4449 1434 4504 Dominum
1460 4449 1766 4504 occiderunt
1869 4452 2146 4510 antiquam
2171 4455 2271 4512 per
2289 4455 2349 4495 se
2375 4445 2444 4495 ad
2472 4456 2592 4495 eam
2635 4441 2751 4511 ipse
2777 4440 3032 4495 venisset.
3062 4438 3170 4495 Sed
3209 4438 3339 4509 quid
3371 4436 3449 4491 fs-
3511 4471 3518 4480 -

160 4544 205 4633 et
231 4537 549 4605 prophetas,
572 4536 624 4627 et
646 4548 733 4592 vos
756 4542 1138 4611 persequuntur
1166 4539 1216 4609 (ι
1248 4539 1424 4595 Thess.
1450 4554 1510 4605 ll,
1541 4537 1650 4607 14).
1681 4538 1763 4595 Ad
1793 4560 1849 4633 θ’
1871 4541 2020 4590 cerei
2042 4535 2095 4590 ei
2112 4576 2127 4600 ,
2160 4536 2286 4590 dﬂm
2306 4535 2569 4605 prOballll'
2592 4532 2770 4591 modis
2790 4534 3045 4590 omnibus
3069 4535 3243 4633 ipsi!!!
3265 4532 3450 4633 Vit-8|};

160 4622 431 4682 ﬂehncos
458 4622 681 4697 qnoque
705 4643 721 4682 :
752 4626 999 4698 Lapidati
1022 4640 1166 4695 sunt,
1191 4630 1379 4685 serrati
1406 4634 1545 4692 sunt,
1576 4638 1627 4684 et
1650 4629 1763 4700 gla-

158 4716 245 4771 dio
270 4716 482 4772 mortui
527 4728 646 4771 sunt
685 4710 841 4791 (Hea.
871 4722 947 4785 it,
984 4720 1095 4791 37),
1140 4728 1196 4776 et
1234 4724 1431 4775 ctetera
1460 4734 1580 4790 quae
1605 4720 1761 4775 dinu-

154 4810 353 4870 merat.
383 4808 458 4864 de
481 4808 680 4879 quibus
700 4811 953 4865 omnibus
988 4811 1204 4882 longum
1223 4819 1308 4867 est
1323 4812 1601 4882 prosequi,
1640 4824 1761 4881 quas

154 4897 434 4967 praefatus
456 4901 648 4954 doctor
671 4900 915 4971 replicat.
949 4896 1061 4957 Hoc
1088 4901 1263 4956 solum
1305 4901 1450 4957 scire
1476 4899 1755 4965 debemus,

152 4993 278 5061 quia
326 4988 605 5049 ncnnulla
649 4992 857 5047 suntin
884 4993 970 5048 his
1009 5006 1129 5063 qua:
1154 4991 1425 5048 amrmare
1467 5007 1533 5048 ex
1563 4993 1761 5049 divinis

151 5078 308 5138 libris
357 5094 477 5140 non
524 5095 840 5153 possumus,
889 5085 993 5141 nisi
1041 5086 1424 5141 auctoritatem
1467 5100 1759 5159 sequamur

149 5168 307 5230 Pauli
328 5183 391 5230 et
422 5175 722 5230 beatissimi
747 5172 1009 5246 Stephani
1031 5176 1467 5248 prototnartyris.
1493 5174 1756 5243 Quoniam

149 5265 251 5334 ipsi
287 5264 454 5321 aliud
490 5268 597 5320 non
638 5266 894 5321 dixerunt
938 5280 1119 5321 coram
1150 5267 1353 5321 eisdem
1388 5265 1623 5331 ludatis,
1655 5267 1757 5322 nisi

146 5357 297 5427 quod
330 5354 600 5412 omnibus
628 5357 969 5413 notissimum
996 5360 1131 5411 erat.
1165 5357 1242 5411 Ae
1281 5368 1381 5427 per
1421 5358 1524 5411 hoc
1551 5357 1617 5411 de
1657 5356 1758 5409 Za-

145 5448 345 5504 charia
372 5449 427 5504 si
452 5458 561 5503 non
584 5454 762 5519 potest
779 5449 1066 5520 approbari
1086 5446 1250 5521 967
1272 5460 1340 5503 ex
1360 5448 1515 5504 libris
1535 5449 1761 5504 authen-

148 5539 277 5597 ticis
302 5580 320 5607 ,
360 5549 554 5595 tamen
595 5539 847 5595 similiter
886 5539 1016 5593 illud
1045 5552 1113 5595 ex
1149 5540 1442 5595 traditione
1489 5555 1548 5595 se
1575 5551 1761 5611 perce-

142 5633 300 5704 pisse
336 5631 574 5697 fatetur,
604 5633 745 5687 sicut
779 5639 833 5687 et
858 5634 1017 5688 docet
1044 5632 1185 5701 quod
1214 5632 1361 5687 salus
1386 5631 1551 5687 Isaias
1584 5645 1761 5686 serra-

146 5736 238 5780 tos
258 5725 363 5789 sit,
384 5726 449 5779 ει
462 5722 683 5781 haurias
705 5724 971 5796 lapidatus
994 5726 1370 5780 tantummodo
1386 5724 1759 5790 ﬁliusJoiada,

145 5829 200 5875 et
232 5822 295 5875 in
341 5820 632 5876 occisione
665 5819 825 5890 gladii
870 5819 1016 5875 solus
1060 5830 1308 5874 mortuus
1352 5818 1424 5873 sit
1465 5819 1759 5874 Zacharias

1870 4625 2147 4680 noluisse?
2166 4624 2391 4692 Quoties
2413 4633 2591 4680 autem
2619 4625 2765 4695 qdod
2781 4625 2931 4689 dicit,
2964 4640 3071 4680 non
3101 4623 3275 4680 solum
3299 4623 3366 4676 ad
3395 4621 3448 4677 id

1874 4717 2096 4787 respicit
2118 4724 2329 4786 tempus
2352 4718 2479 4771 dum
2498 4730 2663 4772 carne
2691 4717 2744 4772 in
2785 4716 2988 4772 mundo
3019 4715 3142 4781 fuit,
3171 4730 3360 4771 verum
3392 4727 3447 4771 et

1846 4807 1936 4861 'ad
1968 4808 2271 4879 reliquum;
2299 4809 2425 4879 quia
2456 4806 2888 4865 substantialiter
2926 4808 3177 4865 Christus
3216 4820 3343 4866 cum
3370 4809 3451 4864 eis

1850 4912 2108 4969 praesens
2136 4899 2239 4955 ibit
2268 4900 2321 4955 in
2363 4900 2547 4975 Moyse
2573 4910 2630 4956 et
2654 4902 2936 4972 prophetis
2958 4938 2973 4966 ,
3021 4901 3077 4956 in
3122 4900 3369 4971 patribus
3394 4908 3450 4955 st

1868 4984 2217 5061 patriarchis,
2247 4990 2411 5045 etiam
2439 4999 2494 5046 et
2522 4991 2576 5046 in
2606 4992 2815 5064 angelis
2837 4991 3270 5047 ministrantibus
3293 4991 3445 5053 ausi-

1844 5083 1999 5138 iium
2042 5084 2291 5138 humanae
2326 5082 2518 5139 salutis
2564 5094 2663 5155 per
2690 5083 2929 5157 singulas
2956 5084 3369 5158 getiersdom,
3395 5090 3451 5138 st

1867 5172 1948 5227 sic
1992 5173 2343 5244 adimpletum
2384 5183 2471 5231 est
2513 5176 2657 5246 quod
2705 5176 2838 5232 dicit
2860 5214 2876 5242 ,
2907 5174 3127 5243 Quoties
3153 5174 3313 5229 colui.
3344 5172 3450 5228 Per

1867 5263 2106 5334 singulas
2129 5268 2277 5319 enim
2317 5266 2689 5323 successiones
2721 5267 2835 5322 nati
2865 5277 2993 5321 sunt
3032 5266 3083 5322 si
3113 5265 3208 5320 lilii
3230 5304 3245 5331 ,
3274 5273 3332 5320 et
3354 5278 3450 5320 eos

1866 5370 2057 5411 omnes
2085 5357 2253 5412 voluit
2280 5370 2611 5431 congregare
2649 5360 2703 5414 in
2731 5358 2995 5413 unitatem
3023 5356 3171 5418 fidei,
3201 5366 3261 5409 ut
3292 5357 3449 5425 perti-

1867 5454 2013 5502 ceret
2054 5446 2387 5502 voluntatem
2414 5448 2592 5504 Patris
2613 5488 2628 5513 ,
2666 5447 2762 5503 sed
2805 5460 3020 5517 senmer
3058 5447 3176 5518 ejus
3212 5446 3449 5516 pravitas

1863 5539 2014 5593 vicit.
2038 5537 2214 5611 Super
2235 5555 2331 5596 eos
2346 5541 2402 5595 in
2424 5543 2640 5597 modum
2660 5539 2875 5612 galliam
2890 5539 3141 5609 expendit
3164 5536 3281 5592 alas
3299 5548 3442 5593 sust.

1866 5626 2020 5684 Unde
2057 5629 2293 5702 Moyses,
2331 5632 2385 5685 in
2427 5630 2670 5693 Cantica,
2702 5628 2964 5699 extundit
3002 5627 3116 5683 alas
3149 5643 3277 5684 suas
3314 5628 3448 5682 sicut

1862 5724 2039 5796 aquila
2065 5737 2349 5795 provocans
2382 5722 2451 5777 ad
2475 5722 2754 5777 volantium
2792 5720 2962 5792 pullos
2985 5736 3130 5784 suos,
3172 5731 3221 5775 st
3244 5724 3445 5775 assuta-

1861 5820 1961 5892 psit
1982 5833 2070 5872 eos
2090 5826 2243 5889 atque
2260 5815 2487 5888 portavit
2503 5815 2559 5869 in
2571 5814 2800 5887 humeris
2818 5815 2929 5871 suis
2951 5814 3127 5888 (Deut.
3144 5818 3317 5876 usit,
3333 5806 3444 5889 Η).
