4016 6354
617 373 714 426 791

1414 372 1469 423 ὃ.
1511 369 1592 422 ΡΑ
1603 367 1880 432 SCIIASll,
1899 367 2174 424 RADBER

2282 369 2504 425 ABBAT
2511 372 2571 426 IS
2607 370 3054 430 COBBEIENSIS
3690 395 3766 450 79%

615 491 768 560 Quod
801 505 928 545 sane
963 504 1098 560 Opus
1125 487 1401 559 preprium
1437 486 1637 542 Christi
1678 497 1802 550 est,
1834 501 2192 558 congregare,
2223 489 2273 548 Α
2302 486 2474 551 habet,
2518 487 2602 543 vel
2633 489 2972 560 confovebat;
2998 497 3055 544 ut
3085 494 3382 549 ostenderet
3401 499 3523 566 quod
3562 470 3632 558 ex.
3653 512 3769 578 aquis

615 595 670 641 ct
700 583 764 636 ad
795 583 897 638 hoc
927 582 1061 636 venit
1091 579 1265 635 Filius
1286 580 1510 634 hominis
1533 596 1764 651 quwrere
1787 580 1925 650 quod
1944 579 2191 650 perierat,

614 689 662 735 et
686 669 897 732 salvere
915 675 1063 748 (Luc.
1101 692 1190 730 xix
1215 717 1227 738 ,
1261 675 1368 745 10).
1405 674 1472 729 Et
1501 674 1793 729 notandum
1827 675 1968 744 quod
1999 675 2054 729 in
2099 691 2191 729 su-

613 769 812 841 periori
838 784 1052 838 semper
1080 778 1322 838 tempore
1346 767 1460 836 ipse
1491 766 1630 822 idem
1666 765 1787 832 fuit,
1817 767 1908 837 qui
1945 781 2038 821 eos
2066 781 2194 820 con-

611 877 839 932 grcgare
864 860 1051 926 voluit,
1084 869 1138 914 et
1172 875 1276 913 non
1314 859 1452 914 alter
1484 859 1575 929 qui
1613 868 1741 913 tunc
1769 858 2194 928 quotiescunque

611 956 798 1018 voluit,
823 964 879 1010 et
897 954 1036 1009 alter
1055 953 1146 1024 qui
1177 968 1339 1007 nunc.
1376 951 1530 1008 Unde
1565 967 1670 1006 non
1701 951 1844 1006 Deus
1867 966 2057 1006 recens
2085 959 2190 1015 est,

611 1062 788 1117 neque
818 1046 1057 1109 alienus,
1101 1044 1356 1115 quoniam
1397 1044 1486 1114 qui
1532 1053 1658 1099 tunc
1689 1045 1890 1110 voluit,
1922 1045 2194 1119 idemjnit

613 1140 726 1208 ipse
757 1139 847 1208 qui
875 1138 1042 1192 venit.
1071 1136 1141 1191 Et
1171 1151 1276 1191 non
1301 1136 1499 1191 alicubi
1531 1152 1690 1206 quam
1721 1137 1810 1191 ubi
1837 1147 1974 1203 erat,
2005 1147 2058 1196 et
2084 1152 2190 1192 non

610 1232 749 1286 alter
776 1247 936 1301 quam
963 1230 1055 1301 qui
1096 1244 1310 1299 semper
1334 1238 1470 1285 erat.
1504 1229 1616 1284 Etsi
1664 1230 1934 1285 hominem
1982 1245 2192 1285 assum-

612 1323 720 1392 psit
763 1323 814 1376 in
855 1322 1046 1387 Deum,
1091 1335 1377 1392 personam
1418 1335 1524 1374 non
1553 1320 1796 1384 mutavit,
1826 1321 1949 1390 quia
1986 1319 2191 1374 incom-

610 1414 884 1469 mutabilis
915 1423 1017 1478 est,
1052 1428 1230 1484 neque
1254 1412 1548 1481 assumpsit
1575 1411 1820 1476 alteram,
1851 1427 2013 1481 quam
2043 1425 2188 1465 sem-

609 1521 703 1575 per
735 1504 943 1567 habuit,
975 1512 1033 1557 ut
1061 1503 1282 1575 quidam
1311 1517 1483 1573 nuper
1512 1502 1649 1557 male
1671 1502 1858 1566 sensit,
1883 1500 2024 1573 quod
2047 1508 2188 1557 esset

609 1596 770 1650 homo
803 1595 1199 1666 uuncupativus
1229 1593 1372 1650 Deus
1403 1594 1454 1649 in
1482 1594 1698 1649 Christo
1719 1635 1732 1659 ,
1765 1593 1850 1647 vel
1879 1593 2184 1664 adoptivus,

606 1697 659 1738 cl.
689 1701 847 1741 verus
876 1686 1038 1751 Deus,
1068 1686 1162 1741 Dei
1186 1683 1444 1741 Verbum.
1469 1684 1547 1740 ita
1579 1685 1839 1756 insipiens
1861 1692 1920 1740 ut
1943 1685 2077 1740 duos
2102 1686 2186 1740 in-

607 1777 916 1832 traduceret
937 1778 1089 1842 deos,
1114 1777 1352 1846 duosque
1384 1777 1476 1830 Dei
1508 1776 1665 1840 ﬁlios,
1697 1791 1861 1831 unum
1883 1777 2183 1846 proprium,

2298 593 2395 634 suo
2423 579 2601 636 calore
2622 591 2676 636 et
2699 581 3146 649 sanctiﬁcatione,
3167 599 3356 640 novum
3376 601 3617 649 crearetur
3627 614 3771 672 genus,

2296 673 2437 742 quod
2461 674 2586 745 quia
2612 675 2698 730 isti
2730 690 2832 731 nec
2853 674 3129 732 Christum
3151 719 3166 744 ,
3199 694 3296 734 nec
3320 679 3550 750 Spiritum
3585 701 3774 751 sanctum

2295 765 2583 822 voluerunt
2607 767 2869 838 recipere,
2885 769 2991 824 ait:
3015 769 3152 824 Ecce
3177 769 3477 842 relinquetur
3500 777 3620 833 vobis
3637 782 3777 840 domus

2294 868 2464 913 vestra
2495 860 2719 916 deserta.
2751 861 2829 916 Ac
2854 861 2898 917 si
2921 862 3127 918 diceret
3156 880 3168 916 :
3201 862 3332 930 Quia
3372 865 3592 924 noluistis
3608 887 3778 946 congre.

2295 952 2408 1022 gari
2449 953 2548 1007 sub
2589 953 2688 1008 alis
2730 954 2884 1009 meis.
2914 954 2982 1009 Et
3020 955 3308 1010 notandum
3349 959 3480 1026 quod
3524 960 3604 1024 ait,
3639 976 3780 1032 vestra,

2295 1055 2415 1112 quae
2440 1042 2695 1096 nimirum
2725 1043 2915 1097 domus
2944 1045 3094 1114 prius
3120 1043 3212 1099 Dei
3244 1044 3426 1112 fuerat,
3453 1063 3579 1104 nunc
3597 1050 3687 1120 jam
3707 1071 3780 1109 non

2294 1148 2434 1198 mea,
2464 1149 2639 1205 neque
2667 1134 2844 1191 Patris
2869 1136 2998 1200 mei,
3021 1137 3115 1192 sed
3141 1150 3323 1203 vestra,
3347 1147 3400 1194 et
3423 1139 3643 1209 spelunca
3668 1143 3788 1200 latro-

2293 1241 2422 1280 num
2453 1227 2594 1281 facta
2622 1237 2730 1292 est,
2758 1243 2876 1298 quae
2916 1229 3196 1300 augustius
3223 1230 3276 1283 in
3307 1239 3414 1284 toto
3440 1241 3669 1286 terrarum
3693 1237 3786 1291 orbe

2294 1315 2526 1385 fulgebat
2556 1319 2727 1388 prius.
2761 1318 2913 1374 Nunc
2953 1328 3008 1374 et
3046 1320 3329 1392 Synagoga
3360 1321 3556 1377 deserta
3580 1321 3790 1393 relinque-

2293 1415 2382 1460 tur
2405 1422 2433 1460 a
2460 1407 2589 1472 Deo,
2614 1424 2736 1463 cum
2760 1409 2938 1464 omnis
2961 1408 3150 1480 religio
3184 1410 3428 1465 transibit
3450 1411 3513 1465 ad
3539 1410 3786 1479 Ecclesiam,

2291 1496 2376 1552 vel
2403 1498 2528 1566 quia
2563 1498 2614 1552 in
2647 1499 2940 1555 vindictam
2987 1501 3165 1555 crucis
3209 1499 3402 1555 Christi
3447 1502 3594 1556 etiam
3615 1501 3793 1573 et970

2293 1589 2550 1659 templum
2582 1590 2711 1645 illud
2742 1591 3130 1647 destruendum
3157 1600 3274 1646 erat
3305 1607 3335 1646 a
3375 1590 3630 1648 Romanis.
3765 1658 3784 1680 θ

2362 1685 2566 1742 Amodo
2589 1702 2692 1740 non
2717 1685 2955 1741 uidebitis
2989 1703 3089 1749 me,
3121 1687 3284 1740 donec
3313 1686 3494 1740 dicatis
3517 1702 3532 1742 :
3554 1685 3794 1741 Benedictus

2290 1778 2380 1848 qui
2408 1776 2542 1833 venit
2571 1778 2627 1831 in
2670 1778 2877 1832 nomine
2906 1776 3140 1831 Domini.
3174 1777 3311 1832 Nam
3339 1776 3486 1847 juxta
3508 1775 3682 1832 Lucam
3701 1775 3794 1830 faci-

604 1879 658 1922 et
685 1869 914 1924 alterum
940 1869 1269 1940 adoptivum.
1295 1868 1402 1924 Sed
1423 1867 1696 1935 Christus,
1724 1868 1817 1939 qui
1845 1877 1973 1924 tunc
2001 1867 2181 1938 loque-
2211 1850 2261 1911 Β
2290 1869 2396 1926 lior
2426 1885 2620 1926 sensus
2641 1878 2746 1934 est,
2778 1869 2905 1940 quia
2935 1870 3162 1925 necdum
3186 1878 3409 1925 venerat
3437 1871 3486 1925 in
3513 1868 3798 1932 Hierusalem,

606 1962 768 2016 batur
791 1957 991 2016 Iudaeis
1018 1963 1069 2015 in
1095 1977 1258 2027 carne
1276 2002 1291 2028 ,
1336 1961 1576 2031 seipsum
1604 1961 1842 2017 ostendit
1871 1976 1991 2018 esse
2021 1977 2185 2017 unum

603 2051 960 2123 eumdemque
1006 2055 1096 2123 qui
1145 2068 1238 2109 eos
1286 2053 1596 2118 multoties,
1657 2053 1710 2108 in
1761 2051 1944 2111 Veteri
1996 2055 2186 2111 Testa-

605 2157 807 2211 mento,
837 2162 1167 2217 congregare
1213 2147 1314 2202 sub
1356 2147 1456 2204 alis
1482 2148 1594 2203 suis
1637 2147 1844 2212 voluit,
1873 2158 1928 2203 et
1967 2159 2185 2220 portare

603 2246 825 2307 propter
851 2238 1243 2310 redemptionis
1268 2241 1495 2311 gratiam
1528 2241 1580 2293 in
1604 2239 1846 2294 humeris
1875 2239 2008 2294 suis.
2054 2239 2183 2306 Qua:

604 2326 858 2381 nimirum
888 2325 987 2381 alae
1007 2326 1228 2393 Christi,
1255 2344 1359 2383 non
1391 2327 1688 2398 incongrue
1711 2326 1947 2382 charitas
1971 2329 2182 2397 gemina

601 2417 927 2488 praedicatur
956 2427 1178 2489 propter
1204 2419 1475 2490 geminam
1513 2417 1870 2473 substantiam
1902 2416 2102 2473 Christi
2127 2420 2182 2473 in

601 2525 706 2563 una
755 2509 1052 2582 eademque
1086 2526 1316 2582 persona
1342 2551 1357 2576 ,
1389 2509 1489 2565 sub
1534 2525 1641 2581 quo
1691 2525 2086 2582 congregamur
2127 2519 2186 2564 et

598 2603 953 2673 protegimur.
983 2603 1240 2670 Quamvis
1267 2602 1468 2658 etenim
1500 2602 1718 2672 quidam
1750 2602 2023 2657 voluerint
2048 2602 2182 2658 duas

602 2692 718 2747 alas
739 2692 959 2765 Moysen
987 2703 1044 2749 et
1060 2693 1240 2749 Aaron
1265 2693 1632 2764 interpretari,
1658 2693 1850 2748 melius
1873 2702 2051 2748 tamen
2075 2694 2183 2748 vir-

599 2797 742 2842 tutes
790 2789 1086 2856 accipimus
1128 2787 1322 2843 divinae
1367 2787 1662 2855 maiestatis
1683 2829 1697 2853 ,
1729 2789 1795 2844 de
1821 2789 2016 2860 quibus
2050 2788 2184 2846 Pro-

598 2880 761 2949 pheta
791 2879 959 2951 969
983 2879 1132 2935 canit
1163 2897 1176 2933 :
1209 2879 1316 2934 Sub
1346 2879 1529 2935 umbra
1561 2880 1767 2935 alarum
1807 2890 2018 2936 tuarum
2055 2898 2180 2951 pro-

596 2983 707 3043 tcge
743 2989 825 3027 me
864 2970 1039 3044 (Psal.
1080 2989 1191 3038 xvr,
1218 2972 1304 3045 8),
1341 2988 1436 3043 spe
1461 2973 1712 3029 videlicet
1733 2982 1788 3029 et
1811 2975 2003 3046 gratia.
2037 2973 2182 3043 Quas

595 3078 727 3118 sane
749 3061 864 3118 alas
891 3061 1018 3118 licet
1045 3062 1133 3118 isti
1163 3079 1270 3118 non
1297 3063 1604 3130 habuerint,
1631 3065 1869 3119 divinum
1892 3064 2175 3132 auxilium,

594 3155 724 3209 dum
755 3153 865 3210 Deo
892 3154 1230 3225 placuerunt,
1254 3171 1529 3227 nunquam
1551 3157 1738 3214 defuit.
1772 3157 1840 3212 Et
1863 3158 1999 3213 mira
2033 3173 2178 3214 com-

2292 1974 2468 2030 neque
2499 1959 2600 2016 hoc
2622 1959 2981 2015 acclamatum
3023 1968 3143 2013 erat
3173 1974 3203 2012 a
3233 1959 3436 2030 pueris,
3461 1959 3591 2030 quod
3621 1957 3799 2011 futumm

2288 2051 2552 2122 praedicit.
2571 2049 2956 2106 Verumtamen
2969 2050 3123 2119 juxta
3140 2060 3431 2122 utrumque
3450 2049 3800 2119 Evangelistam,

2287 2141 2367 2196 sic
2393 2142 2765 2211 accipiendum
2796 2151 2898 2207 est,
2923 2142 3078 2212 quasi
3104 2142 3306 2196 dixerit
3327 2142 3407 2196 eis
3433 2159 3445 2194 :
3472 2140 3576 2196 Nisi
3599 2141 3803 2211 pmniteu-

2287 2233 2416 2287 tiam
2461 2233 2682 2304 egeritis
2707 2273 2723 2299 ,
2759 2241 2816 2288 et
2852 2232 3088 2288 confessi
3129 2247 3213 2286 me
3267 2233 3474 2287 fueritis
3498 2231 3670 2287 Filium
3707 2230 3803 2292 Dei,

2286 2343 2464 2382 meam
2495 2328 2712 2392 faciem,
2741 2343 2862 2397 qua:
2890 2335 2974 2382 est
3012 2327 3258 2398 cognitio
3282 2341 3411 2382 vera
3452 2327 3515 2382 de
3554 2340 3656 2389 me,
3692 2321 3807 2378 corde

2288 2432 2561 2487 nunquam
2601 2417 2870 2473 videbitis.
2906 2416 3174 2485 Quoniam
3215 2432 3324 2473 nec
3362 2431 3462 2488 ego
3492 2431 3582 2472 vos
3601 2414 3718 2469 ultra
3740 2412 3805 2465 «io-

2287 2522 2412 2563 cere
2440 2507 2676 2572 veniam,
2700 2507 2826 2577 quia
2849 2507 3046 2563 amodo
3073 2524 3178 2564 non
3208 2507 3580 2580 congregandi
3603 2507 3692 2563 erit
3717 2514 3809 2559 temo

2284 2613 2386 2668 pus
2409 2639 2424 2664 ,
2457 2597 2600 2652 sicut
2627 2605 2756 2654 ante
2788 2597 2952 2653 volui.
2988 2597 3200 2654 Habent
3250 2600 3418 2671 igitur
3461 2597 3619 2654 Judaei
3653 2607 3810 2668 tempus

2286 2690 2388 2746 sibi
2433 2689 2698 2744 indultum
2747 2690 2792 2746 si
2838 2689 3052 2755 velint,
3103 2700 3162 2746 ut
3203 2690 3498 2747 auferatur
3534 2689 3738 2744 velamen
3767 2687 3812 2741 de

2286 2781 2541 2838 cordibus
2573 2795 2782 2847 eorum,
2810 2791 2865 2837 et
2892 2783 3102 2852 possint
3130 2782 3326 2839 videre
3356 2781 3546 2838 faciem
3581 2779 3762 2842 Christi,
3779 2778 3810 2832 si

2286 2874 2470 2930 dicant
2513 2883 2566 2930 et
2617 2875 2976 2930 confiteantur
3009 2876 3074 2930 de
3101 2891 3167 2932 eo
3209 2895 3224 2930 :
3266 2875 3580 2932 Benedictus
3617 2875 3693 2945 qui
3719 2872 3815 2924 venit

2288 2967 2343 3020 in
2372 2967 2579 3021 nomine
2604 2966 2816 3022 Domini
2841 2967 2933 3022 Dei
2964 2967 3173 3035 Patris;
3216 2971 3353 3040 quia
3385 2984 3574 3025 nomen
3602 2965 3747 3022 Patris
3769 2961 3814 3016 ad

2283 3059 2479 3116 Filium
2504 3068 2607 3125 est,
2635 3062 2775 3117 sicut
2809 3069 2865 3117 et
2909 3061 3033 3116 Filii
3061 3062 3128 3117 ad
3167 3061 3423 3119 Patrem.
3450 3063 3580 3132 Quia
3605 3071 3815 3128 nunquam

2287 3151 2446 3207 Pater
2484 3153 2600 3207 sine
2638 3152 2774 3208 Filio
2818 3154 3015 3208 dicitur
3036 3196 3051 3220 ,
3082 3169 3183 3209 nec
3210 3154 3396 3211 Filius
3425 3156 3544 3210 sine
3578 3153 3729 3206 Patre.
3765 3151 3815 3200 Ac

594 3248 809 3317 paratio
838 3219 910 3303 de
947 3248 1145 3318 gallina
1181 3219 1532 3322 proponitur;
1567 3251 1768 3308 nullum
1797 3253 1942 3307 enim
1979 3253 2177 3309 animat
2205 3219 2256 3285 ο
2285 3258 2382 3314 per
2409 3245 2512 3299 hoc
2539 3245 2653 3315 ipse
2699 3246 2754 3300 in
2800 3245 2964 3300 Patre
3006 3255 3118 3310 est,
3161 3246 3316 3303 sicut
3353 3257 3410 3302 et
3453 3247 3609 3301 Pater
3630 3245 3679 3299 in
3703 3238 3815 3295 Filio.

593 3352 661 3394 eo
687 3338 996 3396 inﬁrmatur
1021 3341 1183 3397 modo
1205 3383 1220 3409 ,
1251 3343 1706 3413 quemadmodum
1733 3343 1964 3416 gallina,
2000 3345 2054 3400 in
2096 3344 2177 3400 fo-

594 3432 770 3486 vendo
816 3440 873 3488 et
919 3433 1209 3491 nutriendo
1240 3433 1416 3505 pullos
1447 3450 1590 3491 suos.
1627 3433 1904 3506 Siquidem
1947 3443 2058 3492 tota
2096 3437 2179 3492 in-

595 3524 880 3590 ﬁrmatur,
935 3534 1152 3598 totaque
1203 3528 1264 3583 ﬁt
1313 3527 1526 3599 hispida
1575 3537 1630 3584 et
1690 3545 1874 3586 rauca.
1935 3529 2180 3586 Festinat

586 3615 792 3686 iugiter
815 3659 829 3682 ,
861 3619 1017 3688 quasi
1047 3619 1369 3690 quibusdam
1395 3620 1618 3676 vocibus
1643 3637 1974 3694 congregare
2003 3622 2180 3693 pullos

590 3723 720 3762 suos
742 3750 756 3774 ,
798 3718 854 3764 et
887 3711 1116 3767 assiduis
1147 3711 1474 3768 clamoribus
1517 3715 1583 3768 ad
1617 3729 1674 3769 se
1715 3730 2016 3772 convocare
2067 3730 2176 3771 non

586 3807 786 3862 cessat,
816 3814 886 3853 ne
913 3815 1008 3869 per
1038 3801 1249 3857 diversa
1279 3802 1386 3857 huc
1416 3802 1647 3873 illucque
1674 3803 1961 3860 milvorum
1981 3845 1996 3872 ,
2031 3804 2175 3876 vagi,

590 3888 876 3957 rapiantur
903 3892 1190 3962 unguibus.
1226 3893 1333 3949 Sed
1364 3893 1562 3950 frustra
1609 3895 1856 3954 Christus
1900 3899 2043 3954 hunc
2069 3899 2174 3956 im-

591 3980 778 4047 pendit
807 3979 1076 4049 aﬂ‘ectnm,
1108 3993 1163 4039 et
1186 3985 1304 4040 sine
1342 3985 1541 4052 fructu,
1571 3987 1662 4056 qui
1693 3996 1948 4059 tanquam
1978 3991 2174 4062 gallina

587 4067 958 4126 inﬁrmitatem
989 4075 1284 4144 assumpsit
1311 4075 1492 4130 carnis
1517 4116 1532 4140 ,
1559 4083 1620 4130 ut
1647 4076 1746 4132 sub
1768 4077 1870 4132 alis
1898 4079 2174 4136 doctrina-

587 4173 709 4212 rum
751 4174 972 4216 suarum
1018 4178 1114 4218 eos
1165 4164 1477 4221 confoveret
1514 4165 1694 4221 calore
1739 4169 2025 4226 charitatis
2051 4213 2066 4237 ,
2118 4182 2176 4228 et

585 4260 860 4308 recrearet
900 4255 968 4309 ad
1017 4258 1203 4310 vitam.
1259 4256 1464 4312 Idcirco
1511 4267 1726 4313 terrena
1775 4263 2172 4332 quodammodo

585 4343 700 4398 avis
725 4342 903 4401 factus
926 4355 1010 4402 est
1037 4355 1093 4402 et
1118 4348 1436 4414 domestica,
1467 4359 1522 4404 ut
1552 4365 1750 4422 magno
1798 4356 2042 4425 corporis
2086 4357 2171 4412 sui

527 4485 546 4522 ἒ
585 4437 926 4504 operimento
950 4447 1206 4511 tanquam
1236 4442 1442 4498 alarum
1469 4445 1828 4515 protectione,
1871 4448 2030 4518 pullis
2057 4451 2170 4508 suis

583 4526 819 4583 calorem
863 4531 1356 4601 superinfunderet,
1414 4543 1475 4590 ut
1525 4535 1650 4592 vitae
1702 4536 2163 4596 immortalitatem

2285 3333 2437 3392 Unde
2461 3335 2548 3404 qui
2577 3334 2692 3389 vult
2718 3332 2835 3403 ejus
2861 3334 3050 3391 faciem
3095 3336 3318 3403 videre,
3352 3337 3500 3392 dicat
3537 3345 3588 3390 et
3622 3334 3818 3390 conﬁtea-

2284 3434 2407 3480 tur:
2437 3423 2749 3480 Benedictus
2769 3427 2858 3497 qni
2879 3425 3013 3480 venit
3034 3425 3089 3480 in
3111 3427 3336 3482 nomine
3369 3427 3601 3491 Domini,
3626 3423 3821 3496 quoniam

2282 3518 2431 3588 ipse,
2460 3525 2514 3569 et
2540 3515 2717 3582 Deus,
2760 3525 2816 3571 et
2848 3517 3109 3572 Dominus
3141 3529 3257 3572 est.
3291 3517 3590 3574 Possumus
3618 3525 3764 3570 autem
3783 3523 3818 3562 ct

2281 3627 2379 3682 per
2399 3610 2708 3682 exemplum
2734 3610 2948 3682 gallinae
2975 3609 3308 3679 Ecclesiam,
3328 3627 3454 3684 quae
3468 3625 3656 3682 corpus
3675 3604 3823 3663 Christi

2280 3717 2386 3773 est,
2414 3707 2642 3780 ﬁgurate
2672 3709 2939 3778 accipere,
2965 3722 3086 3780 quae
3106 3711 3366 3780 quotidie
3395 3714 3677 3781 congregat
3697 3701 3819 3774 pullas

2280 3815 2426 3866 suos,
2447 3801 2499 3856 id
2525 3809 2609 3856 est
2636 3799 2777 3857 ﬁlios
2806 3815 2953 3867 suos,
2977 3816 3116 3874 quos
3144 3802 3269 3872 ipsa
3303 3811 3540 3874 generat
3566 3815 3658 3871 per
3681 3806 3822 3864 aquam

2279 3903 2334 3950 et
2362 3893 2624 3965 Spiritum
2662 3901 2946 3959 sanctum,
2982 3893 3034 3948 in
3075 3893 3296 3950 unitate
3331 3893 3494 3958 ﬁdei,
3526 3891 3622 3948 sub
3656 3883 3822 3953 remigio

2279 3985 2564 4040 virtutum.
2595 3983 2663 4039 Et
2691 3983 2834 4039 sicut
2859 3982 3060 4055 gallina
3087 3982 3259 4040 etiam
3304 4000 3415 4040 ova
3464 3984 3608 4039 fovet
3641 3990 3688 4034 et
3720 3975 3824 4032 cale-

2279 4075 2410 4131 facit
2447 4074 2619 4130 aliena
2654 4092 2668 4129 ε
2699 4073 2772 4130 ita
2803 4083 2856 4130 et
2886 4084 3060 4130 mater
3084 4086 3285 4133 nostra
3317 4077 3591 4140 Ecclesia,
3612 4091 3670 4130 ex
3700 4068 3820 4124 omni-

2278 4168 2381 4224 bus
2409 4168 2662 4240 gentibus
2691 4169 2913 4225 collecta
2940 4211 2954 4232 ,
2986 4167 3183 4226 educat
3209 4187 3281 4228 ac
3309 4174 3494 4228 nutrit
3524 4171 3657 4228 ﬁlios
3679 4166 3829 4222 alienos

2277 4276 2376 4330 per
2410 4261 2641 4332 gratiam
2671 4261 2844 4317 sancti
2885 4260 3153 4334 Spiritus,
3186 4273 3249 4320 et
3281 4263 3425 4321 facit
3450 4279 3611 4328 suos;
3639 4253 3830 4317 calefacit

2277 4369 2491 4425 quoque
2525 4369 2618 4410 eos
2640 4354 2866 4426 iugiter,
2917 4362 2972 4410 et
3017 4353 3163 4412 fovet
3215 4373 3290 4412 ac
3342 4359 3590 4430 protegit
3637 4354 3723 4410 sub
3745 4348 3830 4403 alis.

2275 4445 2408 4514 Quae
2465 4447 2723 4504 nimirum
2777 4448 2877 4504 alte
2923 4447 3175 4507 doctores
3228 4463 3373 4509 sunt
3435 4451 3762 4509 ecclesiarum
3797 4447 3834 4494 el

2276 4548 2538 4607 rectores,
2560 4541 2654 4614 qui
2693 4557 2856 4612 quam
2893 4543 3054 4612 bene,
3103 4543 3208 4601 alis
3240 4547 3370 4603 suis
3409 4551 3483 4603 ad
3511 4544 3687 4602 omnia
3710 4537 3839 4593 virtu-

582 4630 885 4689 praestaret,
917 4631 972 4677 et
1008 4624 1076 4678 ad
1112 4625 1351 4681 volatum
1385 4628 1540 4697 quasi
1587 4643 1655 4684 ex
1693 4645 1829 4686 nova
1877 4604 2246 4704 regenera-D
2274 4643 2386 4690 tum
2417 4604 2666 4704 dogmata
2706 4604 2983 4701 extensis,
3021 4635 3187 4692 nullis
3226 4637 3573 4694 insidiarum
3612 4628 3836 4689 fraudibus

582 4709 731 4766 tione
757 4715 1098 4782 proveheret.
1124 4715 1401 4773 Pullorum
1424 4720 1568 4776 enim
1589 4721 1705 4776 ‘alia
1738 4725 1991 4782 nascendi
2028 4726 2167 4783 ratio

580 4809 698 4864 est,
747 4802 849 4858 alia
901 4806 1194 4863 nutriendi.
1253 4807 1389 4866 Nam
1441 4810 1673 4880 primum
1727 4828 1952 4870 ovorum
1987 4817 2161 4884 testis,

585 4900 845 4962 tanquam
873 4895 1112 4953 claustro
1138 4899 1400 4969 corporis,
1441 4903 1806 4960 continentur.
1833 4905 2037 4964 Dehinc
2063 4923 2159 4978 pa-

579 4985 752 5041 rentis
773 4987 1059 5046 sedulitate
1080 4989 1358 5047 calefactis
1371 4993 1489 5048 ovis
1507 5006 1822 5063 nascuntur,
1840 4999 2163 5070 etdeinceps

579 5075 957 5142 confoventur,
995 5081 1168 5137 donec
1196 5092 1392 5137 exeant
1415 5085 1482 5140 ad
1509 5085 1769 5142 volatum.
1797 5087 1966 5156 Hujus
1995 5090 2160 5161 igitur

577 5167 695 5221 avis
716 5183 870 5226 more
889 5169 1140 5229 Christus
1171 5187 1500 5246 congregare
1522 5177 1661 5231 intra
1691 5193 1751 5234 se
1773 5178 1942 5234 voluit
1961 5189 2012 5234 et
2033 5197 2158 5237 enu-

577 5259 746 5321 trire;
770 5268 832 5315 ut
857 5262 947 5332 qui
971 5263 1084 5332 jam
1110 5265 1418 5321 conditione
1448 5269 1702 5323 nascendi
1729 5269 1959 5326 fuissent
1983 5271 2111 5328 editi
2137 5317 2152 5339 ,

575 5349 804 5407 alterius
833 5368 1022 5409 rursus
1065 5356 1490 5428 regenerationis
1514 5365 1638 5413 ortu
1664 5367 1717 5415 et
1745 5359 1925 5417 calore
1967 5363 2156 5419 confo-

572 5440 751 5495 ventis
773 5441 868 5498 Dei
898 5482 913 5507 ,
943 5458 1010 5498 ex
1041 5460 1179 5514 aqua
1224 5455 1278 5501 et
1327 5445 1532 5516 Spiritu
1579 5449 1794 5515 renati,
1843 5451 1896 5506 in
1937 5453 2155 5511 caeleste

575 5546 802 5603 regnum
860 5543 1117 5605 tanquam
1174 5539 1424 5609 pennatis
1485 5541 1806 5610 corporibus
1854 5545 2149 5603 evolarent.

574 5621 728 5680 Unde
758 5642 920 5697 quam
958 5627 1098 5684 bene
1120 5671 1136 5696 ,
1165 5645 1230 5686 eo
1260 5633 1314 5686 in
1344 5632 1466 5689 loco
1508 5634 1599 5688 ubi
1646 5634 1841 5706 legitur
1869 5655 1881 5690 :
1918 5638 2153 5709 Spiritus

570 5710 671 5807 Dei
716 5713 982 5783 ferebatur
1013 5736 1169 5790 super
1194 5738 1357 5792 aquas
1398 5721 1549 5793 (Gen.
1600 5740 1652 5788 ι,
1701 5725 1756 5807 2)
1785 5767 1799 5791 ,
1929 5727 2154 5794 Hebraeo

570 5804 805 5865 habetur
849 5813 1133 5895 merephet,
1187 5814 1332 5883 quod
1371 5804 1728 5893 interpretari
1767 5805 1964 5892 dicitur
2004 5806 2152 5886 incu}

2271 4732 2460 4797 patere
2483 4723 2658 4796 pullos
2679 4726 3023 4797 permittunt,
3067 4727 3162 4782 sed
3193 4730 3508 4787 enutriunt
3537 4743 3631 4786 eos
3658 4723 3756 4781 suis
3772 4718 3842 4773 ἀοι

2268 4814 2462 4872 ctrinis
2496 4816 2562 4870 ad
2593 4816 2845 4872 sublimia
2866 4858 2881 4882 ,
2913 4832 3195 4890 quousque
3243 4835 3358 4891 per
3404 4822 3620 4892 seipsos
3665 4813 3726 4871 ad
3760 4822 3840 4864 003'

2268 4905 2425 4962 lestia
2453 4905 2642 4962 volare
2668 4907 2897 4978 possint.
2937 4906 3068 4966 Hac
3091 4909 3314 4968 idcirco
3344 4913 3607 4976 dixerim,
3632 4916 3688 4964 ut
3710 4904 3844 4961 discat

2267 4997 2506 5067 prudens
2529 4998 2744 5055 animus
2766 5039 2783 5064 ,
2833 5008 2890 5055 et
2937 4998 3044 5056 alia
3072 5003 3506 5074 quamplurima
3543 5017 3660 5072 qua!
3681 4991 3842 5053 omitti-

2270 5105 2409 5153 mus,
2433 5089 2718 5146 brevitatis
2764 5092 3110 5162 compendio,
3144 5093 3348 5150 multis
3373 5095 3435 5151 in
3466 5094 3605 5152 locis
3631 5088 3844 5160 cogita"-

2267 5180 2537 5249 Quoniam
2576 5181 2759 5239 sermo
2788 5183 3006 5240 divinus
3027 5199 3094 5240 ac
3121 5186 3166 5240 si
3207 5201 3356 5243 arca
3386 5187 3491 5243 Dei
3527 5184 3843 5242 bicameraws

2265 5274 2351 5330 vel
2381 5275 2783 5343 tricameratus,
2818 5291 2956 5349 pene
2995 5278 3196 5349 ubique
3232 5280 3554 5338 invenitur.

2335 5366 2490 5438 (Car.
2523 5367 2740 5440 XXIV.)
2766 5367 2836 5425 Et
2864 5388 3102 5444 egressus
3127 5372 3298 5428 Iesus
3329 5375 3404 5430 de
3429 5373 3626 5444 templo
3662 5370 3782 5428 ibat,
3811 5368 3847 5413 tl

2261 5471 2590 5515 accesserunt
2621 5461 2867 5534 discipuli
2893 5464 3028 5534 ejus,
3069 5479 3124 5520 ut
3154 5468 3520 5524 ostenderent
3567 5466 3616 5522 ei
3656 5458 3850 5528 ωᾰὶβω·

2261 5551 2427 5606 tiones
2455 5551 2652 5622 templi.
2683 5552 2784 5609 Hie
2810 5553 3024 5610 Marcus
3052 5565 3106 5612 et
3131 5556 3362 5624 Lucas,
3381 5568 3683 5628 antequam
3709 5549 3850 5606 exiret

2261 5642 2328 5699 de
2356 5645 2576 5714 templo,
2612 5661 2676 5701 ac
2705 5647 2750 5702 si
2787 5648 2962 5704 iturus
3007 5650 3075 5706 ad
3124 5659 3361 5721 gentes,
3399 5653 3573 5726 971
3609 5646 3852 5707 mulierem

2262 5736 2478 5803 viduam
2511 5740 2563 5793 in
2605 5739 2775 5810 ﬁgura
2809 5741 3085 5811 Ecclesiae,
3135 5751 3196 5798 ut
3236 5744 3547 5816 Christum
3589 5740 3850 5810 susciperei

2265 5828 2387 5899 ﬁde.
2423 5830 2526 5890 duo
2561 5832 2821 5892 detulisse
2869 5837 3076 5895 minuta
3119 5837 3268 5907 legis
3327 5852 3392 5899 et
3434 5838 3719 5920 Evangelii
3753 5844 3854 5892 nat‘
