4016 6354
135 385 270 440 -Ὶῦὸ

959 376 1320 437 Εχροειτιο
1355 377 1423 434 ιΝ
1462 376 1896 438 ΜΔἹἼἮΕΠΜ.
1938 411 2006 424 -
2038 383 2166 439 LIB.
2204 383 2293 447 XI,
2333 380 2489 439 CAP.
2530 379 2714 435 XXIV.

3341 381 3446 438 794

179 507 308 556 rant.
343 496 412 554 Et
435 497 580 562 ideo,
609 498 729 553 istis
751 496 871 568 plus
897 496 1148 553 omnibus
1180 496 1347 552 misit.
1391 495 1544 564 Quod
1572 503 1755 551 autem
1781 502 1835 564 Α
1859 512 2033 568 usque
2081 497 2320 552 dirutum
2349 539 2363 561 ,
2403 511 2502 552 cur
2555 495 2718 551 etiam
2757 496 2996 550 secundo
3033 509 3126 551 seu
3173 493 3442 568 amplius;

177 593 220 648 ei
262 589 560 647 ostendunt
589 588 975 645 mdiﬁcationes
1021 588 1228 660 templi,
1280 588 1565 643 audierant
1610 589 1754 643 enim

174 682 310 758 quod
330 683 547 740 dixerat
571 699 586 737 :
614 681 750 740 Ecce
773 683 1098 755 relinquetur
1117 683 1303 738 domus
1329 691 1496 738 vestra
1525 682 1753 739 deserta.

173 775 330 846 Quasi
359 775 692 830 admirantes
717 783 772 830 et
795 772 1040 829 dolentes
1059 813 1074 839 ,
1107 771 1152 828 si
1186 772 1309 828 talis
1338 780 1593 843 tantaque
1621 779 1753 826 tem-

170 867 235 938 pli
273 875 554 922 structura
581 865 650 920 ad
686 864 914 920 nihilum
950 864 1242 936 redigenda
1271 864 1364 930 sit,
1393 873 1454 918 ut
1474 872 1757 920 moverent

172 971 285 1012 eum
318 955 619 1011 ambitione
660 955 796 1010 tanti
830 955 1032 1025 operis.
1065 954 1133 1009 Et
1158 963 1443 1024 propterea
1474 954 1661 1008 dicunt
1687 955 1755 1009 ad

171 1066 283 1106 eum
311 1091 328 1112 .
388 1049 533 1105 sicut
584 1048 745 1104 aliter
788 1047 1135 1104 manifestius
1196 1047 1328 1104 dicit
1371 1037 1750 1118 Evangelista:

173 1140 445 1212 Hagister,
494 1142 635 1196 rides
685 1139 863 1213 quales
912 1140 1112 1212 lapides
1148 1151 1197 1195 et
1235 1139 1409 1211 qualis
1445 1141 1758 1195 structura?

171 1231 432 1290 Videlicet
451 1244 510 1288 ut
533 1233 818 1289 ﬂecterent
852 1231 1299 1304 benignissimum
1335 1231 1517 1287 Jesum
1552 1231 1618 1285 ad
1653 1231 1754 1286 mi-

169 1325 516 1381 sericordiam
577 1325 681 1381 loci
734 1324 910 1389 illius,
956 1339 1024 1380 ne
1066 1323 1405 1395 permitteret
1446 1322 1561 1378 ﬁeri
1609 1322 1752 1393 quod

170 1416 404 1472 futurum
449 1417 796 1488 praedixerat.
845 1414 944 1472 Vel
989 1415 1282 1472 ostendunt
1334 1415 1385 1470 ei
1421 1414 1753 1469 admirantes

169 1517 386 1580 propter
434 1507 692 1563 duritiam
745 1507 926 1564 cordis
976 1521 1202 1573 eorum,
1254 1505 1409 1577 quasi
1469 1504 1747 1571 dicerent;

168 1601 334 1658 Probl
371 1601 546 1667 dolor,
578 1609 780 1672 quanta
809 1609 893 1658 est
920 1601 1222 1658 adversitas
1246 1600 1426 1672 populi
1469 1601 1648 1672 hujus,
1667 1599 1753 1654 vel

173 1695 400 1756 caecitas.
433 1694 530 1758 qui
557 1709 668 1750 non
693 1693 942 1760 credunt,
969 1701 1034 1761 ut
1052 1700 1465 1757 convertantur,
1500 1705 1566 1747 ne
1601 1699 1750 1746 tanta

169 1787 435 1857 deperiret
463 1784 674 1842 fabrica
706 1785 890 1856 templi
936 1793 992 1840 et
1033 1785 1300 1850 civitatis,
1353 1784 1551 1855 quibus
1596 1782 1752 1838 Jesus

1860 590 1984 662 quia
2015 590 2238 645 omnino
2257 588 2594 660 paenitentiae
2614 601 2832 659 semper
2854 587 3082 643 dabatur
3107 585 3281 654 locus,
3299 588 3445 646 unde

1858 691 1914 738 et
1962 683 2029 738 ad
2074 681 2304 738 formam
2350 681 2728 752 pcenitentium
2757 722 2772 747 ,
2831 689 3118 752 postquam
3159 681 3444 738 incensum

1858 782 1976 838 est,
2030 781 2387 828 restauratur.
2447 770 2601 826 Nunc
2643 786 2776 827 vero
2834 771 3130 828 secundum
3187 772 3444 828 duritiam

1858 866 2038 922 cordis
2075 882 2262 922 eorum
2287 865 2434 937 (quia
2468 864 2758 920 noluerunt
2799 865 3045 936 recipere
3067 865 3293 920 verbum
3323 866 3444 937 Dei)

1857 959 2093 1030 prolapsi
2123 969 2248 1014 sunt
2284 959 2336 1014 in
2361 958 2550 1030 pejus;
2578 959 2651 1014 ita
2679 967 2738 1013 ut
2765 959 2942 1014 omnis
2971 959 3172 1020 anima.
3204 959 3443 1029 quandiu

1859 1053 1912 1108 in
1935 1067 1993 1108 se
2017 1053 2241 1124 suscipit
2259 1052 2564 1116 Christum,
2590 1052 2847 1123 templum
2875 1060 2960 1108 est
2982 1052 3217 1123 Spiritus
3242 1054 3441 1109 sancti.

1857 1143 1990 1198 Cum
2041 1151 2222 1198 autem
2266 1151 2386 1215 post
2435 1152 2717 1201 peccatum
2771 1143 2838 1197 ad
2895 1141 3117 1213 plenum
3169 1142 3371 1198 decidit
3414 1158 3446 1198 a

1857 1236 2022 1290 verbo
2049 1236 2166 1301 Dei,
2195 1250 2294 1291 nec
2328 1251 2516 1290 curam
2547 1235 2630 1290 sui
2660 1235 2798 1306 gerit
2819 1234 3060 1305 perfecte
3081 1244 3141 1290 ut
3160 1236 3445 1306 paeniteat,

1857 1328 1945 1383 hic
1968 1343 2182 1398 semper
2211 1343 2241 1382 a
2274 1325 2378 1383 ﬁde
2411 1327 2729 1397 prolabitur,
2778 1335 2834 1382 et
2883 1327 3163 1394 decurrit;
3195 1328 3286 1398 qui
3318 1327 3446 1384 licet

1854 1419 2112 1491 paulatim
2144 1436 2174 1474 a
2204 1419 2314 1474 vita
2353 1419 2637 1490 clungatur
2661 1461 2676 1486 ,
2713 1420 2840 1476 dum
2893 1421 3062 1476 Deum
3105 1421 3350 1487 deserit,
3391 1431 3451 1479 et

1855 1511 2118 1565 minuitur
2151 1511 2414 1582 quotidie,
2443 1511 2617 1567 donec
2645 1512 2711 1567 ad
2739 1510 2958 1583 plenum
2981 1521 3202 1568 corruat
3228 1513 3282 1567 in
3318 1526 3447 1583 pec-

1855 1613 2057 1658 catum.
2113 1603 2319 1670 Quibus
2363 1603 2436 1658 ita
2485 1604 2720 1674 peractis
2773 1605 3112 1660 tremendum
3163 1613 3247 1660 est
3294 1605 3450 1662 vatde

1854 1696 1997 1767 quod
2021 1697 2288 1768 sequitur,
2331 1697 2456 1766 quia
2483 1713 2586 1750 non
2617 1695 2939 1768 relinquetur
2962 1697 3018 1750 in
3041 1713 3101 1751 ea
3125 1695 3259 1766 lapis
3289 1711 3449 1767 super

1853 1788 2082 1860 lapidem
2130 1790 2219 1859 qui
2266 1805 2368 1843 non
2409 1789 2732 1843 destruatur.
2775 1787 3042 1856 Quoniam
3090 1788 3192 1842 etsi
3241 1787 3447 1858 aliquid

166 1879 500 1954 respondens
545 1879 726 1935 dixit:
769 1876 967 1935 Videtis
1005 1879 1117 1934 hac
1157 1877 1378 1934 omnia?
1424 1876 1584 1931 Amen
1635 1877 1754 1930 dico
1781 1864 1830 1926 Β
1858 1882 2144 1936 videbatur
2164 1881 2368 1936 habere
2406 1881 2531 1936 boni
2560 1883 2766 1952 operis,
2789 1897 2895 1936 non
2917 1881 3126 1952 lapides
3145 1889 3448 1938 erantsan-

161 1973 300 2028 vobis
321 2015 337 2037 ,
397 1989 507 2028 non
558 1970 879 2042 relinquetur
905 1971 1041 2043 lapis
1067 1987 1225 2042 super
1261 1970 1486 2042 lapidem
1524 1970 1614 2042 qui
1649 1986 1753 2024 non

163 2067 486 2121 destruatur.
516 2063 904 2120 Verumtamen
941 2063 1212 2119 interdum
1246 2076 1369 2116 cum
1403 2060 1754 2132 egrederetur

160 2159 222 2215 de
253 2157 476 2228 templo,
507 2167 564 2214 et
587 2158 711 2221 iret,
741 2157 858 2212 haec
880 2156 1022 2211 dicta
1051 2163 1195 2210 sunt.
1232 2153 1338 2208 Sed
1365 2167 1488 2208 mox
1521 2159 1580 2207 ut
1607 2166 1755 2207 com-

159 2250 329 2321 plevit
354 2249 578 2306 dicendo
606 2249 752 2320 quod
780 2247 1022 2302 futurum
1052 2253 1202 2308 erat,
1260 2245 1428 2300 exivit
1466 2244 1532 2300 de
1563 2243 1749 2315 templi

159 2343 384 2408 ﬁnibus,
423 2342 515 2412 qui
550 2349 968 2398 conservaverat
996 2354 1116 2394 eum
1141 2354 1209 2394 ne
1231 2345 1536 2392 vastaretur
1579 2337 1752 2392 donec

160 2436 257 2492 fuit
285 2437 340 2491 in
369 2450 456 2500 eo,
490 2435 633 2506 quod
675 2443 860 2506 postea
887 2431 1088 2488 factum
1121 2441 1204 2487 est
1233 2446 1264 2485 a
1290 2429 1569 2485 Romanis.
1599 2427 1749 2496 Quo-

158 2529 304 2583 niam
331 2526 492 2584 Jesus
517 2527 664 2582 aliud
698 2524 957 2597 templum
1001 2532 1263 2580 aeternum
1298 2521 1410 2593 jam
1451 2523 1564 2576 suis
1590 2536 1748 2592 para-

158 2621 243 2675 bat
301 2622 358 2675 in
403 2619 580 2676 caelis.
621 2618 870 2688 Quandiu
895 2617 1040 2674 enim
1069 2619 1296 2674 verbum
1334 2615 1429 2671 Dei
1470 2614 1572 2671 fuit
1610 2615 1751 2685 apud

155 2710 396 2778 lndzeos,
429 2727 539 2767 non
587 2719 673 2768 est
719 2709 957 2766 ablatum
1002 2724 1226 2782 regnum
1254 2707 1349 2763 Dei
1375 2707 1444 2762 ab
1469 2707 1568 2763 eis.
1597 2705 1752 2762 Nunc

158 2814 335 2862 autem
397 2803 581 2861 ablato
623 2817 712 2869 eo,
759 2803 860 2873 ipsi
887 2810 943 2858 et
973 2801 1168 2858 civitas
1207 2814 1396 2856 eorum
1441 2797 1628 2854 relicta
1671 2807 1756 2855 est

159 2911 325 2952 vacua
357 2906 419 2951 et
444 2911 584 2951 vana
614 2914 628 2949 :
658 2893 809 2956 Sicut
855 2895 1126 2966 tugurium
1160 2895 1216 2948 in
1251 2893 1616 2947 cucumerario
1645 2933 1660 2957 ,
1704 2901 1755 2946 et

158 2989 286 3044 sicut
310 2989 504 3044 civitas
529 3003 648 3059 quia
678 2995 916 3041 vastatur
945 2985 1082 3057 (Isa.
1114 3001 1152 3051 ι,
1183 2985 1270 3058 8),
1295 2993 1350 3040 et
1377 2985 1604 3054 dispersi
1627 2993 1755 3040 sunt

157 3097 252 3153 per
280 3095 485 3138 omnes
512 3089 723 3154 gentes.
749 3078 884 3148 Quia
909 3078 1140 3136 Domino
1163 3079 1448 3134 recedente
1475 3093 1505 3132 a
1528 3079 1750 3148 templo,

155 3173 335 3228 omnia
362 3171 500 3242 legis
525 3169 755 3226 aediﬁcia
788 3171 1062 3226 destructa
1089 3179 1238 3235 sunt,
1265 3177 1322 3224 et
1346 3168 1578 3239 dispersi
1625 3181 1754 3225 sunt

1857 1974 2075 2038 ctuarii,
2102 1973 2196 2029 sed
2219 1972 2412 2044 stipula
2439 1981 2496 2028 et
2521 1971 2704 2028 fenum
2727 1971 2976 2027 incendio
2998 1971 3066 2027 ad
3091 1984 3447 2027 concreman-

1856 2071 1984 2123 dum
2025 2066 2182 2138 longe
2212 2067 2302 2122 diu
2333 2073 2658 2138 prazparata.
2689 2064 3030 2135 Quapropter
3073 2064 3198 2118 dum
3252 2073 3445 2130 vacat,

1854 2161 2129 2232 inspicere
2157 2175 2257 2215 nos
2287 2159 2516 2214 sollicite
2545 2164 2782 2229 oportet,
2813 2163 2874 2209 ut
2894 2154 3072 2210 omnis
3095 2152 3448 2210 coaediﬁcatio

1852 2251 2074 2322 pietatis
2114 2251 2168 2305 in
2214 2251 2371 2305 nobis
2406 2251 2619 2321 integra
2661 2255 2929 2304 servetur.
2970 2246 3037 2302 Et
3075 2247 3121 2301 si
3161 2245 3448 2318 contigerit

1855 2343 2022 2418 (quod
2052 2343 2214 2414 absit)
2244 2343 2437 2413 aliquis
2463 2349 2518 2395 ut
2564 2341 2800 2407 labatur,
2840 2339 3212 2410 implorandus
3243 2349 3328 2394 est
3351 2353 3447 2394 au-

1853 2443 1971 2491 ctor
1998 2431 2210 2488 aediﬁcii
2235 2431 2429 2498 nostri,
2447 2430 2781 2487 invocandus
2817 2437 2902 2485 est
2929 2428 3168 2500 Spiritus
3195 2436 3440 2494 sanctus,

1854 2537 1916 2584 ut
1948 2533 2303 2598 recuperetur
2326 2525 2379 2580 in
2420 2525 2597 2590 nobis,
2637 2531 2693 2578 et
2733 2522 3058 2579 emendetur
3086 2523 3229 2593 quod
3260 2536 3445 2576 corru-

1854 2630 2006 2692 ptum
2034 2627 2136 2684 est,
2158 2627 2213 2673 et
2231 2617 2680 2674 commaculatum
2701 2632 2716 2683 ;
2740 2616 3029 2672 innovetur
3057 2629 3272 2684 quoque
3300 2615 3446 2685 quod

1856 2711 2211 2781 depravatum
2253 2719 2381 2774 est,
2429 2716 2484 2763 et
2533 2707 2866 2763 destructum
2891 2748 2906 2772 ,
2939 2716 3000 2761 ut
3046 2719 3147 2777 per
3188 2705 3443 2761 virtutem

1856 2800 2029 2866 verbi,
2052 2800 2179 2871 quia
2199 2808 2538 2854 sacramenta
2562 2807 2781 2853 manent
2803 2797 3192 2868 redemptionis
3220 2807 3444 2864 nostrae,

1856 2893 1912 2948 in
1945 2892 2100 2948 nobis
2125 2900 2393 2948 restauret
2421 2892 2550 2946 dum
2574 2891 2840 2962 paenitere
2867 2889 2991 2945 licet
3022 2888 3166 2960 quod
3197 2890 3442 2960 deperiit,

1858 2984 1953 3054 qui
1990 2982 2108 3040 solo
2137 2997 2390 3040 sermone
2421 2997 2520 3038 suo
2561 2990 2833 3038 restaurat
2858 2982 3111 3037 universa
3137 2997 3151 3049 ;
3185 2981 3320 3038 alias
3347 2998 3446 3038 au-

1861 3085 1968 3133 tem
2012 3093 2120 3134 non
2170 3075 2511 3147 relinquetur
2559 3075 2613 3130 in
2669 3091 2731 3131 ea
2782 3075 2917 3145 lapis
2957 3089 3120 3145 super
3160 3075 3446 3146 lapidem,

1860 3169 2077 3240 quando
2099 3169 2455 3237 cogitationes
2491 3184 2783 3239 pravorum
2807 3175 2862 3223 et
2889 3182 3053 3240 opera
3081 3169 3446 3224 destruentur.

157 3262 369 3336 lapides
407 3264 705 3320 sanctuarii
733 3265 789 3319 in
816 3277 1033 3319 omnem
1061 3272 1303 3329 ventum,
1344 3278 1408 3319 ac
1433 3263 1478 3318 si
1501 3264 1713 3319 cineres
1737 3306 1754 3330 ,
1783 3244 1829 3309 Ο
1861 3263 1998 3332 Quia
2029 3263 2155 3319 dum
2177 3276 2429 3333 perversa
2456 3274 2610 3316 mens
2631 3273 2902 3330 perversae
2930 3259 3243 3330 cogitationi
3271 3258 3448 3315 adhuc

157 3371 226 3412 ne
259 3354 376 3410 ulla
407 3355 464 3410 in
505 3356 588 3410 eis
635 3354 775 3410 ultra
803 3355 1110 3410 inveniatur
1136 3354 1324 3427 religio
1351 3353 1621 3410 salutaris.
1651 3354 1755 3422 Qui

155 3448 408 3517 profecto
433 3447 585 3504 locus
604 3447 887 3504 moraliter
901 3455 1082 3520 tanget
1101 3448 1378 3503 auditores
1397 3455 1452 3504 et
1466 3447 1756 3519 magistros

156 3537 550 3593 Ecclesiarum.
584 3537 722 3606 Quia
770 3539 872 3593 etsi
920 3537 1008 3593 illa
1049 3537 1387 3593 admirabilis
1447 3535 1547 3590 fuit
1605 3546 1752 3593 stru-

163 3637 356 3695 ctura,
389 3630 684 3686 mirabilior
707 3630 866 3686 valde
887 3639 974 3687 est
1003 3631 1255 3686 humana:
1283 3637 1491 3684 naturai
1520 3627 1754 3698 fabrica,

154 3737 288 3792 quae
317 3736 426 3778 non
452 3723 518 3778 ad
548 3722 920 3794 cujuscunque
965 3721 1244 3794 exemplar
1291 3728 1605 3776 constructa
1629 3729 1754 3786 est,

153 3831 353 3871 verum
382 3817 449 3870 ad
479 3816 770 3888 imaginem
800 3824 856 3872 et
906 3813 1314 3872 similitudinem
1345 3813 1439 3868 Dei
1466 3812 1608 3869 facta
1629 3823 1713 3869 est
1740 3855 1756 3882 ,

152 3918 212 3963 ut
243 3909 514 3981 templum
555 3919 701 3965 esset
738 3909 930 3981 ipsius,
973 3909 1042 3964 ad
1087 3905 1245 3978 cujus
1298 3907 1592 3978 imaginem
1648 3905 1758 3962 for-

151 4011 307 4058 mata
357 4012 462 4058 est.
493 4001 564 4057 Et
592 4003 697 4058 hoc
723 4001 862 4058 forte
890 4011 1060 4073 agunt
1085 3999 1347 4072 apostoli,
1379 4008 1434 4056 et
1465 3999 1762 4054 ostendunt

147 4092 484 4149 admiranda
534 4108 702 4164 opera
738 4092 834 4148 Dei
883 4109 1011 4164 erga
1057 4092 1373 4163 ﬁgmentum
1415 4091 1711 4145 humanum
1740 4127 1756 4155 ,

146 4187 296 4255 quod
329 4195 647 4257 proponunt
674 4196 798 4242 ante
819 4194 1171 4255 conspectum
1202 4183 1391 4250 Dei,et
1415 4181 1761 4238 intercedunt

146 4286 208 4331 ut
235 4284 559 4349 provocent
580 4276 1027 4347 benignissimum
1051 4274 1418 4339 Salvatorem,
1445 4288 1514 4329 ne
1542 4273 1758 4329 deserat

142 4383 325 4438 genus
355 4368 665 4424 humanum
695 4375 918 4440 propter
949 4375 1170 4438 peccata
1198 4366 1462 4437 ipsorum.
1505 4363 1611 4420 Sed
1640 4379 1759 4420 ma-

140 4460 226 4530 gis
247 4468 530 4516 moneant
549 4475 675 4515 eum
696 4459 766 4514 ad
787 4457 1198 4530 indulgentiam,
1230 4464 1286 4510 et
1309 4455 1377 4510 ad
1399 4469 1565 4526 opera
1594 4454 1762 4525 ipsius

144 4552 241 4609 Dei
269 4554 450 4611 valde
478 4553 747 4620 miranda,
776 4567 936 4624 quam
969 4551 1036 4606 ad
1065 4550 1420 4615 iracundiam,
1448 4549 1614 4622 972
1639 4563 1758 4620 pro-

136 4653 267 4712 pter
313 4644 648 4714 iniquitates
692 4657 898 4708 eorum,
932 4652 993 4698 ut
1024 4642 1335 4699 destruatur
1361 4640 1620 4712 templum
1663 4641 1756 4696 Dei

141 4735 282 4802 vivi,
325 4746 394 4792 et
425 4735 706 4806 redigatur
743 4735 811 4790 ad
855 4734 1106 4790 nihilum.
1138 4733 1292 4790 Unde
1332 4732 1564 4788 sollicite
1609 4731 1758 4802 cogi-

137 4836 269 4884 tare
293 4836 533 4902 oportet
556 4826 814 4898 templum
841 4827 990 4896 illud,
1017 4827 1161 4900 quod
1187 4825 1356 4884 semel
1383 4834 1466 4882 est
1494 4824 1562 4883 ad
1585 4824 1760 4882 solum

1791 4601 1842 4663 D

1858 3355 2254 3429 perversiorem
2289 3351 2661 3423 superadjicit,
2691 3349 2825 3406 nihil
2851 3347 2996 3404 aliud
3017 3364 3182 3419 quam
3213 3349 3448 3419 lapidem

1861 3461 2024 3518 super
2063 3444 2291 3516 lapidem
2357 3443 2528 3514 ponit.
2569 3441 2676 3499 Sed
2726 3444 2781 3499 in
2815 3441 3188 3498 destructione
3235 3442 3452 3499 misera:

1861 3537 2120 3600 civitatis,
2147 3551 2308 3606 super
2329 3535 2562 3606 lapidem
2592 3535 2730 3606 lapis
2760 3550 2866 3590 non
2909 3534 3236 3605 relinquitur
3259 3576 3274 3600 ,
3323 3536 3452 3606 quia

1861 3645 1984 3686 cum
2026 3629 2096 3684 ad
2137 3628 2400 3683 ultionem
2433 3627 2600 3682 divini
2635 3628 2904 3683 examinis
2929 3627 3107 3682 anima
3143 3627 3330 3683 infelix
3356 3629 3452 3683 du-

1861 3723 2024 3788 citur,
2049 3722 2226 3778 omnis
2255 3737 2324 3776 ex
2348 3737 2412 3776 ea
2443 3720 2706 3776 malarum
2747 3721 3132 3793 cogitationum
3174 3730 3450 3778 structura

1861 3816 2185 3887 dissipatur;
2227 3823 2282 3870 et
2327 3823 2438 3870 tota
2468 3823 2598 3870 tunc
2643 3814 2944 3870 vastabitur
2985 3815 3179 3872 civitas
3207 3816 3405 3871 mentis
3435 3857 3452 3884 ,

1862 3927 1925 3966 ac
1957 3911 2002 3965 si
2044 3911 2097 3965 in
2140 3911 2390 3965 \astitate
2415 3908 2619 3975 hostili,
2657 3924 2784 3965 cum
2815 3909 3012 3964 misera
3040 3909 3154 3964 suis
3183 3907 3444 3965 destituta

1860 4001 2116 4074 operibus
2158 4001 2211 4056 in
2254 4009 2484 4056 mortem
2529 4000 2758 4056 ducetur
2807 4000 2876 4056 ab
2920 4001 3204 4068 hostibus,
3258 4001 3458 4072 quibus

1864 4093 1919 4148 in
1971 4093 2081 4147 vita
2123 4091 2334 4162 captiva
2376 4089 2517 4145 male
2573 4091 2816 4146 servivit.
2850 4089 3003 4147 Unde
3027 4091 3153 4162 quia
3187 4091 3453 4149 Dominus

1865 4185 1931 4241 ad
1977 4193 2216 4239 montem
2277 4181 2472 4239 Oliveti
2519 4191 2818 4254 properat,
2867 4191 2921 4238 et
2969 4197 3148 4238 sermo
3191 4184 3458 4256 prolixior

1864 4289 1948 4337 est
1983 4321 1999 4346 ,
2054 4293 2214 4350 quem
2267 4278 2320 4332 in
2369 4292 2436 4333 eo
2502 4277 2786 4332 habiturus
2847 4287 2931 4332 est
2971 4293 3095 4332 cum
3139 4279 3272 4344 suis,
3327 4281 3452 4349 quia

1861 4387 1986 4427 eum
2009 4370 2230 4425 omnino
2255 4367 2564 4423 rescindere
2587 4383 2694 4422 non
2725 4365 2888 4439 973
2914 4375 3146 4438 oportet,
3170 4369 3265 4424 sed
3292 4369 3457 4424 simul

1863 4463 2124 4535 quidquid
2151 4463 2205 4516 in
2226 4477 2290 4517 eo
2312 4460 2682 4516 sacratissimo
2715 4471 2898 4515 monte
2929 4459 3144 4516 locutus
3181 4469 3287 4528 est,
3333 4475 3458 4532 per-

1868 4554 2229 4610 tractandum.
2280 4551 2406 4606 Ideo
2457 4550 2676 4605 tandem
2717 4547 2982 4605 ﬁniendus
3027 4548 3196 4615 liber,
3253 4565 3324 4605 ne
3355 4557 3448 4603 aut

1872 4648 1976 4702 iste
2030 4643 2354 4700 extendatur
2400 4650 2456 4697 et
2483 4647 2740 4712 gravetur
2793 4638 3021 4710 legentis
3067 4638 3280 4696 animus
3308 4681 3321 4705 ,
3369 4648 3460 4696 aut

1870 4750 2051 4795 sermo
2077 4734 2186 4802 ille,
2213 4732 2356 4807 quod
2382 4745 2492 4790 non
2518 4731 2788 4802 congruit,
2817 4729 3112 4788 dividatur.

138 5000 3458 5028 Μ*

1250 5082 1676 5202 ramosas
1715 5137 1932 5200 LIBRI
1974 5099 2386 5201 meum.

209 5380 395 5436 Inter
440 5373 548 5430 alta
589 5372 800 5430 silentia
844 5372 1048 5442 cordis,
1092 5381 1148 5430 et
1176 5371 1610 5444 negotiosissima
1651 5387 1769 5429 mo-

123 5473 400 5528 nasticae
428 5466 726 5539 disciplinae
756 5465 892 5534 otia,
926 5480 1026 5520 nos
1053 5465 1148 5536 qui
1184 5465 1380 5520 divinis
1415 5463 1770 5536 astringimur

121 5563 320 5630 votis,
359 5574 440 5616 ne
460 5559 583 5615 sine
623 5557 801 5614 fructu
837 5568 1056 5614 aternae
1099 5555 1577 5627 contemplationis
1604 5556 1769 5612 otiosi

119 5657 553 5722 inveniamur,
598 5651 832 5725 optabile
878 5653 1012 5708 satis
1059 5652 1215 5708 nobis
1266 5667 1389 5708 esse
1438 5651 1597 5706 debet
1640 5650 1766 5706 illud

118 5749 403 5809 Catonis
441 5747 766 5818 exemplum,
803 5747 1037 5802 maxime
1071 5743 1202 5799 mihi
1245 5745 1359 5800 seni
1406 5743 1452 5808 si
1485 5745 1622 5799 forte
1666 5759 1767 5798 un-

121 5859 321 5918 quam
375 5855 455 5898 ac
481 5854 607 5898 vere
635 5840 837 5912 possim
868 5840 1070 5908 dicere,
1104 5838 1248 5912 quod
1282 5837 1397 5912 ipse
1434 5836 1548 5908 jam
1599 5851 1766 5897 senex

1879 5370 1946 5427 de
1976 5385 2043 5428 eo
2072 5369 2291 5441 scripsit
2321 5369 2414 5442 qui
2441 5366 2731 5424 Africanus
2761 5365 2971 5437 primus
3007 5363 3310 5436 appellatus
3335 5371 3418 5421 est
3443 5382 3458 5431 ;

1873 5472 1931 5518 et
1959 5463 2036 5518 ait
2058 5464 2201 5534 quod
2237 5461 2427 5518 solitus
2460 5468 2606 5517 esset
2632 5459 2837 5525 dicere,
2878 5471 3155 5528 nunquam
3188 5471 3246 5513 se
3283 5457 3462 5514 minus

1874 5555 2110 5612 otiosum
2138 5567 2256 5609 esse
2299 5567 2462 5625 quam
2507 5565 2631 5604 cum
2667 5549 2896 5614 otiosus,
2933 5561 3034 5602 nec
3079 5546 3257 5602 minus
3287 5545 3460 5601 solum

1874 5662 2037 5718 quam
2073 5661 2198 5701 cum
2249 5643 2394 5698 solus
2434 5650 2596 5697 esset.
2641 5639 2772 5709 Quae
2815 5638 3070 5694 nimirum
3105 5653 3208 5693 vox
3246 5639 3461 5707 magni-

1875 5744 1976 5798 ﬁca
1999 5751 2101 5806 est,
2141 5741 2339 5795 fratres
2364 5738 2492 5802 mei,
2534 5745 2588 5793 et
2611 5737 2728 5792 viro
2777 5748 2972 5806 magno
3003 5749 3066 5788 ac
3116 5731 3348 5803 sapienti
3377 5732 3461 5787 di-

1873 5851 2025 5908 gna;
2042 5833 2138 5894 sed
2165 5830 2300 5892 nulli
2353 5830 2529 5905 magis
2554 5845 2717 5904 quam
2761 5828 2919 5888 nobis
2945 5825 3229 5887 monachis
3259 5825 3467 5885 decens
