4016 6354
633 320 736 378 795

1433 316 1488 373 s.
1528 313 1881 371 PASCHASII
1919 313 2273 375 nauseam
2295 313 2588 373 ABBATlS
2621 314 3071 377 consensum
3699 345 3769 403 ,κ

631 442 681 486 et
732 428 1165 520 pernecessaria.
1210 428 1339 497 Quae
1396 427 1635 484 declarat
1687 427 1847 483 talem
1898 437 2215 500 tantumque
2243 432 2292 497 Α
2319 430 2505 485 dicunt
2534 440 2591 488 et
2621 446 2745 487 cum
2775 431 2897 488 aliis
2927 436 3248 499 communia,
3271 442 3555 508 quaom
3571 463 3771 520 ῳοωοαο

630 523 827 588 virum,
859 531 913 577 et
952 521 1006 576 in
1050 518 1162 577 otio
1203 520 1268 576 de
1299 521 1529 594 negotiis
1577 521 1730 577 bona:
1772 521 1892 577 vita!
1923 522 2210 594 cogitasse,

632 620 760 677 etin
796 614 1087 674 solitudine
1134 626 1317 672 secum
1369 612 1515 687 loqui
1570 614 1720 670 utilia
1765 614 1980 671 solitum
2022 612 2209 684 fuisse,

631 724 809 781 neque
836 714 1081 765 cessasse
1108 710 1345 778 unquam
1377 707 1444 763 de
1482 704 1638 764 bodis
1671 706 2101 779 necessariisque
2131 723 2216 763 re-

629 804 729 860 bus
759 802 1014 874 cogitare.
1047 790 1261 870 Quanto
1293 800 1465 873 magis
1502 816 1620 866 nos,
1644 796 1975 864 cltarissimi,
1997 809 2214 872 oportet

632 896 909 966 nunquam
932 908 1169 957 cessare,
1205 891 1256 946 in
1284 892 1413 958 otio,
1450 907 1516 946 ne
1558 890 1737 947 divina
1778 891 2098 963 cogitemus,
2123 893 2213 965 qui

630 986 941 1042 cmlcstibus
1000 984 1377 1054 mancipamur
1405 982 1741 1055 disciplinis;
1788 999 2063 1054 nunquam
2117 999 2215 1039 nos

630 1080 773 1136 solos
802 1094 920 1134 esse
951 1078 1004 1133 in
1048 1076 1361 1141 solitudine,
1406 1077 1497 1147 qui
1550 1092 1765 1146 semper
1809 1084 1863 1130 ct
1910 1075 2215 1147 ubicunque

628 1184 812 1225 coram
846 1168 957 1223 Deo
982 1176 1267 1223 versamur
1295 1185 1307 1221 :
1337 1163 1399 1220 In
1438 1183 1539 1237 quo
1571 1168 1785 1222 vivimus
1804 1207 1820 1232 ,
1848 1183 2131 1232 movemur,
2168 1177 2216 1221 et

628 1276 811 1318 sumus
860 1261 998 1334 (Aci.
1039 1263 1289 1327 xvu,28)
1330 1280 1342 1316 :
1388 1276 1678 1333 coramque
1724 1263 1874 1317 omni
1912 1260 2212 1333 frequentia

628 1366 982 1425 supernorum
1012 1354 1231 1419 civium,
1262 1368 1328 1409 ne
1353 1351 1490 1407 forte
1520 1350 1801 1408 derideant
1826 1356 2014 1409 hostes
2044 1355 2213 1409 nostri

629 1445 851 1500 sabbata
895 1455 1110 1510 nostra,
1149 1446 1193 1500 si
1221 1445 1397 1515 aliqua
1442 1445 1596 1510 hora,
1638 1462 1743 1501 non
1790 1442 1960 1501 solum
2000 1446 2215 1503 inutiles

628 1536 798 1591 simus
834 1535 1008 1600 nobis,
1041 1552 1228 1591 verum
1253 1539 1414 1592 etiam
1444 1538 1606 1609 (quod
1635 1552 1781 1608 smpe
1803 1538 2093 1608 contigisse
2120 1539 2215 1595 do—

630 1630 844 1683 lcndum
876 1633 977 1701 est)
1026 1631 1314 1701 perniciosi
1368 1631 1709 1685 inveniamur
1732 1639 1786 1684 et
1828 1629 1966 1685 aliis.
2010 1631 2217 1689 Idcirco

631 1718 772 1773 inter
829 1718 1062 1774 confinia
1111 1719 1312 1774 ultimae
1367 1719 1509 1783 vitm,
1563 1729 1616 1772 ut
1671 1732 1812 1788 saepe
1861 1720 2061 1774 dictum
2110 1731 2209 1787 est,

2318 523 2422 579 sibi
2470 523 2710 581 vicissim
2755 525 3181 594 communicant,
3222 527 3378 605 974
3422 545 3475 591 ιιι
3515 539 3637 599 dicat
3676 564 3777 610 ιιιιιη

2317 631 2441 671 cum
2467 614 2660 684 altero,
2694 617 2778 673 vel
2817 633 2939 703 cum
2969 616 3194 683 duobus,
3231 635 3319 676 seu
3344 638 3455 681 cum
3492 629 3648 697 tribus,
3672 638 3773 706 pium

2317 717 2402 765 est
2437 724 2573 781 opus
2596 710 2941 765 considerare
2968 719 3025 766 et
3051 710 3367 785 investigare
3393 718 3775 797 singulorum“).

2318 802 2598 872 prietates,
2644 802 2697 857 in
2740 818 2848 872 quo
2891 818 2998 859 non
3028 803 3265 859 modicus
3302 817 3380 861 est.
3412 808 3591 869 iructus
3618 816 3777 878 laboris.

2316 899 2455 968 Quia
2486 900 2538 954 in
2566 900 2651 956 his
2679 900 2815 955 nihil
2844 900 3088 955 invenies
3126 916 3345 956 vacuum
3375 919 3403 957 a
3433 910 3674 977 mysterio,
3689 915 3781 968 nihil

2317 988 2645 1060 superﬂuunt
2668 988 2914 1060 nihilque
2936 990 3353 1060 praetermissum
3378 993 3437 1048 de
3456 995 3660 1054 doctrina
3675 999 3782 1058 Chri-

2274 1066 2285 1133 ί
2317 1081 2412 1146 sti,
2461 1080 2603 1150 quod
2646 1078 2881 1150 Spiritus
2923 1090 3145 1137 sanctus
3164 1078 3415 1150 judicavit
3448 1085 3584 1142 nobis
3607 1104 3783 1147 ηθοεεα.

2318 1172 2459 1227 rium
2515 1170 2690 1237 scire;
2737 1171 2835 1227 sed
2882 1172 3065 1227 omnia
3125 1172 3197 1228 ita
3237 1182 3358 1228 sunt
3397 1183 3634 1243 contexta,
3669 1191 3711 1235 et
3736 1191 3783 1237 la

2318 1267 2506 1340 ﬁguris
2551 1250 2806 1323 decorata
2847 1278 3120 1340 gestorum
3168 1278 3325 1338 atque
3377 1268 3645 1337 dictorum,
3677 1283 3721 1327 ut
3749 1284 3787 1329 et

2317 1379 2425 1418 una
2463 1362 2629 1418 vestis
2665 1362 3031 1428 inconsutilis,
3078 1362 3296 1431 desuper
3332 1371 3550 1417 contextu
3583 1376 3786 1433 perlatus

2318 1454 2501 1527 (Joan.
2521 1470 2638 1521 xix,
2657 1453 2755 1526 23)
2773 1452 3044 1519 videatur,
3066 1462 3121 1511 et
3145 1452 3281 1507 mira
3302 1452 3613 1523 pulchritudo
3630 1470 3785 1524 operum

2317 1545 2371 1601 in
2404 1544 2652 1616 singulis,
2681 1559 2744 1601 ac
2793 1544 3073 1616 multiplex
3115 1544 3321 1599 variata
3360 1547 3701 1609 sententiarum
3724 1545 3787 1601 Io-

2319 1637 2468 1692 ribns
2492 1649 2769 1693 cernatur.
2813 1637 2872 1692 In
2909 1637 3107 1709 quibus
3146 1652 3251 1692 nou
3295 1637 3506 1692 historia
3548 1646 3713 1693 timum
3742 1646 3790 1693 tt-

2318 1728 2488 1793 xitnr,
2518 1744 2670 1785 more
2702 1745 2894 1784 eorum
2921 1729 3258 1786 solummodo
3295 1728 3386 1800 qui
3421 1744 3502 1785 res
3538 1741 3687 1798 gestas
3708 1743 3791 1785 nat-

630 1810 869 1875 dccrevi,
901 1810 1248 1866 hortantibus
1293 1810 1461 1873 Vobis,
1488 1815 1539 1865 et
1580 1808 1720 1864 inter
1768 1825 2014 1865 recessus
2050 1812 2221 1868 inter-
2243 1819 2291 1879 Β
2319 1835 2445 1875 rare
2468 1820 2788 1891 probantur,
2817 1819 2912 1876 sed
2960 1820 3145 1876 divina
3172 1834 3351 1876 rerum
3387 1821 3619 1889 mysteria
3658 1819 3792 1873 sui”.

630 1901 778 1966 dum,
823 1902 1141 1957 solitudines
1191 1900 1392 1955 silentii
1446 1900 1645 1967 nostri,
1702 1907 2035 1971 pertractare
2083 1916 2219 1972 opus

633 1992 779 2063 quod
806 1994 1120 2057 omiseram,
1150 1993 1410 2062 vobisque
1442 1990 1569 2045 illud
1608 2006 1931 2047 consecrare
1971 1991 2215 2047 devotus.

638 2084 790 2139 Unde
838 2092 969 2154 rogo
1016 2083 1428 2155 diligentissime
1480 2083 1788 2138 consideret
1825 2083 2218 2153 unusquisque,

627 2184 688 2230 ut
712 2174 827 2244 jam
858 2189 1018 2247 supra
1055 2176 1262 2240 monui,
1303 2176 1571 2245 quomodo
1614 2174 1811 2247 singuli
1854 2172 2216 2243 evangelista-

631 2281 753 2320 rum
779 2278 936 2321 suum
980 2274 1285 2337 temperant
1312 2268 1579 2331 ordinem,
1615 2276 1675 2321 ut
1708 2274 1896 2321 omnes
1933 2276 2097 2320 unum
2131 2262 2216 2320 di-

632 2369 778 2425 cam,
810 2368 863 2415 et
905 2361 1273 2431 unusquisque
1313 2372 1499 2416 corum
1553 2358 1754 2430 aliquid
1798 2356 2076 2430 proprium
2124 2357 2214 2412 ha-

632 2453 778 2520 heat,
829 2452 955 2509 licet
999 2452 1138 2509 alius
1186 2452 1537 2509 excellentius
1593 2452 1647 2507 in
1689 2450 1873 2523 aliquo
1928 2449 2211 2521 loquatur,

632 2543 772 2600 alius
820 2558 953 2600 vero
997 2542 1359 2611 submissius,
1408 2557 1599 2599 omnes
1653 2552 1834 2597 tamen
1881 2540 1936 2598 et
1997 2540 2213 2613 propria

2320 1910 2452 1966 locis
2484 1911 2830 1977 ordinantur,
2861 1927 2926 1967 ac
2975 1912 3021 1967 si
3069 1926 3402 1983 gemmarum
3436 1910 3793 1980 interpositiones.

2320 2002 2410 2056 ubi
2445 2001 2528 2058 vel
2557 2002 2646 2058 ubi
2676 2001 2912 2073 Spiritus
2949 2011 3173 2058 sanctus
3196 2002 3437 2059 canalem
3461 2009 3641 2055 vestem
3655 1997 3794 2054 Christi

2321 2107 2588 2148 exornare
2633 2094 2891 2148 decrevit.
2920 2092 3051 2162 Qua:
3093 2094 3217 2150 ideo
3247 2102 3372 2149 sunt
3418 2096 3481 2146 ad
3508 2090 3690 2161 plenum
3718 2103 3798 2158 per-

2325 2184 2640 2251 scrutanda,
2666 2193 2802 2239 utet
2832 2201 3026 2241 sensus
3063 2184 3398 2257 singulorum
3431 2182 3535 2238 suis
3558 2180 3801 2249 intelligatur

2326 2276 2382 2330 in
2410 2274 2562 2339 locis,
2586 2284 2641 2331 et
2668 2276 2848 2331 unitas
2892 2275 3059 2332 totius
3084 2273 3456 2347 intelligentia:
3492 2287 3578 2342 per
3616 2269 3800 2340 Spiritus

2325 2376 2592 2431 sanctum,
2625 2368 2755 2425 hinc
2785 2367 2933 2437 inde,
2963 2383 3027 2425 ac
3050 2367 3099 2426 si
3131 2368 3208 2425 ab
3233 2382 3341 2424 uno
3374 2364 3518 2422 fonte
3540 2361 3714 2423 diffusa.
3735 2373 3802 2414 non

2325 2468 2731 2532 corrumpatur.

3911 2151 3913 2251 γ

3917 2480 3919 2545 ι

3919 2590 3921 2643 ι

2316 2700 2321 2701 ,
3210 2687 3787 2720 .ν,,,,,,

1780 2830 2081 2926 LIBER
2138 2844 2278 2924 UN
2287 2841 2768 2922 DECIMUS.

2068 2988 2478 3020 ..Η-ἡ..-

702 3089 780 3145 De
807 3087 1048 3144 sessione
1073 3084 1276 3143 Christi
1316 3086 1369 3141 in
1409 3096 1595 3144 monte
1617 3084 1815 3145 Oliveti
1841 3088 2076 3161 primum
2103 3094 2216 3143 tra-
2245 3092 2291 3157 ο
2323 3088 2582 3157 Quamvis
2608 3091 2751 3147 enim
2788 3090 2854 3147 de
2883 3089 2985 3148 hoc
3014 3091 3105 3147 alii
3128 3092 3297 3150 aliter
3319 3093 3564 3156 sentiant,
3588 3104 3673 3146 nos
3695 3096 3816 3144 umet

630 3184 889 3240 ctandum
921 3191 1027 3248 est,
1071 3181 1256 3251 sicque
1293 3181 1549 3253 deinceps
1602 3184 1853 3240 eumdem
1909 3196 2216 3241 sermonem

2320 3183 2651 3238 aestimamus
2676 3184 2819 3255 quod
2844 3183 2985 3239 sicut
3005 3184 3071 3241 de
3095 3186 3265 3241 terris
3287 3186 3356 3242 ad
3371 3184 3533 3242 celos
3552 3180 3820 3246 ascenditdu

635 3275 836 3331 ibidem
872 3274 1135 3346 prolixius
1165 3272 1627 3344 interrogantibus
1668 3273 1945 3345 discipulis
1972 3270 2215 3330 habitum
2313 3266 2469 3340 Juxta
2494 3285 2680 3326 vocem
2709 3271 3022 3344 angelorum
3045 3274 3109 3329 de
3144 3275 3296 3331 caelo
3327 3276 3397 3330 ad
3423 3284 3609 3329 terram
3636 3281 3821 3327 ventum

634 3380 736 3440 per
762 3375 948 3436 partes
967 3364 1362 3420 disserendum.
1396 3363 1566 3432 Quem
1600 3380 1906 3421 sermonem
1938 3365 2219 3421 Mattheus

629 3466 686 3512 et
723 3454 933 3512 Marcus
964 3465 1128 3526 atque
1162 3454 1361 3522 Lucas,
1407 3457 1509 3511 nisi
1554 3457 1608 3512 in
1640 3458 1850 3529 paucis,
1890 3473 1998 3513 uno
2027 3472 2216 3529 prose-

634 3560 864 3623 quuntur
898 3556 1103 3613 tenore,
1135 3550 1259 3620 quia
1291 3548 1345 3603 in
1374 3563 1439 3605 eo
1469 3564 1660 3621 magna
1690 3549 1948 3605 divinitus
1971 3551 2219 3621 pandun-

634 3653 723 3702 tur
755 3650 1119 3701 sacramenta.
1150 3641 1217 3698 Et
1236 3644 1357 3698 ideo
1379 3641 1544 3715 (sicut
1564 3658 1728 3714 quam
1753 3659 1894 3714 saepe
1920 3643 2057 3716 dixi)
2084 3641 2219 3697 nihil

634 3744 795 3790 vacat
817 3751 845 3789 a
869 3733 1148 3805 mysterio,
1184 3747 1289 3787 non
1313 3742 1543 3801 tempus,
1577 3747 1683 3787 non
1716 3732 1871 3797 ordo,
1909 3747 2013 3787 non
2046 3733 2216 3797 locus,

633 3848 741 3888 non
770 3832 1011 3894 habitus,
1041 3844 1149 3883 non
1176 3829 1338 3893 situs,
1368 3841 1468 3884 nec
1499 3842 1835 3899 quaecunque
1866 3828 1917 3881 in
1940 3840 2005 3881 eo
2036 3834 2220 3881 monte

634 3924 910 3977 dicuntur.
951 3920 1218 3987 Quoniam
1271 3921 1415 3975 sicut
1459 3919 1657 3973 eximia
1704 3928 1851 3984 sunt,
1890 3932 2012 3989 qum
2058 3930 2219 3988 supra

631 4016 742 4087 lam
782 4014 834 4067 in
877 4013 985 4067 alio
1016 4020 1196 4068 monte
1237 4012 1446 4080 docuit,
1499 4022 1660 4086 atque
1687 4014 1978 4070 inetl‘abilia
2012 4032 2025 4069 :
2066 4015 2141 4069 ita
2166 4020 2220 4069 et

634 4107 762 4172 ista,
791 4115 849 4160 ut
880 4106 952 4159 ita
982 4104 1180 4168 fatear,
1212 4106 1380 4161 etiam
1410 4113 1464 4160 et
1494 4106 1750 4161 nonnulla
1790 4106 2018 4161 obscura
2059 4113 2113 4160 et
2141 4106 2221 4160 in-

639 4200 1172 4273 comprehensibilia.
1208 4200 1308 4255 Ubi
1359 4200 1473 4270 ipse
1515 4214 1673 4254 mons
1724 4214 1829 4254 non
1875 4198 2047 4254 solum
2092 4197 2218 4268 quia

638 4309 798 4351 mons
824 4301 937 4359 est,
974 4307 1159 4347 verum
1197 4292 1360 4346 etiam
1417 4291 1541 4361 quia
1592 4305 1749 4345 mons
1779 4287 1997 4353 Oliveti,
2042 4289 2098 4344 id
2138 4296 2222 4344 est

636 4386 878 4451 luminis,
917 4386 1140 4450 dicitur,
1200 4383 1267 4438 ad
1304 4384 1569 4440 orientem
1605 4382 1748 4439 illius
1795 4382 2052 4446 civitatis,
2085 4381 2218 4438 inef-

2323 3361 2413 3427 sit,
2445 3376 2510 3417 ac
2553 3361 2818 3431 judicium
2866 3364 2919 3419 in
2977 3375 3121 3421 terra
3171 3377 3520 3439 peracturus.
3559 3364 3824 3422 Etideonol

2320 3449 2597 3507 immerito
2625 3460 2847 3523 putatur
2884 3452 3146 3524 judicium
3198 3474 3267 3516 eo
3300 3460 3351 3513 in
3386 3459 3502 3516 loco
3543 3457 3757 3520 futurum,
3788 3453 3822 3506 ia

2320 3558 2430 3615 quo
2451 3553 2603 3600 actor
2642 3545 2764 3601 vita:
2801 3546 3140 3616 adiudicatus
3185 3561 3275 3607 est
3303 3552 3370 3607 ad
3404 3561 3635 3613 mortem,
3659 3547 3823 3603 utinm

2322 3635 2444 3691 loco
2463 3638 2739 3708 excipiant
2765 3639 2914 3710 impii
2958 3648 3015 3695 et
3045 3651 3371 3711 peccatores
3398 3642 3697 3699 sententiam
3728 3635 3827 3689 dam-

2323 3729 2581 3797 nationis,
2612 3731 2704 3801 qui
2744 3746 2959 3802 semper
2989 3733 3306 3795 maluerunt
3346 3748 3647 3807 permanere
3670 3732 3714 3786 in
3735 3741 3829 3784 mct-

2324 3829 2457 3877 tem.
2501 3821 2652 3879 Unde
2681 3825 2749 3878 ad
2775 3824 3010 3880 litteram
3035 3827 3312 3897 propheta
3341 3827 3583 3883 fortassis
3608 3824 3728 3883 dicit.
3750 3817 3832 3889 φιίθ

2325 3910 2642 3981 Egredietur
2667 3911 2941 3979 Dominus,
2969 3925 3018 3969 et
3058 3916 3402 3986 prwliabitur
3432 3927 3605 3971 contra
3638 3913 3830 3985 gentem!

2324 4004 2536 4059 stabunt
2559 4004 2714 4075 pedes
2737 4006 2851 4076 ejus
2880 4024 3036 4077 super
3062 4021 3299 4064 montem
3335 4008 3603 4066 Oliuarum
3629 4005 3685 4059 ad
3707 4001 3832 4058 Οήιιο

2324 4111 2424 4158 tem
2459 4101 2644 4177 (Zach.
2676 4120 2787 4169 xiv,
2814 4104 2869 4170 5,
2901 4104 2990 4178 4);
3020 4106 3147 4177 quia
3190 4107 3263 4162 de
3292 4106 3403 4171 illo,
3438 4106 3528 4177 qui
3553 4108 3704 4159 latntes
3724 4098 3832 4151 inter-

2323 4204 2588 4266 pretatur,
2636 4200 2820 4251 monte
2863 4198 3010 4253 venit
3036 4199 3104 4254 ad
3141 4199 3484 4269 passionem,
3526 4197 3589 4251 de
3622 4207 3711 4265 quo
3731 4183 3839 4259 paulo

2322 4294 2446 4357 post
2473 4287 2718 4344 ascendit
2748 4276 2817 4343 ad
2847 4287 3021 4344 locum
3065 4288 3206 4346 lucis
3234 4300 3293 4347 et
3320 4289 3527 4363 gloriae,
3558 4287 3643 4359 qui
3668 4285 3841 4338 estten

2326 4376 2415 4433 lux
2445 4379 2653 4446 mundi,
2685 4388 2738 4435 et
2785 4396 2939 4436 mons
2983 4379 3231 4437 elevatus
3285 4381 3343 4437 in
3384 4382 3640 4437 verticem
3668 4371 3844 4429 omniu-

635 4478 798 4535 l’ahilc
824 4478 1067 4534 continet
1108 4485 1531 4533 sacramentum.
1551 4474 1711 4542 Nam,
1745 4476 2059 4547 egrediente
2090 4473 2218 4531 Jcsu
2248 4473 2300 4534 D
2326 4471 2613 4526 montium.
2658 4471 2733 4526 Ac
2776 4487 2874 4542 per
2899 4472 3005 4526 hoc
3055 4487 3162 4526 non
3196 4472 3505 4545 incongrue
3534 4468 3728 4527 dicitur,
3759 4456 3846 4530 qui!

637 4573 704 4628 de
741 4570 958 4639 templo,
1000 4578 1055 4624 ct
1102 4571 1166 4625 de
1215 4569 1302 4623 illa
1351 4564 1682 4623 Hierusalem
1722 4575 1958 4633 terrena,
2018 4566 2220 4623 relictis

635 4661 837 4719 Iudaeis
866 4669 920 4716 et
958 4674 1254 4731 synagoga,
1287 4658 1532 4714 ascendit
1567 4671 1729 4728 super
1771 4658 2021 4713 eumdem
2068 4671 2220 4711 mon-

639 4760 767 4816 tem,
796 4752 849 4806 in
878 4765 983 4820 quo
1010 4747 1285 4820 frugiferae
1312 4748 1477 4819 975
1504 4748 1636 4803 olea:
1679 4746 1935 4818 plantatac
1962 4755 2140 4811 erant,
2167 4754 2222 4801 et

637 4843 953 4915 plautantur
990 4842 1271 4912 quotidie;
1316 4840 1369 4895 in
1407 4840 1602 4909 quibus
1650 4847 1852 4900 noster,
1895 4840 2020 4909 quia
2065 4838 2221 4894 fracti

639 4943 766 4990 sunt
793 4933 951 4997 rami,
981 4932 1217 4987 insertus
1242 4941 1323 4987 est
1354 4932 1608 4987 oleaster.
1646 4931 1703 4985 In
1733 4947 1842 5002 quo
1872 4946 2002 4986 sane
2036 4942 2220 4988 monte

638 5036 695 5081 et
722 5020 805 5079 de
836 5039 943 5094 quo
985 5023 1209 5077 veniens
1252 5023 1511 5077 Dominus
1556 5023 1624 5077 ad
1674 5023 1997 5092 passionem,
2043 5020 2221 5075 oravit

642 5116 712 5171 ad
744 5114 995 5180 Patrem;
1021 5124 1078 5169 et
1105 5114 1226 5169 inde
1255 5129 1464 5180 rursus,
1492 5114 1722 5185 expletis
1750 5116 2006 5170 omnibus
2026 5122 2223 5169 nostra

642 5208 1026 5281 redemptionis
1053 5209 1427 5273 sacramentis,
1450 5209 1517 5263 ad
1545 5208 1716 5267 caelos
1736 5208 2002 5273 ascendit,
2030 5216 2084 5262 et
2109 5208 2228 5263 ideo

643 5302 717 5360 ibi
739 5301 891 5372 plura
914 5301 979 5356 de
1024 5299 1220 5354 futuris
1246 5300 1509 5370 praedicit,
1540 5315 1639 5355 nec
1685 5300 1957 5354 immerito
1985 5301 2227 5368 quando-

643 5395 883 5467 quidem,
912 5394 1041 5464 quia
1070 5390 1246 5464 (sicut
1277 5392 1427 5448 multi
1458 5393 1737 5447 doctorum
1771 5390 2021 5462 tradunt)
2048 5392 2116 5447 ad
2148 5391 2227 5446 t‘u-

643 5496 826 5545 turum
847 5488 1107 5559 judicium
1132 5487 1520 5561 peragendum,
1540 5482 1611 5541 ibi
1641 5487 2000 5541 descensurus
2023 5498 2107 5542 est
2134 5486 2231 5541 Do-

646 5581 845 5646 minus,
870 5579 1324 5653 quemadmodum
1340 5581 1407 5635 ab
1423 5580 1629 5652 angelis
1660 5578 1975 5652 praedictum
1995 5590 2077 5634 est
2101 5596 2227 5650 apo-

646 5674 801 5730 stolis
816 5682 868 5727 et
890 5674 1257 5744 praedicatum.
1278 5672 1364 5727 Sic
1388 5675 1576 5753 veniet,
1593 5674 1871 5744 inquiunt,
1892 5672 2229 5745 quenmdmo-

647 5763 775 5833 dum
798 5766 995 5821 vidistis
1016 5783 1130 5820 eum
1156 5766 1514 5819 ascendentem
1555 5764 1609 5818 in
1638 5766 1820 5820 emtum
1847 5764 1994 5839 (Act.
2030 5781 2066 5827 ι,
2106 5764 2159 5819 ll
2190 5774 2237 5824 l.

2331 4563 2481 4618 venit
2509 4563 2563 4617 in
2588 4575 2825 4618 montem
2854 4562 3067 4627 Oliveti,
3085 4573 3139 4619 et
3163 4564 3238 4619 ibi
3258 4563 3485 4620 sedebat
3506 4578 3623 4620 cum
3637 4550 3847 4624 discipuli

2323 4655 2457 4721 suis,
2489 4655 2614 4725 quia
2644 4672 2766 4711 cum
2797 4656 2914 4728 ipso
2935 4666 2990 4712 et
3019 4656 3119 4727 ipsi
3151 4659 3203 4712 in
3234 4657 3452 4727 judicio
3483 4653 3674 4713 sessuri
3705 4650 3846 4719 legﬂﬂ'

2325 4756 2436 4813 tur,
2461 4747 2602 4803 unde
2624 4748 2905 4804 ascensuri
2954 4758 3081 4804 sunt
3118 4764 3317 4806 omnes
3349 4750 3513 4806 electi
3546 4748 3611 4803 ad
3637 4745 3856 4801 locum"

2326 4838 2473 4908 quiei
2498 4846 2553 4894 et
2585 4839 2807 4908 quietis,
2837 4855 2934 4908 per
2953 4837 3256 4905 Christum,
3288 4842 3384 4912 qui
3415 4856 3570 4896 mons
3590 4844 3684 4901 est,
3707 4835 3856 4887 cum

2330 4932 2903 5002 requiesanimarum.
2934 4932 3042 4988 Sed
3078 4942 3135 4988 et
3164 4934 3437 4989 deorsum
3469 4932 3625 4988 vallis
3648 4934 3740 4990 est;
3776 4929 3859 4989 tl“8

2333 5022 2474 5078 torte
2514 5038 2581 5078 ex
2608 5024 2876 5095 praesagio
2923 5023 3259 5090 futurorum,
3312 5026 3475 5080 vallis
3522 5021 3777 5093 Josaphat,
3805 5007 3860 5064 ἀί·

2332 5117 2475 5172 citur
2520 5124 2575 5170 et
2616 5118 3007 5185 interpretatur
3036 5116 3187 5170 vallis
3208 5117 3437 5187 iudicii.
3471 5116 3601 5171 Nam
3631 5126 3718 5183 per
3752 5116 3861 5161 ωθη*

2331 5218 2439 5264 tem
2480 5207 2819 5277 signiﬁcatur
2850 5207 3108 5269 Ecclesia,
3136 5212 3261 5277 quae
3302 5221 3527 5261 sursum
3555 5217 3671 5267 cum
3696 5194 3861 5253 Christo

2332 5315 2627 5355 ascensura
2661 5309 2764 5364 est,
2805 5308 2860 5352 et
2904 5313 3002 5369 pcr
3041 5298 3251 5354 vallem'
3282 5299 3482 5369 judicii
3533 5296 3749 5354 societas
3780 5298 3867 5358 μετ’

2333 5380 2589 5458 diturum,
2631 5391 2722 5462 qui
2752 5391 2803 5445 in
2850 5389 3058 5460 judicio
3089 5390 3361 5459 damnati,
3418 5390 3488 5444 ad
3520 5390 3622 5443 ima
3658 5396 3763 5440 cum
3797 5387 3869 5435 suo

2333 5491 2528 5560 capite,
2562 5486 2793 5551 diabolo,
2827 5487 2879 5541 id
2923 5495 3004 5541 est
3048 5487 3113 5541 ad
3152 5482 3390 5550 inferos,
3439 5477 3736 5542 descensuri
3761 5479 3869 5529 sunt.

2332 5580 2444 5638 Nec
2496 5584 2765 5640 immerito
2813 5584 2999 5651 igitur,
3050 5599 3150 5654 per
3200 5584 3356 5641 hunc
3413 5594 3650 5640 montem
3680 5567 3871 5633 Εεοιθείι

2330 5675 2661 5747 designatur,
2716 5693 2836 5747 qmr
2892 5677 3118 5733 thronus
3169 5676 3263 5732 Dei
3310 5686 3431 5743 est,
3480 5676 3533 5731 in
3566 5687 3669 5744 qua
3712 5660 3872 5725 sedem

2333 5754 2592 5824 Dominus
2636 5767 2979 5841 iudicaturus
3022 5770 3226 5825 orbem.
3278 5767 3559 5853 Quoniam
3601 5762 3683 5819 alii
3727 5759 3867 5814 erant.
