4016 6354
203 335 270 391 797
902 306 1266 399 meam
1301 336 1370 397 tu
1410 336 1842 427 Marrucini.
1879 371 1947 383 -
1986 342 2110 398 ue.
2156 342 2241 408 χι,
2284 343 2435 399 CAP.
2472 344 2661 401 xxw.

199 455 260 523 qui
286 469 367 508 non
401 452 655 519 credunt,
692 460 746 506 et
767 449 1143 523 jam_judicati
1179 462 1322 519 sunt,
1365 461 1418 507 et
1463 452 1555 508 alii
1582 468 1704 508 cum
1734 462 1781 520 Α

196 520 337 618 quibus
364 549 413 600 ili
447 534 654 615 judicio
693 520 957 615 judiéiibil
1002 523 1154 609 alios,
1205 548 1257 600 et
1312 526 1401 600 alii
1446 540 1537 617 qui
1561 544 1707 616 judi-

193 638 303 693 candi
327 626 456 698 sunt
505 632 559 691 In
584 630 778 706 quibus
805 630 1019 691 admisti
1065 626 1226 691 eruni
1265 632 1422 693 electi
1465 654 1586 693 cum
1623 655 1707 695 re-

189 732 346 806 probis,
392 714 491 786 sed
531 714 691 786 eiecti
738 710 805 784 a't'l
853 726 1007 785 suum
1048 726 1367 802 colligentur
1415 740 1609 802 caput,
1652 741 1707 788 et

189 810 507 894 trauspla'uia‘li
538 838 599 877 ac
624 818 671 878 s‘i
694 818 847 876 oliva:
874 814 1167 892 frugiferze,
1198 822 1514 878 radicabunt
1543 840 1703 895 supra

188 927 386 976 montem.
418 934 541 988 qua:
570 924 652 972 est
697 915 958 982 Ecclesia,
986 904 1153 989 976
1182 926 1236 972 et
1287 900 1592 971 {irntabitur
1617 933 1706 972 ra-

185 1012 268 1068 dice
313 1000 586 1066 chariiatis
614 1051 626 1072 ,
674 1026 742 1065 ne
783 1006 921 1064 ultra
973 1011 1174 1065 moveri
1227 1010 1430 1081 possit;
1476 1027 1704 1082 quarum

184 1102 354 1177 singula:
386 1102 595 1174 pessint
623 1100 805 1157 dicere
837 1120 849 1155 :
882 1096 993 1172 Ego
1033 1092 1205 1155 autem
1236 1098 1370 1156 sicut
1413 1100 1548 1156 oliva
1593 1101 1708 1171 {ru-

183 1196 317 1266 rtifem
354 1194 404 1248 in
436 1192 591 1248 duino
619 1184 714 1247 Dei
742 1189 912 1265 (Psal.
942 1210 1015 1258 LI,
1044 1193 1153 1266 l0).
1186 1190 1297 1248 Nec
1324 1188 1541 1248 dubium
1578 1193 1706 1263 quin

182 1292 218 1345 in
253 1288 336 1345 hoc
380 1299 560 1343 monte
596 1285 872 1343 Olivarum
921 1287 1010 1359 qui
1043 1297 1125 1344 est
1170 1275 1440 1354 Christus,
1470 1289 1706 1360 primum

178 1378 301 1438 fuisse
341 1398 665 1455 synagogam
706 1380 1025 1452 plantatam,
1075 1382 1255 1452 ibique
1301 1384 1596 1449 radicasse,
1641 1384 1709 1441 de

175 1490 252 1545 qua
272 1475 511 1529 nimirum
542 1471 697 1527 fracti
736 1482 863 1527 sunt
896 1474 1053 1539 rami,
1082 1482 1135 1527 et
1185 1474 1374 1529 inserti
1408 1483 1531 1529 sunt
1566 1474 1682 1529 olea

172 1566 250 1623 stri
275 1546 454 1622 inloco
481 1580 784 1629 ramorum,
808 1564 899 1636 qui
923 1582 987 1620 ex
1022 1564 1336 1622 inﬁdelitate
1372 1575 1496 1622 sunt
1524 1565 1705 1621 fracti.

171 1650 218 1711 lu
244 1654 376 1726 cujus
395 1657 676 1711 cacumine
718 1646 933 1719 montis,
984 1671 1045 1710 ac
1077 1656 1123 1709 si
1180 1650 1413 1727 agricola
1468 1656 1709 1711 residens

172 1744 404 1811 Dominus,
427 1730 769 1802 Accesserant
800 1744 868 1800 ad
894 1764 1009 1801 eum
1039 1744 1285 1818 discipuli
1312 1756 1508 1802 secreto
1536 1747 1709 1802 dicen-

3278 349 3386 409 798

1885 456 2147 523 Quoniam
2193 458 2343 512 multi
2377 459 2577 515 venient
2622 462 2677 515 in
2717 462 2923 515 nomine
2978 477 3112 529 meo,
3154 462 3384 523 dicentes

1792 551 1945 637 quod
1964 567 2057 623 ego
2076 568 2194 606 sum
2233 550 2491 619 Christus,
2525 563 2571 607 et
2594 552 2788 610 multo:
2827 555 3090 612 «ducent.
3149 554 3250 623 Qui
3290 571 3387 612 au-

1809 634 1916 695 lem
1940 641 2048 697 sint
2075 643 2165 698 isti
2204 643 2356 698 multi
2392 646 2480 715 qui
2524 646 2737 702 venturi
2787 646 3041 702 dicuntur
3070 647 3129 703 in
3170 650 3388 705 nomine

1807 734 2025 799 Christi,
2063 751 2170 792 non
2199 738 2332 793 satis
2376 746 2618 807 apparet.
2653 736 2918 805 Quoniam
2972 739 3114 794 sicut
3153 739 3381 797 historia

1808 831 2102 887 lectionum
2141 831 2466 901 manifestat,
2495 849 2601 889 non
2625 834 2777 893 multi
2806 834 3023 891 fuerunt
3051 837 3299 891 homines
3329 837 3384 891 in

1810 934 2051 993 tempore
2078 927 2464 995 apostolorum,
2494 927 2584 997 qui
2623 943 2682 983 se
2721 928 2958 984 cbristos
2983 944 3104 985 esse
3127 928 3383 995 dixerint,

1807 1020 1909 1074 nisi
1936 1019 2077 1074 forte
2106 1020 2407 1076 Dosithazus
2427 1019 2760 1089 Samarazus,
2789 1031 2846 1078 et
2873 1021 3058 1079 Simon
3082 1023 3289 1095 Magos,
3320 1024 3386 1078 de

1806 1123 1922 1178 quo.
1941 1109 1994 1163 in
2019 1108 2242 1166 Actibus
2263 1112 2628 1179 apostolorum
2653 1113 2873 1178 dicitur,
2906 1115 3049 1183 quod
3073 1131 3132 1170 se
3157 1115 3248 1169 Dei
3270 1114 3381 1169 vir-

1810 1210 1973 1259 tutem
2004 1219 2252 1274 magnam
2300 1220 2419 1260 esse
2454 1206 2858 1274 pronuntiabat.
2914 1207 3116 1261 Tamen
3164 1207 3383 1264 fuerunt

1808 1293 1960 1348 multi
2011 1295 2277 1360 haeretici,
2331 1296 2421 1365 qui
2476 1296 2616 1352 forte
2663 1297 2715 1351 in
2760 1297 2975 1353 nomine
3028 1297 3229 1354 Christi
3262 1300 3383 1355 ideo

1805 1397 2095 1453 venerunt,
2145 1388 2271 1457 quia
2300 1389 2604 1445 doctrinam
2644 1387 2845 1445 Christi
2894 1405 2953 1446 se
2991 1391 3192 1447 habere
3235 1393 3380 1449 dice-

1807 1479 1960 1543 bant,
1992 1489 2048 1536 et
2083 1480 2135 1533 in
2167 1478 2283 1547 ejus
2314 1482 2530 1536 nomine
2550 1481 2868 1537 asserebant
2896 1481 3086 1548 multa,
3115 1483 3279 1538 etiam
3320 1500 3382 1541 se

1788 1570 2037 1625 .virtutes
2081 1569 2260 1626 facere
2293 1570 2568 1628 mirandas
2602 1572 2756 1628 valde
2811 1575 3298 1642 praemonstrabant
3328 1584 3384 1630 et

1808 1663 2193 1735 praedicabant,
2223 1678 2288 1718 ac
2331 1664 2698 1734 provocabunt
2735 1664 2933 1720 multos
2961 1666 3028 1719 ad
3055 1666 3382 1722 credendum

1810 1773 1874 1813 ea
1900 1772 2021 1827 qua:
2048 1756 2398 1821 dicebantur;
2435 1756 2488 1810 in
2523 1763 2728 1810 tantum
2755 1762 2813 1809 ιιι
2841 1757 3163 1811 seducerent
3215 1757 3381 1826 pluri-

166 1846 242 1895 tee.
290 1840 381 1898 Ubi
432 1840 859 1897 considerandus
907 1840 1157 1895 accessus
1205 1838 1590 1911 discipulorum
1637 1841 1703 1897 ad
1736 1823 1783 1883 Β
1811 1823 1949 1911 mos,
1977 1858 2031 1903 et
2064 1863 2160 1917 per
2200 1846 2377 1901 varios
2402 1846 2764 1915 dimergerent
2806 1860 3038 1900 errores.
3084 1845 3161 1900 De
3189 1823 3385 1915 quibus

162 1933 332 1998 Iesum,
361 1933 448 2005 qui
478 1951 602 1989 cum
628 1950 691 1989 eo
721 1933 909 1988 sedere
940 1928 1213 1998 dicuntur,
1238 1949 1302 1988 ac
1325 1934 1368 1989 si
1398 1934 1450 1989 in
1469 1933 1700 2002 judicio.

162 2024 333 2081 Deinde
360 2024 577 2097 quidam
627 2016 891 2080 accedunt
925 2024 1209 2091 secretius,
1239 2036 1295 2079 ut
1350 2040 1417 2080 ex
1460 2028 1561 2080 hoc
1592 2041 1705 2080 ma-

152 2116 301 2187 jorem
328 2133 382 2171 se
403 2114 604 2171 habere
628 2115 919 2173 ostendant
942 2110 1193 2172 fiduciam
1210 2116 1349 2188 apud
1376 2132 1519 2181 eum,
1550 2122 1707 2189 quasi

153 2204 432 2269 domestici,
489 2202 631 2278 quod
681 2206 841 2262 etiam
892 2223 1052 2278 supra
1108 2208 1173 2261 ad
1227 2209 1705 2280 interrogationem

151 2298 507 2369 parabolarun't
550 2299 743 2355 fecisse
788 2284 1134 2355 manifestum
1181 2310 1281 2355 est.
1316 2300 1544 2370 Quidam
1578 2320 1707 2360 vero

151 2388 242 2447 non
293 2400 498 2446 secreto
526 2433 538 2456 ,
582 2388 674 2446 sed
734 2390 787 2446 in
848 2382 1133 2447 manifesto
1174 2396 1537 2450 communiter
1580 2412 1707 2451 eum

151 2484 480 2554 interrogant.
516 2460 807 2554 Propterea
842 2484 1090 2554 observa,
1118 2482 1310 2547 lector,
1342 2484 1704 2541 diﬂ‘erentiam

150 2591 312 2631 eorum
340 2552 559 2646 ubique,
599 2552 688 2646 qui
716 2552 981 2651 accedunt
1009 2575 1073 2629 ad
1104 2575 1400 2632 Christum.
1432 2577 1701 2646 Quoniam

150 2667 287 2725 aliter
326 2664 593 2725 accedunt
645 2667 759 2739 qui,
789 2668 929 2723 sicut
978 2667 1234 2724 Pharistei
1284 2678 1574 2732 tentantes,
1609 2661 1707 2726 ac:

150 2760 359 2828 cedunt,
416 2748 473 2819 ἓί
527 2752 863 2834 interrogant
927 2762 1167 2833 quolibet
1217 2761 1416 2829 modo,
1472 2778 1579 2817 non
1637 2779 1702 2818 ex

150 2850 257 2921 ﬁde,
285 2869 461 2924 neque
495 2862 687 2922 rogant
725 2861 818 2907 aut
862 2862 1021 2908 orant
1056 2869 1120 2907 ex
1163 2853 1287 2907 ﬁde.
1330 2852 1503 2907 Aliter
1536 2854 1703 2909 inter-

150 2944 255 3000 dum
284 2944 371 3000 alii
406 2945 617 2999 discere
638 2945 917 3015 cupientes
965 2954 1214 3015 quaerunt
1244 2953 1299 2999 et
1347 2944 1696 3016 interrogant,

94 3064 111 3070 ι
150 3048 395 3108 nunquam
442 3045 624 3090 tamen
676 3043 904 3097 secreto,
946 3035 1039 3091 sed
1090 3032 1228 3090 infra
1284 3034 1699 3091 multitudinem.

149 3128 295 3185 Aliter
314 3126 457 3184 nunc
491 3127 578 3183 isti
617 3127 870 3198 praecipui
904 3126 1291 3198 apostolorum,
1337 3122 1530 3182 Petrus
1565 3127 1705 3183 scili-

149 3229 235 3286 cet,
262 3218 491 3275 Jarobus
521 3228 573 3274 et
613 3215 865 3281 Joannes,
909 3219 1102 3288 quibus
1131 3234 1272 3273 nunc
1298 3219 1461 3273 etiam
1486 3218 1703 3274 additur
1730 3187 1774 3248 ε

148 3320 191 3364 et
215 3310 467 3366 Andreas.
495 3298 560 3365 Et
588 3309 711 3365 ideo
742 3310 867 3381 quia
904 3310 1081 3381 magni
1108 3321 1229 3365 sunt
1270 3311 1359 3379 qui
1415 3312 1698 3377 accedunt,

148 3418 316 3475 magna
346 3402 397 3457 et
419 3412 539 3473 qua:
581 3400 916 3471 interrogant
943 3418 1045 3455 non
1078 3398 1199 3456 ficto
1230 3402 1414 3469 corde,
1451 3400 1544 3457 sed
1575 3404 1699 3471 quia

148 3488 337 3550 terrore
364 3480 593 3565 perculsi
639 3512 705 3550 ex
746 3494 925 3551 verbis
975 3492 1206 3560 Domini,
1255 3497 1396 3550 aliud
1441 3512 1537 3567 pro
1596 3496 1702 3551 alio

144 3590 480 3657 :estimantes,
517 3590 699 3648 dicunt
724 3582 805 3647 ei:
832 3588 925 3645 Dic
963 3590 1107 3645 nobis
1133 3592 1341 3661 quando
1378 3592 1487 3645 ha'c
1526 3599 1696 3645 erunt.

144 3678 270 3746 Quae
292 3689 413 3735 sunt
450 3690 619 3737 autem
654 3681 790 3747 haec,
824 3698 941 3751 quae
971 3682 1122 3753 quasi
1155 3681 1578 3736 demonstrativo
1621 3683 1702 3736 in—

146 3772 439 3843 terrogant?
465 3771 563 3828 nisi
592 3789 656 3828 ea
681 3774 747 3828 dc
792 3773 987 3844 quibus
1036 3789 1196 3844 supra
1224 3786 1404 3827 coram
1451 3774 1701 3829 omnibus

144 3865 357 3931 dixerat,
393 3882 494 3920 non
523 3865 689 3920 stabit
736 3864 825 3921 hic
885 3865 1037 3935 Lupis
1095 3882 1251 3935 supra
1318 3861 1563 3932 lapidem,
1611 3865 1702 3935 qui

144 3972 232 4009 non
258 3956 573 4011 des'ruutur.
605 3955 734 4011 Inde
760 3958 957 4027 quippe
978 3956 1317 4011 occasionem
1356 3968 1702 4027 sumpserunt

141 4046 509 4118 interrogandi,
539 4059 593 4103 et
622 4047 781 4102 simul
814 4049 913 4103 tria
941 4048 1291 4119 interrogant,
1324 4048 1539 4119 quando
1579 4049 1703 4104 llie~

143 4137 355 4193 rusalem
382 4140 714 4194 destruenda
744 4140 832 4204 sit,
879 4147 930 4193 et
971 4141 1150 4194 omnia
1178 4155 1296 4210 qua:
1319 4142 1370 4195 in
1407 4156 1468 4195 ea
1524 4149 1699 4205 erant,

143 4229 211 4282 vel
237 4233 414 4300 quoin
463 4242 706 4303 tempore
733 4232 849 4302 ipse
894 4248 1080 4287 rursus
1121 4240 1379 4288 venturus
1429 4231 1501 4287 sit
1545 4231 1704 4288 (211νό-

146 4326 257 4383 stus,
284 4323 364 4375 vel
389 4325 607 4394 quando
639 4325 1035 4379 consummatio
1064 4325 1247 4380 πουιὶ
1274 4325 1345 4380 sit
1379 4324 1577 4380 futura.
1599 4324 1698 4392 Qui

148 4428 230 4467 non
255 4416 429 4471 solum
459 4412 560 4472 hoc
585 4408 862 4473 adliscere
892 4416 1095 4483 volunt,
1123 4419 1338 4487 quando
1363 4420 1691 4474 destruenda

142 4502 215 4565 Sit,
247 4519 433 4558 verum
496 4506 660 4560 etiam
711 4507 919 4577 signum
972 4507 1230 4561 adventus
1271 4506 1386 4575 ejus
1430 4516 1697 4578 quaerunt,

137 4594 175 4641 et
199 4593 409 4661 signum
438 4594 923 4652 consummationis
956 4596 1116 4652 simul
1142 4597 1341 4653 saeculi.
1377 4598 1509 4666 Quia
1540 4609 1699 4669 puta-

132 4678 268 4747 bant,
304 4694 365 4738 ut
389 4684 655 4750 homines,
683 4686 826 4756 quod
871 4703 974 4741 non
1006 4697 1131 4741 ante
1178 4686 1503 4742 destruenda
1557 4698 1703 4743 esset

126 4776 423 4845 quam'ipse
455 4792 640 4830 rursus
667 4787 717 4830 et
748 4777 872 4832 linis
908 4778 1091 4832 seculi
1133 4778 1361 4844 veniret,
1394 4790 1448 4833 et
1498 4796 1705 4850 quaere-

122 4856 242 4916 itﬂiil
272 4865 318 4918 si
351 4858 488 4921 l'o‘ite
512 4856 694 4936 ieinpli
725 4869 1017 4921 destruetio
1063 4868 1275 4942 signum
1302 4871 1563 4926 adventus
1587 4870 1703 4940 ejus

116 4942 257 5008 esse!
285 4968 348 5010 et
376 4952 858 5014 cdtlsuuimationis
888 4961 1088 5015 steculi.
1116 4952 1382 5029 Quoniam
1407 4964 1522 5017 haec
1553 4962 1705 5017 multi

112 5042 441 5113 "edebam,
469 5051 563 5105 Sed
592 5053 808 5123 quando
856 5051 1036 5107 futura
1072 5065 1275 5119 essent,
1300 5057 1515 5127 penitus
1557 5056 1704 5128 igno-

108 5136 313 5195 rabant
360 5144 569 5204 ottities.
627 5148 679 5199 et
736 5146 983 5219 ignorant
1048 5148 1223 5203 adhuc
1277 5150 1450 5203 hodie.
1499 5150 1705 5217 Quibus

105 5230 460 5296 respondens
491 5229 648 5288 Iesus
677 5234 811 5290 dixit
836 5237 948 5291 eis:
987 5232 1169 5292 Videte
1194 5255 1256 5292 ne
1280 5240 1397 5309 quis
1427 5257 1516 5293 vos
1539 5240 1703 5313 977

95 5317 364 5387 reducm,
397 5325 523 5392 quia
550 5326 757 5395 signum
791 5324 1107 5397 quaerebant
1148 5330 1410 5383 adventus
1465 5330 1603 5401 ejus,
1652 5342 1704 5386 et

92 5409 256 5464 multi
317 5415 720 5483 pseudochristi
768 5418 819 5471 in
860 5419 1075 5473 nomine
1113 5418 1251 5490 ejus.
1298 5421 1511 5476 venturi
1554 5433 1712 5476 erant

88 5497 143 5553 in
172 5508 431 5571 mundo,
464 5507 554 5576 qui
586 5508 735 5578 signa
774 5509 1041 5576 facerent,
1082 5519 1139 5563 ut
1171 5509 1357 5565 Simon
1405 5510 1611 5582 Magus,
1657 5523 1709 5567 et

83 5590 174 5647 atii
213 5608 233 5649 :
286 5610 588 5670 propterea
620 5600 889 5669 pricstruil
936 5616 1049 5668 eos,
1081 5613 1134 5657 et
1194 5604 1367 5658 dicit:
1426 5603 1603 5658 Videte
1652 5623 1713 5659 ne

77 5688 197 5750 cui:
230 5702 456 5745 eorum
488 5688 581 5745 vos
603 5695 812 5747 reducat
852 5700 951 5766 per
999 5696 1149 5765 signa
1186 5705 1239 5750 et
1303 5698 1540 5769 prodigia
1593 5715 1713 5768 qua:

78 5785 420 5848 l’f‘qnirilis.

1765 1985 1769 1989 .
1807 1938 2041 1996 Joannes
2069 1938 2122 1992 in
2152 1936 2389 2007 Epistola
2419 1951 2513 1990 sua
2560 1935 2712 1999 dicit,
2754 1936 2895 1991 sicut
2920 1935 3151 1990 audistis
3184 1936 3392 1989 :AutiJ

1810 2031 2034 2084 Christus
2083 2028 2267 2091 veniet,
2324 2043 2462 2080 nunc
2507 2036 2677 2079 autem
2730 2024 3039 2079 Antichristi
3088 2024 3216 2092 [acti
3264 2034 3383 2079 sunt

1808 2119 1961 2174 multi
1987 2108 2041 2190 (Ἰ
2063 2118 2225 2174 Jonn.
2255 2134 2315 2184 ll,
2340 2116 2465 2187 18);
2513 2126 2567 2171 et
2593 2115 2961 2171 Antichristus
2990 2115 3081 2184 qui
3127 2121 3386 2169 venturus

1809 2212 2025 2275 dicitur,
2048 2226 2207 2282 quem
2252 2226 2311 2266 se
2340 2210 2503 2264 alium
2534 2225 2653 2265 esse
2682 2224 2844 2279 quam
2889 2208 3161 2264 Christum
3218 2207 3383 2263 Deum

1807 2305 2051 2360 dicturus
2075 2304 2193 2360 est?
2223 2303 2291 2359 Et
2318 2303 2460 2358 ultra
2489 2318 2650 2358 omne
2680 2318 2875 2357 nomen
2905 2301 3045 2369 quod
3072 2300 3272 2357 dicitur
3300 2299 3384 2354 vel

1807 2397 2135 2460 nominatur,
2166 2395 2497 2450 elevaturum
2524 2409 2601 2458 se,
2635 2392 2924 2461 Scriptura
2955 2400 3112 2455 teste,
3140 2407 3384 2461 pronun-

1810 2487 1993 2541 tiatur.
2012 2485 2165 2541 Unde
2193 2486 2237 2539 si
2266 2484 2416 2539 multi
2434 2483 2546 2552 jam
2571 2493 2695 2538 sunt
2722 2482 3047 2545 antichristi,
3072 2481 3214 2549 quod
3236 2480 3380 2536 aliud

1806 2576 1910 2631 dici
1939 2584 2162 2647 possunt
2184 2591 2305 2630 cum
2351 2589 2449 2628 suo
2484 2572 2682 2642 capite,
2721 2588 2880 2641 quam
2933 2570 3330 2640 pseudochristi
3360 2569 3384 2626 i

1809 2669 1932 2740 quia
1955 2666 2213 2724 contrarii
2243 2676 2368 2723 sunt
2388 2665 2625 2728 Christo,
2644 2664 2767 2733 quia
2794 2662 3041 2733 profecto
3065 2678 3226 2719 omne
3247 2678 3358 2718 ver-

1804 2762 1958 2826 bum,
1988 2760 2132 2832 quod
2178 2776 2204 2814 a
2235 2760 2464 2815 veritate
2515 2767 2835 2813 extraneum
2876 2766 3043 2813 estet
3079 2757 3311 2812 alieuum
3345 2773 3376 2813 a

1805 2854 1931 2919 ﬁde,
1962 2861 2017 2908 et
2040 2852 2231 2908 asserit
2274 2866 2333 2906 se
2354 2864 2476 2906 esse
2503 2849 2733 2905 verbum
2781 2848 2899 2913 Dei,
2924 2848 3053 2917 quid
3078 2846 3219 2902 aliud
3251 2862 3376 2901 eum

1805 2947 2034 3002 dicimus
2058 2960 2219 3016 quam
2247 2943 2624 2999 antichristum
2652 2942 2816 2999 esse?
2853 2941 2922 2996 Et
2961 2941 3084 2996 ideo
3120 2941 3246 3011 quia
3273 2941 3379 2997 hoc

1806 3054 1970 3093 unum
1996 3038 2221 3092 verbum
2268 3043 2352 3091 est
2378 3050 2589 3101 verum,
2637 3035 2681 3090 si
2721 3034 2863 3105 quod
2909 3032 3052 3089 aliud
3102 3040 3187 3091 est
3233 3033 3375 3102 quod

1806 3130 2004 3187 dicitur
2031 3137 2219 3185 contra
2267 3126 2564 3191 Christum,
2610 3126 2702 3195 qui
2749 3140 2869 3181 eum
2916 3133 3098 3194 portat
3135 3125 3188 3179 in
3218 3123 3381 3180 corde

1805 3239 1923 3289 suo,
1949 3222 2072 3291 jure
2121 3230 2176 3277 et
2225 3220 2340 3291 ipse
2368 3219 2566 3274 dicitur
2612 3216 2981 3273 antichristus.
3014 3217 3080 3272 Et
3125 3216 3246 3271 ideo
3266 3216 3378 3285 jam

1804 3314 1958 3369 multi
2002 3319 2266 3368 venerunt
2326 3319 2379 3365 et
2435 3309 2644 3365 venturi
2691 3316 2817 3364 sunt
2855 3307 3273 3379 pseudochristi,
3322 3308 3375 3362 in

1803 3408 2003 3465 Christi
2038 3407 2274 3472 nomine,
2306 3415 2362 3461 et
2391 3404 2590 3463 multos
2616 3404 2949 3461 seduxerunt
2977 3417 3007 3457 a
3054 3402 3180 3467 ﬁde,
3219 3409 3273 3456 et
3297 3415 3382 3456 se-

1804 3503 2019 3557 ducent.
2049 3500 2341 3571 Propterea
2369 3507 2552 3554 monet
2577 3506 2631 3553 et
2659 3497 2821 3552 dicit:
2860 3496 3037 3551 Videte
3076 3512 3139 3550 ne
3158 3496 3272 3565 quis
3292 3510 3379 3550 vos

1802 3596 2039 3651 reducat.
2075 3591 2150 3647 Ne
2198 3591 2427 3661 quilibet
2457 3589 2619 3646 fallax
2662 3588 3034 3661 ignorantibus
3066 3595 3381 3659 suggereret

1798 3686 2115 3748 falsitatem,
2162 3694 2218 3739 et
2247 3698 2315 3738 ne
2345 3680 2478 3737 ﬁdes
2507 3690 2653 3737 recta
2679 3679 2940 3751 pestifero
2978 3680 3262 3735 mendacio
3287 3678 3378 3736 do-

1806 3779 1945 3835 trahi
1973 3784 2174 3847 posset,
2223 3775 2519 3830 admonitio
2554 3775 2628 3845 pii
2670 3774 2913 3845 Magistri
2942 3774 3236 3845 praecessit.
3273 3773 3381 3828 Nec

1805 3871 1909 3927 hoc
1933 3869 2150 3940 quidem
2194 3866 2323 3923 solis
2368 3867 2499 3922 dicit
2543 3864 2823 3936 apostolis,
2854 3864 2947 3920 sed
2990 3866 3240 3920 omnibus
3270 3865 3382 3920 suis

1805 3978 1903 4034 per
1922 3977 2018 4019 eos
2042 3961 2351 4032 quicunque
2380 3958 2541 4013 futuri
2566 3966 2694 4014 sunt
2719 3956 2956 4012 membra
2984 3957 3186 4011 Christi
3212 3970 3382 4027 usque

1805 4056 1861 4110 in
1889 4054 2049 4110 ﬁnem
2080 4052 2284 4107 smculi.
2318 4050 2704 4107 Verumtamen
2732 4050 2848 4105 haec
2869 4049 3023 4121 signa
3049 4056 3103 4103 et
3129 4049 3231 4104 alia
3263 4063 3385 4120 qua

1804 4153 2139 4215 sequuntur,
2199 4158 2267 4198 ex
2316 4141 2404 4197 illo
2449 4140 2562 4210 jam
2616 4150 2859 4210 tempore
2901 4149 3179 4209 eruperunt
3219 4140 3386 4212 97.

1805 4252 1943 4308 pene
1993 4252 2100 4306 quo
2132 4234 2314 4290 futura
2352 4249 2473 4290 esse
2521 4233 2793 4288 dicuntur.
2847 4232 2913 4286 Et
2957 4232 3075 4287 ideo
3105 4232 3231 4302 quia
3283 4233 3383 4286 tria

1806 4330 2135 4400 qnazsierunt
2190 4327 2441 4398 apostoli,
2472 4327 2686 4398 quando
2714 4326 3037 4381 destruenda
3072 4335 3215 4382 esset
3259 4326 3387 4383 Hie-

1806 4420 2062 4484 rusalem,
2104 4418 2244 4474 unde
2269 4426 2386 4472 orta
2416 4425 2503 4472 est
2526 4416 2696 4487 ipsius
2748 4416 3185 4488 interrogationis
3227 4431 3385 4474 occa-

1807 4514 1922 4578 sio;
1950 4521 2005 4566 et
2031 4510 2247 4582 quando
2277 4510 2391 4579 ipse
2419 4517 2678 4585 venturus
2701 4517 2882 4574 esset;
2918 4508 3000 4563 vel
3032 4507 3153 4564 linis
3183 4510 3386 4565 siccnli.

1808 4606 2100 4673 Propterea
2125 4602 2472 4672 quaerendum
2501 4609 2604 4665 est,
2646 4608 2826 4655 utrum
2857 4600 2924 4654 ad
2952 4600 3069 4656 haec
3107 4602 3207 4657 tria
3235 4602 3385 4672 signa

1806 4714 1926 4770 quae
1952 4697 2281 4759 dinumerat,
2307 4696 2631 4765 pertineant,
2683 4710 2747 4750 ac
2776 4694 2987 4767 singula
3029 4696 3142 4750 suis
3166 4696 3389 4768 singulis

1804 4787 2081 4849 reddenda
2110 4785 2219 4841 sint
2244 4784 2506 4855 partibus.
2542 4783 2804 4852 Quoniam
2833 4784 2979 4841 aliud
3006 4795 3090 4840 est
3112 4787 3385 4842 excidium

1809 4878 1953 4934 illius
1982 4878 2193 4933 misera:
2218 4875 2473 4943 civitatis,
2500 4885 2555 4932 et
2582 4877 2725 4931 aliud
2760 4879 3021 4935 adventus
3049 4878 3163 4947 ejus
3192 4878 3245 4932 in
3269 4894 3388 4933 cor-

1809 4983 1942 5039 pore
1976 4984 2073 5022 suo
2099 4967 2242 5037 quod
2268 4974 2352 5021 est
2375 4966 2649 5031 Ecclesia;
2683 4984 2737 5022 In
2766 4984 2926 5037 quam
2956 4970 3023 5023 ab
3051 4968 3205 5023 initio
3238 4969 3386 5033 ﬁdei,

1815 5072 1983 5127 usque
2011 5057 2076 5112 ad
2125 5056 2307 5121 tinem,
2341 5057 2524 5112 venire
2570 5074 2676 5113 non
2730 5070 2925 5122 cessat,
2955 5068 3011 5114 et
3056 5060 3108 5114 in
3132 5060 3245 5115 suis
3276 5062 3388 5132 ipse

1812 5150 2038 5204 veniens
2081 5150 2413 5219 agnoscitur,
2467 5150 2594 5204 dum
2625 5151 2740 5221 ejus
2769 5151 3009 5219 quotidie
3050 5154 3289 5207 membra
3335 5164 3390 5211 et

1813 5250 2132 5303 nascuntur,
2192 5248 2246 5293 et
2300 5238 2642 5310 colligunt-ur.
2702 5239 2777 5295 De
2823 5256 2929 5311 quo
2980 5256 3111 5296 sane
3155 5244 3386 5298 adventu

1816 5333 1928 5402 ipse
1948 5332 2022 5388 ait
2049 5351 2061 5385 :
2097 5331 2295 5385 Amodo
2318 5332 2550 5385 videbitis
2575 5332 2743 5401 ﬁlium
2774 5331 2999 5386 hominis
3027 5335 3305 5388 venientem
3338 5337 3389 5389 in

1816 5422 2037 5476 nubibus
2062 5421 2275 5493 (Matth.
2308 5422 2587 5492 xxvt,64).
2620 5421 2693 5476 De
2720 5423 2913 5491 quibus
2939 5423 3169 5478 nubibus
3190 5425 3388 5480 dictum

1816 5522 1897 5565 est
1921 5528 2017 5582 per
2037 5514 2388 5583 prophetam:
2429 5510 2691 5564 Mundabo
2714 5512 2933 5589 nubibus
2956 5514 3081 5569 meis
3108 5532 3171 5569 ne
3207 5513 3390 5584 pluunt

1816 5623 1971 5676 super
1990 5623 2103 5660 eum
2132 5605 2345 5658 imbrem
2379 5603 2513 5671 (lea.
2554 5620 2602 5669 v,
2637 5603 2713 5671 6),
2758 5620 2856 5661 nec
2902 5622 3007 5661 non
3042 5616 3098 5661 et
3129 5609 3392 5671 adventus

1817 5700 1953 5768 ejus,
1986 5699 2050 5753 de
2080 5700 2194 5768 ipso
2226 5698 2360 5762 line;
2390 5697 2604 5767 quando
2628 5707 2885 5753 venturus
2921 5709 3004 5755 est
3032 5700 3268 5768 judicare
3308 5701 3390 5758 vi-

1815 5809 1913 5848 vos
1936 5802 1988 5847 et
2016 5801 2277 5854 mortuos,
2311 5793 2413 5849 hoc
2462 5791 2577 5847 loco
2614 5791 2979 5867 interrogatus
3015 5804 3159 5851 recte
3184 5795 3389 5869 accipi-
