  <div class='ocr_page' id='page_1' title='image "/cluster/home/n/w/nwhite01/storage/ocr_20150623/120/hvd.32044015466923/405.png"; bbox 0 0 4016 6354; ppageno 0'>
   <div class='ocr_carea' id='block_1_1' title="bbox 695 342 797 399">
    <p class='ocr_par' dir='ltr' id='par_1_1' title="bbox 695 342 797 399">
     <span class='ocr_line' id='line_1_1' title="bbox 695 342 797 399; baseline 0.049 -4"><span class='ocrx_word' id='word_1_1' title='bbox 695 342 797 399; x_wconf 79' lang='grc'><strong>’199</strong></span> 
     </span>
    </p>
   </div>
   <div class='ocr_carea' id='block_1_2' title="bbox 1493 335 3839 415">
    <p class='ocr_par' dir='ltr' id='par_1_2' title="bbox 1493 335 3839 415">
     <span class='ocr_line' id='line_1_2' title="bbox 1493 335 3839 415; baseline -0 -20"><span class='ocrx_word' id='word_1_2' title='bbox 1493 339 1553 396; x_wconf 89' lang='lat' dir='ltr'><strong>S.</strong></span> <span class='ocrx_word' id='word_1_3' title='bbox 1589 339 1945 398; x_wconf 77' lang='lat' dir='ltr'><strong>PASCHASII</strong></span> <span class='ocrx_word' id='word_1_4' title='bbox 1981 337 2330 398; x_wconf 76' lang='lat' dir='ltr'><strong>RADBER’H</strong></span> <span class='ocrx_word' id='word_1_5' title='bbox 2363 338 2658 396; x_wconf 74' lang='lat' dir='ltr'><strong>ABBATIS</strong></span> <span class='ocrx_word' id='word_1_6' title='bbox 2693 335 3144 397; x_wconf 74' lang='lat' dir='ltr'><strong>CORBEIENSIS</strong></span> <span class='ocrx_word' id='word_1_7' title='bbox 3766 357 3839 415; x_wconf 57' lang='grc' dir='ltr'><strong>θος</strong></span> 
     </span>
    </p>
   </div>
   <div class='ocr_carea' id='block_1_3' title="bbox 695 453 3841 529">
    <p class='ocr_par' dir='ltr' id='par_1_3' title="bbox 695 453 3841 529">
     <span class='ocr_line' id='line_1_3' title="bbox 695 453 3841 529; baseline 0.003 -16"><span class='ocrx_word' id='word_1_8' title='bbox 695 469 807 524; x_wconf 92' lang='lat' dir='ltr'><strong>tur,</strong></span> <span class='ocrx_word' id='word_1_9' title='bbox 855 465 913 512; x_wconf 91' lang='lat' dir='ltr'><strong>ut</strong></span> <span class='ocrx_word' id='word_1_10' title='bbox 963 456 1042 512; x_wconf 87' lang='lat' dir='ltr'><strong>sic</strong></span> <span class='ocrx_word' id='word_1_11' title='bbox 1074 457 1324 526; x_wconf 90' lang='lat' dir='ltr'><strong>geminus</strong></span> <span class='ocrx_word' id='word_1_12' title='bbox 1366 453 1754 526; x_wconf 91' lang='lat' dir='ltr'><strong>distinguatur,</strong></span> <span class='ocrx_word' id='word_1_13' title='bbox 1795 466 1855 511; x_wconf 93' lang='lat' dir='ltr'><strong>ut</strong></span> <span class='ocrx_word' id='word_1_14' title='bbox 1893 457 2037 514; x_wconf 82' lang='lat' dir='ltr'><strong>aliud</strong></span> <span class='ocrx_word' id='word_1_15' title='bbox 2083 459 2156 514; x_wconf 90' lang='lat' dir='ltr'><strong>sit</strong></span> <span class='ocrx_word' id='word_1_16' title='bbox 2202 457 2278 523; x_wconf 90' lang='lat' dir='ltr'><strong>ei,</strong></span> <span class='ocrx_word' id='word_1_17' title='bbox 2302 458 2359 520; x_wconf 76' lang='grc' dir='ltr'><strong>Α</strong></span> <span class='ocrx_word' id='word_1_18' title='bbox 2382 457 2546 513; x_wconf 83' lang='lat' dir='ltr'><strong>credo</strong></span> <span class='ocrx_word' id='word_1_19' title='bbox 2575 456 2836 528; x_wconf 73' lang='lat' dir='ltr'><strong>apostolis</strong></span> <span class='ocrx_word' id='word_1_20' title='bbox 2863 456 3132 512; x_wconf 88' lang='lat' dir='ltr'><strong>incertum</strong></span> <span class='ocrx_word' id='word_1_21' title='bbox 3153 455 3336 526; x_wconf 71' lang='lat' dir='ltr'><strong>fuisse,</strong></span> <span class='ocrx_word' id='word_1_22' title='bbox 3360 459 3497 529; x_wconf 89' lang='lat' dir='ltr'><strong>quod</strong></span> <span class='ocrx_word' id='word_1_23' title='bbox 3520 475 3612 518; x_wconf 90' lang='lat' dir='ltr'><strong>non</strong></span> <span class='ocrx_word' id='word_1_24' title='bbox 3642 465 3841 528; x_wconf 82' lang='lat' dir='ltr'><strong>ineorum</strong></span> 
     </span>
    </p>
   </div>
   <div class='ocr_carea' id='block_1_4' title="bbox 694 547 2277 620">
    <p class='ocr_par' dir='ltr' id='par_1_4' title="bbox 694 547 2277 620">
     <span class='ocr_line' id='line_1_4' title="bbox 694 547 2277 620; baseline 0.001 -14"><span class='ocrx_word' id='word_1_25' title='bbox 694 552 878 607; x_wconf 87' lang='lat' dir='ltr'><strong>venire</strong></span> <span class='ocrx_word' id='word_1_26' title='bbox 917 549 973 604; x_wconf 94' lang='lat' dir='ltr'><strong>in</strong></span> <span class='ocrx_word' id='word_1_27' title='bbox 1001 563 1231 619; x_wconf 89' lang='lat' dir='ltr'><strong>corpore</strong></span> <span class='ocrx_word' id='word_1_28' title='bbox 1261 563 1379 611; x_wconf 90' lang='lat' dir='ltr'><strong>suo,</strong></span> <span class='ocrx_word' id='word_1_29' title='bbox 1427 556 1483 604; x_wconf 92' lang='lat' dir='ltr'><strong>et</strong></span> <span class='ocrx_word' id='word_1_30' title='bbox 1527 547 1674 603; x_wconf 86' lang='lat' dir='ltr'><strong>aliud</strong></span> <span class='ocrx_word' id='word_1_31' title='bbox 1705 549 1757 603; x_wconf 94' lang='lat' dir='ltr'><strong>in</strong></span> <span class='ocrx_word' id='word_1_32' title='bbox 1789 551 1969 620; x_wconf 78' lang='lat' dir='ltr'><strong>capite</strong></span> <span class='ocrx_word' id='word_1_33' title='bbox 2002 550 2277 615; x_wconf 61' lang='lat' dir='ltr'><strong>Ecclesia,</strong></span> 
     </span>
    </p>
   </div>
   <div class='ocr_carea' id='block_1_5' title="bbox 695 637 2282 714">
    <p class='ocr_par' dir='ltr' id='par_1_5' title="bbox 695 637 2282 714">
     <span class='ocr_line' id='line_1_5' title="bbox 695 637 2282 714; baseline 0 -18"><span class='ocrx_word' id='word_1_34' title='bbox 695 641 838 714; x_wconf 88' lang='lat' dir='ltr'><strong>quod</strong></span> <span class='ocrx_word' id='word_1_35' title='bbox 863 649 948 696; x_wconf 90' lang='lat' dir='ltr'><strong>est</strong></span> <span class='ocrx_word' id='word_1_36' title='bbox 993 641 1127 712; x_wconf 92' lang='lat' dir='ltr'><strong>ipse.</strong></span> <span class='ocrx_word' id='word_1_37' title='bbox 1170 637 1278 695; x_wconf 86' lang='lat' dir='ltr'><strong>Sed</strong></span> <span class='ocrx_word' id='word_1_38' title='bbox 1308 639 1501 694; x_wconf 89' lang='lat' dir='ltr'><strong>horum</strong></span> <span class='ocrx_word' id='word_1_39' title='bbox 1533 640 1837 710; x_wconf 90' lang='lat' dir='ltr'><strong>signorum,</strong></span> <span class='ocrx_word' id='word_1_40' title='bbox 1880 642 2008 712; x_wconf 89' lang='lat' dir='ltr'><strong>quid</strong></span> <span class='ocrx_word' id='word_1_41' title='bbox 2045 640 2282 696; x_wconf 82' lang='lat' dir='ltr'><strong>referen-</strong></span> 
     </span>
    </p>
   </div>
   <div class='ocr_carea' id='block_1_6' title="bbox 695 731 2281 804">
    <p class='ocr_par' dir='ltr' id='par_1_6' title="bbox 695 731 2281 804">
     <span class='ocr_line' id='line_1_6' title="bbox 695 731 2281 804; baseline 0 -17"><span class='ocrx_word' id='word_1_42' title='bbox 695 735 824 789; x_wconf 86' lang='lat' dir='ltr'><strong>dum</strong></span> <span class='ocrx_word' id='word_1_43' title='bbox 857 731 926 786; x_wconf 88' lang='lat' dir='ltr'><strong>sit</strong></span> <span class='ocrx_word' id='word_1_44' title='bbox 948 733 1013 785; x_wconf 88' lang='lat' dir='ltr'><strong>ad</strong></span> <span class='ocrx_word' id='word_1_45' title='bbox 1045 731 1237 786; x_wconf 88' lang='lat' dir='ltr'><strong>horum</strong></span> <span class='ocrx_word' id='word_1_46' title='bbox 1282 731 1468 795; x_wconf 89' lang='lat' dir='ltr'><strong>trium,</strong></span> <span class='ocrx_word' id='word_1_47' title='bbox 1515 739 1769 786; x_wconf 91' lang='lat' dir='ltr'><strong>utrumne</strong></span> <span class='ocrx_word' id='word_1_48' title='bbox 1811 731 2022 802; x_wconf 86' lang='lat' dir='ltr'><strong>singula</strong></span> <span class='ocrx_word' id='word_1_49' title='bbox 2057 732 2281 804; x_wconf 77' lang='lat' dir='ltr'><strong>singulis</strong></span> 
     </span>
    </p>
   </div>
   <div class='ocr_carea' id='block_1_7' title="bbox 695 821 2284 896">
    <p class='ocr_par' dir='ltr' id='par_1_7' title="bbox 695 821 2284 896">
     <span class='ocr_line' id='line_1_7' title="bbox 695 821 2284 896; baseline -0.001 -16"><span class='ocrx_word' id='word_1_50' title='bbox 695 823 1081 896; x_wconf 83' lang='lat' dir='ltr'><strong>respondeant,</strong></span> <span class='ocrx_word' id='word_1_51' title='bbox 1113 838 1181 876; x_wconf 91' lang='lat' dir='ltr'><strong>an</strong></span> <span class='ocrx_word' id='word_1_52' title='bbox 1213 823 1394 877; x_wconf 91' lang='lat' dir='ltr'><strong>omnia</strong></span> <span class='ocrx_word' id='word_1_53' title='bbox 1421 821 1489 877; x_wconf 90' lang='lat' dir='ltr'><strong>ad</strong></span> <span class='ocrx_word' id='word_1_54' title='bbox 1515 823 1747 894; x_wconf 90' lang='lat' dir='ltr'><strong>singula,</strong></span> <span class='ocrx_word' id='word_1_55' title='bbox 1791 823 2037 895; x_wconf 86' lang='lat' dir='ltr'><strong>diligenti</strong></span> <span class='ocrx_word' id='word_1_56' title='bbox 2081 824 2284 878; x_wconf 88' lang='lat' dir='ltr'><strong>exami-</strong></span> 
     </span>
    </p>
   </div>
   <div class='ocr_carea' id='block_1_8' title="bbox 698 914 2288 988">
    <p class='ocr_par' dir='ltr' id='par_1_8' title="bbox 698 914 2288 988">
     <span class='ocr_line' id='line_1_8' title="bbox 698 914 2288 988; baseline -0.001 -15"><span class='ocrx_word' id='word_1_57' title='bbox 698 917 920 973; x_wconf 86' lang='lat' dir='ltr'><strong>natione</strong></span> <span class='ocrx_word' id='word_1_58' title='bbox 946 916 1398 971; x_wconf 87' lang='lat' dir='ltr'><strong>considerandum</strong></span> <span class='ocrx_word' id='word_1_59' title='bbox 1430 925 1532 971; x_wconf 92' lang='lat' dir='ltr'><strong>est.</strong></span> <span class='ocrx_word' id='word_1_60' title='bbox 1581 914 1658 971; x_wconf 83' lang='lat' dir='ltr'><strong>Ne</strong></span> <span class='ocrx_word' id='word_1_61' title='bbox 1695 916 1832 972; x_wconf 81' lang='lat' dir='ltr'><strong>forte</strong></span> <span class='ocrx_word' id='word_1_62' title='bbox 1877 917 2019 986; x_wconf 91' lang='lat' dir='ltr'><strong>quod</strong></span> <span class='ocrx_word' id='word_1_63' title='bbox 2048 917 2288 988; x_wconf 80' lang='lat' dir='ltr'><strong>pertinet</strong></span> 
     </span>
    </p>
   </div>
   <div class='ocr_carea' id='block_1_9' title="bbox 699 1005 2286 1072">
    <p class='ocr_par' dir='ltr' id='par_1_9' title="bbox 699 1005 2286 1072">
     <span class='ocr_line' id='line_1_9' title="bbox 699 1005 2286 1072; baseline -0.001 -10"><span class='ocrx_word' id='word_1_64' title='bbox 699 1008 768 1064; x_wconf 90' lang='lat' dir='ltr'><strong>ad</strong></span> <span class='ocrx_word' id='word_1_65' title='bbox 793 1006 1129 1062; x_wconf 83' lang='lat' dir='ltr'><strong>eversionem</strong></span> <span class='ocrx_word' id='word_1_66' title='bbox 1153 1005 1515 1072; x_wconf 87' lang='lat' dir='ltr'><strong>Hierusalem,</strong></span> <span class='ocrx_word' id='word_1_67' title='bbox 1546 1005 1613 1060; x_wconf 88' lang='lat' dir='ltr'><strong>ad</strong></span> <span class='ocrx_word' id='word_1_68' title='bbox 1637 1005 1797 1060; x_wconf 80' lang='lat' dir='ltr'><strong>linem</strong></span> <span class='ocrx_word' id='word_1_69' title='bbox 1828 1006 2004 1062; x_wconf 63' lang='lat' dir='ltr'><strong>saeculi</strong></span> <span class='ocrx_word' id='word_1_70' title='bbox 2046 1007 2286 1062; x_wconf 78' lang='lat' dir='ltr'><strong>referen-</strong></span> 
     </span>
    </p>
   </div>
   <div class='ocr_carea' id='block_1_10' title="bbox 699 1097 2280 1169">
    <p class='ocr_par' dir='ltr' id='par_1_10' title="bbox 699 1097 2280 1169">
     <span class='ocr_line' id='line_1_10' title="bbox 699 1097 2280 1169; baseline -0.003 -12"><span class='ocrx_word' id='word_1_71' title='bbox 699 1101 824 1157; x_wconf 91' lang='lat' dir='ltr'><strong>dum</strong></span> <span class='ocrx_word' id='word_1_72' title='bbox 849 1109 1100 1169; x_wconf 90' lang='lat' dir='ltr'><strong>putemus</strong></span> <span class='ocrx_word' id='word_1_73' title='bbox 1123 1115 1138 1164; x_wconf 93' lang='lat'><strong>;</strong></span> <span class='ocrx_word' id='word_1_74' title='bbox 1165 1105 1265 1167; x_wconf 76' lang='lat' dir='ltr'><strong>aut</strong></span> <span class='ocrx_word' id='word_1_75' title='bbox 1287 1113 1317 1152; x_wconf 93' lang='lat' dir='ltr'><strong>e</strong></span> <span class='ocrx_word' id='word_1_76' title='bbox 1343 1097 1620 1153; x_wconf 88' lang='lat' dir='ltr'><strong>contrario</strong></span> <span class='ocrx_word' id='word_1_77' title='bbox 1645 1097 1787 1168; x_wconf 91' lang='lat' dir='ltr'><strong>quod</strong></span> <span class='ocrx_word' id='word_1_78' title='bbox 1815 1098 1882 1152; x_wconf 90' lang='lat' dir='ltr'><strong>ad</strong></span> <span class='ocrx_word' id='word_1_79' title='bbox 1909 1099 2068 1152; x_wconf 84' lang='lat' dir='ltr'><strong>ﬁnem</strong></span> <span class='ocrx_word' id='word_1_80' title='bbox 2095 1098 2280 1154; x_wconf 77' lang='lat' dir='ltr'><strong>szeculi</strong></span> 
     </span>
    </p>
   </div>
   <div class='ocr_carea' id='block_1_11' title="bbox 698 1190 2285 1265">
    <p class='ocr_par' dir='ltr' id='par_1_11' title="bbox 698 1190 2285 1265">
     <span class='ocr_line' id='line_1_11' title="bbox 698 1190 2285 1265; baseline -0.001 -17"><span class='ocrx_word' id='word_1_81' title='bbox 698 1193 956 1265; x_wconf 86' lang='lat' dir='ltr'><strong>pertinet,</strong></span> <span class='ocrx_word' id='word_1_82' title='bbox 992 1191 1058 1246; x_wconf 88' lang='lat' dir='ltr'><strong>ad</strong></span> <span class='ocrx_word' id='word_1_83' title='bbox 1099 1191 1372 1246; x_wconf 80' lang='lat' dir='ltr'><strong>excidium</strong></span> <span class='ocrx_word' id='word_1_84' title='bbox 1423 1190 1564 1246; x_wconf 85' lang='lat' dir='ltr'><strong>illius</strong></span> <span class='ocrx_word' id='word_1_85' title='bbox 1595 1191 1809 1246; x_wconf 64' lang='lat' dir='ltr'><strong>miserae</strong></span> <span class='ocrx_word' id='word_1_86' title='bbox 1849 1191 2087 1246; x_wconf 87' lang='lat' dir='ltr'><strong>civitatis</strong></span> <span class='ocrx_word' id='word_1_87' title='bbox 2115 1193 2285 1262; x_wconf 86' lang='lat' dir='ltr'><strong>perti-</strong></span> 
     </span>
    </p>
   </div>
   <div class='ocr_carea' id='block_1_12' title="bbox 699 1281 2288 1352">
    <p class='ocr_par' dir='ltr' id='par_1_12' title="bbox 699 1281 2288 1352">
     <span class='ocr_line' id='line_1_12' title="bbox 699 1281 2288 1352; baseline -0.004 -12"><span class='ocrx_word' id='word_1_88' title='bbox 699 1299 852 1350; x_wconf 86' lang='lat' dir='ltr'><strong>nere,</strong></span> <span class='ocrx_word' id='word_1_89' title='bbox 887 1282 1193 1346; x_wconf 88' lang='lat' dir='ltr'><strong>ﬁrmemus;</strong></span> <span class='ocrx_word' id='word_1_90' title='bbox 1242 1290 1335 1335; x_wconf 91' lang='lat' dir='ltr'><strong>aut</strong></span> <span class='ocrx_word' id='word_1_91' title='bbox 1385 1281 1529 1351; x_wconf 90' lang='lat' dir='ltr'><strong>quod</strong></span> <span class='ocrx_word' id='word_1_92' title='bbox 1573 1281 1810 1352; x_wconf 87' lang='lat' dir='ltr'><strong>pertinet</strong></span> <span class='ocrx_word' id='word_1_93' title='bbox 1839 1281 1905 1335; x_wconf 88' lang='lat' dir='ltr'><strong>ad</strong></span> <span class='ocrx_word' id='word_1_94' title='bbox 1937 1281 2056 1350; x_wconf 84' lang='lat' dir='ltr'><strong>ejus</strong></span> <span class='ocrx_word' id='word_1_95' title='bbox 2085 1281 2288 1335; x_wconf 92' lang='lat' dir='ltr'><strong>adven-</strong></span> 
     </span>
    </p>
   </div>
   <div class='ocr_carea' id='block_1_13' title="bbox 700 1371 2291 1444">
    <p class='ocr_par' dir='ltr' id='par_1_13' title="bbox 700 1371 2291 1444">
     <span class='ocr_line' id='line_1_13' title="bbox 700 1371 2291 1444; baseline -0.001 -15"><span class='ocrx_word' id='word_1_96' title='bbox 700 1385 816 1430; x_wconf 87' lang='lat' dir='ltr'><strong>tum</strong></span> <span class='ocrx_word' id='word_1_97' title='bbox 868 1375 923 1428; x_wconf 92' lang='lat' dir='ltr'><strong>in</strong></span> <span class='ocrx_word' id='word_1_98' title='bbox 968 1388 1196 1444; x_wconf 90' lang='lat' dir='ltr'><strong>corpore</strong></span> <span class='ocrx_word' id='word_1_99' title='bbox 1234 1389 1352 1436; x_wconf 88' lang='lat' dir='ltr'><strong>suo,</strong></span> <span class='ocrx_word' id='word_1_100' title='bbox 1390 1374 1533 1444; x_wconf 89' lang='lat' dir='ltr'><strong>quod</strong></span> <span class='ocrx_word' id='word_1_101' title='bbox 1585 1382 1670 1427; x_wconf 92' lang='lat' dir='ltr'><strong>est</strong></span> <span class='ocrx_word' id='word_1_102' title='bbox 1719 1372 1985 1437; x_wconf 85' lang='lat' dir='ltr'><strong>Ecclesia,</strong></span> <span class='ocrx_word' id='word_1_103' title='bbox 2045 1371 2291 1428; x_wconf 82' lang='lat' dir='ltr'><strong>dicamus</strong></span> 
     </span>
    </p>
   </div>
   <div class='ocr_carea' id='block_1_14' title="bbox 699 1465 2290 1540">
    <p class='ocr_par' dir='ltr' id='par_1_14' title="bbox 699 1465 2290 1540">
     <span class='ocr_line' id='line_1_14' title="bbox 699 1465 2290 1540; baseline -0.003 -17"><span class='ocrx_word' id='word_1_104' title='bbox 699 1468 975 1540; x_wconf 83' lang='lat' dir='ltr'><strong>pertinere</strong></span> <span class='ocrx_word' id='word_1_105' title='bbox 1005 1467 1073 1522; x_wconf 89' lang='lat' dir='ltr'><strong>ad</strong></span> <span class='ocrx_word' id='word_1_106' title='bbox 1114 1465 1404 1522; x_wconf 84' lang='lat' dir='ltr'><strong>adventum</strong></span> <span class='ocrx_word' id='word_1_107' title='bbox 1437 1466 1816 1531; x_wconf 87' lang='lat' dir='ltr'><strong>novissimum,</strong></span> <span class='ocrx_word' id='word_1_108' title='bbox 1853 1465 2070 1535; x_wconf 85' lang='lat' dir='ltr'><strong>quando</strong></span> <span class='ocrx_word' id='word_1_109' title='bbox 2095 1474 2290 1520; x_wconf 58' lang='lat' dir='ltr'><strong>ventum</strong></span> 
     </span>
    </p>
   </div>
   <div class='ocr_carea' id='block_1_15' title="bbox 702 1555 2292 1627">
    <p class='ocr_par' dir='ltr' id='par_1_15' title="bbox 702 1555 2292 1627">
     <span class='ocr_line' id='line_1_15' title="bbox 702 1555 2292 1627; baseline -0.002 -13"><span class='ocrx_word' id='word_1_110' title='bbox 702 1574 797 1614; x_wconf 87' lang='lat' dir='ltr'><strong>rus</strong></span> <span class='ocrx_word' id='word_1_111' title='bbox 825 1567 905 1613; x_wconf 89' lang='lat' dir='ltr'><strong>est</strong></span> <span class='ocrx_word' id='word_1_112' title='bbox 933 1559 1046 1627; x_wconf 89' lang='lat' dir='ltr'><strong>ipse</strong></span> <span class='ocrx_word' id='word_1_113' title='bbox 1071 1571 1169 1626; x_wconf 89' lang='lat' dir='ltr'><strong>per</strong></span> <span class='ocrx_word' id='word_1_114' title='bbox 1190 1571 1248 1612; x_wconf 89' lang='lat' dir='ltr'><strong>se</strong></span> <span class='ocrx_word' id='word_1_115' title='bbox 1272 1556 1362 1626; x_wconf 89' lang='lat' dir='ltr'><strong>qui</strong></span> <span class='ocrx_word' id='word_1_116' title='bbox 1397 1564 1480 1612; x_wconf 92' lang='lat' dir='ltr'><strong>cst</strong></span> <span class='ocrx_word' id='word_1_117' title='bbox 1515 1565 1678 1626; x_wconf 91' lang='lat' dir='ltr'><strong>caput</strong></span> <span class='ocrx_word' id='word_1_118' title='bbox 1707 1555 1985 1610; x_wconf 74' lang='lat' dir='ltr'><strong>Ecclesiae.</strong></span> <span class='ocrx_word' id='word_1_119' title='bbox 2013 1556 2083 1610; x_wconf 83' lang='lat' dir='ltr'><strong>At</strong></span> <span class='ocrx_word' id='word_1_120' title='bbox 2103 1570 2240 1611; x_wconf 90' lang='lat' dir='ltr'><strong>vero</strong></span> <span class='ocrx_word' id='word_1_121' title='bbox 2259 1571 2292 1611; x_wconf 89' lang='lat' dir='ltr'><strong>e</strong></span> 
     </span>
    </p>
   </div>
   <div class='ocr_carea' id='block_1_16' title="bbox 703 1646 2294 1719">
    <p class='ocr_par' dir='ltr' id='par_1_16' title="bbox 703 1646 2294 1719">
     <span class='ocr_line' id='line_1_16' title="bbox 703 1646 2294 1719; baseline -0.003 -13"><span class='ocrx_word' id='word_1_122' title='bbox 703 1649 978 1706; x_wconf 89' lang='lat' dir='ltr'><strong>contrario</strong></span> <span class='ocrx_word' id='word_1_123' title='bbox 1005 1648 1151 1719; x_wconf 91' lang='lat' dir='ltr'><strong>quod</strong></span> <span class='ocrx_word' id='word_1_124' title='bbox 1197 1649 1431 1718; x_wconf 85' lang='lat' dir='ltr'><strong>pertinet</strong></span> <span class='ocrx_word' id='word_1_125' title='bbox 1455 1647 1522 1702; x_wconf 91' lang='lat' dir='ltr'><strong>ad</strong></span> <span class='ocrx_word' id='word_1_126' title='bbox 1569 1648 1861 1703; x_wconf 88' lang='lat' dir='ltr'><strong>adventum</strong></span> <span class='ocrx_word' id='word_1_127' title='bbox 1903 1647 2021 1716; x_wconf 83' lang='lat' dir='ltr'><strong>ejus</strong></span> <span class='ocrx_word' id='word_1_128' title='bbox 2061 1646 2294 1702; x_wconf 91' lang='lat' dir='ltr'><strong>novissi-</strong></span> 
     </span>
    </p>
   </div>
   <div class='ocr_carea' id='block_1_17' title="bbox 702 1738 2292 1810">
    <p class='ocr_par' dir='ltr' id='par_1_17' title="bbox 702 1738 2292 1810">
     <span class='ocr_line' id='line_1_17' title="bbox 702 1738 2292 1810; baseline -0.002 -15"><span class='ocrx_word' id='word_1_129' title='bbox 702 1755 848 1795; x_wconf 88' lang='lat' dir='ltr'><strong>mum</strong></span> <span class='ocrx_word' id='word_1_130' title='bbox 872 1754 970 1810; x_wconf 90' lang='lat' dir='ltr'><strong>per</strong></span> <span class='ocrx_word' id='word_1_131' title='bbox 1003 1739 1261 1809; x_wconf 88' lang='lat' dir='ltr'><strong>seipsum,</strong></span> <span class='ocrx_word' id='word_1_132' title='bbox 1317 1753 1692 1793; x_wconf 87' lang='lat' dir='ltr'><strong>asseveremus</strong></span> <span class='ocrx_word' id='word_1_133' title='bbox 1718 1753 1908 1794; x_wconf 86' lang='lat' dir='ltr'><strong>rursus</strong></span> <span class='ocrx_word' id='word_1_134' title='bbox 1930 1738 1994 1792; x_wconf 90' lang='lat' dir='ltr'><strong>ad</strong></span> <span class='ocrx_word' id='word_1_135' title='bbox 2025 1753 2148 1793; x_wconf 91' lang='lat' dir='ltr'><strong>eum</strong></span> <span class='ocrx_word' id='word_1_136' title='bbox 2169 1752 2292 1809; x_wconf 88' lang='lat' dir='ltr'><strong>per-</strong></span> 
     </span>
    </p>
   </div>
   <div class='ocr_carea' id='block_1_18' title="bbox 2383 547 3844 623">
    <p class='ocr_par' dir='ltr' id='par_1_18' title="bbox 2383 547 3844 623">
     <span class='ocr_line' id='line_1_18' title="bbox 2383 547 3844 623; baseline 0.007 -19"><span class='ocrx_word' id='word_1_137' title='bbox 2383 549 2572 604; x_wconf 88' lang='lat' dir='ltr'><strong>diebus</strong></span> <span class='ocrx_word' id='word_1_138' title='bbox 2603 555 2865 604; x_wconf 86' lang='lat' dir='ltr'><strong>venturus</strong></span> <span class='ocrx_word' id='word_1_139' title='bbox 2911 555 3057 604; x_wconf 83' lang='lat' dir='ltr'><strong>esset</strong></span> <span class='ocrx_word' id='word_1_140' title='bbox 3093 547 3347 606; x_wconf 84' lang='lat' dir='ltr'><strong>Dominus</strong></span> <span class='ocrx_word' id='word_1_141' title='bbox 3381 551 3446 607; x_wconf 82' lang='lat' dir='ltr'><strong>ad</strong></span> <span class='ocrx_word' id='word_1_142' title='bbox 3475 549 3844 623; x_wconf 61' lang='lat' dir='ltr'><strong>iudiciumeu-</strong></span> 
     </span>
    </p>
   </div>
   <div class='ocr_carea' id='block_1_19' title="bbox 2382 635 3844 721">
    <p class='ocr_par' dir='ltr' id='par_1_19' title="bbox 2382 635 3844 721">
     <span class='ocr_line' id='line_1_19' title="bbox 2382 635 3844 721; baseline 0.009 -26"><span class='ocrx_word' id='word_1_143' title='bbox 2382 653 2507 696; x_wconf 90' lang='lat' dir='ltr'><strong>men</strong></span> <span class='ocrx_word' id='word_1_144' title='bbox 2535 640 2657 710; x_wconf 90' lang='lat' dir='ltr'><strong>quis</strong></span> <span class='ocrx_word' id='word_1_145' title='bbox 2691 639 2900 695; x_wconf 86' lang='lat' dir='ltr'><strong>dubitet</strong></span> <span class='ocrx_word' id='word_1_146' title='bbox 2923 635 3018 695; x_wconf 83' lang='lat' dir='ltr'><strong>eos</strong></span> <span class='ocrx_word' id='word_1_147' title='bbox 3037 648 3094 694; x_wconf 92' lang='lat' dir='ltr'><strong>et</strong></span> <span class='ocrx_word' id='word_1_148' title='bbox 3121 641 3424 710; x_wconf 64' lang='lat' dir='ltr'><strong>praevidisse</strong></span> <span class='ocrx_word' id='word_1_149' title='bbox 3439 657 3506 701; x_wconf 87' lang='lat' dir='ltr'><strong>ne</strong></span> <span class='ocrx_word' id='word_1_150' title='bbox 3528 646 3844 721; x_wconf 82' lang='lat' dir='ltr'><strong>seducereutur,</strong></span> 
     </span>
    </p>
   </div>
   <div class='ocr_carea' id='block_1_20' title="bbox 2383 730 3846 806">
    <p class='ocr_par' dir='ltr' id='par_1_20' title="bbox 2383 730 3846 806">
     <span class='ocr_line' id='line_1_20' title="bbox 2383 730 3846 806; baseline 0.008 -18"><span class='ocrx_word' id='word_1_151' title='bbox 2383 740 2439 788; x_wconf 91' lang='lat' dir='ltr'><strong>et</strong></span> <span class='ocrx_word' id='word_1_152' title='bbox 2465 730 2739 802; x_wconf 79' lang='lat' dir='ltr'><strong>vigilasse,</strong></span> <span class='ocrx_word' id='word_1_153' title='bbox 2780 742 2836 786; x_wconf 91' lang='lat' dir='ltr'><strong>et</strong></span> <span class='ocrx_word' id='word_1_154' title='bbox 2858 744 3107 788; x_wconf 87' lang='lat' dir='ltr'><strong>servasse</strong></span> <span class='ocrx_word' id='word_1_155' title='bbox 3132 733 3334 798; x_wconf 87' lang='lat' dir='ltr'><strong>omnia,</strong></span> <span class='ocrx_word' id='word_1_156' title='bbox 3379 749 3490 806; x_wconf 67' lang='lat' dir='ltr'><strong>quae</strong></span> <span class='ocrx_word' id='word_1_157' title='bbox 3513 737 3722 796; x_wconf 84' lang='lat' dir='ltr'><strong>omnibus</strong></span> <span class='ocrx_word' id='word_1_158' title='bbox 3750 743 3846 800; x_wconf 80' lang='lat' dir='ltr'><strong>dicta</strong></span> 
     </span>
    </p>
   </div>
   <div class='ocr_carea' id='block_1_21' title="bbox 2385 823 3846 902">
    <p class='ocr_par' dir='ltr' id='par_1_21' title="bbox 2385 823 3846 902">
     <span class='ocr_line' id='line_1_21' title="bbox 2385 823 3846 902; baseline 0.007 -22"><span class='ocrx_word' id='word_1_159' title='bbox 2385 832 2531 889; x_wconf 90' lang='lat' dir='ltr'><strong>sunt,</strong></span> <span class='ocrx_word' id='word_1_160' title='bbox 2562 831 2621 878; x_wconf 92' lang='lat' dir='ltr'><strong>ut</strong></span> <span class='ocrx_word' id='word_1_161' title='bbox 2648 823 2820 895; x_wconf 88' lang='lat' dir='ltr'><strong>parati</strong></span> <span class='ocrx_word' id='word_1_162' title='bbox 2847 823 3263 878; x_wconf 80' lang='lat' dir='ltr'><strong>invenirentur?</strong></span> <span class='ocrx_word' id='word_1_163' title='bbox 3286 824 3352 879; x_wconf 87' lang='lat' dir='ltr'><strong>Et</strong></span> <span class='ocrx_word' id='word_1_164' title='bbox 3376 825 3488 881; x_wconf 89' lang='lat' dir='ltr'><strong>ideo</strong></span> <span class='ocrx_word' id='word_1_165' title='bbox 3513 842 3695 899; x_wconf 84' lang='lat' dir='ltr'><strong>semper</strong></span> <span class='ocrx_word' id='word_1_166' title='bbox 3711 831 3846 902; x_wconf 77' lang='lat' dir='ltr'><strong>duplex</strong></span> 
     </span>
    </p>
   </div>
   <div class='ocr_carea' id='block_1_22' title="bbox 2388 913 3848 988">
    <p class='ocr_par' dir='ltr' id='par_1_22' title="bbox 2388 913 3848 988">
     <span class='ocr_line' id='line_1_22' title="bbox 2388 913 3848 988; baseline 0 -16"><span class='ocrx_word' id='word_1_167' title='bbox 2388 916 2652 972; x_wconf 88' lang='lat' dir='ltr'><strong>adventus</strong></span> <span class='ocrx_word' id='word_1_168' title='bbox 2680 913 2885 971; x_wconf 84' lang='lat' dir='ltr'><strong>Christi</strong></span> <span class='ocrx_word' id='word_1_169' title='bbox 2919 913 3290 968; x_wconf 88' lang='lat' dir='ltr'><strong>observandus</strong></span> <span class='ocrx_word' id='word_1_170' title='bbox 3317 922 3428 982; x_wconf 88' lang='lat' dir='ltr'><strong>est;</strong></span> <span class='ocrx_word' id='word_1_171' title='bbox 3452 932 3578 972; x_wconf 88' lang='lat' dir='ltr'><strong>unus</strong></span> <span class='ocrx_word' id='word_1_172' title='bbox 3601 921 3771 988; x_wconf 84' lang='lat' dir='ltr'><strong>quando</strong></span> <span class='ocrx_word' id='word_1_173' title='bbox 3787 937 3848 979; x_wconf 76' lang='lat' dir='ltr'><strong>re.</strong></span> 
     </span>
    </p>
   </div>
   <div class='ocr_carea' id='block_1_23' title="bbox 2387 1007 3851 1082">
    <p class='ocr_par' dir='ltr' id='par_1_23' title="bbox 2387 1007 3851 1082">
     <span class='ocr_line' id='line_1_23' title="bbox 2387 1007 3851 1082; baseline 0.003 -17"><span class='ocrx_word' id='word_1_174' title='bbox 2387 1011 2524 1073; x_wconf 90' lang='lat' dir='ltr'><strong>niet,</strong></span> <span class='ocrx_word' id='word_1_175' title='bbox 2559 1019 2614 1064; x_wconf 93' lang='lat' dir='ltr'><strong>et</strong></span> <span class='ocrx_word' id='word_1_176' title='bbox 2637 1009 2906 1064; x_wconf 90' lang='lat' dir='ltr'><strong>rationem</strong></span> <span class='ocrx_word' id='word_1_177' title='bbox 2935 1007 3198 1063; x_wconf 84' lang='lat' dir='ltr'><strong>reddituri</strong></span> <span class='ocrx_word' id='word_1_178' title='bbox 3235 1023 3413 1062; x_wconf 87' lang='lat' dir='ltr'><strong>sumus</strong></span> <span class='ocrx_word' id='word_1_179' title='bbox 3447 1009 3508 1064; x_wconf 91' lang='lat' dir='ltr'><strong>de</strong></span> <span class='ocrx_word' id='word_1_180' title='bbox 3532 1010 3851 1082; x_wconf 72' lang='lat' dir='ltr'><strong>omnibusque-</strong></span> 
     </span>
    </p>
   </div>
   <div class='ocr_carea' id='block_1_24' title="bbox 2389 1097 3852 1171">
    <p class='ocr_par' dir='ltr' id='par_1_24' title="bbox 2389 1097 3852 1171">
     <span class='ocr_line' id='line_1_24' title="bbox 2389 1097 3852 1171; baseline 0.002 -16"><span class='ocrx_word' id='word_1_181' title='bbox 2389 1114 2601 1169; x_wconf 90' lang='lat' dir='ltr'><strong>cunque</strong></span> <span class='ocrx_word' id='word_1_182' title='bbox 2645 1099 2941 1168; x_wconf 80' lang='lat' dir='ltr'><strong>gessimus,</strong></span> <span class='ocrx_word' id='word_1_183' title='bbox 2991 1097 3132 1152; x_wconf 87' lang='lat' dir='ltr'><strong>alius</strong></span> <span class='ocrx_word' id='word_1_184' title='bbox 3176 1112 3304 1152; x_wconf 87' lang='lat' dir='ltr'><strong>vero</strong></span> <span class='ocrx_word' id='word_1_185' title='bbox 3341 1097 3670 1167; x_wconf 85' lang='lat' dir='ltr'><strong>quotidianus,</strong></span> <span class='ocrx_word' id='word_1_186' title='bbox 3704 1102 3852 1171; x_wconf 85' lang='lat' dir='ltr'><strong>quando</strong></span> 
     </span>
    </p>
   </div>
   <div class='ocr_carea' id='block_1_25' title="bbox 2391 1187 3851 1261">
    <p class='ocr_par' dir='ltr' id='par_1_25' title="bbox 2391 1187 3851 1261">
     <span class='ocr_line' id='line_1_25' title="bbox 2391 1187 3851 1261; baseline 0.002 -18"><span class='ocrx_word' id='word_1_187' title='bbox 2391 1187 2971 1261; x_wconf 57' lang='lat' dir='ltr'><strong>conscientiasjugitcr</strong></span> <span class='ocrx_word' id='word_1_188' title='bbox 2999 1189 3184 1244; x_wconf 89' lang='lat' dir='ltr'><strong>visitat</strong></span> <span class='ocrx_word' id='word_1_189' title='bbox 3215 1198 3447 1253; x_wconf 89' lang='lat' dir='ltr'><strong>nostras,</strong></span> <span class='ocrx_word' id='word_1_190' title='bbox 3475 1198 3527 1244; x_wconf 88' lang='lat' dir='ltr'><strong>et</strong></span> <span class='ocrx_word' id='word_1_191' title='bbox 3551 1191 3612 1244; x_wconf 90' lang='lat' dir='ltr'><strong>ad</strong></span> <span class='ocrx_word' id='word_1_192' title='bbox 3639 1205 3716 1245; x_wconf 88' lang='lat' dir='ltr'><strong>nos</strong></span> <span class='ocrx_word' id='word_1_193' title='bbox 3739 1194 3851 1258; x_wconf 80' lang='lat' dir='ltr'><strong>venit,</strong></span> 
     </span>
    </p>
   </div>
   <div class='ocr_carea' id='block_1_26' title="bbox 2391 1276 3855 1352">
    <p class='ocr_par' dir='ltr' id='par_1_26' title="bbox 2391 1276 3855 1352">
     <span class='ocr_line' id='line_1_26' title="bbox 2391 1276 3855 1352; baseline 0.001 -18"><span class='ocrx_word' id='word_1_194' title='bbox 2391 1287 2452 1334; x_wconf 89' lang='lat' dir='ltr'><strong>ut</strong></span> <span class='ocrx_word' id='word_1_195' title='bbox 2479 1294 2600 1334; x_wconf 92' lang='lat' dir='ltr'><strong>cum</strong></span> <span class='ocrx_word' id='word_1_196' title='bbox 2635 1280 2846 1334; x_wconf 87' lang='lat' dir='ltr'><strong>venerit</strong></span> <span class='ocrx_word' id='word_1_197' title='bbox 2878 1293 2976 1333; x_wconf 90' lang='lat' dir='ltr'><strong>nos</strong></span> <span class='ocrx_word' id='word_1_198' title='bbox 2999 1286 3221 1348; x_wconf 89' lang='lat' dir='ltr'><strong>paratos</strong></span> <span class='ocrx_word' id='word_1_199' title='bbox 3243 1277 3489 1332; x_wconf 83' lang='lat' dir='ltr'><strong>inveniat.</strong></span> <span class='ocrx_word' id='word_1_200' title='bbox 3513 1276 3635 1345; x_wconf 84' lang='lat' dir='ltr'><strong>Quid</strong></span> <span class='ocrx_word' id='word_1_201' title='bbox 3654 1280 3763 1334; x_wconf 87' lang='lat' dir='ltr'><strong>enim</strong></span> <span class='ocrx_word' id='word_1_202' title='bbox 3778 1297 3855 1352; x_wconf 86' lang='lat' dir='ltr'><strong>pro-</strong></span> 
     </span>
    </p>
   </div>
   <div class='ocr_carea' id='block_1_27' title="bbox 2393 1373 3854 1444">
    <p class='ocr_par' dir='ltr' id='par_1_27' title="bbox 2393 1373 3854 1444">
     <span class='ocr_line' id='line_1_27' title="bbox 2393 1373 3854 1444; baseline 0 -14"><span class='ocrx_word' id='word_1_203' title='bbox 2393 1376 2513 1430; x_wconf 90' lang='lat' dir='ltr'><strong>dest</strong></span> <span class='ocrx_word' id='word_1_204' title='bbox 2541 1374 2673 1429; x_wconf 91' lang='lat' dir='ltr'><strong>mihi</strong></span> <span class='ocrx_word' id='word_1_205' title='bbox 2697 1373 2844 1430; x_wconf 88' lang='lat' dir='ltr'><strong>scire</strong></span> <span class='ocrx_word' id='word_1_206' title='bbox 2870 1373 3014 1429; x_wconf 91' lang='lat' dir='ltr'><strong>diem</strong></span> <span class='ocrx_word' id='word_1_207' title='bbox 3054 1373 3245 1443; x_wconf 86' lang='lat' dir='ltr'><strong>judicii</strong></span> <span class='ocrx_word' id='word_1_208' title='bbox 3280 1383 3539 1428; x_wconf 88' lang='lat' dir='ltr'><strong>tantorum</strong></span> <span class='ocrx_word' id='word_1_209' title='bbox 3578 1375 3750 1430; x_wconf 88' lang='lat' dir='ltr'><strong>conscio</strong></span> <span class='ocrx_word' id='word_1_210' title='bbox 3777 1391 3854 1444; x_wconf 82' lang='lat' dir='ltr'><strong>pec-</strong></span> 
     </span>
    </p>
   </div>
   <div class='ocr_carea' id='block_1_28' title="bbox 2393 1463 3853 1536">
    <p class='ocr_par' dir='ltr' id='par_1_28' title="bbox 2393 1463 3853 1536">
     <span class='ocr_line' id='line_1_28' title="bbox 2393 1463 3853 1536; baseline 0 -15"><span class='ocrx_word' id='word_1_211' title='bbox 2393 1467 2678 1522; x_wconf 88' lang='lat' dir='ltr'><strong>catorum?</strong></span> <span class='ocrx_word' id='word_1_212' title='bbox 2729 1465 2787 1520; x_wconf 92' lang='lat' dir='ltr'><strong>Si</strong></span> <span class='ocrx_word' id='word_1_213' title='bbox 2825 1464 3086 1521; x_wconf 91' lang='lat' dir='ltr'><strong>Dominus</strong></span> <span class='ocrx_word' id='word_1_214' title='bbox 3133 1464 3348 1530; x_wconf 85' lang='lat' dir='ltr'><strong>veniat;</strong></span> <span class='ocrx_word' id='word_1_215' title='bbox 3397 1463 3477 1518; x_wconf 90' lang='lat' dir='ltr'><strong>vel</strong></span> <span class='ocrx_word' id='word_1_216' title='bbox 3503 1464 3687 1536; x_wconf 85' lang='lat' dir='ltr'><strong>quando</strong></span> <span class='ocrx_word' id='word_1_217' title='bbox 3719 1468 3853 1530; x_wconf 84' lang='lat' dir='ltr'><strong>veniat,</strong></span> 
     </span>
    </p>
   </div>
   <div class='ocr_carea' id='block_1_29' title="bbox 2393 1556 3853 1629">
    <p class='ocr_par' dir='ltr' id='par_1_29' title="bbox 2393 1556 3853 1629">
     <span class='ocr_line' id='line_1_29' title="bbox 2393 1556 3853 1629; baseline 0 -17"><span class='ocrx_word' id='word_1_218' title='bbox 2393 1557 2497 1612; x_wconf 91' lang='lat' dir='ltr'><strong>nisi</strong></span> <span class='ocrx_word' id='word_1_219' title='bbox 2535 1557 2686 1629; x_wconf 90' lang='lat' dir='ltr'><strong>prius</strong></span> <span class='ocrx_word' id='word_1_220' title='bbox 2714 1557 2897 1612; x_wconf 87' lang='lat' dir='ltr'><strong>veniat</strong></span> <span class='ocrx_word' id='word_1_221' title='bbox 2938 1557 2994 1612; x_wconf 88' lang='lat' dir='ltr'><strong>in</strong></span> <span class='ocrx_word' id='word_1_222' title='bbox 3045 1556 3288 1611; x_wconf 90' lang='lat' dir='ltr'><strong>animum</strong></span> <span class='ocrx_word' id='word_1_223' title='bbox 3333 1570 3526 1622; x_wconf 88' lang='lat' dir='ltr'><strong>meum,</strong></span> <span class='ocrx_word' id='word_1_224' title='bbox 3569 1564 3618 1611; x_wconf 90' lang='lat' dir='ltr'><strong>et</strong></span> <span class='ocrx_word' id='word_1_225' title='bbox 3655 1557 3791 1612; x_wconf 83' lang='lat' dir='ltr'><strong>redeat</strong></span> <span class='ocrx_word' id='word_1_226' title='bbox 3820 1558 3853 1612; x_wconf 88' lang='lat' dir='ltr'><strong>in</strong></span> 
     </span>
    </p>
   </div>
   <div class='ocr_carea' id='block_1_30' title="bbox 2396 1646 3854 1715">
    <p class='ocr_par' dir='ltr' id='par_1_30' title="bbox 2396 1646 3854 1715">
     <span class='ocr_line' id='line_1_30' title="bbox 2396 1646 3854 1715; baseline -0.002 -9"><span class='ocrx_word' id='word_1_227' title='bbox 2396 1666 2575 1706; x_wconf 88' lang='lat' dir='ltr'><strong>meam</strong></span> <span class='ocrx_word' id='word_1_228' title='bbox 2607 1659 2879 1715; x_wconf 89' lang='lat' dir='ltr'><strong>mentem;</strong></span> <span class='ocrx_word' id='word_1_229' title='bbox 2913 1649 3017 1704; x_wconf 91' lang='lat' dir='ltr'><strong>nisi</strong></span> <span class='ocrx_word' id='word_1_230' title='bbox 3037 1649 3190 1704; x_wconf 89' lang='lat' dir='ltr'><strong>vivat</strong></span> <span class='ocrx_word' id='word_1_231' title='bbox 3213 1648 3266 1704; x_wconf 92' lang='lat' dir='ltr'><strong>in</strong></span> <span class='ocrx_word' id='word_1_232' title='bbox 3298 1663 3383 1703; x_wconf 89' lang='lat' dir='ltr'><strong>me</strong></span> <span class='ocrx_word' id='word_1_233' title='bbox 3417 1646 3658 1714; x_wconf 89' lang='lat' dir='ltr'><strong>Christus,</strong></span> <span class='ocrx_word' id='word_1_234' title='bbox 3675 1657 3718 1702; x_wconf 89' lang='lat' dir='ltr'><strong>et</strong></span> <span class='ocrx_word' id='word_1_235' title='bbox 3732 1646 3854 1715; x_wconf 79' lang='lat' dir='ltr'><strong>loqua-</strong></span> 
     </span>
    </p>
   </div>
   <div class='ocr_carea' id='block_1_31' title="bbox 2396 1739 3853 1813">
    <p class='ocr_par' dir='ltr' id='par_1_31' title="bbox 2396 1739 3853 1813">
     <span class='ocr_line' id='line_1_31' title="bbox 2396 1739 3853 1813; baseline -0.004 -14"><span class='ocrx_word' id='word_1_236' title='bbox 2396 1753 2485 1799; x_wconf 90' lang='lat' dir='ltr'><strong>tur</strong></span> <span class='ocrx_word' id='word_1_237' title='bbox 2509 1745 2563 1799; x_wconf 91' lang='lat' dir='ltr'><strong>in</strong></span> <span class='ocrx_word' id='word_1_238' title='bbox 2595 1759 2702 1799; x_wconf 89' lang='lat' dir='ltr'><strong>me.</strong></span> <span class='ocrx_word' id='word_1_239' title='bbox 2734 1743 2887 1799; x_wconf 91' lang='lat' dir='ltr'><strong>Tunc</strong></span> <span class='ocrx_word' id='word_1_240' title='bbox 2916 1741 3116 1813; x_wconf 89' lang='lat' dir='ltr'><strong>quippe</strong></span> <span class='ocrx_word' id='word_1_241' title='bbox 3145 1741 3278 1796; x_wconf 88' lang='lat' dir='ltr'><strong>mihi</strong></span> <span class='ocrx_word' id='word_1_242' title='bbox 3304 1741 3438 1795; x_wconf 85' lang='lat' dir='ltr'><strong>bene</strong></span> <span class='ocrx_word' id='word_1_243' title='bbox 3466 1740 3614 1802; x_wconf 90' lang='lat' dir='ltr'><strong>venit,</strong></span> <span class='ocrx_word' id='word_1_244' title='bbox 3638 1739 3673 1794; x_wconf 93' lang='lat' dir='ltr'><strong>si</strong></span> <span class='ocrx_word' id='word_1_245' title='bbox 3697 1740 3804 1809; x_wconf 86' lang='lat' dir='ltr'><strong>prius</strong></span> <span class='ocrx_word' id='word_1_246' title='bbox 3818 1740 3853 1793; x_wconf 80' lang='lat' dir='ltr'><strong>in</strong></span> 
     </span>
    </p>
   </div>
   <div class='ocr_carea' id='block_1_32' title="bbox 705 1826 3855 1906">
    <p class='ocr_par' dir='ltr' id='par_1_32' title="bbox 705 1826 3855 1906">
     <span class='ocr_line' id='line_1_32' title="bbox 705 1826 3855 1906; baseline -0.001 -20"><span class='ocrx_word' id='word_1_247' title='bbox 705 1833 879 1888; x_wconf 87' lang='lat' dir='ltr'><strong>tinere</strong></span> <span class='ocrx_word' id='word_1_248' title='bbox 908 1832 1198 1887; x_wconf 84' lang='lat' dir='ltr'><strong>adventum</strong></span> <span class='ocrx_word' id='word_1_249' title='bbox 1226 1831 1319 1901; x_wconf 90' lang='lat' dir='ltr'><strong>qui</strong></span> <span class='ocrx_word' id='word_1_250' title='bbox 1364 1838 1446 1885; x_wconf 91' lang='lat' dir='ltr'><strong>est</strong></span> <span class='ocrx_word' id='word_1_251' title='bbox 1470 1844 1569 1899; x_wconf 90' lang='lat' dir='ltr'><strong>per</strong></span> <span class='ocrx_word' id='word_1_252' title='bbox 1593 1845 1810 1884; x_wconf 91' lang='lat' dir='ltr'><strong>omnem</strong></span> <span class='ocrx_word' id='word_1_253' title='bbox 1864 1829 2202 1906; x_wconf 23' lang='lat' dir='ltr'><strong>Ecclesiams</strong></span> <span class='ocrx_word' id='word_1_254' title='bbox 2229 1829 2287 1883; x_wconf 90' lang='lat' dir='ltr'><strong>In</strong></span> <span class='ocrx_word' id='word_1_255' title='bbox 2315 1826 2364 1886; x_wconf 88' lang='grc' dir='ltr'><strong>Β</strong></span> <span class='ocrx_word' id='word_1_256' title='bbox 2391 1849 2479 1891; x_wconf 91' lang='lat' dir='ltr'><strong>me</strong></span> <span class='ocrx_word' id='word_1_257' title='bbox 2508 1833 2656 1890; x_wconf 90' lang='lat' dir='ltr'><strong>vivat</strong></span> <span class='ocrx_word' id='word_1_258' title='bbox 2683 1831 2953 1899; x_wconf 86' lang='lat' dir='ltr'><strong>Christus,</strong></span> <span class='ocrx_word' id='word_1_259' title='bbox 2982 1841 3036 1888; x_wconf 90' lang='lat' dir='ltr'><strong>et</strong></span> <span class='ocrx_word' id='word_1_260' title='bbox 3057 1846 3160 1904; x_wconf 92' lang='lat' dir='ltr'><strong>ego</strong></span> <span class='ocrx_word' id='word_1_261' title='bbox 3181 1831 3237 1887; x_wconf 91' lang='lat' dir='ltr'><strong>in</strong></span> <span class='ocrx_word' id='word_1_262' title='bbox 3265 1831 3398 1901; x_wconf 92' lang='lat' dir='ltr'><strong>ipso.</strong></span> <span class='ocrx_word' id='word_1_263' title='bbox 3420 1829 3483 1884; x_wconf 88' lang='lat' dir='ltr'><strong>Et</strong></span> <span class='ocrx_word' id='word_1_264' title='bbox 3507 1839 3622 1885; x_wconf 90' lang='lat' dir='ltr'><strong>tunc</strong></span> <span class='ocrx_word' id='word_1_265' title='bbox 3637 1831 3738 1884; x_wconf 88' lang='lat' dir='ltr'><strong>mihi</strong></span> <span class='ocrx_word' id='word_1_266' title='bbox 3757 1829 3855 1899; x_wconf 77' lang='lat' dir='ltr'><strong>quasi</strong></span> 
     </span>
    </p>
   </div>
   <div class='ocr_carea' id='block_1_33' title="bbox 695 1921 3856 2000">
    <p class='ocr_par' dir='ltr' id='par_1_33' title="bbox 695 1921 3856 2000">
     <span class='ocr_line' id='line_1_33' title="bbox 695 1921 3856 2000; baseline -0.001 -24"><span class='ocrx_word' id='word_1_267' title='bbox 695 1923 902 1995; x_wconf 76' lang='lat' dir='ltr'><strong>quibus</strong></span> <span class='ocrx_word' id='word_1_268' title='bbox 949 1924 1200 1978; x_wconf 90' lang='lat' dir='ltr'><strong>omnibus</strong></span> <span class='ocrx_word' id='word_1_269' title='bbox 1255 1931 1379 1978; x_wconf 88' lang='lat' dir='ltr'><strong>sunt</strong></span> <span class='ocrx_word' id='word_1_270' title='bbox 1399 1923 1647 1993; x_wconf 74' lang='lat' dir='ltr'><strong>quaedam</strong></span> <span class='ocrx_word' id='word_1_271' title='bbox 1689 1921 1996 1987; x_wconf 79' lang='lat' dir='ltr'><strong>manifesta,</strong></span> <span class='ocrx_word' id='word_1_272' title='bbox 2045 1921 2292 1991; x_wconf 80' lang='lat' dir='ltr'><strong>quaedam</strong></span> <span class='ocrx_word' id='word_1_273' title='bbox 2391 1929 2505 2000; x_wconf 89' lang='lat' dir='ltr'><strong>jam</strong></span> <span class='ocrx_word' id='word_1_274' title='bbox 2535 1928 2804 1984; x_wconf 91' lang='lat' dir='ltr'><strong>secundus</strong></span> <span class='ocrx_word' id='word_1_275' title='bbox 2831 1927 3096 1982; x_wconf 89' lang='lat' dir='ltr'><strong>adventus</strong></span> <span class='ocrx_word' id='word_1_276' title='bbox 3120 1926 3292 1991; x_wconf 88' lang='lat' dir='ltr'><strong>venit,</strong></span> <span class='ocrx_word' id='word_1_277' title='bbox 3315 1941 3435 1981; x_wconf 87' lang='lat' dir='ltr'><strong>cum</strong></span> <span class='ocrx_word' id='word_1_278' title='bbox 3464 1923 3666 1980; x_wconf 77' lang='lat' dir='ltr'><strong>defectio</strong></span> <span class='ocrx_word' id='word_1_279' title='bbox 3685 1921 3812 1977; x_wconf 85' lang='lat' dir='ltr'><strong>mundi</strong></span> <span class='ocrx_word' id='word_1_280' title='bbox 3825 1921 3856 1974; x_wconf 90' lang='lat' dir='ltr'><strong>in</strong></span> 
     </span>
    </p>
   </div>
   <div class='ocr_carea' id='block_1_34' title="bbox 706 2014 2291 2080">
    <p class='ocr_par' dir='ltr' id='par_1_34' title="bbox 706 2014 2291 2080">
     <span class='ocr_line' id='line_1_34' title="bbox 706 2014 2291 2080; baseline -0.003 -7"><span class='ocrx_word' id='word_1_281' title='bbox 706 2032 838 2073; x_wconf 88' lang='lat' dir='ltr'><strong>vero</strong></span> <span class='ocrx_word' id='word_1_282' title='bbox 867 2025 993 2071; x_wconf 81' lang='lat' dir='ltr'><strong>sunt</strong></span> <span class='ocrx_word' id='word_1_283' title='bbox 1018 2017 1271 2080; x_wconf 88' lang='lat' dir='ltr'><strong>obscura,</strong></span> <span class='ocrx_word' id='word_1_284' title='bbox 1302 2024 1362 2069; x_wconf 91' lang='lat' dir='ltr'><strong>ut</strong></span> <span class='ocrx_word' id='word_1_285' title='bbox 1387 2015 1715 2070; x_wconf 89' lang='lat' dir='ltr'><strong>laboriosum</strong></span> <span class='ocrx_word' id='word_1_286' title='bbox 1752 2015 1822 2069; x_wconf 90' lang='lat' dir='ltr'><strong>sit</strong></span> <span class='ocrx_word' id='word_1_287' title='bbox 1851 2029 1912 2068; x_wconf 89' lang='lat' dir='ltr'><strong>ea</strong></span> <span class='ocrx_word' id='word_1_288' title='bbox 1941 2014 2026 2068; x_wconf 91' lang='lat' dir='ltr'><strong>vcl</strong></span> <span class='ocrx_word' id='word_1_289' title='bbox 2055 2022 2291 2068; x_wconf 84' lang='lat' dir='ltr'><strong>temera-</strong></span> 
     </span>
    </p>
   </div>
   <div class='ocr_carea' id='block_1_35' title="bbox 707 2106 2294 2179">
    <p class='ocr_par' dir='ltr' id='par_1_35' title="bbox 707 2106 2294 2179">
     <span class='ocr_line' id='line_1_35' title="bbox 707 2106 2294 2179; baseline -0.004 -13"><span class='ocrx_word' id='word_1_290' title='bbox 707 2111 846 2166; x_wconf 89' lang='lat' dir='ltr'><strong>rium</strong></span> <span class='ocrx_word' id='word_1_291' title='bbox 879 2109 1204 2179; x_wconf 75' lang='lat' dir='ltr'><strong>diiudicare;</strong></span> <span class='ocrx_word' id='word_1_292' title='bbox 1238 2115 1294 2161; x_wconf 90' lang='lat' dir='ltr'><strong>et</strong></span> <span class='ocrx_word' id='word_1_293' title='bbox 1333 2107 1572 2178; x_wconf 91' lang='lat' dir='ltr'><strong>quandiu</strong></span> <span class='ocrx_word' id='word_1_294' title='bbox 1600 2123 1704 2162; x_wconf 94' lang='lat' dir='ltr'><strong>non</strong></span> <span class='ocrx_word' id='word_1_295' title='bbox 1747 2106 2123 2177; x_wconf 88' lang='lat' dir='ltr'><strong>intelliguntur</strong></span> <span class='ocrx_word' id='word_1_296' title='bbox 2157 2120 2294 2175; x_wconf 69' lang='lat' dir='ltr'><strong>pra:-</strong></span> 
     </span>
    </p>
   </div>
   <div class='ocr_carea' id='block_1_36' title="bbox 710 2195 2300 2271">
    <p class='ocr_par' dir='ltr' id='par_1_36' title="bbox 710 2195 2300 2271">
     <span class='ocr_line' id='line_1_36' title="bbox 710 2195 2300 2271; baseline -0.003 -16"><span class='ocrx_word' id='word_1_297' title='bbox 710 2208 1084 2271; x_wconf 89' lang='lat' dir='ltr'><strong>sumptuosum</strong></span> <span class='ocrx_word' id='word_1_298' title='bbox 1135 2198 1291 2253; x_wconf 90' lang='lat' dir='ltr'><strong>valde</strong></span> <span class='ocrx_word' id='word_1_299' title='bbox 1328 2207 1432 2263; x_wconf 89' lang='lat' dir='ltr'><strong>est,</strong></span> <span class='ocrx_word' id='word_1_300' title='bbox 1480 2197 1684 2267; x_wconf 87' lang='lat' dir='ltr'><strong>aliquid</strong></span> <span class='ocrx_word' id='word_1_301' title='bbox 1720 2198 1787 2252; x_wconf 90' lang='lat' dir='ltr'><strong>de</strong></span> <span class='ocrx_word' id='word_1_302' title='bbox 1833 2197 1917 2252; x_wconf 90' lang='lat' dir='ltr'><strong>his</strong></span> <span class='ocrx_word' id='word_1_303' title='bbox 1944 2196 2190 2252; x_wconf 82' lang='lat' dir='ltr'><strong>delinire.</strong></span> <span class='ocrx_word' id='word_1_304' title='bbox 2231 2195 2300 2250; x_wconf 86' lang='lat' dir='ltr'><strong>Et</strong></span> 
     </span>
    </p>
   </div>
   <div class='ocr_carea' id='block_1_37' title="bbox 711 2288 2298 2363">
    <p class='ocr_par' dir='ltr' id='par_1_37' title="bbox 711 2288 2298 2363">
     <span class='ocr_line' id='line_1_37' title="bbox 711 2288 2298 2363; baseline -0.001 -18"><span class='ocrx_word' id='word_1_305' title='bbox 711 2290 834 2346; x_wconf 91' lang='lat' dir='ltr'><strong>ideo</strong></span> <span class='ocrx_word' id='word_1_306' title='bbox 875 2292 1001 2362; x_wconf 87' lang='lat' dir='ltr'><strong>quia</strong></span> <span class='ocrx_word' id='word_1_307' title='bbox 1054 2293 1169 2347; x_wconf 70' lang='lat' dir='ltr'><strong>haec</strong></span> <span class='ocrx_word' id='word_1_308' title='bbox 1208 2292 1360 2363; x_wconf 86' lang='lat' dir='ltr'><strong>signa</strong></span> <span class='ocrx_word' id='word_1_309' title='bbox 1399 2291 1454 2346; x_wconf 90' lang='lat' dir='ltr'><strong>in</strong></span> <span class='ocrx_word' id='word_1_310' title='bbox 1483 2290 1586 2346; x_wconf 89' lang='lat' dir='ltr'><strong>hoc</strong></span> <span class='ocrx_word' id='word_1_311' title='bbox 1616 2289 1906 2361; x_wconf 79' lang='lat' dir='ltr'><strong>Evangelia</strong></span> <span class='ocrx_word' id='word_1_312' title='bbox 1946 2303 2067 2359; x_wconf 65' lang='lat' dir='ltr'><strong>qua:</strong></span> <span class='ocrx_word' id='word_1_313' title='bbox 2117 2288 2298 2344; x_wconf 82' lang='lat' dir='ltr'><strong>futura</strong></span> 
     </span>
    </p>
   </div>
   <div class='ocr_carea' id='block_1_38' title="bbox 713 2379 2298 2452">
    <p class='ocr_par' dir='ltr' id='par_1_38' title="bbox 713 2379 2298 2452">
     <span class='ocr_line' id='line_1_38' title="bbox 713 2379 2298 2452; baseline -0.002 -14"><span class='ocrx_word' id='word_1_314' title='bbox 713 2391 1024 2447; x_wconf 83' lang='lat' dir='ltr'><strong>narrantur,</strong></span> <span class='ocrx_word' id='word_1_315' title='bbox 1056 2383 1220 2438; x_wconf 87' lang='lat' dir='ltr'><strong>etiam</strong></span> <span class='ocrx_word' id='word_1_316' title='bbox 1249 2381 1424 2437; x_wconf 89' lang='lat' dir='ltr'><strong>Lucas</strong></span> <span class='ocrx_word' id='word_1_317' title='bbox 1453 2390 1508 2436; x_wconf 90' lang='lat' dir='ltr'><strong>et</strong></span> <span class='ocrx_word' id='word_1_318' title='bbox 1552 2381 1765 2436; x_wconf 84' lang='lat' dir='ltr'><strong>Marcus</strong></span> <span class='ocrx_word' id='word_1_319' title='bbox 1803 2396 1943 2452; x_wconf 91' lang='lat' dir='ltr'><strong>pene</strong></span> <span class='ocrx_word' id='word_1_320' title='bbox 1969 2379 2167 2436; x_wconf 89' lang='lat' dir='ltr'><strong>similia</strong></span> <span class='ocrx_word' id='word_1_321' title='bbox 2212 2380 2298 2435; x_wconf 93' lang='lat' dir='ltr'><strong>di-</strong></span> 
     </span>
    </p>
   </div>
   <div class='ocr_carea' id='block_1_39' title="bbox 711 2472 2297 2545">
    <p class='ocr_par' dir='ltr' id='par_1_39' title="bbox 711 2472 2297 2545">
     <span class='ocr_line' id='line_1_39' title="bbox 711 2472 2297 2545; baseline -0.002 -15"><span class='ocrx_word' id='word_1_322' title='bbox 711 2484 862 2542; x_wconf 92' lang='lat' dir='ltr'><strong>cunt,</strong></span> <span class='ocrx_word' id='word_1_323' title='bbox 914 2490 1019 2531; x_wconf 92' lang='lat' dir='ltr'><strong>non</strong></span> <span class='ocrx_word' id='word_1_324' title='bbox 1069 2477 1214 2530; x_wconf 84' lang='lat' dir='ltr'><strong>enim</strong></span> <span class='ocrx_word' id='word_1_325' title='bbox 1255 2475 1566 2545; x_wconf 87' lang='lat' dir='ltr'><strong>discrepant</strong></span> <span class='ocrx_word' id='word_1_326' title='bbox 1607 2476 1808 2540; x_wconf 85' lang='lat' dir='ltr'><strong>rebus,</strong></span> <span class='ocrx_word' id='word_1_327' title='bbox 1863 2473 1966 2529; x_wconf 89' lang='lat' dir='ltr'><strong>etsi</strong></span> <span class='ocrx_word' id='word_1_328' title='bbox 2015 2472 2154 2528; x_wconf 88' lang='lat' dir='ltr'><strong>alius</strong></span> <span class='ocrx_word' id='word_1_329' title='bbox 2195 2472 2297 2527; x_wconf 88' lang='lat' dir='ltr'><strong>ali-</strong></span> 
     </span>
    </p>
   </div>
   <div class='ocr_carea' id='block_1_40' title="bbox 712 2564 2300 2638">
    <p class='ocr_par' dir='ltr' id='par_1_40' title="bbox 712 2564 2300 2638">
     <span class='ocr_line' id='line_1_40' title="bbox 712 2564 2300 2638; baseline 0 -18"><span class='ocrx_word' id='word_1_330' title='bbox 712 2567 841 2638; x_wconf 89' lang='lat' dir='ltr'><strong>quid</strong></span> <span class='ocrx_word' id='word_1_331' title='bbox 869 2567 1011 2637; x_wconf 91' lang='lat' dir='ltr'><strong>quod</strong></span> <span class='ocrx_word' id='word_1_332' title='bbox 1045 2566 1182 2621; x_wconf 88' lang='lat' dir='ltr'><strong>alius</strong></span> <span class='ocrx_word' id='word_1_333' title='bbox 1226 2574 1438 2632; x_wconf 87' lang='lat' dir='ltr'><strong>taceat,</strong></span> <span class='ocrx_word' id='word_1_334' title='bbox 1472 2574 1566 2620; x_wconf 90' lang='lat' dir='ltr'><strong>aut</strong></span> <span class='ocrx_word' id='word_1_335' title='bbox 1604 2565 1712 2620; x_wconf 89' lang='lat' dir='ltr'><strong>alio</strong></span> <span class='ocrx_word' id='word_1_336' title='bbox 1744 2566 1904 2621; x_wconf 89' lang='lat' dir='ltr'><strong>modo</strong></span> <span class='ocrx_word' id='word_1_337' title='bbox 1937 2564 2094 2629; x_wconf 91' lang='lat' dir='ltr'><strong>dicit,</strong></span> <span class='ocrx_word' id='word_1_338' title='bbox 2127 2565 2300 2636; x_wconf 88' lang='lat' dir='ltr'><strong>magis</strong></span> 
     </span>
    </p>
   </div>
   <div class='ocr_carea' id='block_1_41' title="bbox 711 2653 2302 2727">
    <p class='ocr_par' dir='ltr' id='par_1_41' title="bbox 711 2653 2302 2727">
     <span class='ocr_line' id='line_1_41' title="bbox 711 2653 2302 2727; baseline -0.003 -15"><span class='ocrx_word' id='word_1_339' title='bbox 711 2672 777 2712; x_wconf 86' lang='lat' dir='ltr'><strong>ex</strong></span> <span class='ocrx_word' id='word_1_340' title='bbox 800 2656 1088 2714; x_wconf 86' lang='lat' dir='ltr'><strong>collatione</strong></span> <span class='ocrx_word' id='word_1_341' title='bbox 1117 2656 1386 2727; x_wconf 87' lang='lat' dir='ltr'><strong>sejuvant</strong></span> <span class='ocrx_word' id='word_1_342' title='bbox 1410 2655 1478 2710; x_wconf 87' lang='lat' dir='ltr'><strong>ad</strong></span> <span class='ocrx_word' id='word_1_343' title='bbox 1520 2655 1772 2720; x_wconf 88' lang='lat' dir='ltr'><strong>invicem,</strong></span> <span class='ocrx_word' id='word_1_344' title='bbox 1805 2663 1866 2710; x_wconf 90' lang='lat' dir='ltr'><strong>ut</strong></span> <span class='ocrx_word' id='word_1_345' title='bbox 1893 2653 2124 2724; x_wconf 85' lang='lat' dir='ltr'><strong>legentis</strong></span> <span class='ocrx_word' id='word_1_346' title='bbox 2145 2653 2302 2708; x_wconf 84' lang='lat' dir='ltr'><strong>intel-</strong></span> 
     </span>
    </p>
   </div>
   <div class='ocr_carea' id='block_1_42' title="bbox 713 2745 2301 2818">
    <p class='ocr_par' dir='ltr' id='par_1_42' title="bbox 713 2745 2301 2818">
     <span class='ocr_line' id='line_1_42' title="bbox 713 2745 2301 2818; baseline -0.003 -16"><span class='ocrx_word' id='word_1_347' title='bbox 713 2749 884 2803; x_wconf 90' lang='lat' dir='ltr'><strong>lectus</strong></span> <span class='ocrx_word' id='word_1_348' title='bbox 924 2757 980 2803; x_wconf 91' lang='lat' dir='ltr'><strong>et</strong></span> <span class='ocrx_word' id='word_1_349' title='bbox 1025 2748 1141 2818; x_wconf 86' lang='lat' dir='ltr'><strong>ipse</strong></span> <span class='ocrx_word' id='word_1_350' title='bbox 1185 2745 1425 2817; x_wconf 82' lang='lat' dir='ltr'><strong>juvetur.</strong></span> <span class='ocrx_word' id='word_1_351' title='bbox 1460 2745 1593 2813; x_wconf 82' lang='lat' dir='ltr'><strong>Quis</strong></span> <span class='ocrx_word' id='word_1_352' title='bbox 1633 2747 1777 2801; x_wconf 91' lang='lat' dir='ltr'><strong>enim</strong></span> <span class='ocrx_word' id='word_1_353' title='bbox 1833 2762 1941 2801; x_wconf 92' lang='lat' dir='ltr'><strong>non</strong></span> <span class='ocrx_word' id='word_1_354' title='bbox 1997 2746 2184 2800; x_wconf 87' lang='lat' dir='ltr'><strong>videat</strong></span> <span class='ocrx_word' id='word_1_355' title='bbox 2231 2745 2301 2799; x_wconf 88' lang='lat' dir='ltr'><strong>ad</strong></span> 
     </span>
    </p>
   </div>
   <div class='ocr_carea' id='block_1_43' title="bbox 715 2835 2303 2906">
    <p class='ocr_par' dir='ltr' id='par_1_43' title="bbox 715 2835 2303 2906">
     <span class='ocr_line' id='line_1_43' title="bbox 715 2835 2303 2906; baseline -0.001 -14"><span class='ocrx_word' id='word_1_356' title='bbox 715 2837 862 2892; x_wconf 90' lang='lat' dir='ltr'><strong>illam</strong></span> <span class='ocrx_word' id='word_1_357' title='bbox 901 2837 1177 2892; x_wconf 88' lang='lat' dir='ltr'><strong>civitatem</strong></span> <span class='ocrx_word' id='word_1_358' title='bbox 1227 2835 1564 2891; x_wconf 77' lang='lat' dir='ltr'><strong>Hierusalem</strong></span> <span class='ocrx_word' id='word_1_359' title='bbox 1607 2836 1878 2906; x_wconf 89' lang='lat' dir='ltr'><strong>pertinere</strong></span> <span class='ocrx_word' id='word_1_360' title='bbox 1924 2837 2068 2906; x_wconf 91' lang='lat' dir='ltr'><strong>quod</strong></span> <span class='ocrx_word' id='word_1_361' title='bbox 2099 2835 2303 2891; x_wconf 88' lang='lat' dir='ltr'><strong>dictum</strong></span> 
     </span>
    </p>
   </div>
   <div class='ocr_carea' id='block_1_44' title="bbox 716 2925 2303 2983">
    <p class='ocr_par' dir='ltr' id='par_1_44' title="bbox 716 2925 2303 2983">
     <span class='ocr_line' id='line_1_44' title="bbox 716 2925 2303 2983; baseline -0.002 0"><span class='ocrx_word' id='word_1_362' title='bbox 716 2939 802 2983; x_wconf 86' lang='lat' dir='ltr'><strong>est</strong></span> <span class='ocrx_word' id='word_1_363' title='bbox 826 2948 838 2983; x_wconf 94' lang='lat'>:</span> <span class='ocrx_word' id='word_1_364' title='bbox 870 2925 1004 2982; x_wconf 88' lang='lat' dir='ltr'><strong>Cum</strong></span> <span class='ocrx_word' id='word_1_365' title='bbox 1028 2937 1203 2982; x_wconf 81' lang='lat' dir='ltr'><strong>mrtem</strong></span> <span class='ocrx_word' id='word_1_366' title='bbox 1229 2927 1462 2982; x_wconf 77' lang='lat' dir='ltr'><strong>videritis</strong></span> <span class='ocrx_word' id='word_1_367' title='bbox 1487 2928 1804 2982; x_wconf 85' lang='lat' dir='ltr'><strong>circumdari</strong></span> <span class='ocrx_word' id='word_1_368' title='bbox 1825 2929 1889 2982; x_wconf 86' lang='lat' dir='ltr'><strong>ab</strong></span> <span class='ocrx_word' id='word_1_369' title='bbox 1918 2929 2149 2983; x_wconf 74' lang='lat' dir='ltr'><strong>exercitu</strong></span> <span class='ocrx_word' id='word_1_370' title='bbox 2173 2925 2303 2981; x_wconf 84' lang='lat' dir='ltr'><strong>Hie-</strong></span> 
     </span>
    </p>
   </div>
   <div class='ocr_carea' id='block_1_45' title="bbox 717 3019 2306 3090">
    <p class='ocr_par' dir='ltr' id='par_1_45' title="bbox 717 3019 2306 3090">
     <span class='ocr_line' id='line_1_45' title="bbox 717 3019 2306 3090; baseline -0.001 -17"><span class='ocrx_word' id='word_1_371' title='bbox 717 3019 983 3086; x_wconf 74' lang='lat' dir='ltr'><strong>rusalem,</strong></span> <span class='ocrx_word' id='word_1_372' title='bbox 1024 3029 1147 3073; x_wconf 84' lang='lat' dir='ltr'><strong>tunc</strong></span> <span class='ocrx_word' id='word_1_373' title='bbox 1191 3020 1372 3074; x_wconf 86' lang='lat' dir='ltr'><strong>scitote</strong></span> <span class='ocrx_word' id='word_1_374' title='bbox 1412 3021 1538 3090; x_wconf 83' lang='lat' dir='ltr'><strong>quia</strong></span> <span class='ocrx_word' id='word_1_375' title='bbox 1579 3020 2010 3090; x_wconf 83' lang='lat' dir='ltr'><strong>appropinquabit</strong></span> <span class='ocrx_word' id='word_1_376' title='bbox 2053 3019 2306 3073; x_wconf 87' lang='lat' dir='ltr'><strong>desolatio</strong></span> 
     </span>
    </p>
   </div>
   <div class='ocr_carea' id='block_1_46' title="bbox 718 3110 2304 3182">
    <p class='ocr_par' dir='ltr' id='par_1_46' title="bbox 718 3110 2304 3182">
     <span class='ocr_line' id='line_1_46' title="bbox 718 3110 2304 3182; baseline -0.001 -17"><span class='ocrx_word' id='word_1_377' title='bbox 718 3112 852 3182; x_wconf 90' lang='lat' dir='ltr'><strong>ejus.</strong></span> <span class='ocrx_word' id='word_1_378' title='bbox 908 3110 1039 3165; x_wconf 90' lang='lat' dir='ltr'><strong>ltem</strong></span> <span class='ocrx_word' id='word_1_379' title='bbox 1089 3110 1211 3180; x_wconf 89' lang='lat' dir='ltr'><strong>quis</strong></span> <span class='ocrx_word' id='word_1_380' title='bbox 1255 3126 1362 3167; x_wconf 91' lang='lat' dir='ltr'><strong>non</strong></span> <span class='ocrx_word' id='word_1_381' title='bbox 1411 3111 1590 3166; x_wconf 83' lang='lat' dir='ltr'><strong>videat</strong></span> <span class='ocrx_word' id='word_1_382' title='bbox 1634 3112 1701 3165; x_wconf 88' lang='lat' dir='ltr'><strong>ad</strong></span> <span class='ocrx_word' id='word_1_383' title='bbox 1757 3111 2050 3166; x_wconf 84' lang='lat' dir='ltr'><strong>adventum</strong></span> <span class='ocrx_word' id='word_1_384' title='bbox 2093 3111 2304 3165; x_wconf 87' lang='lat' dir='ltr'><strong>Domini</strong></span> 
     </span>
    </p>
   </div>
   <div class='ocr_carea' id='block_1_47' title="bbox 719 3197 2381 3276">
    <p class='ocr_par' dir='ltr' id='par_1_47' title="bbox 719 3197 2381 3276">
     <span class='ocr_line' id='line_1_47' title="bbox 719 3197 2381 3276; baseline 0.002 -18"><span class='ocrx_word' id='word_1_385' title='bbox 719 3202 888 3276; x_wconf 79' lang='lat'><strong>979</strong></span> <span class='ocrx_word' id='word_1_386' title='bbox 936 3203 1292 3259; x_wconf 89' lang='lat' dir='ltr'><strong>novissimum</strong></span> <span class='ocrx_word' id='word_1_387' title='bbox 1352 3203 1654 3274; x_wconf 70' lang='lat' dir='ltr'><strong>pertinuere,</strong></span> <span class='ocrx_word' id='word_1_388' title='bbox 1712 3204 1854 3274; x_wconf 90' lang='lat' dir='ltr'><strong>quod</strong></span> <span class='ocrx_word' id='word_1_389' title='bbox 1903 3204 2104 3259; x_wconf 91' lang='lat' dir='ltr'><strong>dictum</strong></span> <span class='ocrx_word' id='word_1_390' title='bbox 2159 3213 2244 3261; x_wconf 86' lang='lat' dir='ltr'><strong>est</strong></span> <span class='ocrx_word' id='word_1_391' title='bbox 2287 3197 2381 3262; x_wconf 72' lang='grc' dir='ltr'><strong>τε</strong></span> 
     </span>
    </p>
   </div>
   <div class='ocr_carea' id='block_1_48' title="bbox 723 3293 2308 3368">
    <p class='ocr_par' dir='ltr' id='par_1_48' title="bbox 723 3293 2308 3368">
     <span class='ocr_line' id='line_1_48' title="bbox 723 3293 2308 3368; baseline 0.001 -18"><span class='ocrx_word' id='word_1_392' title='bbox 723 3293 855 3350; x_wconf 86' lang='lat' dir='ltr'><strong>Cum</strong></span> <span class='ocrx_word' id='word_1_393' title='bbox 897 3296 1125 3350; x_wconf 77' lang='lat' dir='ltr'><strong>videritis</strong></span> <span class='ocrx_word' id='word_1_394' title='bbox 1170 3295 1281 3350; x_wconf 64' lang='lat' dir='ltr'><strong>hac</strong></span> <span class='ocrx_word' id='word_1_395' title='bbox 1323 3295 1476 3364; x_wconf 76' lang='lat' dir='ltr'><strong>ﬁeri,</strong></span> <span class='ocrx_word' id='word_1_396' title='bbox 1525 3296 1709 3350; x_wconf 81' lang='lat' dir='ltr'><strong>scitote</strong></span> <span class='ocrx_word' id='word_1_397' title='bbox 1742 3296 1991 3366; x_wconf 85' lang='lat' dir='ltr'><strong>quoniam</strong></span> <span class='ocrx_word' id='word_1_398' title='bbox 2039 3312 2196 3368; x_wconf 84' lang='lat' dir='ltr'><strong>prope</strong></span> <span class='ocrx_word' id='word_1_399' title='bbox 2234 3307 2308 3352; x_wconf 89' lang='lat' dir='ltr'><strong>est</strong></span> 
     </span>
    </p>
   </div>
   <div class='ocr_carea' id='block_1_49' title="bbox 721 3388 2310 3462">
    <p class='ocr_par' dir='ltr' id='par_1_49' title="bbox 721 3388 2310 3462">
     <span class='ocr_line' id='line_1_49' title="bbox 721 3388 2310 3462; baseline 0.001 -19"><span class='ocrx_word' id='word_1_400' title='bbox 721 3405 936 3461; x_wconf 83' lang='lat' dir='ltr'><strong>regnum</strong></span> <span class='ocrx_word' id='word_1_401' title='bbox 958 3388 1080 3443; x_wconf 88' lang='lat' dir='ltr'><strong>Dei.</strong></span> <span class='ocrx_word' id='word_1_402' title='bbox 1106 3389 1274 3444; x_wconf 85' lang='lat' dir='ltr'><strong>Porro</strong></span> <span class='ocrx_word' id='word_1_403' title='bbox 1301 3388 1442 3458; x_wconf 89' lang='lat' dir='ltr'><strong>quod</strong></span> <span class='ocrx_word' id='word_1_404' title='bbox 1468 3389 1668 3443; x_wconf 91' lang='lat' dir='ltr'><strong>dictum</strong></span> <span class='ocrx_word' id='word_1_405' title='bbox 1696 3397 1781 3444; x_wconf 91' lang='lat' dir='ltr'><strong>est</strong></span> <span class='ocrx_word' id='word_1_406' title='bbox 1811 3404 1825 3444; x_wconf 88' lang='lat'><strong>:</strong></span> <span class='ocrx_word' id='word_1_407' title='bbox 1866 3388 1959 3444; x_wconf 76' lang='lat' dir='ltr'><strong>Vw</strong></span> <span class='ocrx_word' id='word_1_408' title='bbox 1987 3392 2310 3462; x_wconf 75' lang='lat' dir='ltr'><strong>prwgnanti-</strong></span> 
     </span>
    </p>
   </div>
   <div class='ocr_carea' id='block_1_50' title="bbox 723 3479 2312 3552">
    <p class='ocr_par' dir='ltr' id='par_1_50' title="bbox 723 3479 2312 3552">
     <span class='ocr_line' id='line_1_50' title="bbox 723 3479 2312 3552; baseline -0.002 -14"><span class='ocrx_word' id='word_1_409' title='bbox 723 3484 818 3538; x_wconf 84' lang='lat' dir='ltr'><strong>bus</strong></span> <span class='ocrx_word' id='word_1_410' title='bbox 867 3493 915 3537; x_wconf 85' lang='lat' dir='ltr'><strong>et</strong></span> <span class='ocrx_word' id='word_1_411' title='bbox 957 3481 1306 3536; x_wconf 76' lang='lat' dir='ltr'><strong>nutrientibus</strong></span> <span class='ocrx_word' id='word_1_412' title='bbox 1349 3482 1405 3534; x_wconf 90' lang='lat' dir='ltr'><strong>in</strong></span> <span class='ocrx_word' id='word_1_413' title='bbox 1433 3480 1540 3535; x_wconf 87' lang='lat' dir='ltr'><strong>illis</strong></span> <span class='ocrx_word' id='word_1_414' title='bbox 1587 3479 1788 3544; x_wconf 84' lang='lat' dir='ltr'><strong>diebus,</strong></span> <span class='ocrx_word' id='word_1_415' title='bbox 1841 3490 1887 3535; x_wconf 87' lang='lat' dir='ltr'><strong>et</strong></span> <span class='ocrx_word' id='word_1_416' title='bbox 1931 3490 2076 3536; x_wconf 85' lang='lat' dir='ltr'><strong>orate</strong></span> <span class='ocrx_word' id='word_1_417' title='bbox 2105 3499 2168 3537; x_wconf 83' lang='lat' dir='ltr'><strong>ne</strong></span> <span class='ocrx_word' id='word_1_418' title='bbox 2214 3482 2312 3552; x_wconf 81' lang='lat' dir='ltr'><strong>ﬁat</strong></span> 
     </span>
    </p>
   </div>
   <div class='ocr_carea' id='block_1_51' title="bbox 723 3571 2312 3645">
    <p class='ocr_par' dir='ltr' id='par_1_51' title="bbox 723 3571 2312 3645">
     <span class='ocr_line' id='line_1_51' title="bbox 723 3571 2312 3645; baseline 0.001 -17"><span class='ocrx_word' id='word_1_419' title='bbox 723 3575 850 3645; x_wconf 74' lang='lat' dir='ltr'><strong>fuga</strong></span> <span class='ocrx_word' id='word_1_420' title='bbox 879 3583 1046 3628; x_wconf 81' lang='lat' dir='ltr'><strong>vestra</strong></span> <span class='ocrx_word' id='word_1_421' title='bbox 1095 3573 1260 3627; x_wconf 83' lang='lat' dir='ltr'><strong>hieme</strong></span> <span class='ocrx_word' id='word_1_422' title='bbox 1295 3571 1373 3627; x_wconf 81' lang='lat' dir='ltr'><strong>vel</strong></span> <span class='ocrx_word' id='word_1_423' title='bbox 1405 3572 1642 3630; x_wconf 84' lang='lat' dir='ltr'><strong>sabbato.</strong></span> <span class='ocrx_word' id='word_1_424' title='bbox 1685 3582 1733 3628; x_wconf 85' lang='lat' dir='ltr'><strong>et</strong></span> <span class='ocrx_word' id='word_1_425' title='bbox 1771 3574 1869 3628; x_wconf 88' lang='lat' dir='ltr'><strong>erit</strong></span> <span class='ocrx_word' id='word_1_426' title='bbox 1897 3584 2018 3627; x_wconf 85' lang='lat' dir='ltr'><strong>tunc</strong></span> <span class='ocrx_word' id='word_1_427' title='bbox 2041 3573 2312 3629; x_wconf 81' lang='lat' dir='ltr'><strong>tribulatio</strong></span> 
     </span>
    </p>
   </div>
   <div class='ocr_carea' id='block_1_52' title="bbox 721 3661 2316 3736">
    <p class='ocr_par' dir='ltr' id='par_1_52' title="bbox 721 3661 2316 3736">
     <span class='ocr_line' id='line_1_52' title="bbox 721 3661 2316 3736; baseline 0.003 -18"><span class='ocrx_word' id='word_1_428' title='bbox 721 3680 935 3734; x_wconf 82' lang='lat' dir='ltr'><strong>magna,</strong></span> <span class='ocrx_word' id='word_1_429' title='bbox 963 3679 1056 3718; x_wconf 88' lang='lat' dir='ltr'><strong>seu</strong></span> <span class='ocrx_word' id='word_1_430' title='bbox 1088 3671 1286 3718; x_wconf 72' lang='lat' dir='ltr'><strong>caetera</strong></span> <span class='ocrx_word' id='word_1_431' title='bbox 1328 3661 1525 3733; x_wconf 83' lang='lat' dir='ltr'><strong>(Marc.</strong></span> <span class='ocrx_word' id='word_1_432' title='bbox 1572 3679 1692 3730; x_wconf 84' lang='lat' dir='ltr'><strong>xm,</strong></span> <span class='ocrx_word' id='word_1_433' title='bbox 1729 3664 1812 3728; x_wconf 84' lang='lat' dir='ltr'><strong>l7,</strong></span> <span class='ocrx_word' id='word_1_434' title='bbox 1849 3664 1960 3735; x_wconf 79' lang='grc'><strong>18).</strong></span> <span class='ocrx_word' id='word_1_435' title='bbox 1996 3664 2088 3720; x_wconf 91' lang='lat' dir='ltr'><strong>Sic</strong></span> <span class='ocrx_word' id='word_1_436' title='bbox 2115 3673 2197 3721; x_wconf 90' lang='lat' dir='ltr'><strong>est</strong></span> <span class='ocrx_word' id='word_1_437' title='bbox 2221 3681 2316 3736; x_wconf 82' lang='lat' dir='ltr'><strong>po-</strong></span> 
     </span>
    </p>
   </div>
   <div class='ocr_carea' id='block_1_53' title="bbox 724 3754 2316 3826">
    <p class='ocr_par' dir='ltr' id='par_1_53' title="bbox 724 3754 2316 3826">
     <span class='ocr_line' id='line_1_53' title="bbox 724 3754 2316 3826; baseline -0.001 -14"><span class='ocrx_word' id='word_1_438' title='bbox 724 3757 891 3813; x_wconf 88' lang='lat' dir='ltr'><strong>situm</strong></span> <span class='ocrx_word' id='word_1_439' title='bbox 938 3756 992 3811; x_wconf 88' lang='lat' dir='ltr'><strong>in</strong></span> <span class='ocrx_word' id='word_1_440' title='bbox 1031 3755 1135 3811; x_wconf 91' lang='lat' dir='ltr'><strong>hoc</strong></span> <span class='ocrx_word' id='word_1_441' title='bbox 1173 3754 1482 3826; x_wconf 87' lang='lat' dir='ltr'><strong>Evangelio,</strong></span> <span class='ocrx_word' id='word_1_442' title='bbox 1531 3764 1587 3811; x_wconf 90' lang='lat' dir='ltr'><strong>et</strong></span> <span class='ocrx_word' id='word_1_443' title='bbox 1625 3756 1922 3812; x_wconf 88' lang='lat' dir='ltr'><strong>secundum</strong></span> <span class='ocrx_word' id='word_1_444' title='bbox 1963 3756 2226 3823; x_wconf 86' lang='lat' dir='ltr'><strong>Marcum,</strong></span> <span class='ocrx_word' id='word_1_445' title='bbox 2255 3768 2316 3812; x_wconf 88' lang='lat' dir='ltr'><strong>ut</strong></span> 
     </span>
    </p>
   </div>
   <div class='ocr_carea' id='block_1_54' title="bbox 727 3846 2316 3918">
    <p class='ocr_par' dir='ltr' id='par_1_54' title="bbox 727 3846 2316 3918">
     <span class='ocr_line' id='line_1_54' title="bbox 727 3846 2316 3918; baseline 0.003 -16"><span class='ocrx_word' id='word_1_446' title='bbox 727 3849 794 3903; x_wconf 90' lang='lat' dir='ltr'><strong>ad</strong></span> <span class='ocrx_word' id='word_1_447' title='bbox 820 3856 1108 3917; x_wconf 87' lang='lat' dir='ltr'><strong>utrumque</strong></span> <span class='ocrx_word' id='word_1_448' title='bbox 1135 3847 1341 3916; x_wconf 86' lang='lat' dir='ltr'><strong>possint</strong></span> <span class='ocrx_word' id='word_1_449' title='bbox 1369 3846 1584 3915; x_wconf 82' lang='lat' dir='ltr'><strong>referri,</strong></span> <span class='ocrx_word' id='word_1_450' title='bbox 1615 3859 1670 3904; x_wconf 90' lang='lat' dir='ltr'><strong>et</strong></span> <span class='ocrx_word' id='word_1_451' title='bbox 1697 3849 1765 3904; x_wconf 91' lang='lat' dir='ltr'><strong>ad</strong></span> <span class='ocrx_word' id='word_1_452' title='bbox 1811 3850 1970 3905; x_wconf 84' lang='lat' dir='ltr'><strong>ﬁnem</strong></span> <span class='ocrx_word' id='word_1_453' title='bbox 2021 3851 2226 3918; x_wconf 62' lang='lat' dir='ltr'><strong>saeculi,</strong></span> <span class='ocrx_word' id='word_1_454' title='bbox 2260 3860 2316 3907; x_wconf 92' lang='lat' dir='ltr'><strong>et</strong></span> 
     </span>
    </p>
   </div>
   <div class='ocr_carea' id='block_1_55' title="bbox 727 3939 2318 4010">
    <p class='ocr_par' dir='ltr' id='par_1_55' title="bbox 727 3939 2318 4010">
     <span class='ocr_line' id='line_1_55' title="bbox 727 3939 2318 4010; baseline 0.001 -14"><span class='ocrx_word' id='word_1_455' title='bbox 727 3941 794 3996; x_wconf 84' lang='lat' dir='ltr'><strong>ad</strong></span> <span class='ocrx_word' id='word_1_456' title='bbox 841 3940 1112 3996; x_wconf 84' lang='lat' dir='ltr'><strong>excidium</strong></span> <span class='ocrx_word' id='word_1_457' title='bbox 1144 3939 1288 3995; x_wconf 91' lang='lat' dir='ltr'><strong>illius</strong></span> <span class='ocrx_word' id='word_1_458' title='bbox 1314 3941 1569 3996; x_wconf 87' lang='lat' dir='ltr'><strong>civitatis.</strong></span> <span class='ocrx_word' id='word_1_459' title='bbox 1619 3942 1750 4010; x_wconf 84' lang='lat' dir='ltr'><strong>Quae</strong></span> <span class='ocrx_word' id='word_1_460' title='bbox 1795 3943 1976 3998; x_wconf 89' lang='lat' dir='ltr'><strong>omnia</strong></span> <span class='ocrx_word' id='word_1_461' title='bbox 2005 3958 2104 3998; x_wconf 90' lang='lat' dir='ltr'><strong>suo</strong></span> <span class='ocrx_word' id='word_1_462' title='bbox 2133 3944 2188 3998; x_wconf 90' lang='lat' dir='ltr'><strong>in</strong></span> <span class='ocrx_word' id='word_1_463' title='bbox 2229 3958 2318 3998; x_wconf 88' lang='lat' dir='ltr'><strong>or-</strong></span> 
     </span>
    </p>
   </div>
   <div class='ocr_carea' id='block_1_56' title="bbox 728 4031 2320 4105">
    <p class='ocr_par' dir='ltr' id='par_1_56' title="bbox 728 4031 2320 4105">
     <span class='ocr_line' id='line_1_56' title="bbox 728 4031 2320 4105; baseline 0.001 -17"><span class='ocrx_word' id='word_1_464' title='bbox 728 4034 854 4088; x_wconf 86' lang='lat' dir='ltr'><strong>dine</strong></span> <span class='ocrx_word' id='word_1_465' title='bbox 894 4031 1303 4104; x_wconf 78' lang='lat' dir='ltr'><strong>explicabimus.</strong></span> <span class='ocrx_word' id='word_1_466' title='bbox 1337 4033 1468 4102; x_wconf 79' lang='lat' dir='ltr'><strong>Quze</strong></span> <span class='ocrx_word' id='word_1_467' title='bbox 1512 4035 1716 4091; x_wconf 90' lang='lat' dir='ltr'><strong>idcirco</strong></span> <span class='ocrx_word' id='word_1_468' title='bbox 1755 4036 1820 4091; x_wconf 91' lang='lat' dir='ltr'><strong>de</strong></span> <span class='ocrx_word' id='word_1_469' title='bbox 1848 4035 2017 4105; x_wconf 88' lang='lat' dir='ltr'><strong>signis</strong></span> <span class='ocrx_word' id='word_1_470' title='bbox 2049 4036 2152 4091; x_wconf 90' lang='lat' dir='ltr'><strong>ista</strong></span> <span class='ocrx_word' id='word_1_471' title='bbox 2179 4035 2320 4091; x_wconf 89' lang='lat' dir='ltr'><strong>dixi-</strong></span> 
     </span>
    </p>
   </div>
   <div class='ocr_carea' id='block_1_57' title="bbox 730 4124 2319 4196">
    <p class='ocr_par' dir='ltr' id='par_1_57' title="bbox 730 4124 2319 4196">
     <span class='ocr_line' id='line_1_57' title="bbox 730 4124 2319 4196; baseline 0.002 -19"><span class='ocrx_word' id='word_1_472' title='bbox 730 4137 875 4190; x_wconf 85' lang='lat' dir='ltr'><strong>mus,</strong></span> <span class='ocrx_word' id='word_1_473' title='bbox 905 4131 974 4196; x_wconf 32' lang='lat' dir='ltr'><strong>ut.</strong></span> <span class='ocrx_word' id='word_1_474' title='bbox 1005 4124 1141 4179; x_wconf 87' lang='lat' dir='ltr'><strong>sciat</strong></span> <span class='ocrx_word' id='word_1_475' title='bbox 1179 4125 1415 4194; x_wconf 89' lang='lat' dir='ltr'><strong>prudens</strong></span> <span class='ocrx_word' id='word_1_476' title='bbox 1463 4127 1677 4182; x_wconf 91' lang='lat' dir='ltr'><strong>auditor</strong></span> <span class='ocrx_word' id='word_1_477' title='bbox 1705 4127 1775 4181; x_wconf 89' lang='lat' dir='ltr'><strong>ab</strong></span> <span class='ocrx_word' id='word_1_478' title='bbox 1805 4125 2030 4181; x_wconf 85' lang='lat' dir='ltr'><strong>exordio</strong></span> <span class='ocrx_word' id='word_1_479' title='bbox 2058 4125 2319 4182; x_wconf 85' lang='lat' dir='ltr'><strong>Ecclesiae</strong></span> 
     </span>
    </p>
   </div>
   <div class='ocr_carea' id='block_1_58' title="bbox 730 4220 2316 4292">
    <p class='ocr_par' dir='ltr' id='par_1_58' title="bbox 730 4220 2316 4292">
     <span class='ocr_line' id='line_1_58' title="bbox 730 4220 2316 4292; baseline 0.001 -17"><span class='ocrx_word' id='word_1_480' title='bbox 730 4220 973 4290; x_wconf 66' lang='lat' dir='ltr'><strong>quaedam</strong></span> <span class='ocrx_word' id='word_1_481' title='bbox 997 4229 1144 4287; x_wconf 92' lang='lat' dir='ltr'><strong>tunc,</strong></span> <span class='ocrx_word' id='word_1_482' title='bbox 1173 4221 1422 4292; x_wconf 72' lang='lat' dir='ltr'><strong>quaedam</strong></span> <span class='ocrx_word' id='word_1_483' title='bbox 1455 4221 1636 4288; x_wconf 88' lang='lat' dir='ltr'><strong>modo,</strong></span> <span class='ocrx_word' id='word_1_484' title='bbox 1675 4235 1888 4292; x_wconf 89' lang='lat' dir='ltr'><strong>semper</strong></span> <span class='ocrx_word' id='word_1_485' title='bbox 1917 4229 2097 4279; x_wconf 88' lang='lat' dir='ltr'><strong>tamen</strong></span> <span class='ocrx_word' id='word_1_486' title='bbox 2138 4221 2316 4292; x_wconf 88' lang='lat' dir='ltr'><strong>aliqua</strong></span> 
     </span>
    </p>
   </div>
   <div class='ocr_carea' id='block_1_59' title="bbox 732 4321 2320 4394">
    <p class='ocr_par' dir='ltr' id='par_1_59' title="bbox 732 4321 2320 4394">
     <span class='ocr_line' id='line_1_59' title="bbox 732 4321 2320 4394; baseline 0.001 -17"><span class='ocrx_word' id='word_1_487' title='bbox 732 4336 920 4377; x_wconf 88' lang='lat' dir='ltr'><strong>eorum</strong></span> <span class='ocrx_word' id='word_1_488' title='bbox 969 4322 1282 4393; x_wconf 89' lang='lat' dir='ltr'><strong>contigisse.</strong></span> <span class='ocrx_word' id='word_1_489' title='bbox 1333 4323 1400 4378; x_wconf 88' lang='lat' dir='ltr'><strong>Et</strong></span> <span class='ocrx_word' id='word_1_490' title='bbox 1448 4322 1569 4378; x_wconf 90' lang='lat' dir='ltr'><strong>ideo</strong></span> <span class='ocrx_word' id='word_1_491' title='bbox 1595 4322 1672 4377; x_wconf 90' lang='lat' dir='ltr'><strong>ait</strong></span> <span class='ocrx_word' id='word_1_492' title='bbox 1714 4321 1995 4393; x_wconf 89' lang='lat' dir='ltr'><strong>apostolis,</strong></span> <span class='ocrx_word' id='word_1_493' title='bbox 2029 4330 2083 4378; x_wconf 90' lang='lat' dir='ltr'><strong>et</strong></span> <span class='ocrx_word' id='word_1_494' title='bbox 2107 4337 2207 4394; x_wconf 91' lang='lat' dir='ltr'><strong>per</strong></span> <span class='ocrx_word' id='word_1_495' title='bbox 2226 4337 2320 4378; x_wconf 89' lang='lat' dir='ltr'><strong>eos</strong></span> 
     </span>
    </p>
   </div>
   <div class='ocr_carea' id='block_1_60' title="bbox 737 4412 2322 4487">
    <p class='ocr_par' dir='ltr' id='par_1_60' title="bbox 737 4412 2322 4487">
     <span class='ocr_line' id='line_1_60' title="bbox 737 4412 2322 4487; baseline 0.003 -19"><span class='ocrx_word' id='word_1_496' title='bbox 737 4414 990 4468; x_wconf 79' lang='lat' dir='ltr'><strong>omnibus</strong></span> <span class='ocrx_word' id='word_1_497' title='bbox 1016 4431 1028 4468; x_wconf 91' lang='lat'><strong>:</strong></span> <span class='ocrx_word' id='word_1_498' title='bbox 1073 4412 1257 4470; x_wconf 84' lang='lat' dir='ltr'><strong>Videte</strong></span> <span class='ocrx_word' id='word_1_499' title='bbox 1283 4431 1347 4469; x_wconf 88' lang='lat' dir='ltr'><strong>ne</strong></span> <span class='ocrx_word' id='word_1_500' title='bbox 1373 4415 1488 4485; x_wconf 83' lang='lat' dir='ltr'><strong>quis</strong></span> <span class='ocrx_word' id='word_1_501' title='bbox 1535 4432 1621 4470; x_wconf 76' lang='lat' dir='ltr'><strong>vos</strong></span> <span class='ocrx_word' id='word_1_502' title='bbox 1659 4416 1906 4482; x_wconf 85' lang='lat' dir='ltr'><strong>seducat;</strong></span> <span class='ocrx_word' id='word_1_503' title='bbox 1927 4417 2052 4487; x_wconf 86' lang='lat' dir='ltr'><strong>quia</strong></span> <span class='ocrx_word' id='word_1_504' title='bbox 2078 4425 2133 4472; x_wconf 86' lang='lat' dir='ltr'><strong>et</strong></span> <span class='ocrx_word' id='word_1_505' title='bbox 2161 4417 2322 4473; x_wconf 84' lang='lat' dir='ltr'><strong>sedu-</strong></span> 
     </span>
    </p>
   </div>
   <div class='ocr_carea' id='block_1_61' title="bbox 730 4505 2321 4577">
    <p class='ocr_par' dir='ltr' id='par_1_61' title="bbox 730 4505 2321 4577">
     <span class='ocr_line' id='line_1_61' title="bbox 730 4505 2321 4577; baseline 0.004 -18"><span class='ocrx_word' id='word_1_506' title='bbox 730 4515 908 4560; x_wconf 86' lang='lat' dir='ltr'><strong>ctores</strong></span> <span class='ocrx_word' id='word_1_507' title='bbox 938 4520 1152 4574; x_wconf 85' lang='lat' dir='ltr'><strong>semper</strong></span> <span class='ocrx_word' id='word_1_508' title='bbox 1180 4505 1399 4561; x_wconf 84' lang='lat' dir='ltr'><strong>fuerunt</strong></span> <span class='ocrx_word' id='word_1_509' title='bbox 1429 4521 1493 4561; x_wconf 89' lang='lat' dir='ltr'><strong>ac</strong></span> <span class='ocrx_word' id='word_1_510' title='bbox 1524 4515 1870 4577; x_wconf 82' lang='lat' dir='ltr'><strong>corruptores</strong></span> <span class='ocrx_word' id='word_1_511' title='bbox 1893 4524 2038 4563; x_wconf 78' lang='lat' dir='ltr'><strong>same</strong></span> <span class='ocrx_word' id='word_1_512' title='bbox 2059 4509 2321 4564; x_wconf 80' lang='lat' dir='ltr'><strong>doctrinae</strong></span> 
     </span>
    </p>
   </div>
   <div class='ocr_carea' id='block_1_62' title="bbox 731 4594 2321 4668">
    <p class='ocr_par' dir='ltr' id='par_1_62' title="bbox 731 4594 2321 4668">
     <span class='ocr_line' id='line_1_62' title="bbox 731 4594 2321 4668; baseline 0.004 -18"><span class='ocrx_word' id='word_1_513' title='bbox 731 4611 827 4650; x_wconf 86' lang='lat' dir='ltr'><strong>seu</strong></span> <span class='ocrx_word' id='word_1_514' title='bbox 858 4594 1115 4650; x_wconf 89' lang='lat' dir='ltr'><strong>nonnulla</strong></span> <span class='ocrx_word' id='word_1_515' title='bbox 1146 4595 1253 4650; x_wconf 89' lang='lat' dir='ltr'><strong>alia</strong></span> <span class='ocrx_word' id='word_1_516' title='bbox 1291 4612 1411 4667; x_wconf 73' lang='lat' dir='ltr'><strong>quae</strong></span> <span class='ocrx_word' id='word_1_517' title='bbox 1439 4606 1760 4668; x_wconf 88' lang='lat' dir='ltr'><strong>sequuntur.</strong></span> <span class='ocrx_word' id='word_1_518' title='bbox 1796 4599 1947 4654; x_wconf 91' lang='lat' dir='ltr'><strong>Sicut</strong></span> <span class='ocrx_word' id='word_1_519' title='bbox 1977 4608 2028 4655; x_wconf 90' lang='lat' dir='ltr'><strong>ct</strong></span> <span class='ocrx_word' id='word_1_520' title='bbox 2067 4600 2321 4656; x_wconf 90' lang='lat' dir='ltr'><strong>omnibus</strong></span> 
     </span>
    </p>
   </div>
   <div class='ocr_carea' id='block_1_63' title="bbox 731 4687 2324 4763">
    <p class='ocr_par' dir='ltr' id='par_1_63' title="bbox 731 4687 2324 4763">
     <span class='ocr_line' id='line_1_63' title="bbox 731 4687 2324 4763; baseline 0.004 -21"><span class='ocrx_word' id='word_1_521' title='bbox 731 4687 828 4752; x_wconf 86' lang='lat' dir='ltr'><strong>ait,</strong></span> <span class='ocrx_word' id='word_1_522' title='bbox 861 4687 1078 4758; x_wconf 89' lang='lat' dir='ltr'><strong>quando</strong></span> <span class='ocrx_word' id='word_1_523' title='bbox 1131 4687 1261 4743; x_wconf 91' lang='lat' dir='ltr'><strong>dicit</strong></span> <span class='ocrx_word' id='word_1_524' title='bbox 1300 4689 1574 4760; x_wconf 82' lang='lat' dir='ltr'><strong>Apostolis</strong></span> <span class='ocrx_word' id='word_1_525' title='bbox 1610 4709 1623 4745; x_wconf 89' lang='lat'>:</span> <span class='ocrx_word' id='word_1_526' title='bbox 1677 4687 1920 4763; x_wconf 82' lang='lat' dir='ltr'><strong>Vigilate,</strong></span> <span class='ocrx_word' id='word_1_527' title='bbox 1961 4692 2086 4763; x_wconf 88' lang='lat' dir='ltr'><strong>quia</strong></span> <span class='ocrx_word' id='word_1_528' title='bbox 2114 4694 2324 4749; x_wconf 86' lang='lat' dir='ltr'><strong>nescitis</strong></span> 
     </span>
    </p>
   </div>
   <div class='ocr_carea' id='block_1_64' title="bbox 731 4778 2324 4854">
    <p class='ocr_par' dir='ltr' id='par_1_64' title="bbox 731 4778 2324 4854">
     <span class='ocr_line' id='line_1_64' title="bbox 731 4778 2324 4854; baseline 0.005 -23"><span class='ocrx_word' id='word_1_529' title='bbox 731 4778 866 4832; x_wconf 87' lang='lat' dir='ltr'><strong>diem</strong></span> <span class='ocrx_word' id='word_1_530' title='bbox 913 4794 1075 4850; x_wconf 82' lang='lat' dir='ltr'><strong>neque</strong></span> <span class='ocrx_word' id='word_1_531' title='bbox 1119 4779 1303 4834; x_wconf 86' lang='lat' dir='ltr'><strong>horam</strong></span> <span class='ocrx_word' id='word_1_532' title='bbox 1345 4779 1561 4851; x_wconf 79' lang='lat' dir='ltr'><strong>(Matth.</strong></span> <span class='ocrx_word' id='word_1_533' title='bbox 1596 4797 1746 4848; x_wconf 75' lang='lat' dir='ltr'><strong>xxiv,</strong></span> <span class='ocrx_word' id='word_1_534' title='bbox 1789 4780 1902 4854; x_wconf 71' lang='grc'><strong>42).</strong></span> <span class='ocrx_word' id='word_1_535' title='bbox 1956 4780 2090 4838; x_wconf 91' lang='lat' dir='ltr'><strong>Cum</strong></span> <span class='ocrx_word' id='word_1_536' title='bbox 2140 4783 2324 4854; x_wconf 85' lang='lat' dir='ltr'><strong>itaque</strong></span> 
     </span>
    </p>
   </div>
   <div class='ocr_carea' id='block_1_65' title="bbox 733 4867 2324 4943">
    <p class='ocr_par' dir='ltr' id='par_1_65' title="bbox 733 4867 2324 4943">
     <span class='ocr_line' id='line_1_65' title="bbox 733 4867 2324 4943; baseline 0.005 -21"><span class='ocrx_word' id='word_1_537' title='bbox 733 4867 986 4923; x_wconf 90' lang='lat' dir='ltr'><strong>omnibus</strong></span> <span class='ocrx_word' id='word_1_538' title='bbox 1011 4868 1182 4935; x_wconf 89' lang='lat' dir='ltr'><strong>dicat,</strong></span> <span class='ocrx_word' id='word_1_539' title='bbox 1211 4869 1290 4924; x_wconf 91' lang='lat' dir='ltr'><strong>sic</strong></span> <span class='ocrx_word' id='word_1_540' title='bbox 1342 4878 1523 4925; x_wconf 91' lang='lat' dir='ltr'><strong>tamen</strong></span> <span class='ocrx_word' id='word_1_541' title='bbox 1563 4872 1714 4939; x_wconf 92' lang='lat' dir='ltr'><strong>dicit,</strong></span> <span class='ocrx_word' id='word_1_542' title='bbox 1743 4873 1902 4943; x_wconf 88' lang='lat' dir='ltr'><strong>quasi</strong></span> <span class='ocrx_word' id='word_1_543' title='bbox 1946 4871 2012 4927; x_wconf 90' lang='lat' dir='ltr'><strong>ad</strong></span> <span class='ocrx_word' id='word_1_544' title='bbox 2055 4887 2149 4929; x_wconf 92' lang='lat' dir='ltr'><strong>eos</strong></span> <span class='ocrx_word' id='word_1_545' title='bbox 2177 4874 2324 4930; x_wconf 88' lang='lat' dir='ltr'><strong>solos</strong></span> 
     </span>
    </p>
   </div>
   <div class='ocr_carea' id='block_1_66' title="bbox 735 4961 2320 5035">
    <p class='ocr_par' dir='ltr' id='par_1_66' title="bbox 735 4961 2320 5035">
     <span class='ocr_line' id='line_1_66' title="bbox 735 4961 2320 5035; baseline 0.003 -19"><span class='ocrx_word' id='word_1_546' title='bbox 735 4961 1042 5031; x_wconf 89' lang='lat' dir='ltr'><strong>pertineant</strong></span> <span class='ocrx_word' id='word_1_547' title='bbox 1068 4962 1158 5032; x_wconf 90' lang='lat' dir='ltr'><strong>qui</strong></span> <span class='ocrx_word' id='word_1_548' title='bbox 1184 4970 1312 5017; x_wconf 90' lang='lat' dir='ltr'><strong>tunc</strong></span> <span class='ocrx_word' id='word_1_549' title='bbox 1337 4970 1517 5028; x_wconf 88' lang='lat' dir='ltr'><strong>erant,</strong></span> <span class='ocrx_word' id='word_1_550' title='bbox 1559 4965 1700 5019; x_wconf 91' lang='lat' dir='ltr'><strong>sicut</strong></span> <span class='ocrx_word' id='word_1_551' title='bbox 1740 4973 1795 5018; x_wconf 86' lang='lat' dir='ltr'><strong>et</strong></span> <span class='ocrx_word' id='word_1_552' title='bbox 1823 4979 1985 5035; x_wconf 89' lang='lat' dir='ltr'><strong>quam</strong></span> <span class='ocrx_word' id='word_1_553' title='bbox 2017 4965 2186 5020; x_wconf 88' lang='lat' dir='ltr'><strong>multa</strong></span> <span class='ocrx_word' id='word_1_554' title='bbox 2213 4967 2320 5021; x_wconf 87' lang='lat' dir='ltr'><strong>alia</strong></span> 
     </span>
    </p>
   </div>
   <div class='ocr_carea' id='block_1_67' title="bbox 735 5054 2324 5128">
    <p class='ocr_par' dir='ltr' id='par_1_67' title="bbox 735 5054 2324 5128">
     <span class='ocr_line' id='line_1_67' title="bbox 735 5054 2324 5128; baseline 0.004 -20"><span class='ocrx_word' id='word_1_555' title='bbox 735 5069 856 5124; x_wconf 81' lang='lat' dir='ltr'><strong>quae</strong></span> <span class='ocrx_word' id='word_1_556' title='bbox 893 5055 948 5110; x_wconf 92' lang='lat' dir='ltr'><strong>in</strong></span> <span class='ocrx_word' id='word_1_557' title='bbox 984 5054 1280 5126; x_wconf 84' lang='lat' dir='ltr'><strong>Scripturis</strong></span> <span class='ocrx_word' id='word_1_558' title='bbox 1321 5056 1593 5128; x_wconf 87' lang='lat' dir='ltr'><strong>leguntur.</strong></span> <span class='ocrx_word' id='word_1_559' title='bbox 1633 5056 1702 5111; x_wconf 89' lang='lat' dir='ltr'><strong>Et</strong></span> <span class='ocrx_word' id='word_1_560' title='bbox 1739 5071 1805 5112; x_wconf 91' lang='lat' dir='ltr'><strong>eo</strong></span> <span class='ocrx_word' id='word_1_561' title='bbox 1842 5057 2004 5112; x_wconf 90' lang='lat' dir='ltr'><strong>modo</strong></span> <span class='ocrx_word' id='word_1_562' title='bbox 2041 5057 2108 5113; x_wconf 87' lang='lat' dir='ltr'><strong>ad</strong></span> <span class='ocrx_word' id='word_1_563' title='bbox 2135 5073 2324 5114; x_wconf 89' lang='lat' dir='ltr'><strong>omnes</strong></span> 
     </span>
    </p>
   </div>
   <div class='ocr_carea' id='block_1_68' title="bbox 737 5147 2324 5220">
    <p class='ocr_par' dir='ltr' id='par_1_68' title="bbox 737 5147 2324 5220">
     <span class='ocr_line' id='line_1_68' title="bbox 737 5147 2324 5220; baseline 0.003 -17"><span class='ocrx_word' id='word_1_564' title='bbox 737 5148 1012 5220; x_wconf 89' lang='lat' dir='ltr'><strong>pertinent</strong></span> <span class='ocrx_word' id='word_1_565' title='bbox 1048 5162 1169 5217; x_wconf 74' lang='lat' dir='ltr'><strong>qua:</strong></span> <span class='ocrx_word' id='word_1_566' title='bbox 1220 5147 1298 5203; x_wconf 89' lang='lat' dir='ltr'><strong>sic</strong></span> <span class='ocrx_word' id='word_1_567' title='bbox 1333 5149 1476 5203; x_wconf 89' lang='lat' dir='ltr'><strong>dicta</strong></span> <span class='ocrx_word' id='word_1_568' title='bbox 1505 5155 1652 5212; x_wconf 92' lang='lat' dir='ltr'><strong>sunt,</strong></span> <span class='ocrx_word' id='word_1_569' title='bbox 1693 5147 1816 5217; x_wconf 90' lang='lat' dir='ltr'><strong>quia</strong></span> <span class='ocrx_word' id='word_1_570' title='bbox 1860 5157 1987 5204; x_wconf 92' lang='lat' dir='ltr'><strong>tunc</strong></span> <span class='ocrx_word' id='word_1_571' title='bbox 2034 5150 2324 5220; x_wconf 87' lang='lat' dir='ltr'><strong>unicuique</strong></span> 
     </span>
    </p>
   </div>
   <div class='ocr_carea' id='block_1_69' title="bbox 739 5237 2322 5308">
    <p class='ocr_par' dir='ltr' id='par_1_69' title="bbox 739 5237 2322 5308">
     <span class='ocr_line' id='line_1_69' title="bbox 739 5237 2322 5308; baseline 0.003 -14"><span class='ocrx_word' id='word_1_572' title='bbox 739 5239 920 5294; x_wconf 89' lang='lat' dir='ltr'><strong>veniet</strong></span> <span class='ocrx_word' id='word_1_573' title='bbox 939 5238 1056 5293; x_wconf 88' lang='lat' dir='ltr'><strong>dies</strong></span> <span class='ocrx_word' id='word_1_574' title='bbox 1084 5237 1324 5304; x_wconf 91' lang='lat' dir='ltr'><strong>ultimus,</strong></span> <span class='ocrx_word' id='word_1_575' title='bbox 1348 5247 1400 5294; x_wconf 91' lang='lat' dir='ltr'><strong>et</strong></span> <span class='ocrx_word' id='word_1_576' title='bbox 1425 5237 1549 5293; x_wconf 76' lang='lat' dir='ltr'><strong>finis</strong></span> <span class='ocrx_word' id='word_1_577' title='bbox 1578 5238 1758 5293; x_wconf 72' lang='lat' dir='ltr'><strong>saeculi</strong></span> <span class='ocrx_word' id='word_1_578' title='bbox 1785 5238 2002 5308; x_wconf 90' lang='lat' dir='ltr'><strong>quando</strong></span> <span class='ocrx_word' id='word_1_579' title='bbox 2025 5239 2155 5296; x_wconf 89' lang='lat' dir='ltr'><strong>hinc</strong></span> <span class='ocrx_word' id='word_1_580' title='bbox 2186 5243 2322 5298; x_wconf 80' lang='lat' dir='ltr'><strong>exit.</strong></span> 
     </span>
    </p>
   </div>
   <div class='ocr_carea' id='block_1_70' title="bbox 739 5329 2327 5406">
    <p class='ocr_par' dir='ltr' id='par_1_70' title="bbox 739 5329 2327 5406">
     <span class='ocr_line' id='line_1_70' title="bbox 739 5329 2327 5406; baseline 0.001 -19"><span class='ocrx_word' id='word_1_581' title='bbox 739 5331 809 5387; x_wconf 87' lang='lat' dir='ltr'><strong>Et</strong></span> <span class='ocrx_word' id='word_1_582' title='bbox 846 5332 968 5388; x_wconf 89' lang='lat' dir='ltr'><strong>ideo</strong></span> <span class='ocrx_word' id='word_1_583' title='bbox 1007 5345 1229 5386; x_wconf 83' lang='lat' dir='ltr'><strong>necesse</strong></span> <span class='ocrx_word' id='word_1_584' title='bbox 1259 5338 1424 5386; x_wconf 88' lang='lat' dir='ltr'><strong>estut</strong></span> <span class='ocrx_word' id='word_1_585' title='bbox 1462 5329 1587 5385; x_wconf 89' lang='lat' dir='ltr'><strong>talis</strong></span> <span class='ocrx_word' id='word_1_586' title='bbox 1617 5339 1776 5385; x_wconf 80' lang='lat' dir='ltr'><strong>exeat</strong></span> <span class='ocrx_word' id='word_1_587' title='bbox 1809 5331 1958 5398; x_wconf 92' lang='lat' dir='ltr'><strong>hinc,</strong></span> <span class='ocrx_word' id='word_1_588' title='bbox 1987 5333 2165 5404; x_wconf 85' lang='lat' dir='ltr'><strong>qualis</strong></span> <span class='ocrx_word' id='word_1_589' title='bbox 2182 5335 2327 5406; x_wconf 89' lang='lat' dir='ltr'><strong>judi-</strong></span> 
     </span>
    </p>
   </div>
   <div class='ocr_carea' id='block_1_71' title="bbox 742 5423 2330 5494">
    <p class='ocr_par' dir='ltr' id='par_1_71' title="bbox 742 5423 2330 5494">
     <span class='ocr_line' id='line_1_71' title="bbox 742 5423 2330 5494; baseline 0.004 -16"><span class='ocrx_word' id='word_1_590' title='bbox 742 5424 948 5479; x_wconf 91' lang='lat' dir='ltr'><strong>candus</strong></span> <span class='ocrx_word' id='word_1_591' title='bbox 985 5435 1068 5480; x_wconf 90' lang='lat' dir='ltr'><strong>est</strong></span> <span class='ocrx_word' id='word_1_592' title='bbox 1096 5424 1188 5480; x_wconf 93' lang='lat' dir='ltr'><strong>illo</strong></span> <span class='ocrx_word' id='word_1_593' title='bbox 1210 5424 1317 5478; x_wconf 91' lang='lat' dir='ltr'><strong>die.</strong></span> <span class='ocrx_word' id='word_1_594' title='bbox 1346 5423 1424 5478; x_wconf 88' lang='lat' dir='ltr'><strong>Ac</strong></span> <span class='ocrx_word' id='word_1_595' title='bbox 1449 5437 1551 5494; x_wconf 91' lang='lat' dir='ltr'><strong>per</strong></span> <span class='ocrx_word' id='word_1_596' title='bbox 1577 5423 1681 5478; x_wconf 92' lang='lat' dir='ltr'><strong>hoc</strong></span> <span class='ocrx_word' id='word_1_597' title='bbox 1711 5425 1998 5494; x_wconf 89' lang='lat' dir='ltr'><strong>providere</strong></span> <span class='ocrx_word' id='word_1_598' title='bbox 2026 5427 2186 5483; x_wconf 89' lang='lat' dir='ltr'><strong>debet</strong></span> <span class='ocrx_word' id='word_1_599' title='bbox 2213 5445 2330 5484; x_wconf 85' lang='lat' dir='ltr'><strong>om-</strong></span> 
     </span>
    </p>
   </div>
   <div class='ocr_carea' id='block_1_72' title="bbox 744 5516 2332 5593">
    <p class='ocr_par' dir='ltr' id='par_1_72' title="bbox 744 5516 2332 5593">
     <span class='ocr_line' id='line_1_72' title="bbox 744 5516 2332 5593; baseline 0.001 -18"><span class='ocrx_word' id='word_1_600' title='bbox 744 5517 832 5574; x_wconf 85' lang='lat' dir='ltr'><strong>nis</strong></span> <span class='ocrx_word' id='word_1_601' title='bbox 859 5519 1042 5583; x_wconf 91' lang='lat' dir='ltr'><strong>homo,</strong></span> <span class='ocrx_word' id='word_1_602' title='bbox 1072 5533 1140 5572; x_wconf 93' lang='lat' dir='ltr'><strong>ne</strong></span> <span class='ocrx_word' id='word_1_603' title='bbox 1179 5517 1493 5582; x_wconf 89' lang='lat' dir='ltr'><strong>seducatur,</strong></span> <span class='ocrx_word' id='word_1_604' title='bbox 1524 5525 1581 5572; x_wconf 90' lang='lat' dir='ltr'><strong>et</strong></span> <span class='ocrx_word' id='word_1_605' title='bbox 1605 5516 1831 5587; x_wconf 88' lang='lat' dir='ltr'><strong>vigilare</strong></span> <span class='ocrx_word' id='word_1_606' title='bbox 1856 5527 2033 5574; x_wconf 85' lang='lat' dir='ltr'><strong>cesset</strong></span> <span class='ocrx_word' id='word_1_607' title='bbox 2059 5535 2127 5575; x_wconf 93' lang='lat' dir='ltr'><strong>ue</strong></span> <span class='ocrx_word' id='word_1_608' title='bbox 2165 5521 2332 5593; x_wconf 87' lang='lat' dir='ltr'><strong>impa-</strong></span> 
     </span>
    </p>
   </div>
   <div class='ocr_carea' id='block_1_73' title="bbox 746 5607 2330 5679">
    <p class='ocr_par' dir='ltr' id='par_1_73' title="bbox 746 5607 2330 5679">
     <span class='ocr_line' id='line_1_73' title="bbox 746 5607 2330 5679; baseline 0 -13"><span class='ocrx_word' id='word_1_609' title='bbox 746 5619 927 5666; x_wconf 89' lang='lat' dir='ltr'><strong>ratum</strong></span> <span class='ocrx_word' id='word_1_610' title='bbox 983 5610 1224 5666; x_wconf 91' lang='lat' dir='ltr'><strong>inveniat</strong></span> <span class='ocrx_word' id='word_1_611' title='bbox 1269 5625 1389 5664; x_wconf 91' lang='lat' dir='ltr'><strong>eum</strong></span> <span class='ocrx_word' id='word_1_612' title='bbox 1428 5609 1546 5664; x_wconf 89' lang='lat' dir='ltr'><strong>dies</strong></span> <span class='ocrx_word' id='word_1_613' title='bbox 1579 5607 1846 5663; x_wconf 90' lang='lat' dir='ltr'><strong>adventus</strong></span> <span class='ocrx_word' id='word_1_614' title='bbox 1898 5609 2130 5666; x_wconf 92' lang='lat' dir='ltr'><strong>Domini.</strong></span> <span class='ocrx_word' id='word_1_615' title='bbox 2195 5611 2330 5679; x_wconf 86' lang='lat' dir='ltr'><strong>Quia</strong></span> 
     </span>
    </p>
   </div>
   <div class='ocr_carea' id='block_1_74' title="bbox 750 5699 2330 5774">
    <p class='ocr_par' dir='ltr' id='par_1_74' title="bbox 750 5699 2330 5774">
     <span class='ocr_line' id='line_1_74' title="bbox 750 5699 2330 5774; baseline 0 -16"><span class='ocrx_word' id='word_1_616' title='bbox 750 5703 1073 5774; x_wconf 88' lang='lat' dir='ltr'><strong>imparatum</strong></span> <span class='ocrx_word' id='word_1_617' title='bbox 1104 5718 1226 5758; x_wconf 91' lang='lat' dir='ltr'><strong>eum</strong></span> <span class='ocrx_word' id='word_1_618' title='bbox 1261 5702 1498 5757; x_wconf 86' lang='lat' dir='ltr'><strong>inveniet</strong></span> <span class='ocrx_word' id='word_1_619' title='bbox 1533 5700 1622 5754; x_wconf 87' lang='lat' dir='ltr'><strong>illa</strong></span> <span class='ocrx_word' id='word_1_620' title='bbox 1651 5699 1787 5766; x_wconf 88' lang='lat' dir='ltr'><strong>dies,</strong></span> <span class='ocrx_word' id='word_1_621' title='bbox 1819 5716 1977 5772; x_wconf 86' lang='lat' dir='ltr'><strong>quem</strong></span> <span class='ocrx_word' id='word_1_622' title='bbox 2007 5703 2330 5772; x_wconf 87' lang='lat' dir='ltr'><strong>imparatum</strong></span> 
     </span>
    </p>
   </div>
   <div class='ocr_carea' id='block_1_75' title="bbox 751 5792 2333 5869">
    <p class='ocr_par' dir='ltr' id='par_1_75' title="bbox 751 5792 2333 5869">
     <span class='ocr_line' id='line_1_75' title="bbox 751 5792 2333 5869; baseline 0.004 -19"><span class='ocrx_word' id='word_1_623' title='bbox 751 5794 1021 5855; x_wconf 85' lang='lat' dir='ltr'><strong>invenerit</strong></span> <span class='ocrx_word' id='word_1_624' title='bbox 1047 5810 1158 5856; x_wconf 81' lang='lat' dir='ltr'><strong>suae</strong></span> <span class='ocrx_word' id='word_1_625' title='bbox 1181 5796 1304 5855; x_wconf 73' lang='lat' dir='ltr'><strong>vitae</strong></span> <span class='ocrx_word' id='word_1_626' title='bbox 1350 5793 1570 5852; x_wconf 87' lang='lat' dir='ltr'><strong>ultimus</strong></span> <span class='ocrx_word' id='word_1_627' title='bbox 1599 5793 1737 5854; x_wconf 84' lang='lat' dir='ltr'><strong>dies.</strong></span> <span class='ocrx_word' id='word_1_628' title='bbox 1771 5792 2127 5869; x_wconf 82' lang='lat' dir='ltr'><strong>Nequaquam</strong></span> <span class='ocrx_word' id='word_1_629' title='bbox 2165 5796 2333 5868; x_wconf 84' lang='lat' dir='ltr'><strong>igitur</strong></span> 
     </span>
    </p>
   </div>
   <div class='ocr_carea' id='block_1_76' title="bbox 2399 2012 3856 2091">
    <p class='ocr_par' dir='ltr' id='par_1_76' title="bbox 2399 2012 3856 2091">
     <span class='ocr_line' id='line_1_76' title="bbox 2399 2012 3856 2091; baseline -0.008 -15"><span class='ocrx_word' id='word_1_630' title='bbox 2399 2037 2486 2077; x_wconf 91' lang='lat' dir='ltr'><strong>me</strong></span> <span class='ocrx_word' id='word_1_631' title='bbox 2515 2020 2696 2086; x_wconf 79' lang='lat' dir='ltr'><strong>fuerit,</strong></span> <span class='ocrx_word' id='word_1_632' title='bbox 2726 2021 2772 2075; x_wconf 90' lang='lat' dir='ltr'><strong>si</strong></span> <span class='ocrx_word' id='word_1_633' title='bbox 2801 2017 3072 2091; x_wconf 88' lang='lat' dir='ltr'><strong>quomodo</strong></span> <span class='ocrx_word' id='word_1_634' title='bbox 3101 2032 3325 2088; x_wconf 89' lang='lat' dir='ltr'><strong>possum</strong></span> <span class='ocrx_word' id='word_1_635' title='bbox 3354 2017 3561 2073; x_wconf 89' lang='lat' dir='ltr'><strong>dicere:</strong></span> <span class='ocrx_word' id='word_1_636' title='bbox 3588 2012 3856 2070; x_wconf 75' lang='lat' dir='ltr'><strong>Mihimuudu</strong></span> 
     </span>
    </p>
   </div>
   <div class='ocr_carea' id='block_1_77' title="bbox 2397 2103 3856 2181">
    <p class='ocr_par' dir='ltr' id='par_1_77' title="bbox 2397 2103 3856 2181">
     <span class='ocr_line' id='line_1_77' title="bbox 2397 2103 3856 2181; baseline -0.008 -16"><span class='ocrx_word' id='word_1_637' title='bbox 2397 2112 2684 2181; x_wconf 76' lang='lat' dir='ltr'><strong>cruciﬁxus</strong></span> <span class='ocrx_word' id='word_1_638' title='bbox 2705 2119 2801 2176; x_wconf 88' lang='lat' dir='ltr'><strong>est,</strong></span> <span class='ocrx_word' id='word_1_639' title='bbox 2831 2117 2880 2163; x_wconf 85' lang='lat' dir='ltr'><strong>et</strong></span> <span class='ocrx_word' id='word_1_640' title='bbox 2912 2125 3006 2180; x_wconf 81' lang='lat' dir='ltr'><strong>ego</strong></span> <span class='ocrx_word' id='word_1_641' title='bbox 3032 2107 3233 2163; x_wconf 81' lang='lat' dir='ltr'><strong>mundo</strong></span> <span class='ocrx_word' id='word_1_642' title='bbox 3263 2103 3405 2180; x_wconf 78' lang='lat' dir='ltr'><strong>(Cat.</strong></span> <span class='ocrx_word' id='word_1_643' title='bbox 3436 2121 3506 2174; x_wconf 83' lang='lat' dir='ltr'><strong>vt,</strong></span> <span class='ocrx_word' id='word_1_644' title='bbox 3533 2105 3631 2174; x_wconf 65' lang='lat' dir='ltr'><strong>id).</strong></span> <span class='ocrx_word' id='word_1_645' title='bbox 3661 2103 3856 2159; x_wconf 76' lang='lat' dir='ltr'><strong>Considera</strong></span> 
     </span>
    </p>
   </div>
   <div class='ocr_carea' id='block_1_78' title="bbox 2397 2196 3842 2277">
    <p class='ocr_par' dir='ltr' id='par_1_78' title="bbox 2397 2196 3842 2277">
     <span class='ocr_line' id='line_1_78' title="bbox 2397 2196 3842 2277; baseline -0.007 -17"><span class='ocrx_word' id='word_1_646' title='bbox 2397 2205 2565 2277; x_wconf 73' lang='lat'><strong>980</strong></span> <span class='ocrx_word' id='word_1_647' title='bbox 2589 2205 2750 2259; x_wconf 80' lang='lat' dir='ltr'><strong>etiam</strong></span> <span class='ocrx_word' id='word_1_648' title='bbox 2781 2204 2888 2258; x_wconf 89' lang='lat' dir='ltr'><strong>hoc</strong></span> <span class='ocrx_word' id='word_1_649' title='bbox 2911 2202 3088 2273; x_wconf 90' lang='lat' dir='ltr'><strong>ipsum</strong></span> <span class='ocrx_word' id='word_1_650' title='bbox 3131 2201 3282 2272; x_wconf 88' lang='lat' dir='ltr'><strong>quod</strong></span> <span class='ocrx_word' id='word_1_651' title='bbox 3312 2201 3441 2257; x_wconf 91' lang='lat' dir='ltr'><strong>dicit</strong></span> <span class='ocrx_word' id='word_1_652' title='bbox 3476 2219 3491 2256; x_wconf 89' lang='lat'><strong>:</strong></span> <span class='ocrx_word' id='word_1_653' title='bbox 3535 2198 3654 2266; x_wconf 77' lang='lat' dir='ltr'><strong>Quia</strong></span> <span class='ocrx_word' id='word_1_654' title='bbox 3691 2196 3842 2250; x_wconf 63' lang='lat' dir='ltr'><strong>multis:</strong></span> 
     </span>
    </p>
   </div>
   <div class='ocr_carea' id='block_1_79' title="bbox 2401 2285 3859 2360">
    <p class='ocr_par' dir='ltr' id='par_1_79' title="bbox 2401 2285 3859 2360">
     <span class='ocr_line' id='line_1_79' title="bbox 2401 2285 3859 2360; baseline -0.005 -11"><span class='ocrx_word' id='word_1_655' title='bbox 2401 2297 2542 2350; x_wconf 82' lang='lat' dir='ltr'><strong>nient</strong></span> <span class='ocrx_word' id='word_1_656' title='bbox 2573 2297 2627 2348; x_wconf 90' lang='lat' dir='ltr'><strong>in</strong></span> <span class='ocrx_word' id='word_1_657' title='bbox 2657 2294 2865 2349; x_wconf 85' lang='lat' dir='ltr'><strong>nomine</strong></span> <span class='ocrx_word' id='word_1_658' title='bbox 2885 2309 3023 2348; x_wconf 88' lang='lat' dir='ltr'><strong>meo.</strong></span> <span class='ocrx_word' id='word_1_659' title='bbox 3059 2291 3218 2360; x_wconf 92' lang='lat' dir='ltr'><strong>Quod</strong></span> <span class='ocrx_word' id='word_1_660' title='bbox 3263 2307 3457 2348; x_wconf 89' lang='lat' dir='ltr'><strong>nomen</strong></span> <span class='ocrx_word' id='word_1_661' title='bbox 3504 2291 3617 2347; x_wconf 91' lang='lat' dir='ltr'><strong>licet</strong></span> <span class='ocrx_word' id='word_1_662' title='bbox 3647 2287 3749 2343; x_wconf 79' lang='lat' dir='ltr'><strong>falso</strong></span> <span class='ocrx_word' id='word_1_663' title='bbox 3774 2285 3859 2341; x_wconf 82' lang='lat' dir='ltr'><strong>solus</strong></span> 
     </span>
    </p>
   </div>
   <div class='ocr_carea' id='block_1_80' title="bbox 2403 2380 3858 2456">
    <p class='ocr_par' dir='ltr' id='par_1_80' title="bbox 2403 2380 3858 2456">
     <span class='ocr_line' id='line_1_80' title="bbox 2403 2380 3858 2456; baseline -0.008 -15"><span class='ocrx_word' id='word_1_664' title='bbox 2403 2386 2755 2442; x_wconf 89' lang='lat' dir='ltr'><strong>antichristus</strong></span> <span class='ocrx_word' id='word_1_665' title='bbox 2798 2385 3046 2456; x_wconf 90' lang='lat' dir='ltr'><strong>suscipit,</strong></span> <span class='ocrx_word' id='word_1_666' title='bbox 3093 2391 3149 2440; x_wconf 87' lang='lat' dir='ltr'><strong>et</strong></span> <span class='ocrx_word' id='word_1_667' title='bbox 3219 2398 3421 2455; x_wconf 89' lang='lat' dir='ltr'><strong>corpus</strong></span> <span class='ocrx_word' id='word_1_668' title='bbox 3479 2381 3586 2451; x_wconf 81' lang='lat' dir='ltr'><strong>eius</strong></span> <span class='ocrx_word' id='word_1_669' title='bbox 3638 2380 3730 2435; x_wconf 85' lang='lat' dir='ltr'><strong>sine</strong></span> <span class='ocrx_word' id='word_1_670' title='bbox 3761 2389 3858 2445; x_wconf 84' lang='lat' dir='ltr'><strong>opere</strong></span> 
     </span>
    </p>
   </div>
   <div class='ocr_carea' id='block_1_81' title="bbox 2402 2467 3859 2544">
    <p class='ocr_par' dir='ltr' id='par_1_81' title="bbox 2402 2467 3859 2544">
     <span class='ocr_line' id='line_1_81' title="bbox 2402 2467 3859 2544; baseline -0.011 -10"><span class='ocrx_word' id='word_1_671' title='bbox 2402 2479 2630 2544; x_wconf 88' lang='lat' dir='ltr'><strong>Christi,</strong></span> <span class='ocrx_word' id='word_1_672' title='bbox 2652 2487 2708 2534; x_wconf 92' lang='lat' dir='ltr'><strong>et</strong></span> <span class='ocrx_word' id='word_1_673' title='bbox 2732 2478 2851 2534; x_wconf 90' lang='lat' dir='ltr'><strong>sine</strong></span> <span class='ocrx_word' id='word_1_674' title='bbox 2869 2478 3037 2533; x_wconf 89' lang='lat' dir='ltr'><strong>verbo</strong></span> <span class='ocrx_word' id='word_1_675' title='bbox 3052 2475 3323 2540; x_wconf 84' lang='lat' dir='ltr'><strong>veritatis,</strong></span> <span class='ocrx_word' id='word_1_676' title='bbox 3345 2485 3400 2532; x_wconf 91' lang='lat' dir='ltr'><strong>et</strong></span> <span class='ocrx_word' id='word_1_677' title='bbox 3426 2475 3538 2532; x_wconf 89' lang='lat' dir='ltr'><strong>sine</strong></span> <span class='ocrx_word' id='word_1_678' title='bbox 3558 2469 3766 2543; x_wconf 83' lang='lat' dir='ltr'><strong>sapientia</strong></span> <span class='ocrx_word' id='word_1_679' title='bbox 3779 2467 3859 2536; x_wconf 83' lang='lat' dir='ltr'><strong>ejus.</strong></span> 
     </span>
    </p>
   </div>
   <div class='ocr_carea' id='block_1_82' title="bbox 2401 2561 3861 2641">
    <p class='ocr_par' dir='ltr' id='par_1_82' title="bbox 2401 2561 3861 2641">
     <span class='ocr_line' id='line_1_82' title="bbox 2401 2561 3861 2641; baseline -0.014 -7"><span class='ocrx_word' id='word_1_680' title='bbox 2401 2573 2472 2634; x_wconf 82' lang='lat' dir='ltr'><strong>Et</strong></span> <span class='ocrx_word' id='word_1_681' title='bbox 2491 2586 2756 2641; x_wconf 89' lang='lat' dir='ltr'><strong>nusquam</strong></span> <span class='ocrx_word' id='word_1_682' title='bbox 2811 2571 3060 2626; x_wconf 89' lang='lat' dir='ltr'><strong>invenies</strong></span> <span class='ocrx_word' id='word_1_683' title='bbox 3101 2569 3397 2626; x_wconf 85' lang='lat' dir='ltr'><strong>Dominum</strong></span> <span class='ocrx_word' id='word_1_684' title='bbox 3449 2571 3502 2624; x_wconf 91' lang='lat' dir='ltr'><strong>in</strong></span> <span class='ocrx_word' id='word_1_685' title='bbox 3547 2563 3777 2636; x_wconf 87' lang='lat' dir='ltr'><strong>Scripturis</strong></span> <span class='ocrx_word' id='word_1_686' title='bbox 3801 2561 3861 2614; x_wconf 83' lang='lat' dir='ltr'><strong>hoc</strong></span> 
     </span>
    </p>
   </div>
   <div class='ocr_carea' id='block_1_83' title="bbox 2406 2655 3860 2736">
    <p class='ocr_par' dir='ltr' id='par_1_83' title="bbox 2406 2655 3860 2736">
     <span class='ocr_line' id='line_1_83' title="bbox 2406 2655 3860 2736; baseline -0.01 -16"><span class='ocrx_word' id='word_1_687' title='bbox 2406 2667 2523 2736; x_wconf 90' lang='lat' dir='ltr'><strong>ipso</strong></span> <span class='ocrx_word' id='word_1_688' title='bbox 2561 2679 2811 2721; x_wconf 90' lang='lat' dir='ltr'><strong>sermone</strong></span> <span class='ocrx_word' id='word_1_689' title='bbox 2838 2679 3017 2730; x_wconf 89' lang='lat' dir='ltr'><strong>usum,</strong></span> <span class='ocrx_word' id='word_1_690' title='bbox 3048 2672 3108 2718; x_wconf 92' lang='lat' dir='ltr'><strong>ut</strong></span> <span class='ocrx_word' id='word_1_691' title='bbox 3151 2663 3383 2728; x_wconf 89' lang='lat' dir='ltr'><strong>diceret,</strong></span> <span class='ocrx_word' id='word_1_692' title='bbox 3427 2675 3522 2734; x_wconf 84' lang='lat' dir='ltr'><strong>ego</strong></span> <span class='ocrx_word' id='word_1_693' title='bbox 3566 2674 3667 2716; x_wconf 89' lang='lat' dir='ltr'><strong>sum</strong></span> <span class='ocrx_word' id='word_1_694' title='bbox 3689 2655 3860 2713; x_wconf 72' lang='lat' dir='ltr'><strong>Christus</strong></span> 
     </span>
    </p>
   </div>
   <div class='ocr_carea' id='block_1_84' title="bbox 2408 2745 3863 2827">
    <p class='ocr_par' dir='ltr' id='par_1_84' title="bbox 2408 2745 3863 2827">
     <span class='ocr_line' id='line_1_84' title="bbox 2408 2745 3863 2827; baseline -0.012 -13"><span class='ocrx_word' id='word_1_695' title='bbox 2408 2757 2721 2814; x_wconf 77' lang='lat' dir='ltr'><strong>Suﬂiciebat</strong></span> <span class='ocrx_word' id='word_1_696' title='bbox 2747 2758 2920 2827; x_wconf 80' lang='lat' dir='ltr'><strong>enim</strong></span> <span class='ocrx_word' id='word_1_697' title='bbox 2948 2758 3063 2813; x_wconf 90' lang='lat' dir='ltr'><strong>suis</strong></span> <span class='ocrx_word' id='word_1_698' title='bbox 3097 2757 3395 2814; x_wconf 90' lang='lat' dir='ltr'><strong>ostendere</strong></span> <span class='ocrx_word' id='word_1_699' title='bbox 3441 2752 3673 2810; x_wconf 86' lang='lat' dir='ltr'><strong>doctrinis</strong></span> <span class='ocrx_word' id='word_1_700' title='bbox 3699 2757 3740 2806; x_wconf 89' lang='lat' dir='ltr'><strong>et</strong></span> <span class='ocrx_word' id='word_1_701' title='bbox 3765 2745 3863 2801; x_wconf 81' lang='lat' dir='ltr'><strong>mira-</strong></span> 
     </span>
    </p>
   </div>
   <div class='ocr_carea' id='block_1_85' title="bbox 2408 2847 3861 2924">
    <p class='ocr_par' dir='ltr' id='par_1_85' title="bbox 2408 2847 3861 2924">
     <span class='ocr_line' id='line_1_85' title="bbox 2408 2847 3861 2924; baseline -0.005 -15"><span class='ocrx_word' id='word_1_702' title='bbox 2408 2853 2544 2909; x_wconf 91' lang='lat' dir='ltr'><strong>culis</strong></span> <span class='ocrx_word' id='word_1_703' title='bbox 2564 2853 2709 2923; x_wconf 91' lang='lat' dir='ltr'><strong>quod</strong></span> <span class='ocrx_word' id='word_1_704' title='bbox 2755 2854 2871 2924; x_wconf 87' lang='lat' dir='ltr'><strong>ipse</strong></span> <span class='ocrx_word' id='word_1_705' title='bbox 2913 2862 3080 2919; x_wconf 88' lang='lat' dir='ltr'><strong>esset,</strong></span> <span class='ocrx_word' id='word_1_706' title='bbox 3129 2853 3263 2923; x_wconf 87' lang='lat' dir='ltr'><strong>quia</strong></span> <span class='ocrx_word' id='word_1_707' title='bbox 3295 2868 3429 2923; x_wconf 88' lang='lat' dir='ltr'><strong>opus</strong></span> <span class='ocrx_word' id='word_1_708' title='bbox 3453 2850 3615 2908; x_wconf 84' lang='lat' dir='ltr'><strong>Patris</strong></span> <span class='ocrx_word' id='word_1_709' title='bbox 3643 2847 3688 2902; x_wconf 90' lang='lat' dir='ltr'><strong>in</strong></span> <span class='ocrx_word' id='word_1_710' title='bbox 3715 2849 3861 2902; x_wconf 69' lang='lat' dir='ltr'><strong>eoenl.</strong></span> 
     </span>
    </p>
   </div>
   <div class='ocr_carea' id='block_1_86' title="bbox 2409 2937 3862 3015">
    <p class='ocr_par' dir='ltr' id='par_1_86' title="bbox 2409 2937 3862 3015">
     <span class='ocr_line' id='line_1_86' title="bbox 2409 2937 3862 3015; baseline -0.004 -15"><span class='ocrx_word' id='word_1_711' title='bbox 2409 2954 2465 3000; x_wconf 88' lang='lat' dir='ltr'><strong>et</strong></span> <span class='ocrx_word' id='word_1_712' title='bbox 2495 2960 2676 3000; x_wconf 90' lang='lat' dir='ltr'><strong>sermo</strong></span> <span class='ocrx_word' id='word_1_713' title='bbox 2699 2945 2961 3001; x_wconf 76' lang='lat' dir='ltr'><strong>doctrina:</strong></span> <span class='ocrx_word' id='word_1_714' title='bbox 2985 2959 3148 3015; x_wconf 90' lang='lat' dir='ltr'><strong>quem</strong></span> <span class='ocrx_word' id='word_1_715' title='bbox 3174 2945 3431 3012; x_wconf 89' lang='lat' dir='ltr'><strong>docebat,</strong></span> <span class='ocrx_word' id='word_1_716' title='bbox 3459 2953 3512 3002; x_wconf 83' lang='lat' dir='ltr'><strong>et</strong></span> <span class='ocrx_word' id='word_1_717' title='bbox 3536 2943 3681 2998; x_wconf 86' lang='lat' dir='ltr'><strong>virtus</strong></span> <span class='ocrx_word' id='word_1_718' title='bbox 3696 2937 3862 2994; x_wconf 67' lang='lat' dir='ltr'><strong>clamem.</strong></span> 
     </span>
    </p>
   </div>
   <div class='ocr_carea' id='block_1_87' title="bbox 2409 3033 3862 3108">
    <p class='ocr_par' dir='ltr' id='par_1_87' title="bbox 2409 3033 3862 3108">
     <span class='ocr_line' id='line_1_87' title="bbox 2409 3033 3862 3108; baseline -0.006 -16"><span class='ocrx_word' id='word_1_719' title='bbox 2409 3051 2510 3108; x_wconf 87' lang='lat' dir='ltr'><strong>ego</strong></span> <span class='ocrx_word' id='word_1_720' title='bbox 2553 3052 2672 3092; x_wconf 88' lang='lat' dir='ltr'><strong>sum</strong></span> <span class='ocrx_word' id='word_1_721' title='bbox 2707 3037 2976 3102; x_wconf 90' lang='lat' dir='ltr'><strong>Christus,</strong></span> <span class='ocrx_word' id='word_1_722' title='bbox 3017 3036 3156 3090; x_wconf 89' lang='lat' dir='ltr'><strong>ultra</strong></span> <span class='ocrx_word' id='word_1_723' title='bbox 3202 3051 3365 3108; x_wconf 89' lang='lat' dir='ltr'><strong>quam</strong></span> <span class='ocrx_word' id='word_1_724' title='bbox 3405 3037 3450 3092; x_wconf 92' lang='lat' dir='ltr'><strong>si</strong></span> <span class='ocrx_word' id='word_1_725' title='bbox 3493 3033 3622 3091; x_wconf 87' lang='lat' dir='ltr'><strong>mille</strong></span> <span class='ocrx_word' id='word_1_726' title='bbox 3657 3043 3775 3086; x_wconf 80' lang='lat' dir='ltr'><strong>voces</strong></span> <span class='ocrx_word' id='word_1_727' title='bbox 3793 3038 3862 3079; x_wconf 74' lang='lat' dir='ltr'><strong>eum</strong></span> 
     </span>
    </p>
   </div>
   <div class='ocr_carea' id='block_1_88' title="bbox 2413 3117 3864 3192">
    <p class='ocr_par' dir='ltr' id='par_1_88' title="bbox 2413 3117 3864 3192">
     <span class='ocr_line' id='line_1_88' title="bbox 2413 3117 3864 3192; baseline -0.006 -9"><span class='ocrx_word' id='word_1_728' title='bbox 2413 3128 2728 3184; x_wconf 87' lang='lat' dir='ltr'><strong>clamarent.</strong></span> <span class='ocrx_word' id='word_1_729' title='bbox 2775 3127 2842 3182; x_wconf 87' lang='lat' dir='ltr'><strong>Et</strong></span> <span class='ocrx_word' id='word_1_730' title='bbox 2877 3127 2997 3182; x_wconf 90' lang='lat' dir='ltr'><strong>ideo</strong></span> <span class='ocrx_word' id='word_1_731' title='bbox 3040 3142 3198 3192; x_wconf 86' lang='lat' dir='ltr'><strong>voce,</strong></span> <span class='ocrx_word' id='word_1_732' title='bbox 3229 3128 3410 3183; x_wconf 86' lang='lat' dir='ltr'><strong>nescio</strong></span> <span class='ocrx_word' id='word_1_733' title='bbox 3435 3127 3479 3182; x_wconf 90' lang='lat' dir='ltr'><strong>si</strong></span> <span class='ocrx_word' id='word_1_734' title='bbox 3508 3123 3709 3180; x_wconf 87' lang='lat' dir='ltr'><strong>invenies</strong></span> <span class='ocrx_word' id='word_1_735' title='bbox 3729 3117 3864 3174; x_wconf 71' lang='lat' dir='ltr'><strong>dixisse.</strong></span> 
     </span>
    </p>
   </div>
   <div class='ocr_carea' id='block_1_89' title="bbox 2412 3209 3866 3292">
    <p class='ocr_par' dir='ltr' id='par_1_89' title="bbox 2412 3209 3866 3292">
     <span class='ocr_line' id='line_1_89' title="bbox 2412 3209 3866 3292; baseline -0.01 -16"><span class='ocrx_word' id='word_1_736' title='bbox 2412 3221 2506 3277; x_wconf 88' lang='lat' dir='ltr'><strong>sed</strong></span> <span class='ocrx_word' id='word_1_737' title='bbox 2533 3236 2632 3292; x_wconf 90' lang='lat' dir='ltr'><strong>per</strong></span> <span class='ocrx_word' id='word_1_738' title='bbox 2659 3235 2825 3291; x_wconf 86' lang='lat' dir='ltr'><strong>opera</strong></span> <span class='ocrx_word' id='word_1_739' title='bbox 2850 3219 3028 3275; x_wconf 87' lang='lat' dir='ltr'><strong>Patris</strong></span> <span class='ocrx_word' id='word_1_740' title='bbox 3072 3235 3130 3274; x_wconf 92' lang='lat' dir='ltr'><strong>se</strong></span> <span class='ocrx_word' id='word_1_741' title='bbox 3159 3218 3432 3285; x_wconf 86' lang='lat' dir='ltr'><strong>exhibuit,</strong></span> <span class='ocrx_word' id='word_1_742' title='bbox 3471 3227 3523 3274; x_wconf 89' lang='lat' dir='ltr'><strong>et</strong></span> <span class='ocrx_word' id='word_1_743' title='bbox 3555 3231 3640 3288; x_wconf 89' lang='lat' dir='ltr'><strong>per</strong></span> <span class='ocrx_word' id='word_1_744' title='bbox 3670 3209 3866 3268; x_wconf 74' lang='lat' dir='ltr'><strong>doctrinam</strong></span> 
     </span>
    </p>
   </div>
   <div class='ocr_carea' id='block_1_90' title="bbox 2411 3310 3867 3388">
    <p class='ocr_par' dir='ltr' id='par_1_90' title="bbox 2411 3310 3867 3388">
     <span class='ocr_line' id='line_1_90' title="bbox 2411 3310 3867 3388; baseline -0.001 -18"><span class='ocrx_word' id='word_1_745' title='bbox 2411 3314 2667 3388; x_wconf 89' lang='lat' dir='ltr'><strong>pietatis;</strong></span> <span class='ocrx_word' id='word_1_746' title='bbox 2698 3329 2861 3386; x_wconf 88' lang='lat' dir='ltr'><strong>quam</strong></span> <span class='ocrx_word' id='word_1_747' title='bbox 2890 3313 3303 3384; x_wconf 84' lang='lat' dir='ltr'><strong>pseudochristi</strong></span> <span class='ocrx_word' id='word_1_748' title='bbox 3332 3327 3438 3367; x_wconf 89' lang='lat' dir='ltr'><strong>non</strong></span> <span class='ocrx_word' id='word_1_749' title='bbox 3491 3310 3728 3368; x_wconf 80' lang='lat' dir='ltr'><strong>habentes,</strong></span> <span class='ocrx_word' id='word_1_750' title='bbox 3755 3311 3867 3368; x_wconf 70' lang='grc' dir='ltr'><strong>τερῖθ·</strong></span> 
     </span>
    </p>
   </div>
   <div class='ocr_carea' id='block_1_91' title="bbox 2414 3392 3866 3476">
    <p class='ocr_par' dir='ltr' id='par_1_91' title="bbox 2414 3392 3866 3476">
     <span class='ocr_line' id='line_1_91' title="bbox 2414 3392 3866 3476; baseline -0.014 -13"><span class='ocrx_word' id='word_1_751' title='bbox 2414 3408 2702 3463; x_wconf 88' lang='lat' dir='ltr'><strong>mittebant</strong></span> <span class='ocrx_word' id='word_1_752' title='bbox 2743 3423 2803 3463; x_wconf 88' lang='lat' dir='ltr'><strong>se</strong></span> <span class='ocrx_word' id='word_1_753' title='bbox 2848 3408 3072 3462; x_wconf 88' lang='lat' dir='ltr'><strong>vocibus</strong></span> <span class='ocrx_word' id='word_1_754' title='bbox 3115 3421 3264 3473; x_wconf 88' lang='lat' dir='ltr'><strong>esse,</strong></span> <span class='ocrx_word' id='word_1_755' title='bbox 3295 3405 3440 3476; x_wconf 87' lang='lat' dir='ltr'><strong>quod</strong></span> <span class='ocrx_word' id='word_1_756' title='bbox 3483 3418 3580 3459; x_wconf 92' lang='lat' dir='ltr'><strong>non</strong></span> <span class='ocrx_word' id='word_1_757' title='bbox 3606 3406 3743 3457; x_wconf 83' lang='lat' dir='ltr'><strong>erant.</strong></span> <span class='ocrx_word' id='word_1_758' title='bbox 3778 3392 3866 3448; x_wconf 81' lang='lat' dir='ltr'><strong>Sicut</strong></span> 
     </span>
    </p>
   </div>
   <div class='ocr_carea' id='block_1_92' title="bbox 2415 3491 3867 3568">
    <p class='ocr_par' dir='ltr' id='par_1_92' title="bbox 2415 3491 3867 3568">
     <span class='ocr_line' id='line_1_92' title="bbox 2415 3491 3867 3568; baseline -0.006 -18"><span class='ocrx_word' id='word_1_759' title='bbox 2415 3496 2742 3552; x_wconf 69' lang='lat' dir='ltr'><strong>Manichaaus</strong></span> <span class='ocrx_word' id='word_1_760' title='bbox 2771 3511 2829 3551; x_wconf 89' lang='lat' dir='ltr'><strong>se</strong></span> <span class='ocrx_word' id='word_1_761' title='bbox 2861 3511 2982 3552; x_wconf 89' lang='lat' dir='ltr'><strong>esse</strong></span> <span class='ocrx_word' id='word_1_762' title='bbox 3010 3495 3220 3552; x_wconf 79' lang='lat' dir='ltr'><strong>dixisse</strong></span> <span class='ocrx_word' id='word_1_763' title='bbox 3241 3496 3442 3568; x_wconf 84' lang='lat' dir='ltr'><strong>legitur</strong></span> <span class='ocrx_word' id='word_1_764' title='bbox 3466 3492 3694 3565; x_wconf 89' lang='lat' dir='ltr'><strong>Spiritum</strong></span> <span class='ocrx_word' id='word_1_765' title='bbox 3718 3491 3867 3542; x_wconf 73' lang='lat' dir='ltr'><strong>sanctum</strong></span> 
     </span>
    </p>
   </div>
   <div class='ocr_carea' id='block_1_93' title="bbox 2417 3583 3872 3661">
    <p class='ocr_par' dir='ltr' id='par_1_93' title="bbox 2417 3583 3872 3661">
     <span class='ocr_line' id='line_1_93' title="bbox 2417 3583 3872 3661; baseline -0.001 -17"><span class='ocrx_word' id='word_1_766' title='bbox 2417 3590 2560 3661; x_wconf 89' lang='lat' dir='ltr'><strong>quod</strong></span> <span class='ocrx_word' id='word_1_767' title='bbox 2583 3605 2861 3660; x_wconf 88' lang='lat' dir='ltr'><strong>nunquam</strong></span> <span class='ocrx_word' id='word_1_768' title='bbox 2899 3587 3133 3659; x_wconf 86' lang='lat' dir='ltr'><strong>Spiritus</strong></span> <span class='ocrx_word' id='word_1_769' title='bbox 3163 3599 3394 3644; x_wconf 89' lang='lat' dir='ltr'><strong>sanctus</strong></span> <span class='ocrx_word' id='word_1_770' title='bbox 3443 3586 3563 3644; x_wconf 80' lang='lat' dir='ltr'><strong>fecit</strong></span> <span class='ocrx_word' id='word_1_771' title='bbox 3604 3583 3660 3638; x_wconf 91' lang='lat' dir='ltr'><strong>de</strong></span> <span class='ocrx_word' id='word_1_772' title='bbox 3683 3595 3740 3645; x_wconf 80' lang='lat' dir='ltr'><strong>sc,</strong></span> <span class='ocrx_word' id='word_1_773' title='bbox 3770 3584 3872 3643; x_wconf 74' lang='grc' dir='ltr'>ιιαιυο</span> 
     </span>
    </p>
   </div>
   <div class='ocr_carea' id='block_1_94' title="bbox 2416 3676 3872 3752">
    <p class='ocr_par' dir='ltr' id='par_1_94' title="bbox 2416 3676 3872 3752">
     <span class='ocr_line' id='line_1_94' title="bbox 2416 3676 3872 3752; baseline -0.009 -18"><span class='ocrx_word' id='word_1_774' title='bbox 2416 3681 2469 3734; x_wconf 91' lang='lat' dir='ltr'><strong>in</strong></span> <span class='ocrx_word' id='word_1_775' title='bbox 2501 3694 2651 3746; x_wconf 88' lang='lat' dir='ltr'><strong>voce,</strong></span> <span class='ocrx_word' id='word_1_776' title='bbox 2680 3695 2855 3749; x_wconf 89' lang='lat' dir='ltr'><strong>neque</strong></span> <span class='ocrx_word' id='word_1_777' title='bbox 2893 3679 2945 3734; x_wconf 90' lang='lat' dir='ltr'><strong>in</strong></span> <span class='ocrx_word' id='word_1_778' title='bbox 2976 3679 3155 3751; x_wconf 89' lang='lat' dir='ltr'><strong>aliqua</strong></span> <span class='ocrx_word' id='word_1_779' title='bbox 3188 3679 3476 3752; x_wconf 88' lang='lat' dir='ltr'><strong>prophetia</strong></span> <span class='ocrx_word' id='word_1_780' title='bbox 3503 3676 3872 3748; x_wconf 64' lang='lat' dir='ltr'><strong>praemonstransse</strong></span> 
     </span>
    </p>
   </div>
   <div class='ocr_carea' id='block_1_95' title="bbox 2417 3751 3872 3838">
    <p class='ocr_par' dir='ltr' id='par_1_95' title="bbox 2417 3751 3872 3838">
     <span class='ocr_line' id='line_1_95' title="bbox 2417 3751 3872 3838; baseline -0.013 -12"><span class='ocrx_word' id='word_1_781' title='bbox 2417 3771 2470 3826; x_wconf 89' lang='lat' dir='ltr'><strong>in</strong></span> <span class='ocrx_word' id='word_1_782' title='bbox 2503 3785 2669 3827; x_wconf 87' lang='lat' dir='ltr'><strong>carne</strong></span> <span class='ocrx_word' id='word_1_783' title='bbox 2691 3778 2999 3826; x_wconf 87' lang='lat' dir='ltr'><strong>venturum.</strong></span> <span class='ocrx_word' id='word_1_784' title='bbox 3035 3751 3203 3825; x_wconf 15' lang='lat' dir='ltr'><strong>Sicuti</strong></span> <span class='ocrx_word' id='word_1_785' title='bbox 3224 3751 3437 3836; x_wconf 86' lang='lat' dir='ltr'><strong>Simon,</strong></span> <span class='ocrx_word' id='word_1_786' title='bbox 3462 3769 3524 3824; x_wconf 88' lang='lat' dir='ltr'><strong>de</strong></span> <span class='ocrx_word' id='word_1_787' title='bbox 3551 3781 3644 3838; x_wconf 90' lang='lat' dir='ltr'><strong>quo</strong></span> <span class='ocrx_word' id='word_1_788' title='bbox 3665 3774 3778 3831; x_wconf 84' lang='lat' dir='ltr'><strong>supra</strong></span> <span class='ocrx_word' id='word_1_789' title='bbox 3794 3751 3872 3814; x_wconf 73' lang='lat' dir='ltr'><strong>diri,</strong></span> 
     </span>
    </p>
   </div>
   <div class='ocr_carea' id='block_1_96' title="bbox 2419 3845 3872 3932">
    <p class='ocr_par' dir='ltr' id='par_1_96' title="bbox 2419 3845 3872 3932">
     <span class='ocr_line' id='line_1_96' title="bbox 2419 3845 3872 3932; baseline -0.009 -14"><span class='ocrx_word' id='word_1_790' title='bbox 2419 3863 2509 3932; x_wconf 90' lang='lat' dir='ltr'><strong>qui</strong></span> <span class='ocrx_word' id='word_1_791' title='bbox 2542 3877 2647 3918; x_wconf 93' lang='lat' dir='ltr'><strong>non</strong></span> <span class='ocrx_word' id='word_1_792' title='bbox 2671 3863 2844 3918; x_wconf 90' lang='lat' dir='ltr'><strong>solum</strong></span> <span class='ocrx_word' id='word_1_793' title='bbox 2869 3863 2972 3917; x_wconf 92' lang='lat' dir='ltr'><strong>hoc</strong></span> <span class='ocrx_word' id='word_1_794' title='bbox 3007 3862 3249 3929; x_wconf 85' lang='lat' dir='ltr'><strong>dicebat,</strong></span> <span class='ocrx_word' id='word_1_795' title='bbox 3275 3864 3369 3920; x_wconf 89' lang='lat' dir='ltr'><strong>sed</strong></span> <span class='ocrx_word' id='word_1_796' title='bbox 3415 3862 3514 3916; x_wconf 89' lang='lat' dir='ltr'><strong>alia</strong></span> <span class='ocrx_word' id='word_1_797' title='bbox 3549 3845 3872 3932; x_wconf 77' lang='lat' dir='ltr'><strong>quamplura.</strong></span> 
     </span>
    </p>
   </div>
   <div class='ocr_carea' id='block_1_97' title="bbox 2419 3931 3873 4026">
    <p class='ocr_par' dir='ltr' id='par_1_97' title="bbox 2419 3931 3873 4026">
     <span class='ocr_line' id='line_1_97' title="bbox 2419 3931 3873 4026; baseline -0.003 -16"><span class='ocrx_word' id='word_1_798' title='bbox 2419 3931 2526 4026; x_wconf 86' lang='lat' dir='ltr'><strong>quo</strong></span> <span class='ocrx_word' id='word_1_799' title='bbox 2554 3954 2913 4026; x_wconf 84' lang='lat' dir='ltr'><strong>Hieronymus</strong></span> <span class='ocrx_word' id='word_1_800' title='bbox 2944 3953 3222 4009; x_wconf 87' lang='lat' dir='ltr'><strong>invenisse</strong></span> <span class='ocrx_word' id='word_1_801' title='bbox 3271 3955 3327 4009; x_wconf 92' lang='lat' dir='ltr'><strong>in</strong></span> <span class='ocrx_word' id='word_1_802' title='bbox 3352 3953 3503 4009; x_wconf 89' lang='lat' dir='ltr'><strong>libris</strong></span> <span class='ocrx_word' id='word_1_803' title='bbox 3540 3951 3640 4006; x_wconf 85' lang='lat' dir='ltr'><strong>suis</strong></span> <span class='ocrx_word' id='word_1_804' title='bbox 3667 3945 3774 4006; x_wconf 86' lang='lat' dir='ltr'><strong>dicit,</strong></span> <span class='ocrx_word' id='word_1_805' title='bbox 3792 3931 3873 4006; x_wconf 66' lang='lat' dir='ltr'><strong>ll“0d</strong></span> 
     </span>
    </p>
   </div>
   <div class='ocr_carea' id='block_1_98' title="bbox 2421 4031 3873 4122">
    <p class='ocr_par' dir='ltr' id='par_1_98' title="bbox 2421 4031 3873 4122">
     <span class='ocr_line' id='line_1_98' title="bbox 2421 4031 3873 4122; baseline -0.01 -22"><span class='ocrx_word' id='word_1_806' title='bbox 2421 4045 2621 4100; x_wconf 90' lang='lat' dir='ltr'><strong>dixerit</strong></span> <span class='ocrx_word' id='word_1_807' title='bbox 2655 4063 2668 4098; x_wconf 92' lang='lat'><strong>:</strong></span> <span class='ocrx_word' id='word_1_808' title='bbox 2706 4044 2819 4115; x_wconf 85' lang='lat' dir='ltr'><strong>Ego</strong></span> <span class='ocrx_word' id='word_1_809' title='bbox 2862 4059 2983 4099; x_wconf 90' lang='lat' dir='ltr'><strong>sum</strong></span> <span class='ocrx_word' id='word_1_810' title='bbox 3025 4059 3209 4099; x_wconf 87' lang='lat' dir='ltr'><strong>sermo</strong></span> <span class='ocrx_word' id='word_1_811' title='bbox 3258 4043 3378 4109; x_wconf 89' lang='lat' dir='ltr'><strong>Dei,</strong></span> <span class='ocrx_word' id='word_1_812' title='bbox 3409 4058 3506 4111; x_wconf 85' lang='lat' dir='ltr'><strong>ego</strong></span> <span class='ocrx_word' id='word_1_813' title='bbox 3545 4055 3649 4096; x_wconf 90' lang='lat' dir='ltr'><strong>sum</strong></span> <span class='ocrx_word' id='word_1_814' title='bbox 3685 4031 3873 4122; x_wconf 60' lang='grc' dir='ltr'><strong>ερεεὲοξιιξι</strong></span> 
     </span>
    </p>
   </div>
   <div class='ocr_carea' id='block_1_99' title="bbox 2422 4116 3875 4210">
    <p class='ocr_par' dir='ltr' id='par_1_99' title="bbox 2422 4116 3875 4210">
     <span class='ocr_line' id='line_1_99' title="bbox 2422 4116 3875 4210; baseline -0.016 -14"><span class='ocrx_word' id='word_1_815' title='bbox 2422 4155 2525 4210; x_wconf 86' lang='lat' dir='ltr'><strong>ego</strong></span> <span class='ocrx_word' id='word_1_816' title='bbox 2567 4138 2896 4210; x_wconf 86' lang='lat' dir='ltr'><strong>paracletus,</strong></span> <span class='ocrx_word' id='word_1_817' title='bbox 2946 4152 3047 4209; x_wconf 85' lang='lat' dir='ltr'><strong>ego</strong></span> <span class='ocrx_word' id='word_1_818' title='bbox 3101 4137 3473 4207; x_wconf 86' lang='lat' dir='ltr'><strong>omnipotens,</strong></span> <span class='ocrx_word' id='word_1_819' title='bbox 3523 4148 3613 4204; x_wconf 83' lang='lat' dir='ltr'><strong>ego</strong></span> <span class='ocrx_word' id='word_1_820' title='bbox 3654 4127 3780 4184; x_wconf 78' lang='lat' dir='ltr'><strong>omnia</strong></span> 
     </span>
    </p>
   </div>
   <div class='ocr_carea' id='block_1_100' title="bbox 2423 4204 3878 4298">
    <p class='ocr_par' dir='ltr' id='par_1_100' title="bbox 2423 4204 3878 4298">
     <span class='ocr_line' id='line_1_100' title="bbox 2423 4204 3878 4298; baseline -0.021 -12"><span class='ocrx_word' id='word_1_821' title='bbox 2423 4204 2586 4298; x_wconf 43' lang='lat' dir='ltr'><strong>Quid-</strong></span> <span class='ocrx_word' id='word_1_822' title='bbox 2608 4229 2756 4284; x_wconf 90' lang='lat' dir='ltr'><strong>enim</strong></span> <span class='ocrx_word' id='word_1_823' title='bbox 2786 4243 2893 4284; x_wconf 91' lang='lat' dir='ltr'><strong>non</strong></span> <span class='ocrx_word' id='word_1_824' title='bbox 2938 4204 3152 4283; x_wconf 70' lang='lat' dir='ltr'><strong>dicebat</strong></span> <span class='ocrx_word' id='word_1_825' title='bbox 3178 4204 3275 4298; x_wconf 85' lang='lat' dir='ltr'><strong>qui</strong></span> <span class='ocrx_word' id='word_1_826' title='bbox 3323 4228 3428 4282; x_wconf 93' lang='lat' dir='ltr'><strong>hoc</strong></span> <span class='ocrx_word' id='word_1_827' title='bbox 3458 4234 3510 4280; x_wconf 91' lang='lat' dir='ltr'><strong>et</strong></span> <span class='ocrx_word' id='word_1_828' title='bbox 3539 4231 3611 4278; x_wconf 90' lang='lat' dir='ltr'><strong>tot</strong></span> <span class='ocrx_word' id='word_1_829' title='bbox 3639 4209 3814 4274; x_wconf 77' lang='lat' dir='ltr'><strong>dicebat?</strong></span> <span class='ocrx_word' id='word_1_830' title='bbox 3837 4204 3878 4258; x_wconf 78' lang='lat' dir='ltr'><strong>Ita</strong></span> 
     </span>
    </p>
   </div>
   <div class='ocr_carea' id='block_1_101' title="bbox 2422 4307 3878 4385">
    <p class='ocr_par' dir='ltr' id='par_1_101' title="bbox 2422 4307 3878 4385">
     <span class='ocr_line' id='line_1_101' title="bbox 2422 4307 3878 4385; baseline -0.019 -5"><span class='ocrx_word' id='word_1_831' title='bbox 2422 4331 2478 4380; x_wconf 86' lang='lat' dir='ltr'><strong>et</strong></span> <span class='ocrx_word' id='word_1_832' title='bbox 2504 4330 2698 4378; x_wconf 64' lang='lat' dir='ltr'><strong>caetera</strong></span> <span class='ocrx_word' id='word_1_833' title='bbox 2729 4320 3035 4375; x_wconf 82' lang='lat' dir='ltr'><strong>antichriSIi</strong></span> <span class='ocrx_word' id='word_1_834' title='bbox 3081 4321 3353 4385; x_wconf 88' lang='lat' dir='ltr'><strong>membra,</strong></span> <span class='ocrx_word' id='word_1_835' title='bbox 3385 4315 3518 4374; x_wconf 88' lang='lat' dir='ltr'><strong>nihil</strong></span> <span class='ocrx_word' id='word_1_836' title='bbox 3561 4309 3685 4368; x_wconf 88' lang='lat' dir='ltr'><strong>aliud</strong></span> <span class='ocrx_word' id='word_1_837' title='bbox 3716 4315 3823 4376; x_wconf 83' lang='lat' dir='ltr'><strong>quam</strong></span> <span class='ocrx_word' id='word_1_838' title='bbox 3847 4307 3878 4348; x_wconf 66' lang='lat' dir='ltr'><strong>se</strong></span> 
     </span>
    </p>
   </div>
   <div class='ocr_carea' id='block_1_102' title="bbox 2424 4385 3880 4486">
    <p class='ocr_par' dir='ltr' id='par_1_102' title="bbox 2424 4385 3880 4486">
     <span class='ocr_line' id='line_1_102' title="bbox 2424 4385 3880 4486; baseline -0.016 -17"><span class='ocrx_word' id='word_1_839' title='bbox 2424 4414 2660 4469; x_wconf 89' lang='lat' dir='ltr'><strong>christos</strong></span> <span class='ocrx_word' id='word_1_840' title='bbox 2684 4418 2778 4466; x_wconf 89' lang='lat' dir='ltr'><strong>aut</strong></span> <span class='ocrx_word' id='word_1_841' title='bbox 2807 4418 2956 4466; x_wconf 91' lang='lat' dir='ltr'><strong>certe</strong></span> <span class='ocrx_word' id='word_1_842' title='bbox 2994 4407 3198 4464; x_wconf 89' lang='lat' dir='ltr'><strong>Christi</strong></span> <span class='ocrx_word' id='word_1_843' title='bbox 3232 4407 3546 4464; x_wconf 76' lang='lat' dir='ltr'><strong>fatebantur</strong></span> <span class='ocrx_word' id='word_1_844' title='bbox 3570 4385 3880 4486; x_wconf 35' lang='lat' dir='ltr'><strong>membmblnfié</strong></span> 
     </span>
    </p>
   </div>
   <div class='ocr_carea' id='block_1_103' title="bbox 2426 4479 3882 4572">
    <p class='ocr_par' dir='ltr' id='par_1_103' title="bbox 2426 4479 3882 4572">
     <span class='ocr_line' id='line_1_103' title="bbox 2426 4479 3882 4572; baseline -0.014 -10"><span class='ocrx_word' id='word_1_845' title='bbox 2426 4521 2527 4561; x_wconf 91' lang='lat' dir='ltr'><strong>nec</strong></span> <span class='ocrx_word' id='word_1_846' title='bbox 2548 4505 2748 4560; x_wconf 91' lang='lat' dir='ltr'><strong>mirum</strong></span> <span class='ocrx_word' id='word_1_847' title='bbox 2796 4503 2841 4558; x_wconf 92' lang='lat' dir='ltr'><strong>si</strong></span> <span class='ocrx_word' id='word_1_848' title='bbox 2887 4501 3098 4572; x_wconf 87' lang='lat' dir='ltr'><strong>aliquos</strong></span> <span class='ocrx_word' id='word_1_849' title='bbox 3144 4499 3435 4564; x_wconf 87' lang='lat' dir='ltr'><strong>seducant,</strong></span> <span class='ocrx_word' id='word_1_850' title='bbox 3467 4494 3626 4568; x_wconf 83' lang='lat' dir='ltr'><strong>signis</strong></span> <span class='ocrx_word' id='word_1_851' title='bbox 3659 4479 3882 4572; x_wconf 55' lang='lat' dir='ltr'><strong>etproditllS</strong></span> 
     </span>
    </p>
   </div>
   <div class='ocr_carea' id='block_1_104' title="bbox 2427 4568 3885 4663">
    <p class='ocr_par' dir='ltr' id='par_1_104' title="bbox 2427 4568 3885 4663">
     <span class='ocr_line' id='line_1_104' title="bbox 2427 4568 3885 4663; baseline -0.014 -11"><span class='ocrx_word' id='word_1_852' title='bbox 2427 4599 2772 4663; x_wconf 87' lang='lat' dir='ltr'><strong>laborantes,</strong></span> <span class='ocrx_word' id='word_1_853' title='bbox 2823 4609 2948 4651; x_wconf 87' lang='lat' dir='ltr'><strong>cum</strong></span> <span class='ocrx_word' id='word_1_854' title='bbox 2977 4568 3268 4649; x_wconf 72' lang='lat' dir='ltr'><strong>Dominus</strong></span> <span class='ocrx_word' id='word_1_855' title='bbox 3315 4592 3462 4649; x_wconf 91' lang='lat' dir='ltr'><strong>dicat</strong></span> <span class='ocrx_word' id='word_1_856' title='bbox 3507 4596 3558 4645; x_wconf 88' lang='lat' dir='ltr'><strong>et</strong></span> <span class='ocrx_word' id='word_1_857' title='bbox 3609 4581 3764 4640; x_wconf 79' lang='lat' dir='ltr'><strong>multos</strong></span> <span class='ocrx_word' id='word_1_858' title='bbox 3796 4568 3885 4626; x_wconf 64' lang='grc' dir='ltr'><strong>θεάσ-</strong></span> 
     </span>
    </p>
   </div>
   <div class='ocr_carea' id='block_1_105' title="bbox 2427 4702 2570 4750">
    <p class='ocr_par' dir='ltr' id='par_1_105' title="bbox 2427 4702 2570 4750">
     <span class='ocr_line' id='line_1_105' title="bbox 2427 4702 2570 4750; baseline -0.021 0"><span class='ocrx_word' id='word_1_859' title='bbox 2427 4702 2570 4750; x_wconf 86' lang='lat' dir='ltr'><strong>cent.</strong></span> 
     </span>
    </p>
   </div>
   <div class='ocr_carea' id='block_1_106' title="bbox 2498 4761 3885 4853">
    <p class='ocr_par' dir='ltr' id='par_1_106' title="bbox 2498 4761 3885 4853">
     <span class='ocr_line' id='line_1_106' title="bbox 2498 4761 3885 4853; baseline -0.017 -13"><span class='ocrx_word' id='word_1_860' title='bbox 2498 4785 2749 4840; x_wconf 80' lang='lat' dir='ltr'><strong>Audituri</strong></span> <span class='ocrx_word' id='word_1_861' title='bbox 2775 4784 2911 4838; x_wconf 83' lang='lat' dir='ltr'><strong>enim</strong></span> <span class='ocrx_word' id='word_1_862' title='bbox 2933 4782 3062 4836; x_wconf 84' lang='lat' dir='ltr'><strong>estis</strong></span> <span class='ocrx_word' id='word_1_863' title='bbox 3090 4779 3304 4853; x_wconf 69' lang='lat' dir='ltr'><strong>pratia,</strong></span> <span class='ocrx_word' id='word_1_864' title='bbox 3326 4790 3376 4836; x_wconf 88' lang='lat' dir='ltr'><strong>et</strong></span> <span class='ocrx_word' id='word_1_865' title='bbox 3411 4777 3659 4849; x_wconf 83' lang='lat' dir='ltr'><strong>opiniones</strong></span> <span class='ocrx_word' id='word_1_866' title='bbox 3673 4761 3885 4841; x_wconf 59' lang='lat' dir='ltr'><strong>prdit”:</strong></span> 
     </span>
    </p>
   </div>
   <div class='ocr_carea' id='block_1_107' title="bbox 2427 4857 3887 4946">
    <p class='ocr_par' dir='ltr' id='par_1_107' title="bbox 2427 4857 3887 4946">
     <span class='ocr_line' id='line_1_107' title="bbox 2427 4857 3887 4946; baseline -0.007 -13"><span class='ocrx_word' id='word_1_867' title='bbox 2427 4879 2592 4934; x_wconf 83' lang='lat' dir='ltr'><strong>videte</strong></span> <span class='ocrx_word' id='word_1_868' title='bbox 2617 4894 2680 4932; x_wconf 88' lang='lat' dir='ltr'><strong>ne</strong></span> <span class='ocrx_word' id='word_1_869' title='bbox 2727 4875 3020 4930; x_wconf 87' lang='lat' dir='ltr'><strong>turbemini.</strong></span> <span class='ocrx_word' id='word_1_870' title='bbox 3079 4872 3300 4946; x_wconf 82' lang='lat' dir='ltr'><strong>Oportet</strong></span> <span class='ocrx_word' id='word_1_871' title='bbox 3341 4872 3482 4927; x_wconf 86' lang='lat' dir='ltr'><strong>enim</strong></span> <span class='ocrx_word' id='word_1_872' title='bbox 3508 4870 3611 4925; x_wconf 71' lang='lat' dir='ltr'><strong>hac</strong></span> <span class='ocrx_word' id='word_1_873' title='bbox 3632 4859 3742 4935; x_wconf 62' lang='lat' dir='ltr'><strong>ﬁeri,</strong></span> <span class='ocrx_word' id='word_1_874' title='bbox 3771 4861 3804 4946; x_wconf 59' lang='grc' dir='ltr'><strong>ἔτ</strong></span> <span class='ocrx_word' id='word_1_875' title='bbox 3831 4857 3887 4900; x_wconf 79' lang='grc'><strong>³⁰¹</strong></span> 
     </span>
    </p>
   </div>
   <div class='ocr_carea' id='block_1_108' title="bbox 2427 4945 3887 5038">
    <p class='ocr_par' dir='ltr' id='par_1_108' title="bbox 2427 4945 3887 5038">
     <span class='ocr_line' id='line_1_108' title="bbox 2427 4945 3887 5038; baseline -0.008 -15"><span class='ocrx_word' id='word_1_876' title='bbox 2427 4970 2606 5024; x_wconf 79' lang='lat' dir='ltr'><strong>statim</strong></span> <span class='ocrx_word' id='word_1_877' title='bbox 2653 4968 2795 5038; x_wconf 81' lang='lat' dir='ltr'><strong>ﬁnis.</strong></span> <span class='ocrx_word' id='word_1_878' title='bbox 2836 4966 2990 5034; x_wconf 91' lang='lat' dir='ltr'><strong>Quod</strong></span> <span class='ocrx_word' id='word_1_879' title='bbox 3034 4947 3218 5035; x_wconf 82' lang='lat' dir='ltr'><strong>itaque</strong></span> <span class='ocrx_word' id='word_1_880' title='bbox 3254 4964 3494 5036; x_wconf 87' lang='lat' dir='ltr'><strong>signum,</strong></span> <span class='ocrx_word' id='word_1_881' title='bbox 3536 4973 3634 5014; x_wconf 90' lang='lat' dir='ltr'><strong>non</strong></span> <span class='ocrx_word' id='word_1_882' title='bbox 3659 4960 3726 5009; x_wconf 68' lang='lat' dir='ltr'><strong>est</strong></span> <span class='ocrx_word' id='word_1_883' title='bbox 3757 4945 3887 5038; x_wconf 59' lang='grc' dir='ltr'><strong>είιιξυξπ</strong></span> 
     </span>
    </p>
   </div>
   <div class='ocr_carea' id='block_1_109' title="bbox 2429 5031 3890 5131">
    <p class='ocr_par' dir='ltr' id='par_1_109' title="bbox 2429 5031 3890 5131">
     <span class='ocr_line' id='line_1_109' title="bbox 2429 5031 3890 5131; baseline -0.015 -12"><span class='ocrx_word' id='word_1_884' title='bbox 2429 5063 2596 5121; x_wconf 80' lang='lat' dir='ltr'><strong>futuri</strong></span> <span class='ocrx_word' id='word_1_885' title='bbox 2627 5031 2829 5124; x_wconf 68' lang='lat' dir='ltr'><strong>saeculi,</strong></span> <span class='ocrx_word' id='word_1_886' title='bbox 2861 5031 3045 5130; x_wconf 77' lang='lat' dir='ltr'><strong>neque</strong></span> <span class='ocrx_word' id='word_1_887' title='bbox 3085 5031 3588 5131; x_wconf 44' lang='lat' dir='ltr'><strong>signum&#39;adventus</strong></span> <span class='ocrx_word' id='word_1_888' title='bbox 3623 5031 3890 5131; x_wconf 65' lang='lat' dir='ltr'><strong>ChriSIi.0“l‘_</strong></span> 
     </span>
    </p>
   </div>
   <div class='ocr_carea' id='block_1_110' title="bbox 2428 5125 3892 5222">
    <p class='ocr_par' dir='ltr' id='par_1_110' title="bbox 2428 5125 3892 5222">
     <span class='ocr_line' id='line_1_110' title="bbox 2428 5125 3892 5222; baseline -0.015 -12"><span class='ocrx_word' id='word_1_889' title='bbox 2428 5164 2482 5211; x_wconf 90' lang='lat' dir='ltr'><strong>et</strong></span> <span class='ocrx_word' id='word_1_890' title='bbox 2511 5164 2635 5209; x_wconf 90' lang='lat' dir='ltr'><strong>ante</strong></span> <span class='ocrx_word' id='word_1_891' title='bbox 2657 5125 3178 5208; x_wconf 41' lang='lat' dir='ltr'><strong>adventum-Christi</strong></span> <span class='ocrx_word' id='word_1_892' title='bbox 3213 5159 3272 5206; x_wconf 90' lang='lat' dir='ltr'><strong>et</strong></span> <span class='ocrx_word' id='word_1_893' title='bbox 3300 5157 3512 5222; x_wconf 89' lang='lat' dir='ltr'><strong>postea,</strong></span> <span class='ocrx_word' id='word_1_894' title='bbox 3540 5157 3652 5200; x_wconf 89' lang='lat' dir='ltr'><strong>mox</strong></span> <span class='ocrx_word' id='word_1_895' title='bbox 3689 5133 3842 5191; x_wconf 67' lang='lat' dir='ltr'><strong>(iterum</strong></span> <span class='ocrx_word' id='word_1_896' title='bbox 3861 5125 3892 5170; x_wconf 68' lang='grc' dir='ltr'>ει</span> 
     </span>
    </p>
   </div>
   <div class='ocr_carea' id='block_1_111' title="bbox 2431 5225 3890 5313">
    <p class='ocr_par' dir='ltr' id='par_1_111' title="bbox 2431 5225 3890 5313">
     <span class='ocr_line' id='line_1_111' title="bbox 2431 5225 3890 5313; baseline -0.009 -13"><span class='ocrx_word' id='word_1_897' title='bbox 2431 5246 2613 5301; x_wconf 89' lang='lat' dir='ltr'><strong>audita</strong></span> <span class='ocrx_word' id='word_1_898' title='bbox 2661 5252 2789 5300; x_wconf 88' lang='lat' dir='ltr'><strong>sunt</strong></span> <span class='ocrx_word' id='word_1_899' title='bbox 2843 5251 2899 5298; x_wconf 88' lang='lat' dir='ltr'><strong>et</strong></span> <span class='ocrx_word' id='word_1_900' title='bbox 2940 5243 3055 5298; x_wconf 89' lang='lat' dir='ltr'><strong>visa</strong></span> <span class='ocrx_word' id='word_1_901' title='bbox 3103 5242 3394 5297; x_wconf 77' lang='lat' dir='ltr'><strong>innumera</strong></span> <span class='ocrx_word' id='word_1_902' title='bbox 3434 5236 3709 5311; x_wconf 64' lang='lat' dir='ltr'><strong>praeliorum</strong></span> <span class='ocrx_word' id='word_1_903' title='bbox 3747 5225 3890 5313; x_wconf 48' lang='lat' dir='ltr'><strong>me?!</strong></span> 
     </span>
    </p>
   </div>
   <div class='ocr_carea' id='block_1_112' title="bbox 2431 5307 3890 5406">
    <p class='ocr_par' dir='ltr' id='par_1_112' title="bbox 2431 5307 3890 5406">
     <span class='ocr_line' id='line_1_112' title="bbox 2431 5307 3890 5406; baseline -0.015 -13"><span class='ocrx_word' id='word_1_904' title='bbox 2431 5338 2572 5393; x_wconf 91' lang='lat' dir='ltr'><strong>sicut</strong></span> <span class='ocrx_word' id='word_1_905' title='bbox 2621 5345 2677 5392; x_wconf 90' lang='lat' dir='ltr'><strong>et</strong></span> <span class='ocrx_word' id='word_1_906' title='bbox 2703 5332 3110 5406; x_wconf 88' lang='lat' dir='ltr'><strong>pseudochristi</strong></span> <span class='ocrx_word' id='word_1_907' title='bbox 3145 5331 3303 5387; x_wconf 90' lang='lat' dir='ltr'><strong>multi</strong></span> <span class='ocrx_word' id='word_1_908' title='bbox 3334 5307 3475 5387; x_wconf 76' lang='lat' dir='ltr'><strong>eoin</strong></span> <span class='ocrx_word' id='word_1_909' title='bbox 3517 5307 3890 5406; x_wconf 50' lang='lat' dir='ltr'><strong>temporum“:</strong></span> 
     </span>
    </p>
   </div>
   <div class='ocr_carea' id='block_1_113' title="bbox 2438 5390 3894 5502">
    <p class='ocr_par' dir='ltr' id='par_1_113' title="bbox 2438 5390 3894 5502">
     <span class='ocr_line' id='line_1_113' title="bbox 2438 5390 3894 5502; baseline -0.01 -16"><span class='ocrx_word' id='word_1_910' title='bbox 2438 5446 2564 5502; x_wconf 92' lang='lat' dir='ltr'><strong>ceps</strong></span> <span class='ocrx_word' id='word_1_911' title='bbox 2605 5438 2891 5484; x_wconf 89' lang='lat' dir='ltr'><strong>venerunt.</strong></span> <span class='ocrx_word' id='word_1_912' title='bbox 2943 5428 3057 5496; x_wconf 90' lang='lat' dir='ltr'><strong>Qua</strong></span> <span class='ocrx_word' id='word_1_913' title='bbox 3103 5427 3172 5483; x_wconf 90' lang='lat' dir='ltr'><strong>de</strong></span> <span class='ocrx_word' id='word_1_914' title='bbox 3216 5441 3385 5483; x_wconf 86' lang='lat' dir='ltr'><strong>causa</strong></span> <span class='ocrx_word' id='word_1_915' title='bbox 3423 5425 3542 5497; x_wconf 84' lang='lat' dir='ltr'><strong>jure</strong></span> <span class='ocrx_word' id='word_1_916' title='bbox 3576 5390 3894 5502; x_wconf 60' lang='lat' dir='ltr'><strong>quasiwa</strong></span> 
     </span>
    </p>
   </div>
   <div class='ocr_carea' id='block_1_114' title="bbox 2439 5497 3895 5591">
    <p class='ocr_par' dir='ltr' id='par_1_114' title="bbox 2439 5497 3895 5591">
     <span class='ocr_line' id='line_1_114' title="bbox 2439 5497 3895 5591; baseline -0.025 -9"><span class='ocrx_word' id='word_1_917' title='bbox 2439 5497 2652 5591; x_wconf 63' lang='lat' dir='ltr'><strong>signum</strong></span> <span class='ocrx_word' id='word_1_918' title='bbox 2696 5537 2816 5577; x_wconf 91' lang='lat' dir='ltr'><strong>esse</strong></span> <span class='ocrx_word' id='word_1_919' title='bbox 2851 5519 3048 5575; x_wconf 90' lang='lat' dir='ltr'><strong>debeat</strong></span> <span class='ocrx_word' id='word_1_920' title='bbox 3091 5518 3426 5579; x_wconf 78' lang='lat' dir='ltr'><strong>futurorum,</strong></span> <span class='ocrx_word' id='word_1_921' title='bbox 3470 5527 3586 5570; x_wconf 88' lang='lat' dir='ltr'><strong>cum</strong></span> <span class='ocrx_word' id='word_1_922' title='bbox 3616 5497 3895 5591; x_wconf 60' lang='lat' dir='ltr'><strong>nunqusmpﬂ:</strong></span> 
     </span>
    </p>
   </div>
   <div class='ocr_carea' id='block_1_115' title="bbox 2439 5583 3896 5684">
    <p class='ocr_par' dir='ltr' id='par_1_115' title="bbox 2439 5583 3896 5684">
     <span class='ocr_line' id='line_1_115' title="bbox 2439 5583 3896 5684; baseline -0.003 -16"><span class='ocrx_word' id='word_1_923' title='bbox 2439 5615 2650 5669; x_wconf 87' lang='lat' dir='ltr'><strong>diversa</strong></span> <span class='ocrx_word' id='word_1_924' title='bbox 2679 5623 2987 5684; x_wconf 89' lang='lat' dir='ltr'><strong>temporum</strong></span> <span class='ocrx_word' id='word_1_925' title='bbox 3011 5611 3300 5668; x_wconf 86' lang='lat' dir='ltr'><strong>intervalla</strong></span> <span class='ocrx_word' id='word_1_926' title='bbox 3330 5620 3388 5665; x_wconf 90' lang='lat' dir='ltr'><strong>et</strong></span> <span class='ocrx_word' id='word_1_927' title='bbox 3421 5608 3646 5664; x_wconf 88' lang='lat' dir='ltr'><strong>locorum</strong></span> <span class='ocrx_word' id='word_1_928' title='bbox 3669 5583 3896 5684; x_wconf 32' lang='lat'><strong>0653&quot;?”</strong></span> 
     </span>
    </p>
   </div>
   <div class='ocr_carea' id='block_1_116' title="bbox 2439 5682 3898 5776">
    <p class='ocr_par' dir='ltr' id='par_1_116' title="bbox 2439 5682 3898 5776">
     <span class='ocr_line' id='line_1_116' title="bbox 2439 5682 3898 5776; baseline -0.012 -15"><span class='ocrx_word' id='word_1_929' title='bbox 2439 5706 2602 5769; x_wconf 82' lang='lat' dir='ltr'><strong>bella,</strong></span> <span class='ocrx_word' id='word_1_930' title='bbox 2639 5682 2836 5776; x_wconf 81' lang='lat' dir='ltr'><strong>quibus</strong></span> <span class='ocrx_word' id='word_1_931' title='bbox 2883 5702 2992 5773; x_wconf 88' lang='lat' dir='ltr'><strong>jam</strong></span> <span class='ocrx_word' id='word_1_932' title='bbox 3036 5713 3185 5759; x_wconf 88' lang='lat' dir='ltr'><strong>terra</strong></span> <span class='ocrx_word' id='word_1_933' title='bbox 3225 5703 3464 5758; x_wconf 82' lang='lat' dir='ltr'><strong>contrita</strong></span> <span class='ocrx_word' id='word_1_934' title='bbox 3503 5706 3599 5761; x_wconf 91' lang='lat' dir='ltr'><strong>est,</strong></span> <span class='ocrx_word' id='word_1_935' title='bbox 3646 5701 3692 5746; x_wconf 84' lang='lat' dir='ltr'><strong>et</strong></span> <span class='ocrx_word' id='word_1_936' title='bbox 3727 5682 3898 5776; x_wconf 37' lang='lat' dir='ltr'><strong>salit???</strong></span> 
     </span>
    </p>
   </div>
   <div class='ocr_carea' id='block_1_117' title="bbox 2440 5771 3896 5871">
    <p class='ocr_par' dir='ltr' id='par_1_117' title="bbox 2440 5771 3896 5871">
     <span class='ocr_line' id='line_1_117' title="bbox 2440 5771 3896 5871; baseline -0.01 -13"><span class='ocrx_word' id='word_1_937' title='bbox 2440 5771 2745 5858; x_wconf 80' lang='lat' dir='ltr'><strong>madefacta</strong></span> <span class='ocrx_word' id='word_1_938' title='bbox 2770 5771 3028 5857; x_wconf 79' lang='lat' dir='ltr'><strong>burnano.</strong></span> <span class='ocrx_word' id='word_1_939' title='bbox 3054 5796 3172 5860; x_wconf 82' lang='lat' dir='ltr'><strong>Etsi</strong></span> <span class='ocrx_word' id='word_1_940' title='bbox 3187 5795 3248 5858; x_wconf 85' lang='lat' dir='ltr'><strong>in</strong></span> <span class='ocrx_word' id='word_1_941' title='bbox 3270 5803 3512 5871; x_wconf 80' lang='lat' dir='ltr'><strong>tempore</strong></span> <span class='ocrx_word' id='word_1_942' title='bbox 3532 5789 3756 5851; x_wconf 67' lang='lat' dir='ltr'><strong>adventat</strong></span> <span class='ocrx_word' id='word_1_943' title='bbox 3769 5771 3896 5834; x_wconf 60' lang='lat' dir='ltr'><strong>CW“</strong></span> 
     </span>
    </p>
   </div>
  </div>
