3984 6360
100 396 197 454 801

862 397 1223 459 EXPOSITIO
1258 398 1327 456 1N
1366 396 1800 457 MATTHEUM.
1839 427 1908 442 --
1948 395 2075 456 LIB.
2114 395 2206 468 XI,
2243 399 2397 458 CAP.
2440 398 2625 457 XXIV.

3235 398 3340 457 8οΞ

96 519 376 579 cessarunt,
405 512 750 584 dispensante
767 512 866 570 Dei
890 516 1249 586 providentia,
1283 517 1383 573 sub
1410 516 1652 588 Augusto
1678 524 1732 584 Α
1757 514 1899 571 sicut
1927 514 2034 571 duo
2060 526 2185 571 sunt
2217 515 2422 586 populi,
2457 524 2514 572 et
2562 515 2669 571 duo
2711 512 2946 572 diximus
2998 528 3119 573 esse
3172 529 3338 590 regna

92 607 388 673 Octaviano,
429 614 485 662 et
533 607 787 678 deinceps
821 608 982 678 paulo
1022 617 1146 679 post
1194 617 1254 664 ut
1299 609 1647 680 Evangelium

88 711 191 769 per
220 698 388 765 urbem
439 694 663 751 liberius
690 696 1094 767 praedicaretur,
1128 706 1306 754 tamen
1354 714 1462 755 non
1511 699 1651 753 mul-

80 772 203 843 tum
248 787 408 860 longe,
445 787 691 843 crebrius
714 787 990 845 Romanas
1028 789 1359 860 provincias,
1401 789 1647 847 barbarae

86 881 324 937 nationes
342 876 724 951 usquequaque
768 891 1147 953 pervaserunt,
1171 883 1313 940 sicut
1332 892 1389 939 et
1418 882 1647 939 Romani

87 970 233 1041 prius
282 968 376 1025 sibi
429 968 711 1036 bellando,
760 984 976 1026 onmem
1026 973 1213 1028 orbem
1272 970 1646 1043 subjugarunt.

82 1060 163 1114 Ac
192 1076 284 1131 per
318 1060 416 1116 hoc
456 1060 561 1116 ista
599 1060 781 1132 qualia
812 1060 1119 1119 futurorum
1163 1064 1275 1120 sint
1318 1065 1494 1136 signa,
1525 1080 1648 1119 cum

88 1149 239 1221 εει
276 1148 429 1205 fuerit
475 1150 599 1206 ﬁnis
644 1152 861 1219 saeculi,
914 1155 1137 1209 omnino
1186 1171 1294 1211 non
1347 1156 1524 1211 video.
1590 1154 1648 1211 Si

96 1252 258 1297 tamen
289 1243 396 1298 haec
440 1256 549 1297 non
578 1243 653 1299 ita
696 1244 955 1314 praedicta
985 1255 1132 1313 sunt,
1179 1262 1241 1302 ut
1295 1247 1351 1303 in
1402 1247 1646 1303 Ecclesia

97 1335 256 1405 potius
274 1333 609 1404 intelligenda
636 1334 764 1392 sint.
806 1335 935 1392 Duae
974 1338 1174 1410 quippe
1200 1348 1390 1410 gentes
1417 1348 1563 1405 sunt,
1593 1348 1651 1393 et

100 1427 194 1481 duo
220 1440 384 1496 regna;
411 1442 578 1481 unum
591 1427 790 1499 quippe
826 1428 1119 1496 Christi,et
1135 1430 1303 1486 altera
1328 1431 1547 1487 diaboli.
1572 1432 1681 1486 De”

101 1520 272 1590 quibus
291 1518 420 1574 forte
437 1518 542 1574 dici
564 1520 766 1589 potuit:
784 1519 853 1574 Et
879 1532 1053 1593 surget
1065 1539 1191 1593 gens
1220 1534 1400 1579 contra
1424 1535 1646 1595 gentem,

103 1619 145 1665 et
180 1627 369 1681 regnum
389 1608 636 1665 adversus
665 1627 882 1682 regnum
904 1611 1057 1689 (Luc.
1082 1629 1196 1679 xx1,
1222 1614 1330 1685 l0).
1358 1614 1510 1682 Quod
1541 1630 1648 1671 non

104 1700 277 1755 desinit
297 1699 401 1754 ﬁeri
430 1714 498 1754 ex
539 1716 649 1770 quo
703 1700 905 1756 dictum
938 1712 1052 1758 est:
1087 1704 1236 1774 Agite
1265 1705 1644 1775 panitentiam,

104 1792 497 1863 appropinquavit
521 1794 658 1848 enim
686 1810 903 1865 regnum
946 1796 1193 1851 caelorum
1230 1795 1448 1867 (Matth.
1473 1798 1647 1869 111,2).

1750 605 1953 662 Christi
1980 615 2036 662 et
2063 606 2290 669 diaboli;
2313 608 2388 662 ita
2410 617 2464 662 et
2488 616 2613 664 tunc
2634 607 2740 662 erit
2761 606 3005 664 Ecclesia
3035 607 3237 665 Christi
3286 611 3339 664 in

1754 697 2015 753 universo
2043 698 2193 753 orbe.
2228 696 2325 753 Cui
2351 706 2480 754 tunc
2529 697 2650 753 talis
2693 704 2951 767 tantaque
2995 699 3343 770 superveniet

1750 788 2028 845 tribulatio
2047 788 2104 844 in
2136 789 2470 861 temporibus
2493 788 2836 854 Antichristi,
2863 787 3042 858 qualis
3055 798 3111 845 et
3135 797 3338 859 quanta

1750 880 1851 935 fuit
1881 880 1949 935 ab
1976 881 2154 947 initio,
2184 896 2305 951 quae
2337 889 2465 936 tunc
2486 880 2590 935 erit
2616 880 2672 934 in
2701 880 2955 936 universo
2980 879 3134 946 orbe,
3158 879 3212 935 id
3257 888 3341 936 est

1749 971 1804 1026 in
1826 970 1971 1026 omni
1999 970 2258 1027 Ecclesia.
2286 970 2393 1026 Sed
2414 970 2504 1025 alii
2528 978 2689 1025 erunt
2711 986 2741 1024 a
2778 969 2976 1040 quibus
3001 978 3129 1025 tunc
3155 970 3333 1025 tribu-

1748 1061 1947 1116 labitur
1970 1061 2233 1127 Ecclesia,
2260 1070 2315 1116 et
2342 1061 2443 1130 ipsi
2473 1060 2668 1116 dicturi
2692 1068 2934 1131 suntpax
2959 1070 3015 1116 et
3045 1061 3332 1127 securitas,

1752 1160 1809 1208 et
1837 1153 2151 1223 repentinus
2180 1153 2259 1209 eis
2286 1152 2627 1224 superveniet
2662 1153 2937 1220 interitus,
2974 1169 3096 1209 cum
3123 1155 3329 1211 adven-

1752 1250 1838 1298 tus
1862 1241 2075 1297 Domini
2110 1259 2174 1299 ac
2200 1243 2246 1298 si
2268 1242 2425 1298 furin
2460 1252 2619 1299 nocte
2646 1258 2740 1299 eos
2769 1259 2993 1301 securos
3036 1245 3338 1315 deprehen-

1749 1331 1923 1400 derit;
1951 1342 2007 1389 et
2034 1332 2238 1405 aliiqui
2265 1335 2684 1403 tribulabuntur,
2712 1345 2769 1391 et
2810 1345 2939 1393 tunc
2988 1337 3339 1393 exsultabant

1749 1439 1941 1479 omnes
1965 1432 2019 1479 et
2048 1424 2380 1496 gaudebunt,
2406 1426 2532 1496 quia
2563 1442 2671 1481 non
2709 1435 2870 1482 erunt
2896 1427 2951 1482 in
2981 1428 3239 1496 tenebris,
3282 1436 3341 1482 ut

1750 1516 1866 1572 dies
1902 1516 1993 1570 illa
2017 1525 2273 1587 tanquam
2312 1517 2420 1583 fur,
2468 1533 2562 1574 eos
2603 1519 2657 1572 in
2692 1528 2850 1574 nocte
2890 1520 3337 1589 comprehendat,

1750 1609 1877 1678 quia
1908 1608 2015 1663 diei
2048 1618 2103 1665 ct
2125 1609 2262 1665 lucis
2291 1624 2480 1667 omnes
2503 1610 2598 1666 ﬁlii
2638 1620 2816 1668 erunt.
2869 1610 2974 1667 Sed
3004 1613 3050 1667 si
3098 1610 3232 1666 nihil
3286 1611 3340 1666 in

1714 1700 2041 1771 .Evangelio
2091 1701 2419 1771 superﬂuum
2472 1718 2591 1759 esse
2640 1706 2932 1770 credimus,
2988 1706 3339 1776 quaerendum

1750 1808 1966 1859 censeo,
2013 1794 2141 1863 quid
2170 1804 2251 1850 est
2282 1796 2428 1865 quod
2463 1796 2540 1851 ait
2572 1815 2584 1850 :
2627 1797 2880 1853 Audituri
2915 1800 3036 1854 estis
3080 1799 3265 1870 praelia
3291 1806 3339 1853 et

102 1884 158 1938 Et
179 1884 286 1939 inde
312 1884 525 1954 quando
551 1884 754 1941 dictum
793 1894 901 1954 est,
933 1896 989 1942 et
1020 1902 1089 1943 ex
1123 1887 1215 1943 illo
1246 1896 1490 1961 tempore
1514 1899 1648 1960 quot
1675 1879 1725 1939 B
1752 1887 2019 1957 opiniones
2037 1887 2359 1957 prmliorum.
2380 1888 2645 1957 Quoniam
2663 1893 2808 1947 aliud
2833 1902 2916 1949 est
2932 1893 3120 1949 audire
3134 1893 3337 1964 praelia,

103 1976 207 2032 anni
228 1976 582 2033 transierunt?
608 1977 677 2032 Et
703 1985 885 2034 tamen
912 1978 1041 2036 licet
1071 1980 1124 2035 in
1163 1981 1458 2037 novissima
1482 1982 1637 2048 hora,

101 2066 280 2137 quando
325 2066 581 2124 Dominus
607 2068 664 2124 in
710 2069 1023 2125 novissimis
1071 2071 1260 2126 diebus
1305 2087 1372 2126 ex
1428 2072 1641 2143 virgine

102 2171 234 2216 natus
256 2168 352 2229 est,
375 2162 660 2217 verissime
686 2162 888 2218 dictum
910 2173 1014 2220 est.
1049 2163 1117 2220 Et
1143 2179 1242 2236 per
1286 2166 1429 2220 hanc
1471 2173 1640 2221 totam

105 2252 264 2307 horam
286 2252 656 2320 novissimam,
696 2253 833 2309 ﬁunt
859 2254 962 2310 ista
991 2255 1195 2321 omnia,
1235 2271 1356 2326 qua:
1378 2256 1640 2313 Dominus

97 2345 446 2415 propinquante
483 2360 653 2417 regno
677 2361 799 2413 suo,
838 2344 1020 2403 futura
1065 2348 1354 2418 praedixit;
1399 2358 1459 2403 ut
1510 2349 1637 2405 dum

98 2436 209 2491 ﬁunt
241 2453 298 2493 ea
326 2453 444 2508 quae
470 2438 697 2495 terroris
723 2446 852 2494 sunt
878 2440 1106 2512 etsigna
1134 2439 1459 2509 futurorum,
1490 2457 1637 2497 sem-

95 2542 175 2597 per
219 2529 573 2599 unusquisque
626 2536 850 2599 paratus
898 2530 1227 2596 inveniatur,
1294 2531 1422 2586 dum
1476 2546 1636 2603 paena

94 2626 249 2673 nostra
274 2619 510 2675 conﬁteri
535 2634 635 2675 nos
654 2619 928 2689 compellit
953 2621 1143 2676 adesse
1158 2620 1273 2692 jam
1296 2621 1480 2688 ﬁnem,
1513 2638 1634 2677 cum

93 2715 527 2790 impletnrjugiter
551 2717 692 2788 quod
721 2717 1123 2789 pronuntiatum
1146 2726 1253 2773 est.
1277 2717 1482 2785 Quibus
1510 2734 1635 2788 pro-

90 2805 209 2863 fecto
234 2808 405 2864 verbis
431 2808 562 2863 nulli
583 2808 754 2881 magis
782 2817 947 2865 testes
967 2823 1088 2864 esse
1102 2816 1307 2879 queunt
1327 2824 1491 2879 quam
1511 2824 1633 2873 nos,

84 2918 201 2972 quos
222 2905 392 2959 mundi
417 2903 563 2971 ﬁnis,
587 2911 648 2959 ut
681 2904 756 2959 ita
780 2904 977 2971 dicam,
1014 2902 1239 2958 invenit.
1270 2902 1373 2971 Qui
1425 2902 1552 2957 talia
1578 2913 1634 2957 et

84 3002 207 3047 tanta
231 2994 465 3050 videmus
491 2993 729 3063 quotidie
776 2994 917 3050 inter
967 2992 1167 3049 fratres
1209 3000 1265 3047 et
1305 2992 1634 3063 propinquos

79 3085 257 3151 civilia,
286 3094 339 3141 et
360 3085 484 3158 plus
512 3100 674 3156 quam
697 3083 873 3141 civilia
899 3083 1073 3153 bella;
1118 3091 1268 3139 tanta
1306 3098 1338 3138 a
1358 3138 1361 3145 ,
1382 3084 1633 3139 barbaris

1744 1984 1798 2033 et
1826 1977 1972 2032 aliud
2004 1978 2193 2034 audire
2220 1980 2505 2049 opiniones
2540 1981 2874 2051 praeliorum.
2906 1982 3092 2039 Potest
3135 1983 3252 2039 ﬁeri
3281 1993 3340 2039 ut

1742 2069 1840 2125 ﬁlii
1868 2070 2019 2141 pacis
2044 2072 2358 2128 custodiant
2379 2089 2438 2129 se
2459 2089 2529 2129 ne
2545 2075 2765 2130 videant
2790 2075 2950 2144 bella,
2983 2078 3109 2148 quia
3149 2079 3340 2135 nolunt

1739 2159 1925 2216 videre
1960 2161 2219 2232 maligna,
2258 2163 2485 2219 audiunt
2508 2172 2690 2220 tamen
2728 2167 2913 2237 praelia
2960 2176 3016 2223 et
3055 2168 3338 2239 opiniones

1739 2252 2069 2323 praeliorum.
2096 2252 2258 2309 Forte
2287 2254 2432 2310 aliud
2459 2256 2526 2312 de
2549 2255 2727 2327 longe,
2755 2267 2810 2313 et
2833 2258 2976 2313 aliud
2993 2258 3058 2314 de
3079 2259 3329 2329 proximo

1738 2362 1847 2402 non
1875 2347 2079 2418 absque
2103 2349 2394 2405 verborum
2421 2348 2745 2406 diﬁ‘erentia.
2776 2352 2913 2419 Quia
2945 2369 3050 2409 non
3094 2361 3176 2409 est
3203 2353 3338 2424 idip-

1739 2455 1860 2494 sum
1896 2441 2055 2512 longe
2076 2442 2332 2511 positum,
2364 2442 2553 2499 audire
2582 2444 2861 2514 opiniones
2876 2444 3338 2517 praeliorum,quae

1737 2542 1965 2601 possunt
1984 2548 2106 2588 esse
2129 2532 2211 2587 vel
2232 2549 2339 2589 non
2371 2549 2514 2601 esse,
2549 2544 2606 2590 et
2625 2534 2783 2603 juxta
2813 2536 3056 2606 praelium
3079 2553 3222 2604 esse,
3250 2536 3337 2592 vel

1737 2623 1899 2679 etiam
1955 2624 2101 2695 ipsas
2125 2625 2489 2695 praeliantium
2534 2641 2696 2683 voces
2744 2629 2953 2684 audire.
2982 2627 3157 2684 Habet
3208 2643 3337 2700 ergo

1737 2722 1966 2785 utraque
1992 2716 2259 2771 sententia
2283 2733 2436 2772 suam
2463 2717 3207 2789 signiﬁcationem,quouiam
3241 2720 3334 2791 qui

1736 2805 1896 2877 longe
1916 2814 2002 2862 est
2023 2824 2051 2862 a
2093 2807 2319 2877 przeliis,
2357 2808 2509 2864 audit
2536 2808 2601 2864 de
2632 2809 2737 2865 illis
2764 2809 3070 2880 opiniones,
3121 2818 3177 2865 et
3223 2825 3332 2865 non

1735 2896 1851 2967 ipsa
1883 2895 2087 2968 praelia.
2117 2898 2218 2965 Qui
2262 2906 2441 2953 autem
2488 2913 2680 2969 prope,
2726 2900 2877 2955 audit
2906 2900 3020 2970 ipsa
3063 2899 3247 2969 praelia
3279 2906 3336 2954 ct

1735 3004 1898 3046 voces
1930 2990 2309 3061 praeliantium.
2334 2989 2392 3046 ln
2422 2998 2653 3063 utroque
2675 3007 2805 3063 ergo
2848 2991 3065 3048 videtur
3105 2992 3334 3062 alicujus

1736 3082 2051 3140 differentiae
2068 3084 2388 3140 intellectus.
2410 3084 2545 3152 Quia
2573 3102 2680 3141 non
2712 3100 2902 3141 omnes
2923 3101 3075 3156 aeque
3097 3085 3325 3156 perfecti

74 3186 121 3230 et
138 3177 349 3248 paganis
374 3176 625 3233 hostibus
652 3175 971 3232 exterminia
995 3175 1297 3241 hominum,
1326 3181 1381 3229 et
1422 3173 1634 3229 desola-
1667 3236 1705 3248 Α
1738 3182 1865 3228 sunt
1915 3174 1970 3229 in
2017 3174 2264 3230 Ecclesia
2304 3174 2527 3240 Christi,
2574 3190 2752 3246 neque
2797 3191 2949 3247 reque
2994 3175 3229 3246 paciﬁci,
3276 3183 3332 3232 et

72 3236 231 3322 tiones
261 3265 760 3336 civitatumjugiter
786 3266 1135 3333 sustinemus,
1175 3236 1440 3336 qui'nihil
1487 3264 1633 3322 aliud
1660 3236 1707 3299 Ο
1738 3266 1932 3323 remoti
1976 3267 2045 3322 ab
2091 3267 2238 3322 omni
2295 3236 2528 3337 strepitu
2584 3236 3009 3322 etiformidine'
3039 3236 3327 3323 bellorum.

64 3359 287 3427 quotidie
306 3374 468 3429 quam
492 3358 652 3414 ﬁnem
677 3366 921 3414 nostrum
950 3374 1074 3413 cum
1118 3357 1322 3430 gemitu
1344 3367 1631 3430 exspecta-

58 3465 190 3505 mus.
230 3449 296 3507 Et
323 3459 502 3506 tamen
526 3448 691 3521 (sicut
716 3464 897 3505 sermo
911 3448 1128 3506 divinus
1156 3447 1255 3520 ait)
1278 3450 1525 3505 nondum
1549 3457 1634 3506 est

56 3540 196 3597 ﬁnis.
225 3541 375 3598 Licet
400 3542 680 3612 insurgant
699 3542 918 3598 barbari
943 3541 999 3596 in
1027 3555 1151 3607 nos,
1173 3548 1229 3597 et
1251 3556 1411 3596 nemo
1438 3544 1633 3612 estqui

53 3630 314 3686 auxilium
328 3630 494 3699 ferat;
518 3632 643 3703 quia
662 3631 849 3690 civiles
871 3633 925 3688 in
951 3632 1184 3688 invicem
1202 3632 1376 3704 magis
1402 3632 1632 3689 saeviunt

50 3725 261 3782 insidia:
288 3735 346 3783 et
368 3736 594 3800 strages,
622 3729 696 3784 ita
722 3738 782 3785 ut
815 3729 962 3784 intus
1001 3737 1057 3784 et
1098 3727 1251 3796 foris,
1301 3727 1439 3784 nihil
1485 3727 1630 3784 aliud

50 3834 210 3890 quam
246 3835 397 3876 mors
424 3822 928 3893 repercutiataures
948 3830 1183 3878 nostras.
1215 3820 1425 3887 Quibus
1457 3820 1632 3876 omni-

41 3910 145 3967 bus
168 3910 347 3969 fames
372 3928 438 3969 ac
461 3913 576 3971 lues
596 3922 1011 3985 praecesserunt,
1034 3922 1091 3970 et
1108 3914 1288 3970 omnis
1316 3911 1631 3984 pestilentia

30 4017 253 4059 rerum.
300 4004 369 4059 Et
400 4005 529 4075 quia
555 4005 608 4059 in
635 4020 832 4061 occasu
880 4019 1065 4060 sumus
1094 4003 1276 4060 saiculi
1319 4001 1633 4073 praecedunt

28 4106 115 4153 tot
144 4098 501 4169 agritudines
518 4097 724 4165 mundi,
751 4098 937 4169 quales
974 4098 1159 4154 nescio
1189 4096 1236 4151 si
1280 4095 1474 4151 auditae
1505 4103 1628 4150 sunt

27 4206 59 4244 a
78 4191 317 4247 seculo.
350 4192 485 4260 Quae
504 4192 688 4248 omnia
708 4192 849 4247 mala
875 4192 1142 4262 cupiditas
1166 4190 1354 4262 genuit
1381 4188 1537 4245 nobis
1575 4196 1630 4242 et

24 4284 311 4354 superbiae
333 4283 529 4349 luxus;
561 4284 635 4339 ita
656 4291 717 4338 ut
746 4283 923 4339 nullus
944 4283 1015 4339 sit
1052 4282 1201 4338 locus
1232 4281 1323 4351 qui
1353 4297 1459 4336 non
1490 4278 1628 4334 afﬁi-

23 4381 193 4443 gatur
215 4375 288 4429 ab
326 4374 594 4441 hostibus,
622 4374 787 4430 etiam
809 4381 864 4429 et
889 4389 921 4428 a
951 4373 1066 4429 suis
1092 4371 1379 4428 tribuletur
1397 4371 1625 4427 civibus.

23 4463 185 4531 Quod
219 4465 269 4521 si
304 4464 410 4520 ista
435 4465 575 4520 mala
614 4480 736 4536 qua:
762 4464 1037 4521 cernimus
1066 4472 1122 4519 et
1169 4463 1428 4534 patimur,
1476 4472 1625 4518 certa

23 4564 156 4609 sunt
191 4554 403 4610 indicia
426 4555 536 4625 iam
558 4556 842 4611 Dominum
863 4571 984 4611 esse
1008 4564 1295 4611 venturum
1321 4571 1336 4620 ;
1388 4554 1518 4624 quid
1546 4561 1629 4609 est

24 4647 173 4716 μιοό
208 4647 295 4701 ait
318 4647 637 4717 apostolus:
666 4647 804 4701 Dum
824 4647 1077 4713 dixerint,
1114 4662 1220 4717 paa:
1263 4654 1311 4700 et
1351 4647 1625 4710 securitas,

30 4757 141 4796 um:
164 4740 254 4795 eis
284 4743 586 4811 repentinus
613 4742 932 4811 superveniet
956 4739 1217 4795 interitus.
1269 4738 1311 4792 Ε
1359 4738 1631 4793 contrario

24 4842 55 4886 ξι
113 4832 498 4903 Evangelium
552 4832 717 4889 dicit:
769 4832 1132 4887 Arescentibus
1175 4830 1469 4884 hominibus
1520 4846 1631 4900 pra:

24 4925 216 4979 imore
238 4933 292 4978 et
321 4925 702 4995 exspectatione
720 4940 837 4995 qua:
870 4922 1227 4994 supervenient
1258 4921 1495 4975 universo
1519 4918 1632 4973 orbi

23 5017 175 5074 Luc.
238 5032 368 5084 ιιι,
407 5017 521 5089 26).
568 5018 649 5073 Ac
694 5016 928 5074 deinde:
980 5014 1049 5069 Et
1090 5015 1302 5070 virtutes
1360 5011 1627 5076 caelorum,

24 5110 232 5182 aquis,
267 5109 756 5175 commovebuntur,
796 5119 845 5165 et
868 5118 993 5164 tunc
1021 5106 1264 5163 uidebam
1286 5102 1490 5158 Filium
1525 5104 1626 5158 ho-

23 5203 173 5258 tirsis
202 5190 510 5257 uenientem
551 5218 671 5257 cum
697 5209 951 5273 potestate
996 5216 1186 5269 magna
1238 5206 1287 5252 et
1333 5196 1626 5268 majestate.

24 5301 387 5366 uapropter
412 5293 764 5363 quaerendum
802 5292 847 5349 si
884 5291 1015 5347 talia
1057 5299 1183 5346 sunt
1221 5288 1491 5361 praeconia
1536 5288 1630 5343 ad—

24 5397 225 5444 entus
253 5384 487 5452 Christi,
518 5392 579 5440 ut
613 5392 864 5440 arescant
904 5382 1152 5438 homines
1198 5396 1310 5452 pra:
1354 5380 1546 5435 timore
1579 5386 1635 5433 et

23 5480 445 5555 tspectatione
478 5477 647 5551 982
672 5493 792 5548 quae
818 5476 998 5533 futura
1025 5476 1277 5532 dicuntur
1300 5473 1472 5539 mala;
1502 5470 1632 5543 quid

23 5583 65 5627 at
104 5570 291 5642 quod
321 5570 478 5625 dicit:
512 5568 645 5624 Cum
668 5569 897 5624 dixerint
919 5584 1025 5638 pax
1047 5578 1095 5622 et
1126 5566 1542 5631 securitas,tunc
1557 5564 1630 5618 eis

23 5665 342 5737 pentiam
366 5665 685 5735 superveniet
709 5661 1054 5733 interitus?(l
1082 5660 1318 5716 Thessal.
1350 5676 1408 5727 v,
1436 5657 1515 5728 3.)
1554 5657 1632 5714 Ne

24 5765 151 5812 urte
199 5755 327 5811 duo
348 5754 695 5813 introducere
721 5755 1009 5811 videantur
1034 5762 1296 5825 tempora,
1329 5752 1473 5823 quod
1509 5765 1627 5806 om-

23 5848 135 5904 ino
174 5861 309 5904 non
354 5848 552 5916 credo,
602 5848 700 5906 sed
749 5847 805 5904 in
858 5862 966 5903 uno
1018 5847 1315 5917 eodemque
1367 5855 1626 5913 tempore.

1734 3358 1988 3429 Alioquin
2012 3373 2119 3413 non
2148 3366 2333 3414 essent
2361 3356 2501 3412 infra
2519 3357 2814 3413 Ecclesium
2833 3356 3035 3413 Christi
3075 3366 3154 3415 tot
3178 3359 3324 3414 sedi-

1735 3451 1911 3506 tiones
1930 3458 1984 3505 et
2009 3450 2289 3507 scandala.
2318 3449 2364 3504 Α
2394 3449 2590 3521 quibus
2616 3451 2869 3505 omnibus
2899 3449 3061 3506 alieni
3109 3450 3330 3506 fuerunt

1734 3541 1983 3612 discipuli
2020 3540 2241 3605 Christi,
2289 3550 2345 3595 et
2379 3541 2556 3596 omnis
2586 3540 2676 3595 illa
2723 3540 3001 3611 primitiva
3055 3541 3318 3605 Ecclesia,
3406 3610 3411 3613 μ

1734 3632 1933 3702 quibus
1986 3640 2107 3688 erat
2157 3648 2253 3689 cor
2303 3649 2473 3688 unum
2511 3641 2565 3688 et
2610 3634 2791 3689 anima
2829 3647 2956 3687 una.
3009 3631 3326 3689 Conﬁrmati

1734 3721 1880 3777 enim
1906 3731 2064 3778 erant
2089 3723 2144 3778 in
2174 3724 2365 3779 eodem
2394 3739 2554 3779 sensu
2576 3733 2631 3779 et
2663 3724 2717 3779 in
2748 3723 2936 3779 eadem
2962 3725 3250 3779 sententia.

1806 3815 1937 3871 Han:
1959 3818 2156 3882 omnia,
2172 3818 2525 3888 inquit,initia
2545 3829 2666 3874 sunt
2694 3817 3091 3886 dolorum.Qute
3110 3820 3329 3875 omnia?

1733 3907 1884 3963 Bella
1912 3907 2122 3965 scilicet
2140 3918 2197 3964 et
2222 3910 2505 3981 opiniones
2537 3909 2833 3975 bellorum;
2867 3924 3089 3981 surgere
3112 3918 3326 3981 gentem

1735 4009 1925 4056 contra
1952 4008 2194 4073 gentem,
2217 4009 2273 4056 et
2320 4017 2546 4072 regnum
2576 4001 2836 4057 adversus
2861 4015 3107 4072 regnum,
3156 4000 3325 4070 pesti-

1732 4093 1910 4148 lentiae
1930 4100 1986 4146 et
2009 4090 2201 4159 fames,
2241 4099 2297 4148 et
2326 4100 2664 4149 tememotus
2688 4106 2783 4163 per
2807 4090 2945 4147 loca.
2979 4091 3132 4146 Sicut
3150 4090 3322 4155 enim,

1734 4184 2203 4256 appropinquante
2239 4193 2435 4251 morte,
2482 4192 2748 4255 aegrotant
2780 4197 3007 4254 c0rpora
3064 4182 3326 4254 languen-

1734 4279 1889 4341 tium,
1917 4285 1979 4331 ut
2008 4293 2105 4348 per
2134 4276 2502 4332 inﬁrmitatem
2543 4276 2907 4332 membrorum
2953 4273 3120 4345 983
3162 4285 3217 4330 et
3248 4273 3326 4327 vi-

1733 4383 1947 4423 scerum
1974 4376 2257 4438 separetur
2299 4367 2480 4423 anima
2527 4383 2558 4422 a
2585 4381 2812 4437 corpore
2835 4380 2935 4421 suo
2961 4382 2973 4419 :
3010 4365 3091 4419 sic
3121 4363 3244 4419 talis
3272 4372 3327 4418 et

1734 4468 1880 4513 tanta
1911 4467 2161 4513 creatura
2198 4459 2385 4513 mundi
2416 4457 2804 4526 corrumpitur,
2836 4456 2908 4510 ita
2941 4463 3000 4509 ut
3054 4470 3152 4510 aer
3200 4470 3323 4510 cor-

1735 4557 1926 4619 1'uptus
1946 4549 2291 4619 pestilentias
2312 4548 2529 4613 inferat,
2557 4556 2611 4603 et
2643 4557 2786 4603 terra
2816 4547 3066 4618 languida
3089 4546 3320 4611 famem;

1735 4640 1888 4708 quasi
1919 4639 2187 4710 quoddam
2234 4639 2448 4694 initium
2492 4638 2735 4694 dolorum
2765 4640 3007 4709 prmbeat
3029 4648 3153 4695 ante
3180 4654 3325 4693 mor-

1736 4740 1865 4788 tem.
1892 4731 1960 4786 Et
1981 4733 2106 4802 quia
2128 4731 2243 4787 coeli
2265 4741 2313 4786 et
2335 4742 2475 4787 terra
2498 4732 2793 4787 transibunt
2829 4731 3025 4804 (Marc,
3057 4747 3175 4797 χιιι,
3204 4731 3319 4802 51),

1736 4838 1958 4880 necesse
1984 4832 2068 4879 est
2089 4831 2215 4879 ante
2241 4823 3065 4895 corruptionem,utlangueant,
3091 4831 3146 4876 et
3176 4829 3319 4875 terra

1733 4916 1846 4971 suis
1902 4914 2138 4971 motibus
2180 4922 2596 4985 conquassetur,
2637 4923 2693 4969 et
2744 4930 2841 4969 aer
2885 4913 3076 4984 plenus
3130 4910 3323 4966 morbo

1737 5008 2007 5072 trahatur,
2065 5017 2124 5061 ut
2177 5006 2499 5077 pestilentiae
2547 5014 2861 5071 nascantur,
2916 5015 2969 5061 et
3020 5014 3160 5059 terra
3208 5002 3322 5057 suis

1731 5098 1938 5156 defecta
1963 5098 2191 5163 viribus,
2247 5113 2366 5167 qua:
2419 5098 2472 5153 in
2523 5112 2588 5153 ea
2632 5107 2947 5161 nascuntur,
3003 5094 3219 5150 deﬁciat
3265 5101 3321 5147 et

1733 5201 2053 5257 marcescat,
2069 5200 2129 5247 ut
2156 5192 2225 5248 sit
2251 5202 2305 5249 et
2331 5192 2443 5261 ipsa
2474 5192 2591 5248 sine
2619 5190 2819 5247 fructu.
2844 5190 2974 5257 Quae
2996 5188 3176 5243 omnia
3198 5187 3321 5241 inde

1733 5285 1924 5340 melius
1946 5283 2216 5350 novimus,
2250 5284 2376 5355 quia
2409 5284 2521 5355 jam
2555 5292 2751 5340 cuncta
2786 5282 3049 5337 videmus.
3082 5279 3189 5335 Sed
3216 5294 3319 5332 non

1731 5378 1911 5431 statim
1933 5376 2075 5445 ﬁnis.
2106 5375 2241 5442 Quia
2266 5392 2365 5431 nec
2389 5375 2477 5429 illa
2507 5374 2787 5439 ﬁniuntur,
2825 5388 2924 5427 nec
2951 5387 3049 5427 nos
3091 5369 3234 5425 male
3263 5369 3318 5423 in

1733 5467 1819 5523 his
1845 5467 2069 5523 enutriti
2099 5481 2164 5522 ea
2194 5464 2337 5520 ﬁniri
2360 5465 2625 5520 volumus.
2674 5463 2741 5517 Et
2790 5460 2908 5518 ideo
2937 5461 3078 5517 sicut
3112 5459 3316 5515 adven-

1734 5573 1821 5619 tus
1849 5562 2051 5619 Christi
2075 5560 2130 5617 in
2154 5560 2405 5631 plurimis
2430 5558 2679 5629 gentibus
2707 5555 2837 5610 fecit
2863 5568 3077 5623 pacem,
3126 5566 3321 5608 secun-

1732 5656 1861 5713 dum
1896 5654 2040 5726 quod
2068 5653 2202 5709 dicit
2226 5651 2495 5722 Propheta
2526 5650 2594 5704 de
2635 5647 2760 5702 illo:
2799 5643 3014 5700 Orietur
3041 5645 3096 5699 in
3136 5643 3318 5699 diebus

1732 5750 1845 5819 ejus
1858 5747 2072 5819 justitia
2096 5755 2143 5798 et
2167 5743 2493 5797 abundantia
2515 5740 2657 5811 pacis
2673 5736 2843 5809 (Psal.
2878 5755 3019 5801 ιλιι,
3045 5738 3122 5807 7),
3145 5737 3319 5792 donec

1732 5838 2022 5897 extollatur
2063 5835 2207 5899 luna,
2261 5834 2312 5887 id
2344 5842 2425 5888 est
2475 5831 2743 5897 Ecclesia,
2774 5842 2827 5885 et
2861 5831 2913 5886 iu
2966 5830 3163 5886 mundo
3214 5842 3317 5896 pax
