4016 6354
127 418 218 483 805

843 410 1207 475 EXPOSlTIO
1239 417 1308 474 lN
1348 408 1785 476 nummum.
1823 380 1895 457 4—
1930 408 2058 472 ιω.
2101 414 2192 483 XI,
2233 413 2386 472 cn.
2429 408 2617 471 xxw.

3274 412 3379 473 806

128 534 289 605 utique
316 528 471 586 nobis
495 536 603 594 est,
648 536 775 585 ante
821 536 1003 585 tamen
1059 537 1346 586 venturum
1394 546 1497 587 non
1546 544 1689 595 esse,
1720 537 1768 596 Α
1796 542 1861 583 ac
1882 527 1928 582 si
1963 525 2096 581 illud
2124 546 2137 581 :
2169 525 2280 598 Ego
2310 525 2572 579 vobiscum
2598 539 2714 578 sum
2759 540 2920 595 usque
2952 524 3020 579 ad
3052 540 3383 582 consumma-

126 619 481 696 quoquomodo
508 619 757 676 dubitare
786 634 893 675 non
915 627 1148 689 oportet.
1177 618 1313 689 Quia
1345 619 1590 692 profecto
1612 621 1689 675 sic

124 714 427 788 promissum
478 720 561 768 est
606 712 837 768 Abrahae
874 713 1014 784 patri
1056 723 1243 769 nostro
1289 713 1458 788 986
1503 729 1533 769 a
1578 713 1690 768 Deo

122 805 263 861 etiam
294 818 417 858 cum
464 801 837 875 jurejurando,
870 802 1013 873 quod
1056 818 1245 859 omnes
1284 815 1474 875 gentes
1513 804 1565 859 in
1607 819 1691 859 se-

124 896 246 951 mine
289 894 410 964 ejus
448 892 856 947 benedicentur.
905 892 984 947 Ex
1026 908 1130 960 qua
1179 894 1542 967 promissione
1577 894 1689 963 jam

122 987 183 1041 fat
199 996 301 1043 tum
324 993 429 1047 est,
449 992 508 1039 ut
526 982 707 1039 multa:
729 984 976 1039 nationes
993 968 1294 1056 receperint
1319 985 1687 1056 Evangelium,

124 1086 167 1131 et
190 1091 247 1131 ex
276 1074 533 1130 omnibus
564 1072 702 1129 facta
749 1082 833 1128 est
876 1089 982 1128 una
1012 1074 1254 1130 Ecclesia
1297 1075 1517 1141 Christi,
1573 1090 1693 1146 qua:

124 1167 394 1224 lructilicat
414 1167 589 1223 adhuc
610 1167 791 1233 hodie,
818 1175 875 1223 et
894 1168 1095 1223 crescit
1118 1168 1172 1223 in
1196 1168 1447 1224 universo
1468 1168 1686 1223 mundo.

126 1260 211 1315 Sed
238 1270 446 1325 tamen,
474 1266 531 1313 ut
556 1273 717 1327 supra
753 1258 886 1325 dixi,
926 1258 1091 1315 habet
1116 1259 1289 1315 adhuc
1319 1276 1425 1331 quo
1456 1268 1689 1324 crescat,

123 1354 266 1408 donec
297 1351 398 1405 llat
424 1350 568 1420 quod
589 1348 810 1405 Christo
839 1350 1229 1420 repromissum
1273 1360 1376 1407 est.
1425 1350 1493 1405 Et
1524 1351 1692 1405 domi-

122 1444 329 1513 nabitur,
367 1441 542 1514 inquit
568 1438 862 1513 Propheta,
892 1459 923 1496 a
950 1444 1083 1495 mari
1112 1459 1273 1516 usque
1303 1442 1372 1497 ad
1401 1459 1564 1509 mare,
1589 1453 1635 1497 et
1659 1460 1692 1496 a

119 1536 316 1606 flumine
366 1520 531 1606 usque
586 1532 657 1587 ad
703 1534 952 1588 terminos
1008 1533 1147 1588 orbis
1201 1543 1462 1587 terrarum
1516 1532 1687 1605 (Psal.

115 1643 263 1692 un,
287 1625 366 1698 8).
402 1626 448 1683 Α
478 1624 698 1680 ﬂumine
734 1625 942 1680 scilicet
990 1625 1045 1679 in
1097 1639 1204 1694 quo
1248 1624 1551 1694 baptizatus
1575 1633 1688 1691 est;

117 1718 230 1789 quia
278 1718 399 1773 inde
442 1717 611 1789 capit
652 1717 1003 1788 Evangelium
1031 1717 1333 1789 praedicari.
1373 1717 1418 1771 Α
1443 1716 1577 1772 mari
1605 1731 1695 1770 au-

117 1819 209 1865 tem
248 1824 421 1881 usque
448 1808 517 1863 ad
569 1822 721 1863 mare
762 1818 908 1863 totus
948 1816 1032 1863 est
1074 1807 1222 1862 orbis
1277 1822 1398 1862 cum
1446 1806 1695 1887 omnibus

1794 621 1983 675 tionem
2019 619 2199 675 steculi
2229 618 2443 692 (Matth.
2477 634 2671 684 xxvm,
2692 616 2808 689 20).
2842 617 2957 673 Non
2988 620 3130 689 quod
3159 618 3383 691 apostoli

1794 719 1902 765 tam
1954 710 2044 765 diu
2097 719 2255 766 erant
2307 710 2545 765 mansuri
2588 710 2641 764 in
2697 724 2899 775 carne,
2946 708 3041 766 sed
3091 711 3216 782 quia
3271 712 3387 781 ipse

1793 816 2009 871 semper
2047 801 2298 858 Christus
2323 808 2534 857 tuturus
2559 810 2676 857 erat
2697 811 2751 856 et
2780 816 3016 874 praesens
3039 802 3235 872 ubique
3262 816 3386 858 cum

1793 896 1907 950 suis
1947 895 2155 950 electis.
2206 895 2337 951 Cum
2364 911 2485 965 ergo
2513 895 2741 949 videritis
2769 894 3208 949 abominationem
3238 896 3387 950 deso-

1793 987 2039 1053 lationis,
2079 1002 2196 1059 qua:
2231 987 2375 1041 dicta
2398 996 2471 1041 est
2508 1004 2540 1040 a
2575 985 2788 1041 Daniele
2828 987 3077 1057 propheta
3118 997 3285 1042 stante
3328 987 3386 1041 in

1794 1081 1907 1133 loco
1935 1089 2117 1133 sancto
2138 1120 2152 1145 ,
2178 1080 2267 1140 qui
2294 1078 2414 1149 legit
2456 1077 2734 1149 intelligat.
2782 1079 2839 1133 In
2868 1079 2969 1135 hac
3016 1080 3180 1151 igitur
3210 1078 3389 1134 brevi-

1795 1176 1901 1223 tate
1929 1170 2080 1224 verbi
2113 1168 2276 1223 nimia
2322 1168 2629 1223 obscuritas
2676 1177 3001 1239 generatur,
3044 1179 3099 1224 et
3144 1169 3270 1223 dum
3297 1183 3405 1249 qui

1793 1257 1924 1331 legit
1952 1269 2108 1331 rogat
2137 1268 2195 1314 ut
2224 1259 2505 1330 intelligat,
2550 1275 2808 1315 exercere
2835 1274 2933 1316 nos
2960 1261 3075 1315 vult
3105 1272 3158 1317 et
3198 1275 3392 1334 provo-

1793 1365 1918 1405 care
1968 1350 2035 1404 ad
2092 1349 2334 1420 mystica:
2382 1349 2747 1420 intelligentia:
2795 1362 3154 1407 sacramenta.
3214 1352 3390 1418 Unde,

1793 1440 1918 1511 quia
1950 1450 2009 1495 ut
2044 1456 2207 1511 supra
2256 1443 2492 1507 ostendi,
2525 1458 2716 1497 omnes
2764 1452 2875 1499 tres
2904 1443 3288 1515 Ewngelistze,
3323 1448 3390 1502 de

1795 1536 1880 1590 his
1926 1537 2113 1602 rebus,
2146 1546 2241 1591 aut
2285 1538 2484 1593 similia
2520 1539 2798 1606 dixerunt,
2834 1548 2928 1594 'aut
2964 1557 3134 1615 prope
3164 1542 3391 1609 similia,

1795 1637 1889 1684 aut
1917 1638 2066 1685 certe
2098 1632 2314 1701 propria
2347 1632 2565 1703 singuli,
2601 1632 2720 1688 ideo
2752 1632 2974 1688 collatio
3004 1636 3150 1690 inter
3177 1650 3273 1691 eos
3299 1636 3395 1691 ha-

1794 1720 1968 1775 benda
2001 1729 2100 1784 est,
2132 1731 2190 1775 ut
2222 1738 2285 1777 ex
2314 1724 2587 1788 omnibus,
2623 1725 2767 1794 quod
2799 1724 3089 1781 obscurum
3117 1735 3199 1782 est
3235 1726 3395 1783 valde

1797 1814 2097 1886 intelligere
2126 1816 2418 1886 possimus.
2448 1815 2870 1873 NamMatthmus
2897 1835 3015 1874 cum
3048 1819 3398 1889 praemisisset

114 1899 383 1972 gentibus;
419 1899 545 1970 quia
579 1900 659 1955 sic
690 1898 882 1968 majori
908 1899 1143 1972 cingitur
1166 1898 1382 1955 Oceano
1410 1900 1694 1955 universus
1727 1898 1776 1961 Β
1801 1906 2165 1976 supradictam
2198 1923 2263 1962 ex
2294 1908 2515 1963 Daniele
2542 1910 2887 1974 sententiam,
2922 1910 3057 1964 dixit
3091 1927 3104 1964 :
3142 1908 3285 1964 Tunc
3305 1909 3397 1982 qui

113 1991 263 2048 orbis.
296 1990 476 2047 Aliter
497 1999 697 2055 autem,
729 1989 998 2062 quomodo
1016 1990 1330 2060 implebitur
1359 1985 1454 2045 illa
1475 1990 1691 2061 prophe-

115 2090 206 2156 tica
231 2108 245 2142 :
281 2086 478 2143 Omnes
507 2098 701 2160 gentes,
720 2103 1057 2159 quascunque
1072 2086 1260 2156 fecisti,
1286 2086 1483 2139 venient
1500 2095 1545 2138 et
1575 2085 1705 2139 ado-

114 2182 292 2236 rabunt
323 2198 501 2236 coram
528 2190 601 2249 te,
623 2180 883 2235 Domine?
902 2178 1073 2251 (Psal.
1098 2193 1295 2242 Lsxxv,
1315 2177 1393 2251 9.)
1416 2177 1530 2232 Non
1558 2177 1703 2232 enim

110 2274 167 2329 de
200 2273 344 2329 locis
369 2272 648 2345 migrando
672 2272 892 2327 venient
921 2272 986 2325 ad
1016 2285 1139 2325 eum
1174 2270 1227 2324 in
1258 2285 1418 2341 quem
1446 2284 1555 2324 non
1585 2283 1704 2324 cre-

110 2363 383 2428 diderunt,
432 2363 525 2418 sed
566 2362 784 2417 venient
820 2361 925 2416 ﬁde
959 2359 1181 2431 singula:
1230 2369 1418 2430 gentes
1458 2359 1520 2412 in
1569 2357 1703 2413 locis

110 2458 209 2512 suis
242 2457 546 2514 credendo.
596 2457 749 2512 L‘nde
779 2454 1087 2527 propheta:
1129 2449 1198 2506 Et
1244 2451 1537 2506 adorabunt
1583 2466 1704 2504 eum

110 2550 457 2622 unusquisque
474 2550 537 2602 de
563 2548 675 2601 loco
698 2563 817 2613 suo,
842 2562 1018 2601 omnes
1046 2542 1235 2599 insultz
1258 2542 1488 2615 gentium
1514 2539 1699 2613 (Soph.

110 2638 299 2713 u',li).
341 2640 538 2696 Omnes
586 2639 776 2694 insqu
827 2639 979 2704 dixit,
1015 2636 1171 2709 quasi
1199 2650 1388 2690 omnes
1434 2631 1697 2689 ecclesiae.

108 2735 231 2793 Hinc
260 2735 508 2793 ostendit
534 2736 678 2805 quod
705 2732 847 2788 nulla
875 2732 1251 2802 relinquantur
1268 2737 1542 2785 terrarum
1573 2740 1702 2797 spa-

111 2829 173 2885 tia
200 2828 296 2885 ubi
342 2843 455 2883 non
505 2827 575 2882 sit
605 2826 782 2881 futura
810 2824 1071 2881 Ecclesia.
1123 2824 1363 2892 Quarum
1417 2818 1701 2892 quamplu-

109 2920 247 2975 rima:
290 2917 599 2975 insularum
624 2916 679 2971 in
704 2916 921 2972 Oceano
942 2913 1273 2978 constitutae,
1289 2910 1402 2982 jam
1433 2898 1533 2981 pro
1552 2918 1701 2966 certo

109 3011 456 3085 Evangelium
489 3017 862 3083 susceperunt.
894 3008 960 3069 Et
1003 3021 1337 3081 quaecunque
1376 3020 1481 3060 non
1512 3015 1701 3076 perce-

109 3115 317 3178 perunt,
346 3106 538 3176 utique
575 3103 893 3176 percipient,
946 3111 1005 3159 ut
1048 3099 1338 3179 perveniat
1380 3097 1446 3152 ad
1486 3096 1723 3161 omnes,‘

110 3210 377 3271 utcunque
434 3199 728 3254 crescendo
773 3207 934 3269 atque
986 3192 1384 3261 fructiﬁcando.
1441 3190 1505 3244 Et
1539 3199 1695 3256 tunc,

1808 1999 1862 2052 in
1881 1997 2075 2052 Judtea
2104 2012 2225 2052 sunt
2249 1999 2453 2069 fugiant
2484 2000 2552 2053 ad
2578 2009 2797 2065 montes,
2826 2010 2874 2054 et
2908 2002 2998 2071 qui
3038 2002 3093 2054 in
3136 2012 3265 2056 tecto
3294 2019 3397 2058 non

1808 2088 2084 2143 descendat
2130 2089 2310 2143 tollere
2337 2089 2533 2160 aliquid
2563 2092 2626 2143 de
2656 2090 2812 2144 domo
2851 2109 2969 2155 sua,
2998 2101 3046 2145 et
3067 2093 3156 2163 qui
3182 2094 3237 2145 in
3266 2108 3395 2165 agro

1808 2194 1909 2232 non
1942 2189 2228 2232 reuertatur
2259 2178 2439 2234 tollere
2468 2181 2698 2233 tunicam
2732 2197 2902 2234 suam.
2949 2177 3038 2234 γη»
3063 2193 3238 2236 autem
3259 2198 3396 2252 prte-

1804 2262 2083 2341 gnantibus
2104 2281 2151 2325 et
2178 2271 2524 2326 nutrientibus
2552 2274 2605 2325 in
2630 2271 2736 2327 illis
2776 2271 2979 2327 diebus.
3022 2272 3235 2327 Marcus
3270 2287 3402 2330 vero

1805 2361 1881 2415 ait
1926 2361 1999 2414 ita
2044 2376 2059 2414 :
2105 2360 2235 2415 Cum
2286 2361 2520 2415 videritis
2572 2362 3014 2415 abominationem
3058 2362 3401 2418 desolationis

1803 2464 2026 2509 stantem
2068 2455 2156 2508 ubi
2184 2471 2288 2508 non
2314 2454 2483 2520 debet,
2527 2456 2616 2524 qui
2647 2454 2769 2525 legit
2818 2454 3097 2525 intelligat.
3140 2454 3287 2509 Tunc
3310 2456 3401 2527 qui

1802 2544 1857 2598 in
1881 2542 2075 2597 Indica
2113 2554 2232 2597 sunt
2260 2543 2466 2613 fugiant
2498 2545 2554 2597 in
2583 2553 2806 2608 montes,
2828 2554 2877 2597 et
2906 2543 2996 2614 qui
3022 2560 3183 2614 supra
3209 2553 3403 2598 tectum

1804 2649 1908 2687 non
1931 2632 2210 2687 descendat
2231 2632 2287 2685 in
2302 2632 2537 2698 domum,
2569 2649 2659 2687 nec
2683 2633 2907 2687 introeat
2941 2640 2999 2685 ut
3025 2632 3174 2686 tollat
3197 2631 3400 2704 aliquid

1801 2724 1866 2779 de
1890 2725 2044 2778 domo
2074 2741 2195 2790 sua,
2241 2735 2288 2779 et
2332 2725 2422 2795 qui
2449 2726 2505 2779 in
2538 2741 2665 2797 agro
2710 2735 2784 2779 est
2812 2742 2914 2780 non
2942 2735 3234 2781 revertatur
3261 2734 3400 2781 retro

1803 2814 1983 2870 tollere
2009 2817 2374 2870 vestimentum
2405 2832 2581 2870 suum.
2619 2815 2713 2871 Via
2736 2826 2908 2870 autem
2938 2816 3329 2889 pra’gnantibus
3353 2803 3403 2870 εί

1804 2909 2153 2963 nutrientibus
2177 2909 2230 2963 in
2253 2908 2359 2963 illis
2382 2909 2562 2964 diebus
2586 2908 2782 2983 (Marc.
2810 2925 2928 2976 xm,
2955 2912 3043 2976 14,
3070 2910 3153 2973 l5,
3180 2910 3266 2975 l6,
3288 2909 3398 2982 l7).

1803 2998 1979 3055 Lucas
2019 3015 2146 3055 vero
2175 3000 2414 3072 apertius
2440 3009 2495 3055 ut
2520 3001 2833 3056 ostenderet
2852 3008 2980 3057 tunc
3006 2999 3203 3057 factam
3234 2999 3400 3058 fuisse

1802 3092 1944 3147 hanc
1974 3090 2430 3148 abominationem
2455 3093 2956 3164 desolationemque
2979 3109 3099 3164 qua:
3127 3098 3157 3150 a
3176 3093 3404 3150 Daniele

1803 3174 2059 3254 prtedicta
2085 3192 2190 3252 est,
2214 3185 2432 3253 quando
2460 3192 2765 3256 expugnata
2790 3182 2872 3240 est
2900 3183 3200 3241 Jerusalem
3225 3200 3258 3243 a.
3294 3184 3404 3241 Ro-

109 3292 300 3367 inquit,
344 3294 443 3349 erit
474 3293 875 3348 consummatio.
925 3289 1035 3346 Nec
1085 3289 1164 3345 sic
1193 3297 1373 3343 tamen
1416 3274 1775 3357 possumusC
1809 3272 1983 3329 manis
2011 3282 2066 3328 el
2112 3288 2381 3345 90886553.
2426 3275 2540 3329 hinc
2590 3277 2777 3331 eodem
2825 3273 2944 3330 loco
2974 3275 3187 3332 Domini
3236 3276 3403 3332 verba

111 3388 351 3455 deﬁnire,
382 3403 508 3463 cum
556 3386 704 3452 dicit,
757 3386 882 3459 quia
902 3395 1041 3449 ,tunc
1087 3383 1211 3449 erit,
1264 3390 1526 3457 quantum
1581 3387 1706 3453 post

111 3490 370 3541 venturus
395 3483 467 3539 sit
508 3481 632 3536 linis
673 3480 875 3545 saaculi,
909 3496 1031 3534 cum
1074 3477 1336 3533 Dominus
1386 3475 1531 3531 dicat
1581 3489 1705 3545 apo-

108 3574 265 3631 stolis
296 3593 312 3628 :
350 3573 470 3628 Non
499 3584 573 3629 est
602 3583 825 3628 vestrum
865 3588 1013 3627 nosse
1053 3581 1287 3640 tempora
1326 3567 1399 3623 uel
1443 3574 1702 3620 momenta

109 3680 234 3735 qua
259 3662 598 3745 patﬂposuit
626 3663 682 3733 in
724 3679 823 3717 sua
856 3671 1108 3733 potestate
1135 3659 1269 3731 (Act.
1304 3675 1342 3725 ι,
1369 3655 1443 3730 7).
1478 3655 1629 3713 Unde
1657 3653 1701 3709 si

103 3753 219 3823 iam
246 3752 792 3833 ttobis‘certissimum
822 3760 967 3808 esset
993 3752 1059 3807 ad
1085 3763 1273 3827 omnes
1314 3758 1503 3825 gentes
1531 3746 1705 3801 Evan-

108 3844 302 3917 gelium
320 3845 668 3933 Ipert‘enisseq,
694 3859 791 3899 nec
812 3852 992 3899 tamen
1019 3858 1307 3917 possumus
1326 3839 1507 3896 dicere
1534 3844 1723 3909 quan-‘

109 3947 219 3995 tum
249 3932 514 4011 temporis
541 3946 880 4011 remaneret,
911 3937 1039 3992 licet
1069 3935 1250 3991 dicere
1284 3950 1411 3991 vere
1439 3932 1705 4005 potuisse-

110 4045 229 4085 mus
258 4007 381 4099 jam
401 4007 780 4101 jamque-eum
824 4007 1306 4103 apprOpinquasse.
1354 4024 1462 4080 Nec
1493 4024 1597 4079 hoc
1633 4024 1703 4078 ita

108 4121 361 4188 dicimus,
416 4132 475 4189 ut
522 4104 575 4177 in
628 4121 881 4195 omnibus
930 4120 1181 4201 gentibus
1233 4132 1422 4173 omnes
1481 4115 1571 4185 qui
1635 4114 1706 4169 ibi

110 4214 334 4287 iuerint,
363 4216 589 4287 credere
619 4213 881 4285 debeant,
911 4210 1005 4267 sed
1034 4211 1175 4282 quod
1206 4210 1260 4264 in
1292 4209 1546 4263 universo
1575 4206 1707 4262 orbe

111 4318 408 4375 terrarum,
435 4309 491 4363 in
532 4305 1007 4380 quibusgentibus
1036 4292 1272 4363 nondum
1304 4309 1387 4357 est
1429 4301 1668 4357 Ecclesia
1690 4341 1704 4365 ,

109 4400 247 4469 quod
274 4409 531 4475 oporteat
557 4408 615 4455 ut
652 4382 749 4461 sit,
771 4398 912 4453 sicut
933 4412 1105 4468 nuper
1135 4396 1188 4449 in
1221 4393 1541 4466 quihusdam
1574 4408 1706 4465 gen-

108 4492 250 4547 tibus
301 4491 577 4546 Danorum
607 4499 948 4559 constructas
995 4494 1050 4541 et
1091 4485 1384 4541 fabricatas
1426 4483 1707 4551 ecclesias,

108 4584 482 4653 quosdamque
508 4582 561 4637 in
586 4581 788 4651 eisdem
818 4568 1121 4652 baptizatus
1153 4577 1421 4633 novimus.
1447 4576 1581 4643 Quia
1605 4576 1705 4631 etsi

101 4692 299 4734 omnes
327 4685 519 4749 gentes
546 4673 839 4763 promissae
877 4681 1003 4728 sunt
1038 4672 1104 4726 ad
1147 4670 1304 4725 [idem
1348 4670 1549 4735 venire,
1596 4686 1703 4724 non

102 4784 300 4839 omnes
325 4756 575 4837 homines
597 4766 834 4839 omnium
860 4764 1133 4837 gentium;
1176 4763 1302 4834 quia
1331 4778 1435 4818 non
1463 4762 1702 4817 omnium

101 4834 207 4917 est.
441 4830 521 4935 hc
552 4830 664 4947 rper
694 4830 814 4914 'boe
862 4830 913 4911 in
959 4830 1210 4925 omnibus
1252 4854 1502 4927 gentibus
1548 4860 1709 4907 erunt

102 4950 274 5024 987
308 4962 362 5005 et
393 4950 485 5022 qui
529 4944 761 5005 ederunt
787 4946 1075 5012 increduli,
1107 4954 1159 5002 et
1185 4961 1322 5016 quos
1347 4944 1560 5001 oderint
1583 4952 1719 4999 cre-'

101 5044 305 5100 dentes
333 5042 554 5115 maligni
596 5050 651 5097 et
694 5041 935 5112 pessimi.
968 5037 1243 5109 Alioquin,
1285 5028 1347 5093 ul
1390 5055 1549 5110 supra
1592 5036 1704 5105 jam

104 5138 240 5200 dixi,
266 5137 544 5208 quomodo
566 5135 895 5207 implebitur,
918 5132 984 5187 Et
1009 5133 1154 5202 eritis
1177 5132 1298 5187 odio
1324 5131 1561 5186 omnibus
1583 5148 1711 5202 gen-

98 5232 270 5298 tibus,
302 5241 516 5303 prapter
562 5208 747 5284 nomen
782 5244 974 5282 meum.
1027 5225 1210 5296 Neque
1254 5223 1397 5279 enim
1426 5223 1709 5278 dicendum

99 5332 214 5385 est,
246 5320 395 5392 quod
428 5336 525 5397 per
565 5318 834 5393 apostolos
864 5318 976 5393 haec
1001 5316 1184 5371 omnia
1222 5314 1486 5386 completa
1519 5314 1628 5369 sint
1658 5313 1709 5369 in

96 5411 369 5468 omnibus
400 5410 671 5485 gentibus,
720 5408 847 5465 licet
886 5402 1030 5466 dicat
1057 5409 1138 5463 eis
1168 5407 1381 5462 Veritas
1420 5425 1431 5461 :
1468 5405 1535 5459 Et
1566 5405 1711 5485 eritis

98 5506 242 5560 mihi
277 5480 511 5559 testesvin
545 5501 864 5569 Jerusalem,
891 5512 938 5556 et
966 5502 1023 5579 in
1066 5511 1174 5556 tota
1200 5500 1411 5563 Judtva,
1445 5510 1490 5555 et
1517 5480 1721 5555 Somn:

95 5598 217 5666 νεα,
247 5607 299 5654 et
329 5615 491 5670 usque
520 5597 590 5652 ad
618 5596 862 5667 ultimum
890 5606 1056 5669 terra:
1090 5595 1227 5665 (Act.
1256 5612 1295 5661 ι,
1318 5582 1397 5667 8).
1423 5593 1559 5664 Quia
1605 5611 1710 5651 non

96 5690 195 5761 sic
232 5692 321 5747 eis
361 5689 603 5767 loquitur
650 5690 803 5764 quasi
856 5689 957 5769 ipsi
1004 5687 1340 5761 uolitantum
1388 5688 1491 5744 hoc
1518 5704 1713 5744 munus

96 5785 383 5857 deberent
425 5780 643 5856 explere
684 5782 905 5857 salutis;
951 5783 1042 5838 sed
1073 5782 1127 5836 in
1158 5780 1288 5863 ipsis
1331 5790 1387 5838 et
1420 5796 1539 5863 cum
1586 5780 1715 5863 ipsis

92 5874 374 5931 omnibus
394 5874 528 5930 dicit
555 5874 706 5929 verbi
733 5873 1198 5943 praedicatoribus.
1232 5858 1297 5928 Et
1326 5873 1395 5929 ita
1440 5858 1541 5928 hoc
1564 5858 1723 5933 dicit,

1612 6007 1732 6032 Α..

1734 4635 1787 4694 1)

1808 3376 2200 3423 commemorat
2244 3382 2259 3421 :
2320 3368 2450 3422 Cum
2501 3368 2735 3422 videritis
2761 3408 2776 3434 ,
2818 3368 2931 3436 ait,
2977 3368 3297 3422 circumdari
3338 3366 3403 3421 ab

1808 3457 2037 3512 exercitu
2065 3457 2423 3524 Hierusalem,
2452 3459 2770 3527 scitotsquia
2793 3457 3225 3529 appropinquabit
3252 3457 3405 3511 deso-

1807 3546 1934 3601 latio
1958 3546 2073 3618 ejus
2101 3547 2252 3620 (Luc.
2286 3562 2402 3613 ιιι,
2438 3546 2553 3620 20).
2580 3549 2822 3618 Apparet
2851 3558 3031 3603 autem
3060 3556 3185 3602 tunc
3210 3547 3281 3602 ibi
3307 3561 3404 3617 po.

1807 3640 1969 3694 sitam
2001 3639 2085 3694 vel
2110 3640 2280 3694 visam
2310 3640 2771 3695 abominationem
2804 3638 3177 3703 desolationis,
3205 3640 3271 3694 de
3297 3653 3405 3694 oua

1807 3732 2097 3789 Matthzeus
2126 3742 2181 3788 et
2204 3732 2419 3788 Marcus
2463 3732 2625 3788 locuti
2663 3742 2807 3789 sunt.
2838 3731 2990 3789 Unde
3021 3742 3071 3789 et
3098 3732 3268 3805 988
3296 3739 3407 3791 Lu-

1808 3839 1922 3889 cas,
1952 3832 2007 3879 ut
2033 3824 2343 3879 Ostenderet
2382 3825 2449 3878 ad
2478 3823 2730 3879 eumdem
2771 3823 2947 3878 locum
2973 3823 3244 3893 pertinere
3285 3837 3405 3892 qua:

1809 3914 2044 3979 dixerat,
2068 3927 2133 3968 ea
2159 3929 2280 3985 qua:
2302 3923 2355 3968 et
2383 3912 2483 3983 ipsi
2512 3912 2893 3983 prosequitur:
2920 3911 3086 3978 Tunc,
3102 3912 3298 3982 inquit,
3318 3924 3411 3984 qui

1809 4006 1865 4059 in
1888 4005 2080 4060 Judwa
2109 4014 2231 4059 sunt
2262 4005 2469 4076 fugiant
2515 4004 2583 4057 ad
2625 4016 2847 4058 montes.
2898 4004 3241 4075 Quapropter
3269 4005 3411 4059 sicut

1813 4094 1910 4153 tuti
1940 4106 2052 4151 tres
2094 4095 2411 4162 declarant,
2447 4111 2550 4151 non
2584 4095 2652 4149 ad
2691 4094 2997 4151 antichristi
3031 4105 3273 4164 tempora
3295 4093 3410 4150 haec

1810 4188 2095 4260 prophetia
2125 4187 2364 4242 Danielis
2412 4185 2697 4242 referenda
2749 4195 2854 4253 est,
2901 4188 3116 4257 quando
3142 4185 3412 4259 generalis

1812 4283 1916 4337 erit
1948 4284 1999 4337 in
2050 4284 2183 4337 orhc
2228 4290 2493 4336 terrarum
2531 4279 2773 4335 omnium
2818 4277 3270 4343 Christianorum,
3303 4291 3409 4334 una

1814 4384 1871 4429 et
1913 4389 2056 4429 saeva
2094 4373 2424 4444 persecutio,
2470 4372 2609 4428 sicut
2658 4371 2877 4441 quidam
2927 4370 3131 4438 volunt,
3194 4372 3288 4427 sed
3341 4371 3410 4427 ad

1814 4466 1944 4521 illud
1988 4466 2227 4535 primum
2252 4466 2542 4519 adventum
2591 4462 2913 4529 Salvatoris,
2943 4466 3161 4533 quando
3192 4472 3247 4519 et
3301 4479 3404 4519 nu—

1813 4573 1996 4613 merus
2023 4555 2479 4612 hebdomadarum
2496 4555 2808 4625 completus
2834 4563 2937 4620 est,
2968 4564 3019 4609 et
3044 4552 3175 4626 juge
3200 4553 3411 4611 sacrifi-

1814 4651 1957 4705 cium
1988 4648 2257 4704 sublatum
2296 4657 2410 4713 est,
2444 4654 2500 4702 et
2528 4646 2733 4701 libatio.
2769 4645 2904 4713 Quia
2928 4644 3043 4716 jam
3072 4656 3264 4702 unctus
3290 4652 3410 4701 erat

1814 4751 1868 4797 et
1895 4749 2117 4796 venerat
2140 4748 2362 4794 sanctus
2391 4746 2724 4802 sanctorum,
2750 4734 2998 4792 Christus
3019 4778 3033 4801 ,
3056 4734 3145 4807 qui
3195 4745 3251 4790 et
3295 4736 3411 4806 ipse

1814 4834 2140 4905 praedixerat
2170 4831 2510 4901 adimplenda
2544 4831 2609 4885 de
2638 4826 2964 4895 Jerusalem,
2994 4838 3048 4883 et
3073 4826 3257 4883 Iudaea
3287 4835 3410 4881 lano

1816 4932 1950 4989 tum,
1987 4932 2042 4978 et
2074 4938 2178 4977 non
2209 4922 2275 4978 de
2304 4922 2450 4977 omni
2481 4922 2614 4978 orbe
2644 4932 2933 4976 terrarum.
2968 4920 3118 4975 Alias
3140 4929 3339 4985 autem,
3365 4918 3411 4975 si

1815 5016 1936 5085 quis
1964 5015 2303 5086 prophetiam
2353 5013 2611 5080 Danielis,
2639 5015 2705 5071 de
2748 5030 2853 5084 qua
2900 5015 2991 5070 hic
3036 5013 3297 5095 Dominus
3332 5011 3411 5067 di-

1814 5108 1927 5163 cit:
1968 5108 2072 5174 Qui
2101 5106 2221 5179 legit
2247 5107 2538 5179 intelligat,
2565 5109 2633 5164 ad
2676 5109 2916 5164 futurum
2947 5107 3249 5164 antichristi
3278 5114 3414 5161 tem—

1815 5214 1916 5270 pus
1946 5198 2176 5255 voluerit
2203 5190 2550 5270 interpretari
2573 5243 2587 5267 ,
2620 5198 2853 5256 multum
2886 5216 2913 5254 a
2946 5217 3074 5256 vero
3104 5200 3411 5269 discrepare

1815 5290 2157 5347 videturﬁEt
2185 5293 2369 5347 nescio
2415 5292 2458 5347 si
2504 5292 2616 5348 ullo
2670 5295 2848 5355 modo.
2898 5295 3061 5350 etiam
3105 5290 3413 5348 mentiendo

1816 5399 2099 5439 numerum
2155 5384 2613 5438 hebdomadarum
2671 5385 2735 5439 ad
2787 5401 2909 5439 eum
2965 5394 3172 5455 tempus
3233 5382 3413 5437 facere

1819 5477 2055 5547 potuerit
2087 5477 2406 5543 convenire;
2456 5477 2509 5530 in
2540 5492 2649 5547 quo
2680 5477 2725 5531 si
2758 5477 2888 5533 false
2927 5478 3182 5546 potuerit,
3211 5475 3413 5531 eximia

1819 5568 1886 5625 de
1921 5569 2122 5625 Christi
2154 5570 2386 5625 adventu
2420 5570 2702 5640 prophetia
2727 5611 2741 5631 .
2786 5581 2841 5625 et
2871 5570 3031 5625 nimis
3058 5570 3411 5636 ﬁrmissima;

1821 5646 2253 5728 detruneabitur,
2277 5662 2418 5732 quod
2441 5659 2663 5716 omnino
2686 5675 2957 5732 nunquam
2981 5661 3179 5733 poterit
3199 5658 3413 5715 etiamsi

1823 5766 1996 5839 ipsum
2030 5753 2292 5821 annorum
2340 5778 2625 5820 numerum
2672 5764 2827 5820 aliter
2861 5782 3019 5841 quam
3055 5784 3082 5819 a
3117 5763 3414 5837 majoribus

1825 5871 2027 5926 nostris
2051 5850 2421 5940 conmutatum
2454 5876 2556 5935 est,
2586 5870 2899 5925 subvertere
2928 5869 3171 5925 voluerit.
3200 5850 3332 5935 Quia
3366 5863 3413 5923 si
