4016 6354
654 321 762 377 807

1441 323 1499 379 S.
1534 319 1891 380 PASCHASII
1931 317 2278 377 RADBERTI
2315 315 2609 375 ABBATIS
2646 311 3096 373 CORBEIENSIS
3713 331 3789 390 ωε

648 437 796 494 circa
852 445 1093 509 tempora
1143 436 1316 507 prima
1369 437 1633 494 adventus
1685 437 1899 492 Domini
1952 451 2125 507 usque
2168 434 2237 490 ad
2263 439 2314 500 Α
2341 442 2529 489 sancto
2569 429 2901 488 abominatio
2945 426 3308 484 desolationis.
3342 425 3457 497 Qua
3479 434 3676 504 profecto
3706 444 3796 501 abu-

650 530 815 586 istum
837 529 1038 594 locum,
1063 544 1126 584 ea
1158 528 1424 600 completa
1452 544 1558 584 non
1579 537 1722 592 sunt,
1746 537 1802 583 et
1825 529 1879 582 in
1908 527 2014 582 line
2057 525 2239 582 saeculi

652 632 779 677 sunt
808 621 1145 693 complenda,
1176 630 1386 678 certum
1412 621 1687 693 apostolos
1707 621 1808 676 hoc
1837 621 2132 692 ignorasse,
2156 617 2240 674 vel

648 715 818 770 scisse
859 713 1098 783 quidem,
1143 714 1238 769 sed
1287 713 1482 768 docere
1526 711 1830 783 prohibitos
1869 708 2067 776 fuisse,
2098 708 2241 780 quod

648 820 757 861 non
789 805 974 861 credo.
1016 804 1083 858 Et
1126 804 1172 860 si
1211 803 1474 869 sciebant,
1523 801 1848 874 superfluum
1876 810 1961 857 est
1987 800 2129 872 quod
2159 800 2241 855 in-

650 904 944 967 terrogant.
992 894 1051 950 Si
1081 904 1262 950 autem
1289 894 1496 966 reliqua
1541 895 1748 961 omnia,
1783 895 1910 964 quia
1934 903 2131 950 unctus
2159 901 2241 949 est

650 987 882 1042 Sanctus
927 995 1279 1054 sanctorum,
1322 986 1588 1058 completa
1635 994 1761 1042 sunt
1805 1001 1926 1056 qua:
1967 985 2237 1056 praedixit,

648 1081 947 1152 completus
994 1092 1080 1138 est
1124 1083 1179 1137 in
1229 1080 1448 1137 Christo
1475 1090 1530 1136 et
1573 1094 1831 1135 numerus
1877 1077 2241 1134 hebdomada-

647 1187 792 1236 rum,
823 1181 877 1228 et
923 1173 1038 1245 ipsa
1068 1172 1330 1230 desolatio
1358 1170 1560 1241 templi.
1589 1169 1852 1239 Quoniam
1899 1178 1960 1224 ut
1993 1169 2240 1224 Christus

645 1262 916 1332 praedixit.
961 1264 1040 1319 sic
1069 1273 1122 1320 et
1169 1264 1285 1334 ipsa
1337 1261 1622 1318 manifeste
1678 1262 1858 1326 venit,
1888 1259 2102 1329 quando
2133 1260 2240 1314 cir-

645 1355 898 1411 cumdata
927 1366 1012 1412 est
1040 1355 1340 1412 Jerusalem
1386 1357 1453 1411 ab
1482 1354 1722 1410 exercitu
1753 1354 2141 1416 Romanorum,
2185 1359 2241 1406 et

645 1449 715 1501 ad
747 1448 920 1504 solum
961 1463 1132 1519 usque
1181 1448 1358 1503 omnis
1397 1446 1589 1502 civitas
1617 1446 1816 1501 diruta.
1866 1444 2017 1500 Tunc
2041 1444 2240 1514 quippe

644 1539 995 1597 desolationis
1053 1541 1386 1597 abominatio
1440 1539 1583 1595 facta
1629 1547 1713 1594 est
1767 1553 1928 1609 super
1979 1536 2238 1606 templum

645 1631 714 1686 ab
739 1633 1006 1698 exercitu,
1035 1648 1198 1703 quam
1221 1631 1353 1686 dicit
1379 1633 1640 1701 propheta
1667 1669 1683 1695 ,
1726 1643 1898 1698 usque
1923 1627 1993 1682 ad
2029 1635 2239 1696 tempus

642 1725 1128 1781 consummationis
1148 1740 1393 1785 manere.
1408 1724 1533 1794 quia
1550 1738 1825 1792 nunquam
1846 1719 2240 1776 restaurabitur

2341 527 2587 592 minatio,
2634 523 2884 596 quamvis
2933 521 3092 577 aliter
3126 521 3360 589 dixerim,
3400 524 3500 596 ipse
3525 525 3799 600 Vespasianus

2341 619 2513 689 accipi
2544 622 2744 688 potest,
2775 614 2867 685 qui
2919 611 3253 689 Hierusalem
3281 615 3500 670 exercitu
3531 617 3801 681 circumdedit

2341 724 2406 764 ac
2433 708 2686 773 vastavit,
2727 706 3012 777 ipsumque
3043 702 3293 772 templum
3335 703 3547 770 violavit,
3587 722 3663 776 per
3688 727 3800 780 quem

2343 810 2453 856 tam
2500 799 2735 870 pessima
2786 796 3156 867 contigerunt,
3199 801 3256 848 ut
3291 794 3377 864 qui
3420 794 3468 849 in
3509 795 3659 852 Judaea
3677 812 3802 869 erant,

2342 904 2449 944 non
2473 890 2540 944 ad
2567 886 2850 958 templum,
2879 900 2987 940 non
3017 884 3086 939 ad
3121 881 3312 939 Sancta
3339 893 3634 952 sanctorum,
3681 904 3803 960 neque

2341 985 2410 1039 ad
2434 984 2706 1039 civitatem
2746 981 2862 1046 Dei,
2889 979 3008 1046 sed,
3034 986 3094 1035 ut
3137 978 3331 1033 dictum
3357 986 3449 1042 est,
3477 976 3619 1050 990
3645 981 3715 1035 vix
3745 981 3803 1037 fu-

2342 1077 2490 1148 gient
2534 1076 2602 1130 ad
2649 1083 2862 1130 montes
2887 1084 2944 1128 et
2976 1072 3044 1127 ad
3070 1069 3292 1126 latibula
3315 1079 3588 1140 petrarum,
3621 1071 3805 1141 quoniam

2342 1169 2466 1224 talis
2490 1177 2746 1237 tantaque
2773 1166 2878 1222 erit
2909 1162 3217 1236 persecutio
3250 1163 3301 1218 in
3323 1171 3542 1231 tempore
3567 1161 3660 1228 illo,
3683 1173 3726 1217 ut
3746 1165 3808 1234 qui

2342 1275 2504 1330 super
2536 1267 2735 1314 tectum
2762 1254 2944 1320 fuerit,
2977 1271 3084 1312 non
3115 1253 3328 1309 habebit
3353 1261 3544 1323 tempus
3569 1252 3807 1309 descenden-

2343 1351 2394 1407 di
2419 1350 2605 1405 tollere
2637 1349 2842 1420 aliquid
2869 1348 2936 1402 de
2961 1347 3122 1402 domo
3147 1359 3245 1400 sua
3287 1344 3430 1416 prius
3453 1343 3494 1399 si
3517 1355 3670 1414 posset
3698 1359 3807 1413 quam

2343 1441 2524 1511 fugam
2562 1441 2744 1506 iniret,
2775 1449 2828 1496 et
2847 1439 2938 1510 qui
2962 1439 3018 1494 in
3047 1454 3202 1510 agro,
3227 1437 3367 1508 quod
3393 1434 3656 1506 nequiverit
3674 1433 3809 1490 reverti

2343 1535 2397 1590 in
2422 1534 2718 1600 civitatem,
2749 1541 2806 1588 et
2825 1532 3014 1588 tollere
3044 1531 3420 1586 vestimentum
3442 1543 3599 1592 suum,
3617 1526 3715 1596 quia
3729 1524 3810 1580 nul-

2343 1625 2453 1682 lum
2490 1625 2984 1681 misericordiarum
3012 1631 3225 1693 tempus
3249 1621 3374 1686 erit,
3404 1619 3493 1674 sed
3517 1617 3735 1681 vindicta,
3761 1615 3809 1668 ita

2342 1727 2402 1773 ut
2441 1732 2541 1774 nec
2568 1717 2970 1788 praagnantibus
2998 1720 3308 1785 parcerent,
3331 1725 3429 1767 nec
3466 1707 3746 1768 lactantibus,
3777 1715 3812 1758 et

641 1815 794 1883 illud,
815 1817 986 1872 donec
1008 1817 1404 1872 consummatio
1419 1813 1512 1869 ﬁat
1534 1813 1742 1868 mundi.
1769 1811 1923 1868 Unde
1941 1811 2082 1865 idem
2117 1824 2239 1879 pro-
2268 1811 2317 1872 B
2345 1810 2466 1866 ideo
2495 1809 2740 1879 utrisque
2769 1824 2849 1864 va:
2878 1808 3120 1862 futurum
3158 1804 3309 1860 dicit.
3333 1801 3423 1858 Sic
3446 1801 3622 1871 quippe
3652 1813 3700 1853 ac
3718 1797 3750 1852 si
3769 1795 3811 1849 ad

640 1909 801 1978 pheta
831 1925 846 1964 :
877 1909 1298 1974 Consummatio,
1325 1907 1519 1976 inquit,
1543 1907 1756 1960 dabitur
1781 1921 1938 1972 super
1955 1901 2236 1958 desolatio-

642 2014 759 2054 nem
777 1997 1070 2054 Jerusalem
1087 1998 1170 2070 (II
1191 1997 1369 2054 Thess.
1390 2013 1453 2062 ιι,
1470 1997 1528 2062 4,
1543 1996 1620 2068 8).
1639 1995 1793 2062 Quod
1815 1996 1860 2050 si
1881 1994 2235 2052 resedilicabi-

644 2097 730 2143 tur
756 2090 954 2145 ibidem
979 2089 1234 2161 templum
1245 2130 1259 2155 ,
1281 2088 1638 2144 aedificabitur
1653 2088 1702 2142 ei
1714 2128 1728 2151 .
1744 2087 1848 2153 Qui
1863 2086 2173 2141 adversatur
2185 2097 2233 2141 et

643 2181 913 2236 extollitur
931 2199 1094 2253 supra
1114 2198 1263 2236 omne
1283 2181 1421 2252 quod
1441 2181 1634 2234 dicitur
1653 2179 1815 2246 Deus,
1839 2189 1929 2233 aut
1947 2178 2086 2250 quod
2108 2178 2233 2232 coli-

641 2281 750 2339 tur,
777 2283 829 2327 ut
851 2273 1022 2328 sedeat
1045 2273 1098 2327 in
1117 2271 1328 2341 templo,
1350 2271 1655 2342 hujusmodi
1677 2271 1962 2326 ostendere
1985 2284 2063 2335 se,
2079 2271 2230 2340 quasi

639 2365 708 2418 sit
725 2364 886 2419 Deus.
914 2363 1083 2436 989
1103 2362 1272 2429 Quem
1297 2362 1549 2417 Dominus
1571 2361 1603 2416 J
1610 2379 1727 2417 esus
1748 2361 2024 2430 interﬁciet
2043 2361 2230 2430 spiritu

640 2457 748 2511 oris
768 2457 874 2522 sui,
891 2465 937 2510 et
959 2456 1186 2510 destruet
1210 2454 1563 2509 illustratione
1575 2455 1828 2509 adventus
1849 2454 1951 2508 sui.
1970 2452 2077 2507 Sed
2099 2460 2154 2506 et
2175 2452 2231 2506 in

637 2546 828 2602 eodem
850 2546 1086 2602 civitatis
1113 2545 1234 2601 loco
1259 2559 1403 2600 nunc
1421 2544 1604 2600 fanum
1624 2545 2047 2600 Sarracenorum
2069 2551 2153 2618 est
2175 2541 2229 2595 in

641 2640 860 2694 modum
876 2639 1084 2709 templi,
1099 2639 1153 2693 in
1167 2653 1275 2708 quo
1293 2637 1470 2692 nullus
1482 2636 1790 2692 Judaaorum
1805 2636 1964 2690 audet
1983 2633 2230 2689 introire.

642 2726 778 2784 Nam
801 2738 856 2785 et
903 2729 958 2784 in
1009 2730 1126 2800 ipso
1179 2729 1297 2784 loco
1335 2743 1444 2798 quo
1483 2727 1682 2782 Sancta
1721 2735 2028 2781 sanctorum
2080 2722 2230 2794 prius

640 2818 814 2885 fuere,
840 2820 1079 2875 Adriana
1119 2819 1466 2890 imperatoris
1514 2818 1785 2889 equestris
1817 2825 2014 2882 statua,
2059 2831 2230 2886 usque

641 2909 696 2964 in
731 2918 1049 2980 praesentem
1083 2911 1245 2975 diem,
1272 2909 1468 2964 dicitur
1489 2919 1668 2964 erecta
1691 2922 2028 2980 permanere.
2054 2906 2227 2962 Carte-

643 3018 762 3056 rum
790 3001 1123 3058 abominatio
1144 3002 1439 3057 secundum
1464 3010 1706 3056 veterem
1730 2999 2087 3070 Scripturam,
2113 2997 2228 3053 ido-

643 3092 755 3148 lum
791 3101 1166 3163 nuncupatur;
1207 3101 1262 3148 et
1291 3092 1413 3146 ideo
1456 3092 1670 3147 additur
1699 3089 2069 3157 desolationis,
2097 3089 2223 3160 quia

2340 1902 2485 1972 ipsos
2505 1899 2722 1956 Iudaeos
2747 1899 2990 1970 loquitur
3019 1897 3299 1959 Dominus,
3330 1893 3420 1964 qui
3445 1893 3507 1948 de
3528 1889 3721 1946 Sabbato
3741 1885 3814 1956 glo-

2338 1993 2618 2049 riabantur
2652 2012 2665 2048 :
2693 1991 2855 2048 Orate
2877 2009 2941 2046 ne
2973 1991 3067 2060 ﬁat
3107 1991 3237 2062 fuga
3279 1997 3442 2045 uestra
3466 1986 3614 2040 hieme
3645 1980 3706 2037 vel
3725 1980 3813 2035 Sab-

2336 2089 2477 2154 bato,
2533 2087 2750 2157 quando
2791 2101 2900 2141 nou
2928 2093 3144 2155 oportet
3183 2097 3344 2154 agere
3375 2078 3456 2135 vel
3475 2074 3708 2133 ambulare
3737 2070 3814 2142 plus

2334 2195 2497 2250 quam
2525 2179 2748 2235 Sabbati
2776 2186 2860 2234 est
2878 2178 2999 2243 iter,
3027 2176 3159 2231 etin
3191 2175 3370 2230 hieme
3391 2169 3588 2242 quando
3605 2164 3812 2237 pessimum

2333 2281 2417 2328 est
2439 2287 2535 2342 per
2569 2271 2752 2342 fugam
2782 2269 3015 2326 salutem
3044 2280 3312 2339 quaerere.
3346 2265 3438 2320 Est
3459 2273 3619 2318 tamen
3641 2254 3812 2327 quaedam

2332 2363 2458 2434 fuga
2512 2363 2793 2418 hominum
2847 2362 3144 2417 secundum
3195 2365 3518 2430 praeceptum
3570 2348 3701 2406 Verbi
3736 2344 3812 2406 Dei.

2333 2471 2495 2525 quam
2525 2470 2740 2526 semper
2780 2453 2982 2510 sectari
3014 2460 3252 2524 oportet.
3300 2449 3451 2507 Unde
3485 2453 3540 2502 et
3559 2444 3716 2500 beatus
3734 2439 3816 2492 Am-

2332 2546 2546 2601 brosius
2573 2546 2640 2601 de
2668 2543 2794 2618 fuga
2837 2543 3019 2600 saeculi
3048 2543 3185 2600 duos
3225 2541 3428 2613 optime
3445 2534 3658 2594 condidit
3690 2529 3816 2618 libe

2333 2638 2508 2706 Quam
2543 2637 2634 2708 qui
2665 2636 2959 2706 arripuerit
3004 2632 3211 2707 fugam,
3254 2632 3443 2688 melior
3469 2636 3565 2694 est,
3603 2637 3731 2696 quam
3759 2617 3819 2688 qui

2332 2744 2438 2783 non
2489 2726 2646 2798 fugit,
2677 2728 2804 2797 quia
2850 2726 3057 2798 majora
3086 2723 3359 2796 delinquit
3403 2720 3630 2792 quisque,
3663 2728 3735 2785 per
3753 2711 3819 2764 hoc

2331 2818 2473 2888 quod
2503 2833 2610 2872 non
2647 2817 2800 2888 fugit.
2831 2816 2899 2870 Et
2921 2817 3040 2874 ideo
3063 2816 3194 2888 quia
3224 2829 3440 2885 semper
3476 2806 3737 2881 fugiendum
3752 2809 3817 2859 est.

2331 2906 2580 2964 Christus
2626 2906 2884 2962 Dominus
2933 2922 3029 2962 sex
3093 2907 3289 2962 statuit
3344 2903 3608 2965 civitates,
3649 2896 3702 2952 ad
3734 2905 3820 2963 quas

2331 3001 2423 3073 qui
2447 3001 2736 3071 deliquerit
2756 3016 2881 3056 reus
2902 2999 3088 3070 fugere
3113 3001 3302 3067 debet,
3329 2998 3424 3055 sed
3452 2993 3624 3052 nonin
3657 2986 3822 3046 Sabini»

2331 3096 2548 3165 quando
2566 3094 2680 3164 jam
2705 3093 3048 3164 requiescere
3075 3092 3245 3149 debet
3286 3092 3341 3148 in
3387 3089 3586 3160 requie,
3623 3094 3758 3152 neque
3790 3075 3822 3128 in

641 3183 700 3238 in
721 3183 961 3239 desolato
984 3183 1180 3255 templo
1204 3195 1259 3238 et
1280 3185 1539 3239 destituto
1566 3193 1729 3253 atque
1755 3185 1991 3248 deserto,
2021 3181 2223 3238 idolum
2252 3177 2299 3242 C
2331 3185 2510 3240 hieme
2539 3185 2755 3255 quando
2785 3199 2891 3240 non
2927 3184 3077 3251 licet,
3102 3185 3235 3255 quia
3266 3183 3436 3255 frigus
3461 3195 3550 3236 eos
3566 3188 3721 3234 omnes
3748 3167 3823 3224 init-

643 3271 850 3344 absque
877 3273 1040 3330 dubio
1060 3291 1091 3329 a
1121 3273 1381 3329 Romanis
1413 3273 1709 3344 repositum
1741 3282 1843 3330 est.
1870 3273 2054 3344 Neque
2080 3273 2226 3328 enim

643 3374 770 3420 ante
793 3365 1100 3436 passionem
1127 3367 1340 3422 Domini
1371 3366 1453 3437 (ut
1480 3366 1696 3436 quidam
1737 3365 1949 3437 putant)
1976 3380 2007 3419 a
2031 3364 2225 3430 Pilato,

642 3456 780 3511 vela
810 3457 1050 3528 quolibet
1074 3457 1203 3524 alio,
1231 3458 1335 3512 hoc
1365 3439 1643 3526 impletum
1673 3466 1780 3523 est,
1803 3456 2021 3527 quando
2041 3455 2230 3511 statuit

639 3550 930 3620 imaginem
959 3551 1188 3607 Cresaris
1209 3552 1263 3607 in
1294 3551 1513 3622 templo,
1544 3552 1672 3608 licet
1691 3561 1746 3606 et
1771 3552 1874 3607 hoc
1899 3550 2228 3607 abominatio

641 3649 802 3696 esset.
841 3641 1093 3712 Alioquin
1143 3642 1273 3712 quid
1321 3650 1404 3696 est
1438 3642 1581 3713 quod
1631 3642 1892 3699 Dominus
1944 3653 2127 3700 monet
2174 3653 2228 3699 et

640 3731 770 3786 dicit
797 3749 810 3784 :
843 3729 975 3785 Cum
1003 3731 1234 3786 videritis
1257 3731 1698 3788 abominationem
1725 3734 2064 3790 desolationis
2081 3744 2228 3789 stan-

639 3833 763 3888 tem,
791 3831 846 3877 et
872 3833 1091 3889 caetera,
1116 3823 1219 3880 nisi
1248 3824 1391 3895 quod
1427 3824 1601 3882 Lucas
1625 3836 1854 3882 testatur
1895 3838 2022 3883 tunc
2060 3827 2228 3884 fuisse

642 3910 867 3979 factum,
894 3915 1107 3982 quando
1135 3929 1322 3970 eversa
1353 3924 1435 3972 est
1461 3915 1831 3973 Hierusalem?
1860 3918 2067 3974 Idcirco
2124 3935 2226 3974 nec

641 4012 767 4057 ante
787 4004 1089 4072 passionem
1119 4005 1318 4061 factam
1347 4007 1512 4064 fuisse
1533 4010 1862 4065 credendum
1885 4020 1996 4078 est,
2052 4026 2227 4082 neque

644 4095 712 4150 ad
734 4095 895 4151 finem
928 4097 1126 4166 saeculi,
1158 4099 1244 4155 vel
1270 4100 1412 4155 circa
1439 4101 1622 4169 ﬁnem,
1655 4103 1926 4158 aestimare
1966 4104 2226 4159 debemus

643 4182 900 4251 futuram,
932 4201 1050 4257 qua:
1062 4188 1177 4259 jam
1201 4189 1526 4260 iucompleta
1553 4200 1655 4247 est.
1675 4191 1744 4246 Et
1772 4208 2080 4262 quanquam
2108 4193 2224 4263 ipsa

643 4275 995 4333 desolationis
1023 4280 1372 4348 abominatio,
1405 4291 1626 4352 propter
1656 4284 2045 4340 obscuritatem
2071 4287 2222 4351 dicti,

643 4366 750 4422 alio
787 4369 1026 4438 quolibet
1065 4373 1225 4428 modo
1268 4371 1430 4442 queat
1475 4373 1732 4444 intelligi;
1767 4383 1892 4430 tunc
1937 4384 2116 4431 tamen
2145 4374 2225 4430 fa-

643 4468 784 4514 ctam
825 4460 991 4518 fuisse
1032 4465 1362 4519 credendum
1412 4473 1498 4520 est
1532 4467 1748 4536 quando
1779 4468 2037 4524 Dominus
2081 4484 2220 4539 prae-

643 4553 815 4619 dixit;
900 4563 956 4609 et
1027 4557 1271 4611 eamdem
1344 4528 1684 4628 prophetiam
1760 4567 1886 4615 tunc
1953 4528 2220 4632 expletam
2248 4528 2300 4590 D

643 4658 792 4712 esse,
843 4647 1055 4715 quando
1102 4647 1216 4718 ipse
1259 4663 1380 4704 earn
1443 4649 1763 4720 explendam
1833 4653 2108 4723 praescivit
2164 4663 2221 4710 et

644 4739 982 4806 praemonuit.

716 4829 861 4885 Tunc
884 4833 973 4903 qui
999 4831 1054 4887 in
1080 4830 1274 4887 Judaza
1300 4841 1423 4888 sunt
1459 4832 1664 4904 fugiant
1693 4835 1763 4890 ad
1798 4849 2014 4906 montes,
2052 4825 2218 4912 αι’ᾳαὶ

643 4919 700 4974 in
728 4929 861 4976 tecto
890 4938 994 4976 non
1018 4923 1296 4978 descendat
1319 4923 1519 4996 aliquid
1545 4925 1724 4982 tollere
1750 4928 1815 4983 de
1834 4932 1988 4986 domo
2014 4949 2132 4988 sua.
2157 4934 2217 4989 ιιι

645 5010 841 5080 quibus
870 5020 978 5065 tam
1004 5011 1106 5066 iste
1129 5027 1290 5082 quam
1330 5013 1422 5068 alii
1449 5015 1573 5083 duo,
1603 5016 1670 5073 de
1699 5019 2044 5078 festinatione
2087 5022 2225 5094 fugae

645 5098 969 5163 Iudaeorum,
1002 5101 1172 5170 magis
1211 5101 1380 5159 fuisse
1420 5117 1770 5180 praeceptum,
1798 5128 1959 5182 quam
1995 5116 2061 5171 de
2090 5125 2225 5172 tem-

644 5189 868 5261 poribus
892 5189 1232 5258 Antichristi,
1278 5197 1492 5265 quando
1520 5200 1699 5257 nullus
1725 5204 1832 5259 erit
1863 5205 2014 5263 locus
2043 5206 2124 5278 (ut
2169 5208 2223 5263 in

643 5279 963 5351 Apocalypsi
992 5278 1238 5354 legimus)
1273 5299 1381 5354 quo
1425 5290 1658 5347 crudelis
1684 5309 1790 5349 non
1826 5295 2080 5352 desmviat
2101 5313 2226 5369 per-

643 5373 872 5429 secutio.
903 5371 972 5426 Et
1022 5371 1141 5430 ideo
1169 5391 1276 5433 non
1306 5379 1372 5436 de
1417 5379 1541 5452 fuga
1589 5383 1735 5440 illius
1787 5388 2042 5458 temporis
2077 5390 2222 5446 acci-

643 5466 922 5536 piendum,
963 5469 1182 5539 quando
1227 5473 1411 5530 nescio
1461 5473 1507 5530 si
1555 5491 1782 5547 corpore
1809 5479 1949 5536 ullus
1986 5479 2221 5552 etl‘ugere

647 5573 810 5632 queat
835 5564 1058 5634 malum,
1083 5568 1226 5639 quod
1248 5578 1374 5626 tunc
1389 5572 1445 5626 in
1467 5574 1630 5631 terris
1651 5575 1848 5647 ubique
1872 5578 1997 5633 erit.
2014 5578 2222 5637 Idcirco

647 5657 861 5728 planius
897 5659 965 5714 ad
991 5659 1325 5719 obsidionem
1370 5663 1513 5721 illius
1558 5669 1772 5727 misera:
1799 5671 2062 5739 civitatis,
2102 5688 2222 5743 qua:

649 5747 790 5805 dicta
822 5760 947 5808 sunt
986 5752 1292 5821 referimus,
1315 5757 1532 5827 quando
1581 5769 1727 5816 stare
1751 5763 1951 5820 dicitur
1995 5765 2048 5819 in
2104 5763 2223 5822 loco

2331 3275 2568 3331 delitatis
2606 3275 2721 3346 jam
2749 3285 2920 3343 tenet,
2951 3290 3087 3346 quos
3117 3274 3286 3331 modo
3317 3273 3410 3330 Sol
3433 3270 3640 3342 iustitiae
3675 3277 3755 3321 non
3784 3257 3824 3311 il-

2329 3367 2541 3422 lustrat.
2573 3365 2709 3422 Nam
2737 3381 2838 3438 pro
2866 3381 2932 3422 eo
2967 3366 3111 3438 quod
3137 3365 3434 3422 Matthaaus
3458 3371 3512 3418 et
3532 3359 3713 3416 Marcus
3727 3350 3825 3406 dixe.

2330 3470 2493 3517 runt:
2532 3461 2634 3527 Qui
2663 3462 2719 3515 in
2762 3478 2889 3532 agro
2911 3461 3033 3528 erit,
3062 3474 3171 3516 non
3220 3467 3513 3516 revertatur
3563 3462 3678 3508 retro
3710 3442 3829 3540 tollat

2331 3555 2692 3609 vestimentum
2738 3569 2914 3619 suum,
2971 3553 3220 3624 apertius
3268 3553 3447 3609 Lucas
3473 3541 3668 3604 aitzb’t
3704 3535 3767 3610 qui
3795 3535 3829 3624 it

2331 3646 2651 3717 regionibus,
2683 3661 2788 3701 non
2831 3623 3023 3700 intrent
3066 3645 3122 3700 in
3162 3647 3374 3712 eadem,
3407 3643 3528 3715 quia
3554 3639 3652 3692 dies
3673 3623 3833 3688 sullttl'
3905 3687 3909 3694 .

2328 3739 2486 3792 tionis
2532 3739 2586 3792 Iri
2615 3777 2630 3804 ,
2683 3745 2739 3791 ut
2779 3735 3097 3805 impleantur
3145 3737 3330 3791 omnia
3385 3749 3502 3807 qua:
3548 3728 3712 3797 scripta
3753 3723 3828 3772 ⁸1⁸³⁸

2331 3831 2481 3902 (Luc.
2513 3847 2628 3898 χιιι,
2657 3830 2766 3903 12).
2796 3831 2922 3888 Haec
2952 3831 3157 3888 idcirco
3202 3831 3340 3896 dixi,
3380 3838 3444 3886 ut
3490 3823 3718 3892 intelligat
3747 3825 3830 3884 pﬂl'

2329 3924 2461 3978 dens
2487 3922 2676 3989 lector,
2701 3922 2845 3993 quod
2866 3921 2932 3978 de
2957 3937 3062 3977 una
3083 3923 3395 3993 eademque
3415 3934 3475 3976 re
3499 3913 3646 3974 simul
3669 3905 3832 4003 toti

2328 4015 2645 4086 loquuntur.
2700 4015 2766 4070 Et
2822 4023 3053 4086 possunt
3096 4023 3473 4087 congruenter
3518 4007 3640 4066 satis
3680 3994 3831 4060 intellili

2327 4107 2703 4178 spiritualiter,
2727 4107 2948 4178 quodin
2976 4106 3235 4164 omnibus
3265 4098 3756 4162 tribulationibusest
3775 4099 3834 4139 ω-

2326 4199 2582 4266 vendum,
2615 4214 2682 4254 ne
2720 4198 2844 4270 quis
2894 4197 3140 4254 devictus
3172 4199 3506 4269 cupiditate,
3531 4191 3612 4248 vel
3636 4187 3755 4244 ullius
3773 4189 3837 4246 se-

2325 4310 2456 4352 uere
2478 4293 2924 4362 celsitudinis,de
2946 4294 3290 4352 sublimitate
3313 4297 3474 4352 bona:
3497 4293 3614 4348 vitae
3627 4275 3841 4343 descttltdat

2327 4386 2394 4440 ad
2419 4387 2691 4440 carnalem
2721 4385 2909 4452 vitam,
2957 4394 3047 4441 aut
3077 4386 3173 4456 qui
3218 4384 3525 4458 profecerit
3573 4382 3622 4436 in
3643 4369 3842 4432 anteriora

2326 4491 2384 4531 se
2425 4477 2744 4543 extendens,
2773 4476 3074 4533 deﬁciendo
3101 4493 3133 4531 a
3165 4477 3318 4534 bono
3345 4473 3636 4548 proposito,
3656 4468 3700 4522 in
3719 4467 3843 4534 Ροειθ

2328 4568 2474 4622 riora
2509 4569 2718 4624 redeat.
2749 4567 2904 4636 Quod
2933 4568 2979 4624 si
3022 4567 3079 4622 in
3110 4569 3265 4625 omni
3307 4565 3651 4623 tribulatione
3671 4549 3847 4645 carentia

2327 4669 2475 4726 sunt,
2505 4670 2707 4731 quanto
2751 4659 2924 4732 magis
2946 4660 3000 4714 in
3043 4658 3136 4714 illa
3166 4659 3402 4730 praecipi
3427 4657 3626 4720 debuit,
3650 4659 3747 4720 quae
3763 4638 3847 4696 talis

2326 4760 2382 4808 et
2407 4761 2556 4808 tanta
2580 4752 2760 4808 futura
2797 4751 3146 4809 denuntiatur
3176 4752 3258 4807 illi
3306 4749 3553 4815 civitati,
3595 4739 3746 4816 qualis
3775 4744 3848 4789 ιιθιΙ

2328 4844 2509 4901 fuitab
2536 4845 2714 4912 initio,
2729 4861 2906 4916 neque
2931 4845 3058 4900 flet?
3079 4845 3148 4900 Et
3170 4846 3218 4901 si
3245 4845 3304 4901 in
3333 4845 3443 4901 ista
3467 4832 3850 4916 speciali,quaﬂi0

2328 4939 2501 5010 magis
2527 4939 2581 4993 in
2599 4937 2686 4992 illa
2705 4938 2943 5009 generali
2971 4937 3350 5006 tribulatione,
3375 4953 3501 5010 quae
3524 4928 3775 4990 novissima
3796 4917 3852 5010 [υς

2327 5006 2448 5085 tura
2479 5041 2563 5086 est
2593 5031 2647 5086 in
2678 5006 2918 5087 E—cclesia
2950 5041 3136 5086 sancta
3165 5033 3267 5087 Dei
3302 5032 3361 5087 in
3393 5006 3512 5087 toto
3536 5027 3659 5084 orbe
3683 5006 3851 5075 dimisit?

2323 5121 2484 5194 99],
2527 5122 2663 5190 Quia
2688 5123 2767 5178 sic
2806 5121 2979 5179 Lucas
3018 5124 3132 5179 haec
3156 5123 3272 5180 duo
3303 5123 3548 5195 capitula
3575 5119 3636 5174 de
3658 5120 3792 5171 tecto,
3817 5106 3854 5200 ςί

2325 5215 2392 5269 de
2417 5229 2566 5284 agro,
2611 5229 2677 5270 eo
2716 5215 2833 5271 loco
2868 5231 3092 5271 narrare
3119 5216 3368 5283 videtur,
3414 5222 3477 5270 ut
3520 5207 3713 5284 possint
3731 5204 3852 5264 111³8³⁵

2325 5304 2394 5359 ad
2423 5303 2551 5358 illud
2583 5304 2832 5360 ultimum
2861 5306 3167 5362 antichristi
3191 5314 3424 5380 tempus
3454 5302 3661 5366 referri,
3694 5287 3855 5366 quando

2324 5394 2585 5453 Pharisaei
2621 5398 2954 5468 quaesierunt
2999 5414 3030 5454 a
3059 5398 3318 5467 Domino,
3375 5395 3592 5470 quando
3616 5389 3769 5448 veniet
3798 5392 3854 5470 rt?-

2325 5503 2488 5558 gnum
2519 5488 2649 5544 Dei?
2676 5487 2787 5545 Nec
2811 5491 3031 5558 mirum,
3071 5469 3548 5562 praesertimicum
3576 5490 3682 5544 haec
3722 5469 3854 5545 regula

2327 5577 2731 5650 Scripturarum
2758 5582 2851 5648 sit,
2869 5583 3010 5638 utde
3033 5583 3273 5639 adventu
3302 5582 3515 5641 Christi
3535 5573 3854 5638 nonnulli]llam

2324 5673 2692 5733 indifferenter
2720 5676 2993 5748 loquatur,
3019 5677 3146 5734 dum
3167 5676 3476 5749 aliquando
3503 5676 3558 5733 in
3581 5687 3678 5728 una
3698 5660 3859 5753 cadet)?

2321 5780 2431 5835 que
2451 5767 2721 5827 θθηίθίηίδ
2748 5767 2828 5826 δίο
2856 5768 3095 5840 ιοαιιίιιιτ
3122 5770 3186 5828 de
3216 5771 3409 5843 primo
3438 5768 3663 5824 adventu
3683 5751 3855 5815 Cirris“.
