4016 6354
1726 80 1753 93 ρ

123 226 212 287 m9
676 157 727 250 Ι

912 222 1277 283 EXPOSITIO
1313 221 1382 278 1N
1422 219 1866 282 MATTHJEUM.
1897 255 1964 265 —
1991 223 2117 279 LIB.
2158 223 2250 292 XI,
2287 223 2436 280 CAP.
2482 220 2668 278 XXIV.

3320 222 3426 281 810

122 357 179 406 ut
201 344 451 418 quaedam
479 340 781 400 referenda
825 344 937 400 sint
961 344 1030 399 ad
1076 343 1228 398 illum
1257 342 1531 404 ultimum,
1559 351 1616 396 et
1663 341 1731 396 de
1758 348 1811 408 Α
1838 341 1983 412 quod
2008 340 2142 396 dicit
2165 338 2445 405 Dominus,
2487 355 2564 394 va:
2593 337 3004 410 praegnantibus,
3036 353 3143 394 non
3174 341 3240 394 de
3291 337 3428 396 feta-

125 438 306 497 ultimo
329 436 409 491 sic
437 443 498 488 ut
517 437 783 504 quaedam
809 421 1093 492 sentienda
1117 435 1226 490 sint
1253 434 1319 490 de
1345 433 1541 505 primo.
1577 431 1735 489 Unde

126 530 414 587 cavendum
434 535 522 580 est
555 523 630 582 iin
664 527 941 592 omnibus,
968 539 1036 580 ne
1057 523 1198 580 forte
1219 538 1340 596 quae
1366 525 1432 580 de
1452 523 1632 594 primo
1654 523 1734 580 di-

127 631 314 679 cuntur
345 617 412 673 ad
439 622 762 676 sec'undum
791 619 1121 683 referamus,
1153 625 1208 672 et
1244 632 1365 687 quae
1400 617 1467 672 de
1495 616 1735 672 secundo

125 715 187 772 ad
229 713 508 786 primum,
559 714 723 770 sicuti
765 713 870 769 hoc
921 712 1042 768 loco
1077 710 1326 768 fecerunt
1374 711 1541 767 etiam
1591 711 1735 767 docti

126 805 237 861 viri.
269 802 680 862 Verumtamen
700 846 716 870 ,
740 813 802 860 ut
830 804 962 870 dixi,
1004 802 1132 874 quia
1161 810 1489 874 praeceptum
1519 810 1624 869 est,
1643 803 1736 874 qui

127 901 175 956 in
197 895 386 954 Judzea
411 907 576 964 'sunt,
604 907 666 953 ut
687 896 896 969 fugiant
925 895 993 952 ad
1023 903 1256 961 montes,
1289 910 1385 951 seu
1430 903 1648 960 caetera,
1683 901 1740 950 et

128 991 187 1046 ad
211 986 627 1045 desola.tionem
663 986 875 1058 templi,
898 995 954 1042 et
978 987 1047 1041 ad
1067 984 1309 1041 futurum
1346 995 1559 1056 tempus
1586 985 1740 1040 Anti-

131 1079 338 1144 christi,
388 1092 445 1137 et
470 1081 541 1136 ad
581 1094 798 1136 omnem
829 1078 1254 1144 tribulationem,
1281 1094 1402 1150 qua;
1445 1076 1507 1132 lit
1543 1077 1598 1132 in
1638 1077 1742 1133 Ec-

133 1169 286 1226 clesia
313 1172 615 1242 ‘pertinere
637 1177 846 1241 potest,
873 1178 928 1224 et
950 1177 1138 1224 contra
1160 1169 1342 1224 omnia
1362 1169 1740 1224 baareticorum

133 1263 281 1333 dogm
307 1273 399 1319 ala
427 1278 714 1334 perversa;
741 1278 861 1334 quae
894 1277 1020 1317 cum
1047 1261 1346 1318 viderimus
1376 1271 1524 1318 stare
1545 1262 1601 1317 in
1621 1262 1742 1318 loco

133 1366 360 1424 sentite,
387 1357 494 1412 hoc
536 1364 622 1412 est
663 1355 719 1411 in
766 1353 1035 1422 Ecclesia,
1083 1362 1140 1410 et
1193 1369 1253 1410 se
1287 1354 1577 1410 ostendere
1608 1370 1673 1409 ac
1693 1355 1742 1410 si

137 1453 338 1516 Dirum,
387 1450 647 1506 debemus
681 1448 750 1505 de
797 1447 982 1504 Iudaea
1024 1447 1215 1519 fugere
1259 1448 1327 1504 ad
1387 1457 1620 1516 montes,
1675 1465 1743 1505 ex

136 1545 349 1617 quibus
376 1544 846 1600 veniatauxiliuin
875 1544 1052 1601 nobis.
1077 1543 1193 1600 Hoc
1220 1552 1322 1612 est,
1351 1545 1572 1600 dimissa
1601 1545 1746 1601 occi-

1839 449 1962 490 rum
1989 447 2156 488 onere
2189 432 2350 498 dicit,
2380 445 2556 502 neque
2595 431 2662 486 de
2695 430 2988 502 gravedine
3012 429 3339 496 liberorum,
3371 431 3428 486 in

1841 527 2038 596 quibus
2087 524 2392 582 benedictio
2438 523 2815 588 conﬁrmatur,
2872 523 2969 578 sed
3026 523 3093 578 de
3137 523 3429 594 gravedine

1839 625 2185 687 peccatorum
2225 623 2280 670 et
2303 615 2511 671 ventris
2538 627 2730 678 onere,
2759 628 2882 667 cum
2916 610 3132 684 ﬂagitiis
3177 621 3232 668 et
3260 613 3432 670 scele-

1841 707 1995 763 ribus
2028 717 2434 779 prrgravantur
2469 706 2682 761 animae.
2725 703 2931 772 Quibus
2961 703 3203 760 imminet
3235 719 3336 770 vae,
3366 720 3433 762 eo

1841 805 1988 874 quod
2012 802 2302 858 noluerunt
2323 802 2377 856 in
2405 801 2506 856 viri
2532 800 2764 856 formam
2791 799 3046 865 transire,
3068 810 3124 854 et
3144 799 3436 855 virtutibus

1844 894 2112 961 roborari,
2137 893 2232 950 sed
2271 909 2483 965 semper
2512 891 2797 948 muliebria
2829 891 3063 959 sectari;
3105 907 3170 947 ac
3212 906 3310 962 per
3329 889 3436 948 hoc

1843 1001 2000 1056 teque
2048 987 2115 1040 de
2166 994 2398 1056 utroque
2450 1000 2581 1041 sexu
2629 983 3028 1056 accipiendum,
3075 999 3198 1040 cum
3245 993 3437 1055 partus

1843 1080 2058 1150 peccati
2087 1078 2229 1134 male
2279 1079 2536 1146 nutritur,
2568 1088 2622 1134 et
2670 1088 2816 1134 totus
2862 1079 3026 1134 homo
3064 1079 3211 1135 intus
3241 1077 3440 1135 ferisve

1843 1169 2082 1239 pessima
2135 1169 2452 1225 delictorum
2496 1170 2781 1226 vexatione
2823 1167 3170 1226 confunditur
3207 1180 3262 1225 et
3301 1185 3440 1243 prae-

1846 1271 2123 1333 gravatur.
2156 1262 2327 1318 Porro
2349 1263 2416 1319 de
2442 1263 2794 1320 tribulatione
2817 1279 2939 1336 quae
2959 1272 3088 1320 tunc
3121 1264 3300 1320 futura
3323 1273 3444 1320 erat

1847 1352 1903 1407 in
1927 1351 2132 1420 Iudaea,
2161 1363 2216 1409 et
2246 1356 2424 1411 adhuc
2477 1355 2659 1411 futura
2687 1365 2774 1412 est
2801 1356 2857 1412 in
2895 1364 3008 1413 toto
3035 1357 3189 1423 orbe,
3216 1357 3331 1428 jam
3355 1372 3444 1412 sa-

1850 1447 1919 1502 tis
1947 1447 2150 1503 dictum
2182 1458 2283 1504 est.
2317 1448 2384 1502 Et
2414 1449 2514 1503 nisi
2547 1449 2762 1504 breviati
2795 1449 3019 1519 fuissent
3060 1451 3169 1505 dies
3196 1449 3296 1512 illi,
3339 1466 3443 1506 non

1848 1539 1996 1607 ﬁeret
2036 1539 2183 1594 salva
2236 1541 2405 1595 omnis
2445 1557 2568 1595 caro
2594 1581 2608 1607 ,
2657 1541 2746 1596 sed
2787 1550 2998 1612 prapter
3025 1541 3216 1597 electos
3245 1541 3446 1596 brevia-

137 1640 314 1696 r'dente
351 1637 530 1694 littera
559 1647 614 1693 et
639 1637 865 1694 Judaica
905 1638 1196 1708 pravitate,
1227 1647 1284 1693 et
1313 1639 1749 1710 appropinquare
1853 1633 2048 1688 buntur
2089 1633 2204 1689 dies
2247 1633 2347 1690 illi.
2405 1634 2654 1690 Diximus
2693 1633 2806 1704 jam
2863 1650 3028 1706 supra
3078 1636 3223 1707 quod
3268 1635 3446 1711 Lucas

137 1728 428 1785 sinentibus
457 1729 699 1796 aeternis,
729 1730 795 1784 de
825 1729 1024 1799 quibus
1065 1744 1165 1784 nos
1193 1727 1459 1783 illuminet
1484 1728 1744 1784 mirabili-
1775 1719 1823 1780 B
1851 1724 2145 1796 patefaciat
2186 1724 2294 1781 hoc
2324 1725 2460 1789 loco,
2515 1726 2662 1795 quod
2687 1734 2834 1783 esset
2875 1727 3143 1784 incertum
3190 1735 3446 1784 utrumne

137 1829 236 1878 :ter
259 1821 562 1888 Dominus;
600 1831 658 1877 et
699 1837 924 1877 manere
959 1831 1175 1892 oportet
1204 1822 1257 1876 in
1303 1830 1445 1878 tecto
1489 1833 1652 1893 atque
1694 1823 1749 1878 in
1853 1818 1921 1872 ad
1979 1818 2164 1874 saeculi
2222 1819 2417 1884 ﬁnem,
2489 1834 2556 1874 an
2612 1819 2680 1875 ad
2745 1822 3196 1892 expugnationem
3253 1820 3449 1892 Hierue

135 1912 368 1969 domate
390 1912 628 1968 caelestis
655 1911 1047 1984 intelligentiae,
1081 1927 1189 1982 quo
1210 1926 1316 1966 non
1346 1911 1558 1982 possint
1582 1914 1751 1984 ignita
1854 1911 2026 1967 salem
2091 1911 2392 1983 pertineret
2466 1917 2612 1982 quod
2679 1913 2884 1969 dictum
2951 1922 3037 1972 est
3105 1916 3170 1972 de
3242 1914 3450 1972 abomi-

135 2003 355 2060 vdiaboli
393 2004 576 2076 jacula
621 2006 927 2075 pervenire.
982 2003 1094 2061 Nec
1132 2003 1461 2060 descendere
1496 2007 1752 2061 convenit
1854 2006 2078 2062 natione
2133 2003 2520 2072 desolationis,
2581 2015 2636 2061 et
2683 2006 2825 2076 quod
2878 2006 3081 2063 dictum
3138 2006 3205 2063 de
3256 2007 3451 2062 abbre-

135 2106 204 2154 vet
231 2098 431 2154 tollere
467 2098 672 2168 aliquid
709 2099 776 2155 de
806 2098 968 2154 domo
1011 2098 1443 2155 conversationis
1493 2100 1748 2169 antiquae,
1855 2100 2093 2155 viatione
2156 2098 2367 2154 dierum
2442 2106 2666 2169 propter
2719 2098 2941 2156 electos.
3010 2100 3148 2169 Quia
3213 2102 3316 2158 etsi
3385 2115 3450 2156 ea

136 2208 255 2250 :nec
284 2207 531 2264 quaerere
581 2208 701 2263 quae
731 2203 881 2249 retro
931 2201 1079 2259 sunt,
1135 2194 1228 2248 sed
1258 2194 1430 2263 magis
1475 2208 1656 2249 serere
1698 2192 1753 2248 in
1855 2193 2020 2265 993
2062 2193 2178 2264 ipse
2205 2208 2315 2248 non
2351 2193 2510 2260 dixit,
2537 2193 2674 2249 dixit
2721 2202 2902 2250 tamen
2947 2195 3188 2266 apertius
3227 2194 3333 2250 alia
3383 2194 3452 2250 de

135 2300 296 2356 agro
339 2301 498 2354 quem
538 2285 820 2342 benedixit
843 2286 1132 2354 Dominus,
1160 2295 1222 2343 ut
1248 2285 1485 2342 fructum
1511 2286 1639 2341 vitae
1657 2301 1751 2342 ea-

139 2378 374 2451 .piamus
397 2394 463 2433 ex
483 2394 569 2434 eo.

225 2467 331 2524 Va:
364 2480 544 2525 autaut
559 2471 960 2542 pragnantibus
981 2480 1029 2525 et
1061 2471 1409 2528 nutrientibus
1429 2473 1484 2527 in
1509 2470 1616 2527 illis
1643 2472 1757 2526 die-

145 2577 270 2618 eus.
320 2561 462 2631 Quia
493 2579 599 2619 non
643 2564 862 2636 expedit
891 2563 1219 2635 fugientibus
1267 2564 1504 2636 gravedo
1528 2564 1752 2631 ventris,

146 2660 375 2708 etenus
428 2652 727 2709 liberorum
782 2654 1256 2725 parvissimorum.
1283 2653 1478 2726 Neque
1495 2654 1643 2711 enim
1688 2655 1758 2711 ad

143 2755 274 2798 eun
303 2741 502 2815 fugam
542 2744 873 2800 conveniunt
897 2744 1000 2800 ista
1041 2759 1164 2816 quae
1215 2744 1360 2800 facta
1389 2753 1475 2800 est
1523 2754 1652 2801 tunc
1701 2744 1759 2800 in

138 2832 362 2900 Maca.
404 2851 591 2906 neque
629 2837 699 2892 ad
733 2852 830 2894 eos
875 2838 968 2908 qui
999 2837 1190 2894 volunt
1234 2837 1471 2910 effugere
1516 2837 1759 2910 pericula

140 2928 557 2985 simulationis.
612 2929 749 2998 Quia
778 2945 858 2986 vae
884 2929 992 2986 illis
1038 2930 1360 2989 animalibus
1391 2947 1510 3002 quae
1543 2947 1649 2987 non
1702 2931 1761 2986 in

141 3020 468 3088 perfectum
508 3021 708 3087 virum,
753 3022 1014 3078 virtutum
1053 3023 1299 3094 germina
1348 3024 1758 3096 produxerunt;

139 3083 275 3180 quae
307 3127 424 3166 non
451 3111 557 3166 nisi
587 3083 740 3167 initia
779 3113 984 3170 habent
1018 3083 1167 3182 ﬁdei,
1215 3123 1277 3171 ut
1318 3083 1460 3172 lacte
1487 3083 1765 3189 indigeant
1789 3083 1836 3149 α

143 3202 580 3272 magistrorum.
623 3201 693 3256 Et
729 3211 908 3272 potest
957 3204 1066 3260 dici
1098 3205 1243 3276 quod
1285 3205 1340 3260 in
1387 3207 1766 3278 persecutione

147 3292 517 3360 kntichristi,
549 3294 696 3351 sicut
722 3311 824 3351 nec
859 3295 914 3350 in
961 3295 1206 3351 Romana
1248 3297 1586 3368 captivitate,
1626 3315 1765 3371 prae-

147 3395 406 3456 gnantes
431 3395 489 3440 et
517 3387 822 3442 nutrientes
849 3387 988 3442 uteri
1020 3396 1076 3442 et
1105 3387 1338 3444 ﬁliorum
1387 3391 1600 3446 sarcina
1628 3407 1765 3463 prae-

139 3477 382 3546 gravati
408 3477 717 3547 expeditam
759 3477 1051 3548 quiverunt
1087 3477 1267 3550 fugam
1298 3479 1520 3544 habere,
1568 3491 1622 3536 et
1647 3481 1768 3536 ideo

145 3569 465 3636 sequitur:
499 3567 656 3624 Orate
706 3579 881 3624 autem
909 3580 963 3624 ut
991 3587 1094 3625 non
1123 3570 1218 3640 ﬁat
1248 3573 1375 3643 fuga
1405 3573 1569 3644 992
1598 3583 1768 3630 vestra

135 3657 351 3712 .lu'eme
367 3657 449 3713 vel
475 3658 721 3715 Sabbato.
750 3660 889 3728 Quia
914 3661 968 3715 in
990 3661 1171 3716 hieme
1198 3664 1464 3734 asperitas
1490 3673 1544 3719 et
1568 3664 1767 3721 duritia

141 3747 419 3821 frigoris,
445 3750 512 3805 ad
535 3751 856 3807 solitudines
886 3751 1124 3807 velocius
1167 3753 1371 3824 fugere,
1407 3763 1461 3809 et
1495 3755 1548 3809 in
1573 3755 1772 3810 monti-

137 3838 262 3894 bus
295 3839 646 3911 desertisque
692 3840 826 3896 locis
854 3840 1071 3896 latitare
1095 3857 1203 3897 non
1233 3844 1518 3913 permittit.
1551 3844 1608 3899 In
1635 3844 1770 3901 Sab-

139 3929 289 3986 bato
313 3947 474 3999 vero,
509 3942 604 3988 aut
653 3934 983 4005 trangressio
1011 3935 1146 4005 legis
1173 3936 1297 4002 erit,
1340 3937 1384 3991 si
1411 3937 1561 3992 exire
1590 3937 1655 3991 ad
1685 3935 1772 3991 fu-

135 4041 282 4098 gam
317 4025 617 4091 voluerint,
645 4035 739 4081 aut
789 4041 938 4082 mors
966 4026 1277 4095 imminens,
1305 4029 1350 4084 si
1387 4031 1768 4086 remanserint.

133 4119 320 4187 Quod
369 4128 711 4191 praeceptum
740 4129 796 4175 et
848 4121 915 4175 ad
967 4121 1242 4176 excidium
1273 4120 1774 4194 Hierosolymorum

128 4211 433 4282 pertinet,
463 4218 522 4264 et
567 4209 634 4263 ad
657 4209 977 4265 Antichristi
1026 4217 1294 4281 tempora,
1346 4227 1556 4268 necnon
1609 4221 1665 4268 et
1706 4213 1774 4269 ad

130 4303 346 4377 fugam
380 4302 575 4359 saeculi
599 4303 748 4358 omni
768 4302 1111 4368 Christiano;
1153 4319 1222 4360 ne
1243 4314 1375 4361 tunc
1398 4306 1621 4378 incipiat
1638 4306 1775 4363 velle

125 4397 378 4468 fugere,
430 4394 652 4464 quando
690 4392 808 4463 jam
857 4410 965 4449 non
1018 4394 1164 4461 licet,
1211 4396 1296 4452 vel
1336 4397 1552 4468 quando
1606 4398 1772 4454 nimia

126 4501 392 4558 pressus
443 4486 743 4556 asperitate
794 4487 1135 4558 mgritudinis
1181 4495 1236 4544 et
1274 4489 1614 4558 inﬁdelitate,
1656 4491 1771 4563 jam

125 4593 251 4636 non
282 4579 510 4653 possit.
535 4577 764 4635 Constat
792 4579 958 4652 igitur
988 4580 1106 4636 haec
1129 4591 1399 4653 praecepta
1432 4585 1604 4654 magis
1646 4599 1774 4656 pro-

123 4671 496 4748 verbialiter
524 4669 699 4736 dicta;
728 4671 853 4742 quia
881 4672 1140 4727 nonnulla
1171 4687 1358 4729 eorum
1408 4673 1475 4729 ad
1516 4675 1770 4744 litteram,

117 4780 242 4823 nec
275 4765 582 4821 rationem
605 4761 738 4819 facti
763 4763 1002 4834 dictique
1028 4766 1299 4837 recipiunt
1326 4768 1642 4835 humanam,
1675 4786 1775 4827 nec

119 4852 601 4927 intelligentiam
646 4852 908 4908 divinam.
942 4853 1201 4921 Quaenam
1242 4857 1382 4912 ratio
1427 4866 1512 4913 est
1539 4874 1644 4914 non
1683 4859 1776 4914 de-

106 4947 443 5007 scendere
467 4944 535 5000 de
575 4952 720 5000 tecto
737 4959 859 5001 eum
881 4960 982 5002 nec
1002 4947 1155 5002 abire
1173 4949 1371 5019 poterit
1390 4964 1491 5005 nec
1514 4949 1769 5022 eﬂ‘ugere,

115 5041 168 5095 si
200 5041 267 5094 in
305 5044 488 5093 tecto
539 5044 634 5091 aut
661 5037 716 5091 in
750 5035 912 5092 domo
938 5038 1269 5110 persteterit,
1301 5049 1358 5096 et
1378 5040 1502 5110 si‘in
1533 5040 1773 5099 Sabbato

116 5129 215 5186 vel
252 5131 484 5186 hieme
531 5124 660 5198 fuga
698 5101 1019 5201 contigerit;
1064 5145 1170 5186 non
1210 5101 1389 5185 littera
1414 5101 1771 5198 sbservanda,

109 5222 226 5277 sed
251 5215 589 5276 moralitas
613 5232 800 5272 rerum
827 5234 1042 5293 semper
1067 5218 1121 5278 in
1144 5219 1395 5277 omnibus
1417 5222 1770 5282 observanda.

101 5315 200 5370 lta
267 5323 339 5371 et
383 5325 527 5367 cum
576 5309 654 5366 ait
689 5328 703 5364 :
747 5309 838 5366 Va:
863 5307 1275 5382 prwgnantibus,
1324 5315 1772 5374 considerandum

107 5407 264 5478 quid
298 5401 584 5461 conditio
604 5417 769 5458 sexus
788 5410 840 5457 et
855 5402 1222 5475 generationis
1241 5406 1376 5463 ordo
1395 5415 1774 5480 promeruerit.

104 5497 249 5556 Nisi
282 5496 497 5556 forte,
529 5492 659 5562 quia
687 5507 850 5548 sexus
875 5503 930 5548 et
957 5501 1089 5550 aetas
1117 5496 1405 5554 mulierum
1431 5499 1486 5555 in
1519 5501 1610 5557 tali
1643 5502 1772 5559 inci-

105 5596 341 5653 derint
402 5597 667 5657 tempore
700 5602 808 5657 quo
856 5590 1074 5659 proprie
1119 5591 1190 5646 sit
1228 5608 1414 5647 earum
1447 5596 1774 5664 maledictio,

103 5703 237 5747 non
297 5697 393 5739 ex
415 5677 646 5747 -culpa,
688 5679 832 5748 quod
859 5679 1018 5743 absit,
1052 5683 1145 5737 sed
1195 5698 1258 5741 ex
1309 5694 1524 5742 eventu.
1561 5688 1626 5744 Et
1656 5689 1777 5748 ideo

519 5773 793 5838 Ριτιιοι..
841 5771 1035 5836 CXX.

1856 2286 1964 2342 hoc
1989 2285 2129 2354 ipso,
2159 2300 2283 2355 qua:
2313 2301 2476 2356 supra
2504 2293 2716 2350 notare,
2744 2295 2906 2357 atque
2933 2288 3003 2343 ad
3048 2287 3150 2343 ista
3173 2288 3451 2359 pertinere

1858 2380 2204 2435 monstravit.
2229 2379 2702 2450 ldcircoquamvis
2724 2381 3020 2435 secundum
3047 2381 3294 2452 regulam,
3315 2397 3454 2452 prae-

1859 2470 2072 2536 fatam,
2149 2479 2261 2526 tam
2319 2470 2568 2541 quaedam
2615 2471 2892 2542 pertinere
2937 2481 3142 2542 queant
3190 2470 3258 2526 ad
3292 2472 3451 2528 Anti-

1862 2553 2344 2632 christi'tempora,
2397 2562 2645 2634 quaedam
2677 2563 2746 2619 ad
2771 2564 3112 2620 eversionem
3141 2561 3455 2636 Hierosoly-

1859 2669 2099 2721 morum,
2129 2654 2378 2726 quaedam
2404 2654 2473 2710 ad
2503 2664 2813 2727 utrumque,
2834 2671 2940 2712 non
2966 2664 3148 2712 tamen
3176 2655 3455 2728 ambigere

1864 2745 2125 2802 debemus
2179 2746 2396 2818 quando
2446 2763 2634 2804 eversa
2667 2755 2750 2804 est
2785 2747 3144 2814 Hierusalem,
3199 2747 3367 2805 fuisse
3397 2748 3454 2804 in

1864 2835 1956 2891 illo
1974 2836 2172 2908 populo
2200 2838 2404 2894 electos
2432 2837 2547 2904 Dei,
2594 2839 2684 2909 qui
2724 2854 2790 2895 ex
2838 2839 3255 2896 circumcisione
3282 2840 3456 2896 credi-

1866 2927 2079 2994 derant,
2107 2930 2223 2986 sive
2256 2929 2475 2985 fuerant
2502 2930 2784 2997 credituri,
2817 2931 2978 2986 electi
3005 2947 3072 2988 ex
3116 2931 3457 3002 praescientia

1867 3017 1965 3074 Dei
1995 3028 2121 3075 ante
2177 3021 2362 3076 mundi
2403 3022 2868 3090 constitutionem,
2897 3032 3122 3094 propter
3169 3039 3306 3094 quos
3329 3024 3459 3082 bre-

1866 3111 2152 3168 viarentur
2176 3113 2290 3169 dies
2316 3113 2414 3181 illi,
2457 3122 2517 3168 ut
2551 3113 2849 3171 tolerabilia
2872 3115 3014 3172 mala
3062 3116 3272 3172 ﬁerent.
3308 3115 3463 3173 Sicut

1867 3213 1923 3262 et
1943 3206 1998 3261 in
2027 3208 2360 3278 temporibus
2390 3207 2711 3264 Antichristi
2750 3207 3012 3277 ﬁendum,
3041 3225 3204 3266 nemo
3223 3209 3318 3282 qui
3340 3225 3460 3265 am-

1865 3294 2054 3364 bigat;
2089 3297 2233 3365 quod
2272 3304 2327 3351 et
2357 3295 2595 3352 Joannes
2637 3297 2692 3352 in
2716 3297 3038 3370 Apocalypsi
3060 3315 3159 3355 sua
3200 3299 3460 3356 declarat.

1870 3388 1978 3446 Sed
2027 3374 2377 3461 quaerendum
2431 3392 2704 3461 quomodo
2750 3391 3033 3448 breviandi
3065 3393 3315 3450 dicantur
3358 3393 3464 3464 ipsi

1869 3480 2028 3549 dies;
2076 3491 2259 3536 utrum
2303 3497 2528 3537 numero
2574 3482 2804 3539 breviati
2845 3493 2972 3538 sunt
3014 3491 3107 3539 aut
3135 3483 3465 3565 breviabun-

1870 3583 1959 3626 tur
1989 3571 2150 3643 (sicut
2171 3573 2393 3643 quidam
2440 3573 2800 3646 existimant),
2833 3589 2901 3629 an
2952 3574 3032 3638 sic
3073 3573 3464 3630 breviabuntur

1871 3667 1986 3721 suis
2028 3666 2216 3736 spatiis
2261 3666 2364 3738 ipsi
2403 3666 2542 3734 dies,
2597 3666 2739 3724 sicut
2784 3666 2926 3724 facta
2954 3676 3060 3735 est,
3093 3676 3286 3724 orante
3334 3667 3464 3725 Jesu

1871 3756 2044 3826 Nave,
2093 3758 2306 3831 longior
2354 3759 2513 3816 dies?
2554 3759 2907 3832 Nequaquam
2956 3762 3122 3835 igitur
3185 3762 3289 3818 hoc
3331 3770 3466 3833 puto

1872 3851 2016 3921 quod
2047 3851 2278 3908 debeant
2321 3864 2593 3910 momenta
2629 3863 2932 3928 temporum
2977 3859 3198 3924 mutari,
3226 3875 3292 3914 eo
3317 3862 3474 3931 quod,

1873 3943 2135 4014 scriptum
2165 3943 2393 4016 legimus
2423 3965 2435 4001 :
2483 3948 2829 4006 Ordinatione
2869 3960 2961 4006 tua
3009 3962 3301 4023 perseverat
3330 3954 3462 4009 dies.

1873 4030 2166 4106 Propterea
2194 4036 2387 4090 melius
2408 4036 2564 4106 juxta
2593 4047 2898 4110 temporum
2919 4042 3235 4112 qualitatem
3259 4045 3468 4100 sentire

1874 4126 2153 4193 debemus,
2193 4127 2537 4185 abbreviatos
2574 4131 2709 4199 dies,
2759 4148 2864 4189 non
2896 4148 3149 4191 mensura
3185 4137 3467 4199 horarum.

1875 4216 1970 4274 sed
2000 4233 2255 4284 numero;
2289 4235 2396 4274 non
2436 4223 2579 4291 quod
2627 4224 2692 4279 de
2727 4240 2888 4281 cursu
2933 4227 3197 4298 temporis
3238 4229 3468 4284 detracti

1876 4308 2006 4376 sint,
2032 4309 2126 4365 sed
2150 4310 2276 4380 quia
2291 4326 2357 4365 ex
2382 4313 2950 4382 qualitateimminuti.
2968 4315 3104 4372 Nam
3129 4327 3186 4373 et
3215 4319 3469 4375 Ezechiae

1878 4403 2185 4472 quindecim
2214 4406 2358 4461 aucti
2397 4406 2654 4464 dicuntur
2679 4411 2830 4478 anni,
2862 4427 2970 4468 non
2993 4414 3062 4470 ad
3088 4430 3307 4471 cursum
3334 4425 3470 4473 tem-

1875 4498 2048 4568 poris,
2079 4499 2175 4555 sed
2200 4501 2270 4566 ei,
2305 4502 2391 4556 cui
2419 4501 2584 4558 futuri
2615 4514 2773 4560 erant
2798 4507 3222 4566 anni-ad.vitam
3257 4510 3464 4566 donati.

1879 4588 1971 4646 Sic
1995 4591 2193 4662 quippe
2223 4603 2277 4647 et
2296 4594 2348 4648 in
2373 4593 2840 4654 benedictionibus
2863 4599 3092 4656 dicitur:
3115 4599 3469 4674 Longitudine

1877 4682 2083 4736 dierum
2105 4683 2398 4754 adimplebo
2433 4701 2551 4740 eum
2577 4684 2721 4758 (Pal.
2764 4704 2852 4754 xc,
2872 4689 2998 4762 l6);
3029 4691 3158 4761 quia
3183 4691 3310 4745 dum
3326 4692 3466 4747 bona

1875 4775 1988 4828 vita
2016 4775 2246 4846 quisque
2269 4775 2616 4846 adimpletur,
2637 4781 2828 4847 plenus
2856 4780 3069 4837 dierum
3095 4795 3216 4837 esse
3243 4781 3464 4838 dicitur.

1878 4863 1948 4919 Et
1981 4865 2100 4921 ideo
2141 4881 2261 4920 cum
2313 4865 2452 4922 mala
2483 4867 2692 4924 dierum
2721 4869 2938 4926 illorum
2977 4873 3323 4941 breviantur,
3363 4873 3469 4944 ipsi

1878 4955 1994 5010 dies
2025 4953 2149 5024 jure
2195 4956 2427 5014 breviati
2473 4959 2746 5015 dicuntur.
2785 4963 3056 5020 Dicuntur
3093 4965 3241 5022 enim
3267 4973 3322 5020 et
3350 4965 3504 5036 dies,

1879 5049 2004 5104 mali
2029 5051 2084 5118 in
2126 5051 2425 5124 Scripturis
2453 5057 2674 5124 divinis,
2704 5074 2810 5115 non
2833 5061 2977 5132 quod
3018 5076 3116 5132 per
3135 5077 3196 5119 se
3221 5063 3325 5134 ipsi
3351 5063 3470 5120 dies

1878 5143 2006 5197 mali
2038 5143 2167 5210 sint,
2192 5145 2286 5201 sed
2315 5161 2378 5201 ea
2408 5157 2535 5203 sunt
2578 5150 2719 5205 mala
2748 5167 2869 5222 quae
2914 5154 3051 5210 ﬁunt
3098 5154 3153 5210 in
3193 5154 3292 5210 eis.
3325 5153 3468 5225 Ergo

1880 5249 2002 5289 cum
2033 5235 2145 5306 ipsa
2183 5241 2637 5308 repromittuntur
2681 5244 3010 5312 abbreviari,
3037 5255 3097 5302 ut
3125 5247 3239 5304 Deo
3267 5248 3474 5304 donan-

1880 5332 1956 5392 te,
1999 5327 2190 5383 saltem
2219 5343 2316 5400 per
2357 5331 2722 5400 tolerantiam,
2772 5335 2953 5392 minus
2972 5337 3278 5394 sentiantur
3313 5338 3471 5403 mali,

1880 5430 1988 5470 non
2021 5418 2293 5476 immerito
2319 5421 2546 5478 breviati
2570 5424 2842 5491 dicuntur,
2866 5441 2990 5482 cum
3017 5427 3252 5498 qualitas
3279 5441 3471 5485 eorum

1881 5505 2218 5574 immutatur,
2260 5520 2319 5565 ut
2376 5512 2467 5582 qui
2517 5513 2642 5567 mali
2693 5513 2859 5570 futuri
2899 5526 3081 5585 erant,
3126 5519 3228 5574 nisi
3277 5533 3307 5572 a
3355 5516 3504 5583 Deo,

1880 5599 2280 5667 breviarentur,
2327 5603 2453 5658 boni
2493 5614 2546 5657 et
2599 5605 2872 5675 tranquilli
2920 5607 3073 5663 ﬁant.
3101 5609 3189 5675 Et,
3240 5617 3300 5664 ut
3331 5605 3468 5676 dixi,

1881 5693 2058 5751 Lucas
2087 5696 2190 5752 ista
2212 5712 2319 5754 non
2344 5695 2500 5764 dixit,
2526 5696 2618 5752 sed
2643 5697 2928 5756 Matthaeus
2958 5711 3014 5757 et
3038 5701 3252 5759 Marcus
3276 5723 3287 5760 :
3322 5710 3460 5772 quos

2909 5793 2989 5859 26
