4016 6354
641 162 740 221 8H

1453 163 1510 220 s.
1549 163 1909 225 PASCHASH
1946 120 2295 223 esseEan
2332 164 2628 225 sensus
2659 165 3111 226 consmusrs

3731 186 3815 243 8W.

635 276 728 346 qui
775 273 1117 330 solummodo
1156 273 1425 345 sequitur,
1476 283 1655 345 potest
1713 275 1777 331 ad
1831 276 1992 332 linem
2050 276 2231 333 surculi
2258 292 2311 353 Α
2337 260 2768 336 multumdiffert
2797 294 2829 333 a
2857 279 3161 346 mendacio,
3192 280 3268 337 ita
3296 292 3344 340 et
3366 286 3578 359 dogmata
3599 292 3796 362 falsorum

640 382 697 427 et
743 370 812 424 ad
843 366 1172 423 Antichristi
1214 376 1455 437 tempora
1516 370 1633 424 haec
1679 368 1904 425 referre.
1957 369 2062 425 Sed
2112 370 2228 442 ipse

642 462 779 516 dixit
811 476 877 515 ex
906 460 1101 529 quibus
1148 458 1350 523 docuit,
1377 474 1497 529 quae
1522 459 1597 514 illi
1628 460 1884 517 dixerunt
1912 463 2221 531 obscurius,

634 552 703 607 ad
733 551 1069 607 eversionem
1102 549 1598 623 Hierosolymorum
1634 555 1927 624 pertinere.
1967 554 2102 611 Nam
2156 556 2223 612 de

634 644 986 703 tribulatione
1025 646 1233 702 dierum
1268 646 1492 702 istorum
1542 647 1584 702 si
1611 647 1734 719 quis
1766 649 1881 704 vult
1922 665 2104 716 nosse,
2134 648 2225 706 Jo-

634 742 858 810 sephum
910 738 1077 811 legat,
1117 738 1210 808 qui
1247 737 1373 793 talia
1414 748 1540 793 tunc
1583 739 1715 794 dicit
1757 739 1831 795 illi
1862 740 2057 813 popqu
2082 742 2223 798 acci-

634 833 803 899 disse,
841 842 901 887 ut
948 833 1041 888 vix
1080 830 1360 887 credibilia
1394 831 1701 888 videantur.
1742 832 1908 909 995.
1943 832 2093 891 Unde
2122 850 2223 891 nec

633 923 909 986 immerito
931 924 1180 996 priuadi'xit
1208 925 1329 997 pius
1354 924 1615 981 Dominus
1628 925 1802 981 eidem
1834 927 2049 999 populo,
2078 926 2221 999 quod

633 1016 739 1071 erit
770 1027 898 1070 tunc
922 1014 1199 1071 tribulatio
1221 1031 1433 1088 magna,
1462 1016 1637 1087 qualis
1666 1033 1770 1071 non
1825 1016 1926 1073 fuit
1968 1020 2037 1074 ab
2069 1012 2221 1074 initio

629 1104 835 1171 seaculi,
864 1120 1038 1176 usque
1074 1105 1234 1161 modo
1257 1106 1340 1179 (ut
1362 1106 1631 1179 intelligas
1650 1110 1863 1178 quando
1892 1108 2009 1164 haec
2036 1108 2221 1179 loque-

628 1196 833 1269 batur),
871 1197 1187 1266 neque'tiet.
1215 1196 1321 1253 Sed
1362 1209 1415 1253 ct
1439 1199 1483 1254 si
1530 1200 1583 1254 in
1617 1210 1857 1270 tempore
1898 1200 2219 1258 Antichristi

628 1289 754 1345 talis
777 1299 870 1346 aut
901 1290 1077 1359 major
1124 1291 1353 1346 forsitan
1399 1293 1505 1348 erit
1541 1293 1593 1347 in
1623 1301 1735 1348 toto
1754 1297 1886 1349 orbe
1912 1302 2214 1360 terrarum;
2240 1332 2245 1337 υ

626 1379 1043 1452 intelligendum
1093 1390 1179 1436 est
1244 1390 1451 1437 tantum
1499 1384 1564 1438 de
1610 1382 1702 1440 illo
1746 1382 1944 1454 populo
1990 1382 2219 1453 dictum,

630 1474 777 1543 quod
816 1474 865 1528 ei
914 1473 1145 1543 amplius
1175 1474 1299 1529 talis
1341 1472 1518 1530 futura
1558 1491 1665 1531 non
1700 1478 1806 1532 erit
1834 1477 2112 1532 tribulatio
2160 1478 2214 1533 in

623 1562 728 1619 hoc
758 1565 974 1622 szeculu.
1007 1565 1142 1633 Quia
1176 1574 1237 1620 ut
1263 1566 1434 1622 fertur
1461 1567 1862 1623 Antichristum
1910 1568 1990 1624 illi
2031 1570 2217 1642 primi-

2331 371 2714 442 prOphetarum
2732 372 3005 442 perversis
3030 388 3189 443 quam
3218 390 3351 446 saepe
3372 378 3692 454 impugnantur
3704 391 3800 468 dog-

2330 462 2585 530 matihns,
2609 473 2664 519 et
2686 464 2837 519 multi
2873 474 3000 520 sunt
3027 464 3120 537 qui
3148 479 3427 540 exsurgunt
3455 475 3594 531 etiam
3620 462 3804 550 pnecisig

2328 556 2618 627 capitibus.
2668 557 2730 613 Et
2761 559 3071 629 quicunque
3119 572 3456 618 surrexerunt
3478 579 3582 637 post
3599 587 3692 639 eos,
3715 591 3805 633 om.

2329 663 2425 702 nes
2451 647 2581 704 licet
2610 648 2761 721 signa
2795 648 2998 704 faciant
3030 649 3401 707 miraculorum
3425 664 3475 710 et
3498 662 3695 733 prodigia
3711 670 3805 724 ειοεὶ

2327 741 2613 807 virtutum,
2662 741 2907 798 membra
2964 751 3091 797 sunt
3143 744 3297 800 unius
3337 745 3534 816 capitis.
3560 749 3673 818 Quia
3705 756 3810 813 sicut

2328 848 2466 888 unus
2488 849 2649 889 verus
2671 843 2754 890 est
2777 832 3029 891 Christus
3058 835 3314 892 Dominus
3342 836 3489 895 Jesus
3523 850 3572 896 et
3593 842 3808 902 imtumera

2327 925 2486 979 unius
2513 925 2711 996 capitis
2743 925 2988 983 membra
3012 966 3029 993 ,
3082 926 3160 983 ita
3203 936 3257 984 et
3294 929 3442 984 multi
3478 934 3810 1003 pseudochtisti,

2325 1025 2381 1072 et
2408 1018 2714 1074 antichristi
2764 1018 3173 1091 quamplurimi.
3201 1020 3525 1095 Quapropter
3549 1040 3607 1080 ne
3636 1028 3810 1094 mireris,

2325 1108 2452 1181 quia
2477 1108 2619 1165 sicut
2642 1110 2801 1165 unius
2832 1111 2949 1167 veri
2972 1110 3174 1168 Christi
3203 1111 3330 1169 facti
3368 1123 3488 1171 sunt
3508 1117 3728 1187 membra,
3747 1121 3813 1190 qui

2324 1217 2355 1255 a
2402 1201 2598 1258 swculo
2654 1201 2876 1259 fuerunt
2928 1205 3103 1261 sancti
3158 1206 3430 1277 prophetae
3480 1210 3814 1279 praenuntiantes

2325 1294 2614 1349 adventum
2663 1292 2866 1350 Christi
2896 1306 2950 1351 et
2991 1296 3296 1367 passiones,
3326 1306 3378 1351 et
3414 1299 3714 1367 postmodum
3735 1299 3818 1374 glo-

2326 1385 2462 1439 riam
2490 1382 2609 1453 ejus
2638 1383 2911 1440 futuram:
2938 1387 3258 1456 sic,oqua:so,
3292 1387 3573 1442 secundum
3592 1404 3726 1444 tntum
3741 1392 3816 1447 Au-

2326 1474 2636 1530 tichristnm
2707 1476 3010 1547 intelligere
3063 1487 3119 1533 et
3178 1478 3602 1550 pseudochristos
3654 1480 3819 1549 multos,

2323 1564 2593 1637 falsosque
2647 1568 2958 1638 prophetas.
2993 1567 3106 1623 Non
3143 1584 3273 1640 ergo
3314 1570 3468 1625 unius
3519 1569 3820 1627 mendaciido-

622 1664 743 1720 tus,
778 1664 832 1712 et
867 1659 1137 1729 praecipue
1186 1660 1297 1729 prae
1352 1660 1628 1725 omnibus,
1662 1676 1784 1715 cum
1836 1661 1983 1716 omni
2035 1663 2213 1717 cordis
2245 1673 2291 1734 Β
2320 1666 2483 1724 tores,
2530 1657 2625 1714 sed
2672 1660 2936 1715 ontnium.
2990 1659 3092 1730 Qui
3138 1660 3381 1731 profecto
3420 1660 3820 1732 pseudoprophete

621 1750 956 1823 gaudiusunt
982 1753 1305 1823 suscepturi.
1332 1754 1409 1808 Ac
1440 1769 1535 1825 per
1565 1755 1669 1809 hoc
1692 1752 1937 1811 facturus
1969 1764 2054 1810 est
2084 1765 2212 1810 tunc

619 1840 765 1896 idem
795 1841 1025 1912 populus
1062 1840 1368 1897 Iudaeorum
1426 1843 1478 1898 in
1526 1843 1767 1901 Ecclesia
1810 1844 2011 1901 Christi
2042 1847 2213 1901 tribu-

618 1934 881 1991 lationem
912 1937 1092 2007 potius
1122 1952 1284 2007 quam
1326 1952 1607 2007 passurus.

691 2026 838 2083 Tunc
864 2030 909 2083 si
928 2030 1041 2100 quis
1066 2031 1205 2084 vobis
1240 2030 1432 2085 dixerit
1460 2050 1472 2086 :
1507 2031 1641 2087 Ecce
1681 2032 1767 2086 hic
1804 2029 2068 2098 Christus,
2116 2042 2211 2087 aut

621 2121 754 2187 illic,
781 2123 941 2178 nolite
987 2125 1214 2180 credere.
1267 2126 1494 2198 Surgent
1534 2129 1674 2182 enim
1724 2128 2111 2197 pseudochristi
2158 2140 2209 2186 et

617 2216 1101 2287 pseudoprophetm,
1144 2228 1192 2272 et
1216 2219 1415 2273 dabunt
1448 2221 1598 2290 signa
1632 2238 1825 2290 magna
1854 2230 1905 2275 et
1937 2222 2203 2293 prodigia,

616 2306 695 2362 ita
726 2317 783 2361 ut
810 2309 865 2363 in
901 2324 1130 2364 errorem
1168 2310 1522 2375 inducantur,
1571 2311 1620 2366 si
1662 2312 1781 2382 ﬁeri
1819 2323 2008 2383 potest,
2045 2315 2205 2367 etiam

615 2398 787 2465 electi,
819 2416 936 2454 ecce
954 2399 1179 2472 prcedixi
1213 2402 1375 2455 vobis.
1396 2400 1477 2455 Ad
1513 2403 1616 2458 hoc
1650 2403 1832 2473 itaque
1864 2419 1927 2458 ea
1956 2404 2207 2474 praedixit

619 2490 763 2547 mala
791 2506 912 2562 quae
933 2490 1113 2547 futura
1145 2503 1324 2559 erant,
1358 2504 1416 2548 ut
1440 2503 1752 2550 caveantur.
1793 2494 1861 2550 Et
1883 2495 2002 2551 ideo
2027 2496 2205 2565 tripli-

615 2582 754 2639 citer
790 2582 942 2639 locus
989 2584 1092 2639 iste
1122 2586 1471 2654 exponendns
1517 2594 1620 2651 est,
1651 2586 1777 2656 quia
1809 2594 1865 2640 et
1918 2587 1971 2641 in
2027 2586 2205 2643 tribus

616 2674 952 2744 temmribus
999 2675 1115 2731 haec
1164 2676 1516 2746 praecavenda
1558 2685 1961 2744 monstrantur;
1998 2676 2205 2734 scilicet

616 2773 865 2836 tempore
915 2765 1214 2822 obsidionis
1262 2766 1542 2831 nuntiante,
1596 2770 1812 2838 quando
1860 2769 2080 2825 obsessa
2121 2778 2206 2825 est

615 2856 973 2923 Hierusalem,
1006 2866 1062 2913 et
1088 2854 1271 2913 Judaea
1308 2860 1487 2913 omnis
1527 2860 1677 2931 regio
1725 2868 1957 2927 vastata;
1990 2876 2202 2917 necnon

615 2949 752 3001 etin
800 2949 1272 3003 consummatione
1326 2947 1506 3005 stuenli
1548 2948 1765 3019 quando
1806 2949 2196 3018 Anticlrristus,

2314 1757 2440 1805 sunt
2461 1748 2602 1804 illius
2631 1748 2979 1818 Antichristi,
3002 1750 3159 1821 cujus
3178 1751 3349 1808 falsos
3374 1752 3644 1822 praedicant
3665 1768 3819 1809 sermo-

2313 1859 2431 1907 nes,
2460 1852 2516 1899 et
2540 1844 2912 1914 docentquasi
2961 1860 3140 1900 veros.
3184 1842 3339 1900 Unde
3374 1860 3467 1916 pro
3517 1843 3689 1899 talibus
3725 1844 3820 1900 dicit

2313 1934 2435 2006 pius
2464 1936 2723 2005 magister
2758 1950 2773 1989 :
2805 1931 2863 1991 Si
2883 1936 3111 1991 dixerint
3140 1936 3283 1991 vobis
3312 1954 3331 1991 :
3363 1935 3493 1990 Ecce
3527 1937 3601 1989 hic
3623 1933 3819 2002 Christus,

2312 2023 2555 2089 aut'illic,
2596 2025 2757 2080 nolite
2796 2025 3024 2080 credere.
3066 2025 3194 2082 Suis
3237 2027 3419 2096 itaque
3448 2025 3589 2093 dicit,
3614 2033 3729 2079 utse
3757 2040 3821 2080 ca-

2308 2124 2469 2171 veant
2494 2132 2562 2170 ne
2586 2118 2928 2190 decipiantur
2956 2118 3241 2174 erroribus
3286 2117 3540 2172 falsorum
3585 2118 3819 2171 doctorum.

2308 2217 2402 2263 aut
2462 2217 2609 2263 certe
2664 2209 2945 2264 diabolicis
2991 2210 3320 2281 phantasiis.
3369 2208 3681 2280 Quapmpter
3712 2206 3821 2262 valde

2307 2298 2765 2354 considerandum
2825 2301 2879 2355 in
2927 2300 3230 2373 Scripturis
3279 2301 3497 2367 divinis,
3553 2315 3615 2356 ne
3660 2299 3730 2356 hic
3756 2307 3820 2353 aut

2308 2388 2418 2444 illic
2455 2389 2626 2447 falsus
2650 2392 2906 2463 pingatur
2938 2401 2993 2464 et
3033 2392 3304 2449 formetur
3328 2393 3588 2459 Christus,
3614 2391 3819 2464 digitoque

2308 2479 2649 2545 ostendatur,
2676 2483 2819 2552 quod
2860 2463 3060 2538 multos
3088 2481 3207 2551 jam
3242 2483 3441 2540 fecisse
3488 2485 3611 2540 satis
3647 2463 3819 2538 abunde-

2307 2586 2414 2645 que
2445 2570 2689 2644 legimus.
2748 2572 2815 2630 Et
2856 2573 2977 2629 ideo
3030 2583 3141 2631 tam
3192 2576 3355 2632 ﬁrma
3404 2575 3556 2633 debet
3592 2590 3691 2631 esse
3728 2572 3820 2629 rides

2307 2662 2737 2721 Christianorum
2780 2676 3000 2736 tamque
3050 2668 3292 2737 erudita,
3321 2678 3436 2724 uta
3472 2685 3592 2724 vero
3615 2679 3821 2738 nunquam

2307 2756 2523 2814 deviare
2550 2758 2744 2829 possit,
2770 2755 3209 2827 nequeaChristi
3241 2760 3668 2832 doctrina,quam
3687 2764 3822 2812 sancta

2305 2846 2478 2905 Mater
2507 2862 2537 2904 a
2580 2846 2801 2905 Christo
2826 2850 3015 2907 didicit
3048 2860 3103 2906 et
3127 2854 3316 2920 tenet,
3352 2852 3657 2908 universalis
3682 2847 3819 2905 Eccle-

2304 2939 2404 2996 sia.
2432 2937 2637 2996 Prmter
2660 2954 2827 3010 quam
2857 2939 3039 3007 fidem,
3080 2942 3124 2997 si
3148 2943 3280 3015 quis
3313 2942 3573 3009 docuerit,
3596 2948 3821 2995 auttenue-

612 3052 736 3094 cum
757 3053 857 3093 suo
882 3040 1061 3110 capite
1090 3038 1324 3106 diabolo,
1348 3040 1511 3095 etiam
1534 3050 1722 3097 etcum
1755 3042 2007 3097 omnibus
2038 3057 2201 3099 mem-
2228 3032 2281 3099 Ο
2307 3035 2400 3101 fit.
2448 3043 2663 3107 οΡοῐιθῑ
2712 3034 2761 3090 εἰ
2809 3034 2990 3090 dicere
3033 3034 3164 3090 illud
3213 3035 3450 3108 apostoli
3501 3034 3639 3091 Pauli
3678 3030 3822 3105 (θαλίαι

613 3130 728 3186 bris
750 3132 886 3197 suis,
908 3142 1098 3186 contra
1126 3131 1327 3187 Christi
1351 3133 1614 3205 pugnabit
1639 3132 1958 3189 Ecclesium.
1992 3134 2201 3192 Deinde

610 3236 710 3295 per
734 3239 898 3280 omne
928 3232 1141 3297 tempus
1166 3224 1310 3295 quod
1351 3227 1588 3281 medium
1630 3236 1734 3293 est,
1773 3229 1990 3299 quando
2026 3228 2198 3286 haere-

542 3346 549 3355 ~
609 3316 841 3371 ticorum
886 3317 1084 3372 astutia
1123 3332 1340 3387 semper
1381 3317 1573 3372 saevire
1618 3333 1724 3372 non
1780 3327 1959 3374 cessat
2007 3328 2197 3373 contra

611 3405 934 3463 catholicam
988 3409 1291 3464 doctrinam
1354 3419 1409 3463 et
1472 3409 1769 3479 apostolica
1824 3408 2086 3464 instituta.
2135 3409 2194 3465 in

610 3500 808 3571 quibus
843 3501 1096 3558 omnibus
1150 3518 1257 3557 una
1295 3500 1446 3557 fraus
1488 3501 1595 3556 erit
1618 3501 2105 3570 ,antichristorum,
2135 3510 2197 3556 ut

613 3591 687 3647 ita
714 3591 929 3662 loquar,
965 3593 1057 3663 qui
1098 3595 1197 3650 sub
1231 3593 1490 3664 opinione
1532 3593 1772 3648 scientiae
1807 3590 2030 3656 Christi,
2088 3592 2192 3648 etsi

603 3685 759 3753 false,
790 3687 1053 3743 dimicare
1081 3687 1281 3743 acriter
1325 3701 1601 3757 nunquam
1633 3686 1945 3742 cessabunt.
1975 3685 2110 3740 Nam
2136 3686 2193 3741 in

603 3780 720 3851 ipsa
783 3781 1116 3853 captivitatis
1163 3780 1465 3846 obsidione,
1511 3781 1565 3836 in
1615 3780 1810 3852 populo
1856 3777 2188 3845 Iudaeorum,

604 3872 758 3930 multi
790 3875 1118 3932 exstiterunt
1154 3874 1554 3940 haeresiarchte,
1589 3876 1680 3944 qui
1709 3890 1767 3929 se
1792 3872 2041 3929 Christus
2070 3887 2192 3927 csse

605 3969 876 4025 dicerent.
916 3967 975 4024 ln
1011 3977 1220 4024 tantum
1250 3977 1310 4023 ut
1349 3968 1727 4023 obsidentibus
1756 3967 2016 4022 Romanis
2043 3982 2074 4020 a
2106 3965 2189 4022 fo-

601 4062 698 4128 ris,
724 4073 835 4117 tres
864 4061 1013 4116 intus
1039 4058 1242 4115 fuerint
1282 4059 1583 4126 factiones;
1609 4058 1859 4128 quamvis
1892 4050 1947 4112 et
1975 4058 2029 4113 in
2060 4073 2190 4113 con-

2304 3143 2344 3193 t,
2365 3125 2420 3198 8)
2445 3141 2462 3181 :
2492 3124 2553 3182 Si
2575 3126 2696 3197 quis
2723 3126 3180 3198 evangelizaverit
3210 3127 3363 3183 aliud
3394 3132 3489 3182 aut
3514 3125 3825 3189 docuerimus

2301 3220 2531 3293 angelus
2551 3220 2619 3275 de
2639 3219 2798 3285 ctelo,
2827 3234 2921 3274 seu
2952 3218 3184 3291 quilibet
3213 3221 3600 3295 peritissimus,
3632 3227 3709 3273 aut
3728 3229 3826 3287 pre.

2299 3320 2495 3384 potens
2520 3311 2573 3365 in
2598 3308 2923 3381 Scripturis,
2939 3313 3103 3368 etiam
3134 3313 3296 3385 signa
3321 3313 3527 3369 faciens
3554 3321 3603 3368 et
3625 3308 3826 3383 prodigia,

2298 3412 2500 3476 praeter
2532 3403 2585 3459 id
2614 3404 2760 3474 quod
2780 3403 3214 3476 evangelizatum
3246 3416 3336 3463 est
3357 3423 3390 3461 a
3422 3405 3629 3462 Christo
3664 3402 3830 3459 Domino

2297 3509 2356 3558 et
2376 3515 2408 3555 a
2436 3501 2552 3556 suis
2566 3500 2849 3571 apdstolis,
2873 3502 3164 3558 anathema
3196 3503 3299 3558 sit.
3330 3501 3473 3557 Nam
3513 3516 3633 3557 vera
3662 3498 3768 3554 lida
3793 3500 3832 3550 et
3936 3498 3937 3529 ³

2298 3594 2534 3659 stabilis,
2564 3593 2706 3649 sicut
2726 3593 2929 3649 nullam
2963 3594 3128 3650 aliam
3168 3596 3385 3668 recipit
3424 3594 3698 3652 doctrinam
3721 3600 3838 3661 quam

2295 3683 2546 3743 Christus
2568 3685 2770 3753 docuit,
2801 3686 2875 3741 ita
2901 3702 3001 3741 nec
3026 3685 3179 3759 signa
3214 3688 3449 3761 quaerit,
3496 3688 3616 3759 quia
3650 3685 3769 3755 signa
3795 3684 3834 3733 et
3936 3684 3937 3727 Ξ

2295 3776 2542 3849 prodigia
2600 3792 2711 3833 non
2765 3777 3013 3833 ﬁdelibus
3049 3792 3197 3845 vere,
3254 3777 3433 3835 Paulo
3479 3787 3627 3844 teste,
3666 3774 3741 3832 sed
3767 3782 3838 3841 pro

2294 3867 2601 3924 infidelibus
2621 3866 2746 3923 data
2773 3875 2923 3923 sunt.
2937 3864 3104 3939 996
3127 3867 3280 3926 Hinc
3298 3878 3385 3928 est
3401 3869 3546 3943 quod
3572 3867 3665 3922 fide
3686 3856 3832 3920 Christi

2293 3969 2549 4031 recepta,
2600 3958 2713 4030 jam
2779 3959 2883 4017 nisi
2942 3960 3011 4016 ad
3083 3960 3363 4035 reliquias
3424 3972 3728 4024 sanctorum,
3772 3950 3835 4023 qui

2294 4060 2458 4108 testes
2479 4051 2807 4107 exstiterunt
2834 4051 3119 4118 veritatis,
3152 4052 3312 4107 nulla
3372 4054 3513 4109 fiunt
3557 4051 3687 4106 talia.
3713 4045 3831 4100 Porro

597 4152 961 4208 summatione
997 4149 1180 4207 saeculi
1212 4151 1419 4222 majora
1450 4150 1744 4205 credantur
1786 4156 1841 4204 et
1864 4148 2015 4218 plura
2067 4163 2188 4203 esse
2289 4160 2453 4219 quam
2482 4144 2636 4200 multi
2658 4142 2897 4213 sintjam
2925 4145 3134 4216 decepti
3162 4161 3192 4199 a
3223 4146 3389 4204 falsis
3425 4144 3834 4203 doctoribus,nec

596 4243 796 4299 futura.
855 4242 1240 4298 Verumtamen
1298 4242 1503 4305 nescio,
1569 4241 1615 4297 si
1656 4241 1810 4311 signa
1847 4239 2053 4308 maiora
2077 4240 2187 4295 sint
2290 4255 2396 4294 non
2441 4236 2613 4309 signis
2638 4247 2693 4293 et
2735 4237 2997 4310 prodigiis
3039 4238 3091 4293 in
3123 4248 3374 4297 mortem
3414 4239 3672 4298 Curiosius
3698 4227 3834 4289 illecti.

596 4333 780 4389 futura
826 4332 1110 4388 diabolicis
1150 4332 1377 4395 artibus,
1436 4346 1597 4401 quam
1648 4338 1775 4386 sunt
1808 4327 1923 4400 jam
1962 4337 2181 4385 ostensa
2208 4393 2248 4401 Α
2288 4338 2420 4401 puto
2447 4329 2574 4400 quia
2604 4344 2765 4385 nemo
2794 4329 2999 4399 estqui
3034 4329 3240 4386 edicat.
3280 4332 3355 4387 Et
3396 4332 3522 4389 ideo
3549 4347 3616 4386 ne
3654 4327 3776 4382 ﬁeret
3799 4318 3840 4373 in

596 4426 650 4481 in
674 4426 929 4481 omnibus
970 4424 1267 4480 mendaciis
1290 4393 1594 4488 hominum,
1628 4433 1682 4478 et
1708 4393 1974 4479 doctrinis
1997 4419 2178 4477 falsis—
2207 4393 2259 4455 D
2286 4393 2443 4478 lectis
2467 4423 2893 4495 benignissimus
2915 4420 3167 4478 Salvator
3195 4426 3326 4481 suis
3359 4426 3478 4480 ait:
3507 4424 3639 4480 Ecce
3668 4411 3837 4489 ρηεέὶετί

592 4521 748 4575 simis
794 4536 859 4575 ex
906 4532 1136 4590 quorum
1198 4517 1339 4574 forte
1405 4518 1718 4590 magisterio
1771 4516 2184 4589 repullulabitur
2285 4514 2454 4581 vobis,
2494 4514 2750 4585 quoniam
2781 4515 2895 4586 jam
2938 4513 3068 4569 talia
3098 4513 3246 4571 facta
3282 4527 3442 4583 sunt,
3470 4526 3525 4574 et
3559 4508 3845 4571 fntnraloﬂe

594 4612 768 4666 virtus
798 4611 1169 4682 prodigiorum
1218 4610 1562 4665 numerosior
1603 4609 1849 4681 praecisis
1889 4610 2176 4680 capitibus.
2285 4606 2491 4675 majora
2519 4606 2847 4670 creduntur,
2874 4606 2972 4671 ita,
3018 4606 3066 4660 si
3095 4605 3216 4674 ﬁeri
3247 4619 3457 4679 potest,
3487 4619 3543 4663 ut
3568 4609 3621 4660 in
3664 4609 3841 4669 errorem

596 4703 863 4771 Quoniam
895 4703 1039 4758 sicut
1076 4702 1220 4757 dicta
1261 4710 1346 4757 est
1389 4717 1496 4757 una
1543 4701 1880 4759 abominatio
1926 4710 2073 4759 stare
2124 4704 2178 4758 in
2284 4699 2609 4755 inducantur
2625 4698 2795 4753 electi.
2824 4695 2944 4754 Non
2970 4696 3113 4768 quod
3142 4696 3340 4766 electi,
3372 4699 3473 4770 qui
3507 4692 3718 4779 perfecti
3751 4690 3845 4744 sum

590 4793 711 4849 loco
739 4803 950 4859 sancto,
974 4795 1057 4849 ita
1080 4802 1135 4850 et
1162 4809 1304 4850 unus
1329 4793 1699 4852 Antichristns
1730 4793 1946 4852 futurus
1973 4796 2028 4851 in
2071 4795 2179 4852 fine
2281 4806 2312 4846 a
2336 4789 2447 4846 Deo
2496 4798 2553 4845 et
2576 4789 2971 4863 przedestinati,
2995 4790 3207 4862 possint
3237 4790 3441 4848 induci
3480 4798 3541 4846 ut
3569 4787 3843 4845 seducanllﬂ’

588 4889 792 4953 smculi,
821 4888 1165 4959 praedicatur.
1206 4885 1313 4944 Sed
1347 4888 1475 4959 quia
1514 4889 1850 4945 abominatio
1884 4888 2177 4945 desolatio-
2281 4885 2334 4940 in
2362 4897 2631 4948 errorem,
2675 4882 2771 4938 sed
2795 4882 2994 4953 quiain
3045 4881 3251 4975 talibus
3281 4892 3507 4955 queunt
3534 4869 3846 4975 tentariqetfi

587 4983 674 5038 nis
697 4990 900 5036 statuta
941 4991 1026 5037 est
1084 4980 1139 5035 in
1193 4977 1311 5036 loco
1361 4989 1570 5046 sancto,
1603 4981 1751 5054 justo
1800 4980 1896 5036 Dei
1943 4981 2171 5052 judicio,
2277 4977 2419 5032 vinci
2452 4985 2742 5047 nequeant.
2778 4973 2883 5030 Ubi
2923 4973 3029 5030 etsi
3072 4972 3309 5053 libertas
3357 4982 3617 5031 servatur
3654 4967 3842 5023 arbitrii.

585 5074 782 5129 exinde
815 5072 970 5127 multi
1008 5074 1319 5126 nascuntur
1341 5070 1766 5142 pseudochristi,
1799 5068 1965 5141 995
1994 5078 2053 5125 et
2076 5085 2174 5126 ex-
2276 5067 2451 5139 magis
2479 5075 2683 5125 tamet.
2708 5064 2906 5151 gratia,
2948 5065 3075 5136 quia
3107 5063 3408 5135 nequeunt
3440 5066 3711 5122 obes-rare.
3742 5065 3846 5151 Ρῐπξ

585 5156 1593 5233 surguntps‘eudoprophetre;quorum
1612 5161 1854 5223 omnium
1879 5161 1980 5215 etsi
2006 5175 2172 5216 unum
2275 5159 2505 5215 dieanda
2550 5166 2655 5215 est.
2704 5146 2855 5237 Unde
2907 5165 2963 5213 et
3012 5157 3282 5214 Dominus
3314 5158 3405 5215 sic
3450 5171 3605 5235 suam
3633 5146 3846 5219 ιεηιρεηί

584 5262 670 5310 est
701 5266 895 5322 genus,
941 5252 1154 5322 species
1215 5250 1357 5306 illius
1406 5251 1588 5307 multa:
1632 5261 1796 5319 sunt;
1836 5252 1939 5307 etsi
1969 5266 2169 5322 corpus
2272 5254 2622 5321 sententiam,
2659 5262 2720 5308 nt
2754 5260 2811 5307 et
2849 5253 2905 5335 in
2930 5251 3233 5335 Etentatione
3266 5251 3552 5309 auxilium
3583 5244 3753 5321 gratia:
3778 5250 3845 5293 ιό-

585 5360 775 5410 unum,
808 5347 1052 5400 membra
1075 5346 1313 5402 diversa.
1341 5342 1621 5416 Tanquam
1656 5346 1701 5402 si
1731 5347 1976 5401 dicamus
2002 5361 2169 5416 gene-
2272 5350 2545 5420 quiratur,
2573 5356 2630 5417 et
2658 5332 2987 5404 conﬁdentia
3010 5332 3183 5416 major
3226 5345 3306 5401 de
3348 5344 3570 5401 auxilio
3610 5341 3843 5396 nascatur.

586 5439 795 5505 raliter,
826 5440 1167 5495 mendacium
1205 5456 1373 5495 unum
1405 5449 1507 5506 est,
1551 5441 1645 5496 sed
1687 5441 1983 5496 secundum
2016 5440 2170 5496 diife-
2270 5441 2414 5513 Ergo
2458 5440 2602 5512 quod
2655 5439 2751 5507 ait,
2801 5438 2937 5495 Ecce
2974 5438 3201 5509 prwdixi
3259 5438 3443 5505 vobis,
3481 5437 3553 5494 ad
3600 5436 3847 5498 utrumque

586 5531 789 5586 rentius
814 5531 1072 5587 falsorum
1110 5532 1446 5604 dogmatum,
1473 5540 1528 5588 et
1551 5544 1751 5604 pravas
1784 5532 2164 5590 haereticorum
2272 5531 2546 5598 refertur;
2605 5531 2660 5587 id
2705 5540 2809 5599 est,
2842 5530 2969 5601 quia
3014 5526 3556 5611 scandalizabuntur
3590 5520 3760 5616 multi,
3789 5519 3844 5616 ,οι

584 5618 884 5691 doctrinas,
914 5625 1195 5693 mendacia
1212 5626 1379 5682 multa
1402 5634 1548 5685 sunt.
1570 5626 1637 5683 Et
1659 5627 1799 5684 sicut
1819 5627 2162 5683 mendacium
2269 5625 2397 5698 quia
2443 5634 2755 5681 sanctorum
2800 5620 2925 5692 talis
2972 5629 3228 5703 tantaque
3282 5619 3406 5677 erit
3475 5614 3722 5680 tentatio.
3760 5614 3843 5664 υἱει
3936 5690 3937 5693 η
