4016 6354
187 263 329 337 ιιι

870 229 883 243 ’
960 258 1323 319 exeosmo
1358 257 1427 315 tu
1468 256 1791 315 narrans:

1891 295 1903 313 .
1942 286 2011 298 ——
2046 255 2175 312 LIB.
2214 255 2305 322 XI,
2345 253 2494 312 CAP.
2533 255 2720 312 XXIV.

3353 251 3459 319 8η

186 381 386 449 eloctio
412 380 511 441 Dei
535 395 632 447 eos
662 379 916 447 salvaret,
949 389 1008 438 ut
1038 386 1093 437 et
1122 379 1224 453 ipsi
1249 378 1414 435 etiam
1447 376 1502 434 in
1530 390 1771 432 errorem
1801 379 1847 437 Α
1870 373 2331 449 demonstrandus
2366 381 2468 428 est.
2504 372 2567 426 Et
2593 372 2715 426 ideo
2752 372 2820 426 ab
2854 388 2921 428 eo
2950 374 3069 430 loco
3099 375 3188 432 ubi
3232 380 3463 449 quaesie.

188 473 522 533 inciderent.
539 532 543 536 _
654 528 677 535 η,
810 526 815 530 ,
984 522 997 529 η

258 563 325 620 Si
348 579 474 635 ergo
491 562 721 621 dixerint
746 546 887 617 vobis
917 574 937 614 :
970 559 1105 617 Ecce
1132 561 1185 616 in
1211 561 1474 615 desertum
1496 546 1595 625 est,
1618 558 1776 614 nolite

189 656 369 721 “ire;
407 672 525 711 ecce
548 655 604 709 in
637 653 1010 724 penetralibus,
1044 652 1203 709 nolite
1256 654 1484 708 credere.
1546 653 1619 707 De
1673 653 1778 707 situ

191 746 436 821 locorum
467 744 851 819 manifestum,
878 745 1002 817 quia
1037 760 1144 799 non
1173 744 1252 799 sic
1282 759 1341 800 se
1382 744 1629 815 promisit
1660 759 1780 800 esse

191 845 486 897 venturum
518 836 572 893 in
612 836 932 909 Scripturis,
975 835 1071 892 sed
1116 837 1258 892 sicut
1286 836 1488 891 dictum
1522 845 1626 900 est,
1656 837 1780 906 quia

192 931 335 989 Deus
367 941 545 1001 noster
570 930 853 1003 manifeste.
877 931 1039 987 veniet
1066 928 1240 1003 (Paul.
1267 947 1417 996 xux,
1436 930 1512 1004 5).
1542 931 1785 1000 Quatuor

191 1039 434 1093 namque
462 1021 798 1079 differentias
818 1022 1037 1079 videtur
1067 1024 1435 1086 introducere,
1478 1039 1603 1087 eum
1652 1024 1785 1079 dicit

190 1114 297 1180 hic,
321 1125 416 1169 aut
441 1113 572 1180 illic,
602 1122 659 1170 et
687 1130 812 1171 cum
843 1114 976 1171 dicit
1000 1116 1055 1171 in
1082 1115 1309 1179 deserto,
1338 1125 1432 1170 alit
1458 1115 1513 1170 in
1545 1098 1785 1186 penetra-

189 1205 370 1272 libus;
416 1207 552 1263 duas
577 1206 621 1263 si
649 1207 866 1278 quidem
906 1209 997 1265 hic
1042 1216 1139 1263 aut
1173 1208 1303 1274 illic,
1338 1209 1465 1278 quia
1508 1210 1614 1264 duo
1660 1218 1789 1264 sunt

191 1296 549 1363 Testamenta
568 1339 585 1364 ,
610 1307 764 1355 extra
793 1314 931 1371 qum,
967 1316 1074 1356 non
1108 1300 1241 1357 nubi
1271 1301 1483 1356 Videtur
1515 1300 1662 1357 foras
1700 1303 1784 1357 di-

191 1389 363 1459 gitum
395 1389 734 1457 extendere;
774 1390 867 1446 sed
898 1389 1038 1444 infra
1083 1391 1172 1446 hic
1201 1399 1295 1445 aut
1333 1391 1466 1458 illic,
1513 1392 1568 1446 id
1615 1394 1787 1449 estin

190 1478 370 1547 Novo,
397 1488 496 1535 aut
520 1480 579 1539 in
609 1480 795 1537 Veteri
837 1481 1206 1538 Testamento.
1250 1481 1366 1538 Non
1394 1482 1536 1552 quod
1588 1483 1787 1545 alicubi

189 1581 285 1637 aut
319 1571 544 1635 aliunde
576 1573 932 1645 requirendus
960 1574 1319 1639 sithristus,
1350 1574 1442 1645 qui
1459 1573 1571 1644 jam
1606 1575 1658 1630 in
1683 1575 1786 1630 eis-

190 1662 320 1721 dem
362 1663 519 1721 libris
570 1666 900 1735 [medicatus
952 1674 1036 1722 est
1079 1658 1238 1735 longe
1265 1666 1379 1733 diu,
1410 1675 1466 1722 et
1511 1676 1787 1732 ostensus,

1876 476 2005 521 runt
2028 465 2254 536 apostoli
2285 467 2497 538 signum
2533 464 2796 520 adventus
2822 465 2936 531 ejus
2962 507 2976 531 ,
3008 477 3064 523 et
3091 470 3301 541 signum
3334 487 3463 528 con-
3499 490 3505 495 '

1879 558 2256 617 summatiouis
2283 557 2502 622 saeculi,
2558 558 2761 612 nullum
2791 557 2983 613 horum
3029 561 3211 615 datum
3252 573 3337 619 est
3386 566 3463 621 si-

1879 665 2041 720 gnum
2064 691 2079 715 ,
2112 649 2204 705 sed
2234 665 2295 704 ea
2322 650 2460 704 dicta
2492 656 2618 704 sunt
2645 665 2764 721 qua:
2794 653 3138 719 prrecavenda
3184 663 3338 709 erant
3365 670 3467 726 per

1881 758 2042 799 omne
2100 750 2310 814 tempus
2358 740 2578 806 smmi“;
2620 742 2744 811 quia
2796 742 2921 796 talia
2980 750 3234 815 tantaque
3284 744 3462 803 futura

1882 843 2040 890 erant
2065 841 2351 903 antequam
2385 832 2507 888 linis
2536 830 2745 888 veniret
2769 834 2976 899 mundi,
3017 846 3073 889 ut
3109 845 3312 891 terrere
3338 844 3463 908 pos-

1884 933 2060 980 senta
2090 922 2192 977 fide
2212 966 2226 989 ,
2262 934 2317 979 et
2358 924 2616 979 seducere
2641 965 2655 987 ,
2688 923 2731 978 si
2766 922 2879 977 fieri
2910 936 3131 993 posset,
3160 928 3321 980 etiam
3353 929 3463 981 ele-

1885 1023 2021 1069 ctos.
2063 1012 2270 1070 Idcirco
2316 1013 2530 1083 quando
2571 1012 2907 1068 llierusalem
2959 1016 3282 1073 destruenda
3329 1015 3468 1073 foret

1888 1115 2073 1176 aperte
2100 1106 2360 1175 prauuisit
2386 1147 2399 1170 ,
2432 1114 2485 1159 ct
2514 1106 2579 1159 ad
2608 1106 2854 1160 ultimum
2881 1147 2896 1172 ,
2931 1108 3108 1177 qualis
3129 1119 3468 1179 quantusque

1887 1194 2149 1250 adventus
2174 1197 2291 1267 ejus
2322 1196 2533 1250 futurus
2557 1186 2673 1251 sine
2700 1197 2811 1252 ullo
2833 1198 2939 1252 alio
2973 1200 3126 1268 signo
3152 1200 3464 1255 declaravit.

1888 1285 2153 1354 Quoniam
2198 1287 2312 1356 ipse
2355 1302 2454 1358 per
2499 1304 2558 1343 se
2603 1288 2725 1343 talis
2773 1289 2877 1343 erit
2906 1299 2963 1343 ut
2994 1292 3245 1347 omnibus
3290 1301 3471 1363 pateat

1888 1378 2050 1433 etiam
2083 1378 2362 1448 plusquam
2400 1379 2596 1451 fulgur,
2626 1381 2711 1435 cui
2746 1392 3112 1451 comparatur.
3151 1382 3280 1450 Qua:
3312 1385 3472 1440 mmi-

1890 1484 2009 1523 rum
2037 1471 2371 1539 comparatio
2394 1469 2535 1525 facta
2560 1480 2643 1525 est
2662 1486 2692 1525 a
2721 1470 2930 1526 minore
2956 1474 3022 1527 ad
3047 1474 3327 1542 majorem,
3345 1475 3472 1544 quia

1890 1560 2025 1615 nihil
2075 1561 2302 1615 iuvenili
2342 1571 2519 1631 potest
2548 1563 2602 1617 in
2635 1563 2901 1617 creaturis
2943 1563 3028 1618 cui
3059 1579 3127 1619 ex
3157 1578 3311 1633 reque
3357 1566 3474 1621 dies

1894 1650 2158 1707 adventus
2209 1651 2419 1706 Domini
2462 1653 2729 1722 comquari
2780 1663 2962 1723 queat.
2998 1655 3063 1710 Et
3115 1655 3243 1712 licet
3292 1655 3476 1726 fulgur

190 1757 288 1810 sed
336 1757 465 1828 quia
502 1756 901 1828 pseudochristi
955 1766 1011 1814 et
1054 1757 1533 1831 pseudoprophetze
1574 1758 1787 1816 divinas

1891 1744 2139 1798 universa
2166 1785 2181 1810 ,
2229 1758 2347 1814 qua:
2388 1745 2488 1799 sub
2524 1745 2662 1799 coelo
2707 1756 2866 1811 sunt,
2910 1744 3080 1820 998
3118 1757 3365 1817 penetret
3409 1756 3475 1806 ac

188 1848 807 1921 aliterjnterpretantes
842 1852 1177 1925 Scripturas,
1203 1854 1329 1909 dum
1364 1854 1551 1909 volunt
1595 1865 1785 1911 contra

1886 1844 2226 1908 perterreat,
2292 1838 2678 1907 penetrabilior
2718 1847 2897 1894 tamen
2956 1842 3070 1897 dies
3124 1842 3211 1897 illa
3267 1844 3371 1900 erit
3409 1860 3477 1902 ac

187 1943 493 1999 veritatem
534 1959 605 1999 ex
655 1944 787 2016 ipsis
834 1944 969 2003 falsa
1017 1961 1116 2001 sua
1188 1945 1480 2003 defendere
1534 1948 1788 2021 dogmata
1888 1926 2205 2021 terribilior,
2232 1942 2351 1998 qua:
2380 1930 2560 1983 omnia
2593 1928 2853 1984 cmlorum
2881 1932 3117 1987 movebit
3143 1949 3379 2002 arcana,
3420 1943 3478 1991 et

185 2035 384 2093 dicunt
417 2052 437 2091 ε
470 2035 612 2101 ηερε
649 2037 739 2093 hic
786 2036 1039 2094 Christus
1099 2055 1262 2109 quem
1312 2040 1548 2110 pmdico
1579 2018 1632 2097 ει]
1685 2041 1791 2097 hoc
1889 2018 2185 2099 inferorum
2245 2022 2493 2077 universa
2545 2024 2850 2094 penetrabit
2898 2024 3059 2096 jura,
3105 2042 3206 2084 nec
3260 2044 3367 2085 non
3421 2038 3477 2086 et

184 2124 445 2196 ωωριο
493 2127 668 2183 sane“
718 2127 1020 2200 Evangelii,
1050 2129 1134 2184 γει
1175 2130 1306 2195 illic.
1344 2131 1397 2185 in
1439 2131 1533 2186 m0
1576 2132 1789 2189 veteris
1890 2111 2075 2165 mundi
2128 2120 2320 2166 cuncta
2351 2114 2592 2169 turbabit
2631 2114 2917 2169 elementa.
2948 2116 3024 2173 De
3070 2131 3177 2187 quo
3205 2118 3478 2175 Iuvencus

188 2217 557 2275 Tegumen“,
613 2218 814 2291 Sicque
842 2236 940 2291 per
965 2222 1145 2277 omnia
1183 2221 1587 2292 scripturarum
1632 2238 1791 2294 pera-
1886 2206 2172 2276 presbyter
2213 2205 2405 2261 mirum
2450 2205 2570 2261 libri
2612 2207 2693 2263 sui
2732 2209 3058 2281 principium
3091 2210 3261 2268 dedit.
3317 2212 3473 2279 Quod

186 2320 367 2378 graus
387 2305 525 2371 loca,
557 2322 621 2363 ea
649 2323 772 2380 qua:
795 2310 882 2365 sui
905 2310 1158 2366 videntur
1184 2312 1452 2368 mendacii
1493 2313 1791 2372 defendere

182 2413 446 2454 errorem
502 2399 691 2471 elegit,
721 2408 777 2455 et
826 2416 982 2456 suum
1018 2417 1083 2456 ex
1117 2403 1203 2458 bis
1230 2401 1452 2467 format,
1478 2413 1640 2474 prout
1667 2404 1788 2477 pla-

183 2489 397 2559 cnerit,
428 2502 486 2546 et
499 2492 740 2564 depingit
755 2492 1181 2559 Antichristum,
1205 2502 1315 2550 tam
1340 2509 1407 2549 ex
1435 2494 1551 2565 lege
1577 2510 1640 2550 ac
1666 2510 1793 2567 pro-

180 2583 372 2653 phetis
384 2599 547 2655 quam
561 2586 811 2658 etiame:
826 2586 1116 2659 Evangelia
1126 2597 1181 2643 et
1194 2587 1470 2659 apostolis.
1491 2588 1643 2655 Quod
1660 2587 1794 2643 mul-

184 2684 278 2731 tos
304 2674 423 2743 jam
446 2675 646 2733 fecisse
674 2677 895 2744 scimus,
914 2688 968 2733 et
994 2680 1365 2750 unusquisque
1404 2693 1592 2734 eorum
1630 2687 1794 2749 prout

185 2767 420 2838 placuit.
439 2769 635 2827 detulit
654 2786 754 2841 pro
771 2772 999 2827 veritate
1019 2773 1380 2837 mendacium,
1399 2782 1454 2826 et
1465 2788 1563 2843 pro
1575 2771 1793 2828 Christo

183 2860 309 2916 Deo.
331 2858 755 2933 Antichristum.
786 2862 854 2917 Et
884 2862 1005 2919 ideo
1026 2863 1353 2934 praemonuit
1373 2865 1630 2937 magister
1654 2866 1794 2921 veri-

2018 2333 2290 2404 meortale
2317 2336 2437 2386 nihil
2461 2336 2632 2404 mundi
2653 2352 2887 2401 compage
2912 2346 3133 2404 tenetur,

2014 2392 2120 2465 lion
2144 2397 2297 2465 orbis,
2329 2411 2422 2447 non
2448 2411 2600 2465 regna
2623 2392 2886 2465 hominum,
2914 2396 3008 2451 non
3036 2392 3182 2454 aur'ea
3203 2403 3371 2465 Roma,
3394 2450 3403 2457 ,

2008 2455 2121 2506 Non
2145 2455 2322 2520 tellus,
2345 2473 2442 2509 non
2466 2455 2611 2523 ignea
2637 2462 2797 2512 sidera
2817 2455 2945 2523 eti-ti.
2974 2472 3075 2516 etc.

1894 2579 2048 2638 Unde
2069 2592 2123 2638 et
2150 2582 2427 2653 prophetm
2456 2583 2596 2638 diem
2627 2584 2771 2639 illam
2813 2586 2997 2641 multis
3027 2588 3475 2659 appellationibus

1892 2675 2165 2745 explicare
2210 2691 2316 2730 non
2361 2675 2558 2731 valent.
2590 2676 2657 2731 Et
2710 2677 2830 2732 ideo
2872 2678 3293 2751 benignissimus
3318 2680 3479 2738 Iesus

1892 2764 2170 2836 discipulis
2196 2767 2562 2836 quaerentibus
2591 2767 2723 2821 tanti
2756 2767 2859 2822 diei
2897 2769 3132 2839 signum,
3156 2785 3378 2827 necesse
3395 2772 3479 2829 eis

1894 2856 2179 2911 Ostendere
2201 2855 2345 2909 aliud
2374 2871 2478 2909 non
2504 2855 2787 2925 judicavit,
2818 2858 2922 2914 nisi
2952 2874 3015 2913 ea
3065 2860 3117 2914 in
3144 2860 3323 2916 medio
3355 2858 3478 2933 quae

183 2952 319 3009 tatis
343 2951 514 3023 997
535 2971 554 3007 ι
580 2953 887 3025 quicunque
904 2968 1093 3009 eorum
1127 2954 1281 3010 vobis
1307 2956 1791 3028 evangelizaverint

1895 2960 2087 3004 cavere
2115 2947 2379 3002 deberent
2405 2955 2460 3001 ct
2513 2949 2810 3017 przevidere
2836 2949 3066 3021 singuli,
3095 2959 3154 3004 ut
3183 2951 3357 3020 parati
3390 2964 3482 3006 es-

184 3056 397 3118 prteter
425 3046 481 3100 id
508 3048 656 3115 quod
669 3045 781 3116 jam
802 3045 1232 3119 evangelizatum
1248 3056 1351 3112 est,
1374 3055 1430 3102 et
1456 3048 1791 3103 ostenderint

1897 3048 2056 3105 sent,
2088 3053 2304 3109 semper
2356 3039 2694 3110 interposuit.
2729 3041 2863 3106 Quia
2917 3041 3139 3097 stultum
3199 3042 3354 3098 valde
3395 3051 3484 3099 est

185 3108 339 3192 lictis
371 3108 1092 3204 Verborutn-fallaciis,—ecce
1118 3137 1205 3192 bic
1233 3108 1506 3205 Christus,
1538 3148 1628 3194 aut
1658 3139 1788 3208 illic,
1820 3108 1867 3173 θ
1896 3148 2021 3189 eum
2052 3133 2103 3187 in
2134 3108 2301 3203 parvo
2329 3130 2447 3188 loco
2496 3108 2580 3189 vel
2637 3134 2689 3188 in
2719 3134 3031 3191 abscondito
3075 3151 3320 3206 qumrere
3343 3177 3359 3204 ,
3383 3136 3479 3209 qui

184 3225 419 3282 acdicit
459 3224 627 3281 nolite
658 3227 901 3282 credere.
950 3225 1102 3295 Quod
1146 3226 1192 3282 si
1239 3227 1517 3283 dixerint:
1551 3227 1686 3284 Ecce
1735 3229 1827 3283 in.
1892 3224 2075 3279 omnia
2102 3222 2365 3295 complet,
2407 3232 2462 3279 et
2510 3230 2639 3279 tunc
2687 3225 2933 3281 universa
2977 3229 3372 3291 commovebit,
3424 3232 3483 3286 et

183 3316 481 3372 solitudine
506 3357 522 3382 ,
551 3316 607 3371 id
635 3325 720 3373 est
743 3317 796 3371 in
827 3318 1074 3377 doctrina
1109 3316 1554 3389 philosophorum
1579 3360 1593 3383 ,
1623 3319 1792 3374 nolite
1893 3317 2246 3388 perlustrabit
2284 3316 2512 3387 singula.
2547 3315 2837 3388 Propterea
2876 3318 2944 3373 de
2986 3319 3072 3384 his
3112 3336 3272 3375 nemo
3302 3321 3480 3375 curio-

187 3408 348 3461 exire
392 3406 461 3461 ad
489 3420 617 3471 eos,
647 3406 773 3476 quia
812 3415 966 3461 extra
1007 3404 1166 3462 ﬁdem
1206 3416 1275 3473 et~
1310 3417 1463 3463 extra
1493 3406 1789 3464 Ecilesiam
1893 3424 2017 3473 sus,
2075 3423 2234 3464 nemo
2280 3407 2475 3462 dubius
2505 3408 2557 3462 in
2590 3408 2724 3463 fide:
2755 3410 2879 3478 quia
2910 3411 2962 3464 in
3002 3412 3181 3480 primo
3223 3408 3479 3476 adventu,

190 3510 344 3553 sum.
384 3497 535 3566 Quod
563 3498 609 3552 si
648 3514 838 3553 rursus
875 3486 1231 3569 protulerint:
1268 3497 1401 3552 Ecce
1429 3501 1483 3552 in
1512 3499 1793 3570 penetrali-
1893 3506 2114 3569 propter
2150 3496 2573 3552 confirmandam
2622 3497 2815 3564 (idem,
2850 3499 3015 3554 multa
3039 3508 3091 3553 et
3123 3497 3313 3555 deiflca
3343 3514 3482 3571 prte-

196 3588 319 3659 bus
347 3590 647 3656 domorum,
684 3590 735 3644 id
786 3588 871 3646 est
919 3589 1061 3645 intra
1105 3590 1350 3661 quantam
1387 3588 1792 3660 Scripturarum
1895 3598 2178 3645 cesserunt
2203 3588 2483 3651 miracula,
2520 3587 2635 3655 jam
2659 3586 2826 3655 ultra,
2858 3604 2924 3644 ac
2951 3590 2997 3645 si
3030 3589 3296 3655 inﬁdelis,
3322 3590 3479 3661 signa

198 3686 452 3741 secreta,
484 3677 563 3733 vel
593 3680 901 3752 apocrypha
928 3721 943 3748 ,
979 3680 1107 3751 quia
1135 3678 1296 3733 dubia
1351 3679 1433 3734 vel
1463 3679 1594 3735 falsa
1626 3689 1790 3748 sunt,
1894 3686 2121 3749 quaerat.
2183 3678 2448 3746 Quoniam
2497 3679 2582 3735 bis
2626 3680 2694 3734 ab
2744 3679 2900 3735 initio
2961 3679 3118 3751 plena
3166 3689 3252 3736 est
3300 3680 3481 3737 omnis

190 3769 371 3825 nolite
384 3769 620 3836 credere,
659 3772 784 3843 quia
808 3786 916 3826 non
931 3780 1079 3827 certa
1104 3769 1408 3843 proferunt,
1426 3787 1527 3827 nec
1552 3771 1789 3844 vulgata,
1896 3774 2137 3833 Ecclesia
2154 3816 2169 3843 ,
2198 3775 2355 3847 plena
2386 3775 2595 3847 fulgore
2619 3776 2743 3833 fidei
2769 3779 2839 3833 ab
2865 3776 3085 3834 Oriente
3104 3794 3275 3849 usque
3299 3780 3353 3834 in
3376 3778 3482 3836 Oo-

190 3875 299 3916 nec
337 3876 368 3915 a
406 3861 608 3934 sanctis
630 3860 884 3917 Patribus
922 3863 1066 3919 edita
1089 3903 1105 3929 ,
1139 3862 1233 3919 sed
1268 3862 1510 3918 fabulosa
1540 3876 1594 3920 et
1638 3880 1787 3920 men-
1895 3869 2201 3935 cidentem,
2231 3876 2288 3924 et
2311 3883 2432 3939 quae
2458 3868 2615 3940 plena
2645 3877 2728 3925 est
2756 3869 2958 3926 lumine
2986 3884 3146 3935 vero;
3194 3869 3309 3942 ipsa
3336 3869 3481 3926 facta

188 3946 371 4007 daciis
400 3954 516 4007 suis
542 3967 802 4023 congrua.
834 3952 941 4008 Aut
970 3964 1149 4019 certe,
1188 3954 1233 4009 si
1265 3969 1332 4008 ex
1366 3954 1479 4024 ipsa
1514 3954 1794 4025 Scriptura
1894 3968 1978 4018 est
2007 3959 2257 4016 columna
2302 3960 2626 4024 immobilis,
2664 3969 2717 4015 et
2767 3960 3166 4016 firmamentum
3212 3956 3491 4017 velitatio.-

188 4043 382 4099 divina
414 4043 694 4117 quidpiam
730 4045 1254 4115 dogmatizaverint,
1304 4061 1369 4102 ac
1405 4046 1450 4101 si
1507 4046 1559 4101 in
1608 4047 1792 4114 domo,
1898 4053 1952 4109 In
1986 4070 2093 4124 qua
2150 4061 2265 4109 tota
2314 4059 2461 4109 totus
2498 4062 2582 4109 est
2631 4054 2895 4108 adventus
2938 4051 3031 4107 lilii
3082 4052 3344 4119 hominis,
3388 4050 3482 4123 qui

187 4136 342 4206 (ιιιοά
376 4133 579 4191 falsum
607 4136 708 4202 sit,
741 4135 907 4193 nolite
931 4135 1156 4192 credere
1178 4177 1193 4201 ,
1244 4153 1312 4192 ne
1343 4135 1483 4194 forte
1522 4139 1666 4194 intus
1700 4147 1796 4195 aut
1898 4144 2095 4216 ubique
2127 4154 2213 4201 est
2249 4152 2421 4211 totus,
2468 4145 2731 4201 dicentis:
2764 4143 2898 4198 Ecce
2941 4160 3034 4216 ego
3065 4144 3329 4200 vobiscum
3363 4152 3481 4201 sunt

185 4226 332 4285 foris
368 4229 424 4282 in
453 4227 566 4283 ullo
596 4227 961 4299 decipiamini.
990 4227 1167 4283 Etiam
1199 4268 1214 4293 ,
1271 4228 1317 4284 si
1344 4228 1410 4285 de
1449 4229 1796 4297 coelestibus,
1897 4234 2135 4291 omnibus
2180 4234 2393 4300 diebus,
2444 4251 2606 4306 usque
2641 4232 2709 4288 ad
2760 4235 3262 4290 consummationem
3299 4230 3483 4290 swculi
3512 4236 3515 4239 ’

185 4322 343 4394 quod
381 4322 578 4377 domus
608 4320 699 4391 Dei
750 4330 865 4389 est,
911 4322 1035 4378 novi
1083 4322 1291 4393 aliquid
1342 4325 1753 4396 repromiserint
1779 4365 1799 4394 ,
1884 4326 2127 4398 (Matth.
2156 4344 2347 4393 xxvm,
2379 4327 2504 4399 20).
2559 4326 2803 4398 Hincque
2829 4328 3119 4398 sequitur:

185 4415 369 4470 nolite
399 4430 429 4485 a
461 4415 646 4485 regula
675 4414 957 4471 catholica:
993 4414 1118 4472 fidei
1156 4415 1344 4481 exire,
1388 4415 1555 4472 nolite
1577 4418 1797 4475 credere
1828 4469 1875 4491 η
1973 4416 2277 4490 Ubicunque
2328 4418 2486 4490 fuerit
2545 4434 2734 4489 corpus
2758 4458 2775 4484 ,
2841 4417 2967 4473 illuc
3028 4419 3486 4491 congregabantur
3568 4410 3569 4413 “

187 4522 319 4577 qua:
347 4507 620 4564 catholica
650 4523 757 4564 non
783 4517 931 4574 sunt,
950 4509 1075 4579 quia
1100 4508 1322 4563 omnino
1353 4524 1477 4564 vera
1510 4525 1616 4565 non
1647 4518 1790 4565 sunt.

186 4599 335 4671 Nam
358 4600 567 4656 veritas
590 4616 686 4671 per
700 4586 783 4666 se,
806 4600 932 4657 licet
950 4600 1113 4656 lateat
1127 4599 1315 4665 malos,
1338 4600 1494 4656 bouis
1513 4611 1714 4668 tamen,
1730 4618 1795 4658 ac

185 4693 239 4749 si
291 4690 481 4765 fulgur
507 4691 786 4763 splendida
827 4702 931 4755 est.
969 4688 1122 4750 Unde
1152 4694 1437 4762 sequitur:
1477 4692 1628 4749 Sicut
1656 4690 1795 4749 enini

184 4785 387 4856 fatigat
413 4784 520 4838 erit
548 4783 614 4837 ab
643 4782 854 4839 Oriente
874 4794 921 4839 et
948 4795 1093 4851 paret
1124 4800 1284 4859 usque
1308 4785 1363 4839 in
1384 4783 1663 4840 Occidente
1680 4826 1697 4851 ,
1720 4786 1797 4843 ita

156 4877 296 4931 erit
337 4875 594 4947 adcentus
623 4875 726 4946 ﬁlii
770 4876 1015 4933 hominis.
1049 4874 1117 4932 Et
1147 4877 1268 4932 ideo
1292 4877 1457 4933 nolite
1486 4876 1661 4942 exire,
1698 4892 1798 4932 no-

185 4966 295 5039 lite
324 4954 590 5033 credere,
621 4967 764 5039 quod
797 4967 941 5024 illius
990 4964 1227 5024 hominis
1255 4967 1339 5024 vel
1368 4968 1421 5024 in
1469 4966 1686 5024 deserto
1727 4968 1800 5026 sit

186 5059 449 5131 gentium
477 5056 561 5114 vel
590 5058 644 5114 in
674 5059 1041 5130 penetralibus
1061 5100 1076 5128 ,
1120 5068 1214 5114 aut
1243 5058 1296 5115 in
1326 5058 1450 5116 ullis
1475 5075 1664 5115 eorum
1710 5060 1797 5116 di-

187 5162 416 5205 ctorum
443 5151 660 5207 arcanis
683 5191 701 5221 ,
730 5166 797 5207 eo
823 5152 968 5223 quod
997 5149 1177 5225 fulgur
1205 5140 1423 5206 ﬁdeine
1471 5149 1689 5207 Christo
1726 5149 1797 5207 ab

186 5240 634 5317 Orienteusque
678 5243 732 5299 in
772 5243 1121 5302 Occidentem
1170 5261 1266 5316 per
1317 5260 1508 5301 omnes
1535 5243 1651 5314 ejus
1692 5244 1798 5301 Ec-

189 5330 404 5390 clesiae
444 5333 751 5407 Catholicae
802 5334 1022 5409 fulgeat.
1054 5335 1124 5391 At
1175 5352 1333 5404 vero,
1375 5336 1530 5410 juxta
1560 5332 1798 5393 litteram

190 5425 480 5502 secundus
508 5427 806 5499 Salvatoris
827 5429 1089 5487 adventus
1108 5471 1122 5498 ,
1148 5446 1255 5486 non
1287 5430 1341 5487 in
1376 5431 1712 5513 humilitate,
1738 5438 1803 5489 ut

1827 4469 1875 4530 Ι)

1896 4614 1981 4660 est
2006 4603 2358 4673 comparatio,
2383 4611 2437 4657 et
2478 4601 2599 4657 ideo
2627 4598 3022 4672 significantius
3056 4609 3244 4675 πτῶμα
3260 4602 3481 4671 Grece,

1897 4697 2039 4769 quod
2067 4704 2151 4752 est
2178 4696 2411 4751 cadaver
2434 4736 2457 4760 ,,
2500 4694 2698 4748 dicitur
2730 4694 3025 4750 secundum
3072 4694 3485 4763 dispositionem

1896 4787 2164 4859 passionis
2191 4784 2424 4851 Christi;
2455 4787 2544 4855 qui
2592 4784 2712 4839 ideo
2753 4783 3007 4840 occubuit
3033 4786 3087 4839 in
3124 4795 3385 4850 mortem,
3428 4790 3488 4840 et

1896 4879 2132 4935 cadaver
2159 4875 2335 4931 factus
2360 4886 2477 4941 est,
2509 4887 2568 4930 ut
2600 4876 2832 4943 erigeret
2872 4890 2967 4932 eos
3010 4876 3102 4945 qui
3147 4876 3482 4933 ceciderant.

1899 4970 1968 5026 Et
1992 4966 2121 5041 quia
2147 4967 2290 5039 quod
2316 4966 2591 5023 ceciderat
2613 4966 3153 5034 resurrexit,jnstum
3183 4974 3267 5021 est
3283 5005 3298 5029 ,
3322 4982 3486 5038 prop-

1901 5069 1987 5118 ter
2008 5074 2144 5131 quos
2171 5058 2473 5125 ceciderat,
2503 5068 2563 5115 ut
2590 5058 2680 5114 ubi
2710 5058 2874 5115 fuerit
2906 5074 3105 5141 corpus
3132 5057 3274 5127 quod
3303 5071 3486 5113 resur-

1900 5153 2071 5219 rexit,
2121 5149 2194 5207 ibi
2228 5158 2628 5223 congregemur
2665 5159 2721 5208 et
2758 5149 2952 5207 sancti.
2994 5149 3058 5205 Et
3089 5150 3192 5205 hoc
3217 5157 3302 5205 est
3339 5149 3487 5221 quod

1900 5340 2095 5395 buntur
2118 5339 2328 5410 aquila.
2364 5334 2479 5394 Non
2506 5338 2907 5408 qualescunque
2931 5350 3060 5391 aves
3083 5377 3100 5401 ,
3136 5336 3231 5391 sed
3254 5332 3487 5405 aquila;

1899 5427 2149 5501 discipuli
2187 5427 2472 5494 videlicet,
2508 5428 2574 5483 de
2621 5426 2817 5499 quibus
2861 5428 3125 5497 propheta
3168 5425 3298 5480 olim
3338 5418 3486 5494 prhi-

1899 4511 2109 4583 aquilm.
2142 4510 2274 4565 Mira
2304 4509 2460 4567 valde
2486 4525 2554 4565 ex
2590 4509 2852 4565 vilissimo
2880 4526 2979 4566 usu
3005 4512 3308 4581 aquilarum
3338 4510 3484 4568 facta
3552 4505 3577 4523 ’

1899 5247 2032 5305 dicit
2055 5246 2326 5303 absolute:
2344 5243 2652 5318 Ubicunque
2674 5245 2829 5316 fuerit
2857 5259 3079 5313 corpus,
3105 5244 3176 5297 ibi
3202 5254 3486 5312 congrege;
3579 5273 3581 5276 ‹

188 5517 391 5588 prius,
421 5520 635 5592 quando
662 5518 810 5576 venit
851 5514 1067 5603 leniter,
1117 5519 1266 5576 Sicut
1296 5522 1472 5592 pluvia
1525 5523 1579 5576 in
1637 5514 1798 5577 ue‘ffu‘s

190 5607 387 5683 (Ρεαι.
418 5628 566 5679 uxr,
592 5611 672 5687 6),
703 5624 759 5670 et
781 5610 931 5670 Sicut
955 5631 1040 5669 ros
1055 5630 1211 5684 sitper
1239 5610 1649 5683 Iterbam(Prov.
1678 5630 1799 5680 xxx,

188 5701 300 5779 12)
331 5720 349 5771 ;
382 5706 478 5764 sed
504 5706 559 5764 in
590 5706 836 5767 claritate
864 5708 1124 5777 uimia,et
1154 5707 1323 5783 gloria
1358 5707 1655 5781 majestatis
1688 5696 1799 5764 suae

1899 5520 2153 5577 dixerat:
2205 5517 2482 5574 Assument
2522 5524 2722 5588 pennas
2757 5525 2815 5571 ut
2870 5514 3101 5587 aquilw,
3144 5514 3389 5571 volabunt
3433 5520 3487 5577 et

1899 5628 2005 5667 non
2042 5610 2282 5681 deﬁcient
2326 5608 2472 5679 (ha.
2529 5624 2627 5674 XL,
2659 5607 2750 5676 3).
2777 5606 2858 5662 Ex
2904 5606 3100 5677 quibus
3139 5612 3248 5661 una
3292 5616 3493 5659 earum

1904 5703 2103 5763 Paulus
2125 5742 2138 5767 ,
2188 5699 2398 5757 dicebat
2425 5700 2494 5754 de
2547 5699 2980 5768 resurrectione,
3006 5698 3196 5755 volens
3243 5692 3491 5755 intro“.
