4016 6354
585 263 694 322 815
1391 253 1449 310 S.
1491 252 1845 310 PASCHASII
1885 248 2229 307 RADBERTI
2266 250 2555 308 ABBATIS
2589 251 3038 312 CORBEIENSIS
3687 277 3767 336 mg

583 391 712 436 cere
735 377 936 433 ﬁdem:
969 374 1082 430 Nos
1120 372 1210 444 qui
1236 369 1478 436 vivimus,
1503 368 1594 440 qui
1620 367 1818 424 residui
1846 383 2045 431 sumus,
2073 382 2178 422 non
2204 377 2256 440 Α
2275 365 2549 438 judicatus
2595 377 2697 434 est,
2724 377 2781 426 et
2828 372 2972 428 unde
2996 371 3153 428 abiit.
3201 371 3383 433 Nescio
3408 380 3570 453 itaque
3588 387 3628 442 si
3661 391 3771 452 ullus

582 469 960 544 preveniemus
995 481 1083 520 eos
1103 463 1192 534 qui
1234 460 1592 526 dormierunt,
1615 458 1706 514 sed
1734 457 1894 513 simul
1923 473 2040 511 cum
2071 455 2176 512 illis
2278 457 2471 528 possit,
2507 466 2600 514 aut
2627 458 2757 515 velit
2797 468 3068 530 astruere,
3099 463 3147 519 si
3174 461 3363 523 Paulus
3398 477 3451 526 et
3481 476 3635 532 caeteri
3659 494 3773 540 sum-

580 561 640 618 s'n
663 559 882 616 nubibus
911 558 1114 613 obviam
1134 555 1358 609 Domino
1386 551 1650 622 rapiemur
1671 548 1722 620 (I
1752 547 1931 603 Thess.
1960 564 2036 612 tv,
2061 546 2171 620 l6).
2275 545 2351 602 mi
2380 547 2576 614 sancti,
2607 548 2852 619 rapiendi
2881 558 3010 606 sunt
3053 567 3286 619 sursum,
3311 557 3530 627 obviam,
3549 567 3776 633 quodam.

580 652 654 709 Et
685 654 804 708 ideo
834 666 940 706 non
976 649 1144 714 dixit,
1193 647 1497 715 ubicunque
1529 642 1888 717 999fuerit
1933 656 2172 712 corpus,
2275 651 2374 694 nes
2423 639 2587 694 simili
2641 640 2842 707 modo,
2895 650 3024 699 ante
3083 642 3340 715 judicium
3386 662 3664 723 peractum,
3694 660 3772 717 ele-

581 746 697 803 illic
719 742 1192 816 congregabantur
1235 738 1480 793 vultures
1523 745 1578 792 et
1626 735 1807 800 corvi,
1859 736 1954 790 sed
1987 732 2174 789 volens
2274 729 2436 784 vandi
2461 729 2568 784 sint
2597 747 2628 786 a
2659 738 2825 798 terra,
2848 741 2904 788 et
2924 733 3156 791 debeant
3180 736 3260 794 ire
3285 753 3582 813 quocunque
3596 745 3666 817 (ut
3686 751 3778 819 qui.

581 839 870 895 ostendere
897 836 1100 893 electos
1128 847 1286 897 suos,
1336 845 1566 902 quorum
1593 828 1846 899 juventus
1883 837 1944 882 ut
1980 826 2174 897 aquila
2275 819 2401 875 dam
2421 821 2625 892 volunt)
2639 822 2945 893 judicandi.
2963 824 3092 892 Sed,
3115 827 3354 886 utlsaias
3373 832 3704 893 aitzDominus
3725 842 3777 895 ad

580 928 762 986 fuerat
810 929 1097 992 innovata,
1153 938 1355 994 eosque
1385 921 1702 994 magnificos
1746 927 2166 992 praamonstrans

2263 910 2531 1001 judicium
2566 914 2729 968 veniet
2771 931 2892 969 cum
2915 917 3124 973 senibus
3145 919 3322 990 populi
3351 922 3430 976 sui
3455 921 3576 994 (Isa.
3602 943 3671 995 ut,
3691 929 3774 1001 ll).

580 1021 727 1078 ultra
768 1035 957 1076 omnes
991 1033 1151 1082 aves,
1181 1015 1442 1080 eximios,
1469 1014 1655 1086 quales
1685 1014 1798 1068 vult
1824 1027 1946 1068 esse
1981 1026 2172 1068 omnes
2272 1000 2566 1068 Calerum.
2585 1004 2728 1074 quod
2751 1005 2842 1062 alii
2866 1007 3161 1065 dicuntubi
3189 1009 3386 1067 fuerint
3409 1028 3615 1085 corpora
3629 1018 3673 1072 in
3694 1000 3780 1078 mo-

582 1113 676 1183 qui
707 1109 1029 1167 commortui
1058 1117 1113 1163 et
1137 1105 1458 1177 consepulti,
1499 1111 1916 1161 resurrexerunt
1941 1119 2063 1158 cum
2104 1116 2168 1158 eo

2272 1095 2568 1161 numentis,
2589 1105 2683 1150 aut
2722 1096 2778 1152 in
2810 1108 2982 1166 terra,
3013 1099 3124 1157 illic
3145 1102 3338 1158 anima:
3362 1114 3586 1163 ventura:
3609 1111 3715 1176 sint,
3740 1124 3780 1169 et

582 1205 650 1260 ad
683 1204 870 1258 vitam.
899 1201 1104 1270 Quibus
1136 1199 1354 1272 proprie
1384 1207 1530 1255 recte
1557 1196 1713 1252 dicit:
1746 1194 1844 1250 Ubi
1868 1195 2028 1264 fuerit
2055 1211 2168 1249 cor-

2270 1186 2490 1256 propria
2537 1202 2763 1258 corpora
2810 1200 3140 1261 receptum;
3181 1196 3422 1264 quamvis
3461 1212 3628 1254 verum
3652 1201 3711 1256 sit
3726 1203 3780 1258 ita

582 1313 680 1367 pus
727 1295 838 1350 illic
868 1293 1323 1366 congregabantur
1362 1302 1410 1348 et
1451 1290 1660 1364 aquilae.
1686 1289 2171 1362 Congregabuntur
2267 1290 2411 1367 955°:
2465 1293 2572 1335 ηοη
2603 1287 2783 1336 tamen
2831 1296 3171 1355 consequens
3212 1294 3297 1343 εει
3325 1296 3384 1343 lli
3411 1289 3508 1345 i100
3549 1289 3653 1348 i060
3689 1293 3784 1352 inde

584 1366 770 1445 autem
797 1388 927 1442 dicit
954 1427 969 1453 ,
998 1387 1123 1457 quia
1153 1384 1466 1458 angelorum
1494 1383 1686 1441 ofﬁciis
1706 1383 2039 1439 deducentur
2059 1381 2170 1438 for-

1095 1402 1123 1441 a
1153 1384 1466 1458 angelorum
1494 1383 1686 1441 ofﬁciis
1706 1383 2039 1439 deducentur
2059 1381 2171 1438 for-
2270 1366 2418 1458 iSl'id
2445 1369 2681 1426 dicatur.

583 1489 640 1536 te
681 1481 747 1536 ad
780 1479 958 1535 locum
986 1457 1254 1549 passionis
1280 1477 1508 1544 Christi,
1539 1492 1647 1547 quo
1691 1477 2054 1532 descensurus
2085 1481 2170 1531 est
2340 1457 2751 1520 δίαιίιηάιιιεθη
2799 1476 2917 1538 post
2957 1469 3350 1528 tribulationem
3395 1473 3583 1529 dierum
3621 1474 3785 1532 illam

582 1569 657 1624 ad
692 1578 866 1625 terras
890 1609 905 1635 ,
931 1569 1058 1639 quia
1089 1567 1214 1628 inde
1241 1567 1411 1633 abiit,
1438 1575 1494 1622 et
1521 1567 1595 1622 ibi
1617 1565 1957 1636 iudicaturus
1977 1574 2084 1633 est,
2107 1573 2168 1622 ut

2267 1553 2348 1609 sol
2373 1556 2758 1624 obscurabitur,
2789 1569 2839 1614 et
2881 1559 3010 1617 luna
3064 1580 3170 1618 non
3224 1564 3370 1619 dabit
3395 1564 3562 1620 lumen
3592 1578 3785 1634 suasua

574 1659 692 1735 jam
716 1676 876 1732 supra
901 1660 1052 1725 dixi,
1089 1659 1236 1732 quod
1268 1666 1324 1715 et
1353 1659 1509 1714 multi
1539 1659 1786 1715 credunt.
1819 1658 1948 1714 Inde
1971 1657 2018 1715 si
2041 1658 2166 1730 qui-
2267 1645 2434 1702 stellae
2462 1649 2649 1704 cadent
2680 1651 2744 1704 de
2772 1651 2921 1719 caelo,
2958 1663 3009 1709 et
3055 1655 3270 1712 virtutes
3303 1657 3538 1712 caelorum
3559 1675 3787 1717 commou-

580 1755 704 1812 dem
733 1763 789 1812 et
814 1763 1033 1811 sanctus
1060 1752 1298 1810 Hilarius
1321 1754 1425 1809 ait:
1458 1752 1731 1810 Claritatis
1757 1753 1874 1825 ejus
1904 1753 2166 1810 adventus

2198 1762 2243 1825 Β
2271 1737 2482 1805 buntur,
2515 1749 2565 1795 et
2605 1750 2732 1798 tunc
2769 1745 2970 1814 parebit
3007 1746 3216 1818 signum
3240 1747 3342 1817 ﬁlii
3363 1749 3576 1803 hominis
3605 1750 3653 1804 in
3676 1750 3784 1805 culo.

577 1849 691 1905 illic
712 1849 1138 1921 exspectabitur,
1155 1849 1248 1905 ubi
1270 1848 1426 1904 nobis
1451 1847 1675 1920 gloriam
1699 1846 2020 1902 aeternitatis
2039 1861 2163 1917 pas-

2270 1829 2372 1888 Ubi
2401 1833 2639 1890 ostendit
2681 1843 2804 1907 post
2838 1837 3218 1895 tribulationes
3261 1839 3570 1895 Antichristi
3609 1855 3784 1912 parvum

579 1944 732 1999 sione
761 1957 1034 2014 corporeae
1059 1941 1403 2007 humilitatis,
1415 1949 1670 2011 operatus
1690 1948 1792 1996 est.
1810 1939 1946 1994 Nam
1967 1947 2025 1994 et
2051 1938 2163 1994 Lu-
2266 1931 2481 2014 ιθῐηρυε
2527 1924 2789 1993 militum»
2833 1942 2956 1984 cum
2998 1928 3076 1984 ait
3118 1929 3327 1996 εωιίωο
3357 1944 3622 2002 ιιυοιιείιιιθ
3651 1930 3788 1987 Veni“

580 2050 676 2091 cas
705 2013 944 2106 apertius
968 2034 1072 2089 hoc
1097 2033 1172 2088 ita
1193 2049 1313 2090 esse
1337 2034 1546 2089 Videtur
1570 2033 1875 2097 ostendere,
1905 2046 2026 2088 cum
2053 2031 2159 2099 ait,

2264 2013 2384 2106 dies
2425 2014 2639 2086 judicii.
2671 2017 2930 2085 Quamvis
2959 2019 3183 2101 quidam
3211 2021 3349 2078 velit
3394 2021 3668 2093 intelligere
3699 2029 3788 2092 post

579 2127 723 2199 quod
750 2105 1168 2198 ῖηιοη-οεεηιεε
1215 2125 1493 2198 discipuli,
1529 2125 1630 2181 Ub,-
1665 2125 1926 2180 οοηιεηεγ
1966 2125 2163 2196 quibus
2263 2105 2669 2166 tribulationem
2701 2111 3070 2182 apostolorum
3093 2113 3482 2186 parvissimum
3510 2111 3789 2169 intervalla

577 2218 841 2275 Dominus
883 2233 898 2274 :
943 2217 1044 2274 Ubi
1097 2219 1257 2289 fuerit
1304 2235 1488 2289 corpus
1555 2218 1663 2273 illic
1711 2218 2164 2290 congregabantur
2263 2199 2526 2266 ίυῑυΐυητν
2575 2201 2747 2258 donec
2776 2203 2830 2259 in
2859 2204 3159 2260 Vindiﬂam
3202 2205 3388 2262 cruCiS
3416 2203 3607 2262 Cill'iSii
3631 2204 3789 2259 “nilei

575 2311 770 2382 aquilio
818 2311 978 2382 (Luc.
1019 2327 1167 2377 xvii,
1197 2311 1320 2383 57).
1368 2310 1587 2366 Certum
1617 2310 1815 2382 quippe
1864 2317 1985 2377 est,
2031 2309 2161 2381 quia

2263 2291 2527 2348 desolatio
2557 2293 2761 2366 templi,
2789 2303 2846 2351 et
2885 2294 3152 2367 dispersio
3177 2295 3515 2354 Iudaeorum.
3545 2295 3679 2365 Quod
3712 2309 3788 2350 non

575 2403 805 2477 apostoli
834 2405 900 2459 de
931 2405 1048 2460 loco
1071 2403 1427 2475 interrogant.
1452 2403 1606 2471 Quod
1635 2402 1680 2458 si
1725 2402 1792 2456 ad
1823 2416 1888 2458 ea
1909 2417 2028 2473 quae
2051 2401 2160 2457 Lu-

2259 2394 2345 2477 est
2382 2400 2739 2477 consequens,
2787 2398 3012 2460 propter
3069 2405 3133 2446 ea
3172 2405 3301 2462 qua:
3346 2397 3629 2461 sequuntur
3669 2404 3681 2442 :
3719 2385 3787 2442 Sol

571 2473 668 2556 cas
697 2499 986 2570 praemisit,
1011 2497 1201 2554 dicunt
1227 2515 1241 2551 :
1269 2473 1368 2551 ilbi
1405 2496 1658 2562 Domine,
1691 2511 1814 2552 cum
1842 2497 1955 2550 ait:
1983 2495 2157 2551 Erunt

2259 2473 2648 2544 obscurabitur,
2693 2478 2742 2532 e't
2788 2477 2917 2534 luna
2965 2494 3071 2535 non
3107 2478 3259 2534 dabit
3293 2479 3468 2535 lumen
3492 2495 3650 2545 suum,
3692 2485 3787 2541 etc.

567 2590 675 2646 duo
712 2592 766 2645 in
808 2607 954 2662 agro,
985 2606 1122 2645 unus
1161 2599 1459 2644 assumetur
1484 2629 1499 2654 ,
1545 2598 1596 2645 et
1636 2587 1770 2644 alter
1815 2588 2155 2660 relinquetur,
2259 2581 2383 2638 qua?
2411 2582 2518 2662 noli
2557 2580 2690 2639 Ρυῐο
2717 2570 2786 2662 illi
2827 2570 3244 2630 diminutionem
3296 2573 3514 2629 luminis
3551 2571 3786 2662 pertinere,

568 2683 712 2740 idem
736 2661 997 2751 est.Quia
1023 2683 1126 2738 hoc
1155 2681 1527 2753 interrogant,
1557 2696 1666 2752 quo
1697 2683 2054 2738 assumendus
2086 2682 2154 2738 sit

2258 2661 2560 2730 praesertim
2582 2677 2706 2718 cum
2727 2661 2893 2718 Isaias
2919 2663 3099 2719 dicat:
3129 2664 3277 2732 Quia
3297 2667 3398 2721 erit
3426 2665 3517 2719 lux
3536 2663 3676 2728 lunte,
3691 2661 3787 2716 sicut

566 2774 657 2831 ille
687 2791 858 2840 unus,
887 2781 944 2830 et
985 2773 1247 2830 Dominus
1278 2791 1290 2827 :
1332 2751 1431 2828 Ubi
1454 2751 1610 2843 fuerit
1633 2790 1852 2844 corpus,
1884 2773 1992 2828 illic
2033 2790 2152 2828 con-

2258 2751 2353 2806 ιτα
2367 2751 2514 2819 solis,
2530 2763 2577 2808 et
2599 2753 2692 2808 lux
2711 2754 2836 2811 solis
2863 2756 2997 2811 sicut
3014 2756 3107 2811 lux
3117 2769 3318 2828 septeni
3332 2757 3532 2812 dierum
3552 2754 3666 2828 (lsa.
3691 2767 3787 2817 ιιι,

563 2865 921 2936 gregabuntur
967 2864 1160 2936 aquila:
1185 2905 1200 2930 ,
1258 2842 1490 2935 quarum
1551 2842 1855 2935 aquila—rum
1923 2865 2107 2922 unitas
2135 2905 2152 2934 ,
2257 2842 2371 2916 26)·
2400 2843 2514 2901 Ειεί
2546 2845 2662 2902 imo
2708 2846 2871 2902 aliam
2909 2847 3422 2935 interpretationem
3463 2847 3792 2918 reciperet)“

560 2957 892 3017 universitas
929 2965 1013 3012 est
1037 2965 1348 3012 sanctorum
1375 2997 1390 3024 ,
1416 2957 1507 3028 qui
1540 2957 1768 3029 remigio
1799 2957 2007 3013 alarum
2033 2973 2146 3014 sua-

2259 2937 2386 3001 sint,
2433 2953 2776 3010 nequaquam
2833 2940 3002 2996 stella
3031 2941 3097 2997 de
3141 2941 3290 2998 caelo
3325 2949 3476 2998 recte
3501 2940 3675 2996 cadere
3708 2949 3789 2992 cre-

562 3061 686 3102 rum
733 3045 1012 3111 subvecti,
1045 3045 1098 3101 in
1127 3045 1328 3101 Christi
1357 3027 1584 3116 corpore
1611 3027 1907 3104 sociantur.
1935 3047 2003 3104 Et
2030 3047 2148 3104 ideo

2258 3027 2500 3096 duntur;
2536 3031 2628 3085 sed
2661 3030 2716 3084 in
2748 3032 3156 3102 comparatione
3183 3047 3335 3089 vera:
3358 3031 3514 3099 lucis,
3543 3027 3791 3088 omniaom-

565 3137 633 3193 de
700 3135 1103 3192 irrationalibus
1151 3136 1341 3194 avibus
1397 3138 1562 3194 sumit
1623 3138 1968 3209 exemplum,
2029 3154 2151 3209 qua:

2200 3129 2223 3192 ζ
2253 3123 2430 3180 lorum
2468 3126 2754 3181 luminaria
2781 3128 2861 3182 sic
2892 3127 3071 3183 futura
3094 3129 3505 3200 prophetantur
3529 3142 3559 3182 a
3589 3123 3786 3182 Domino.

562 3245 954 3299 nonnunquam
983 3231 1178 3295 etiam,
1212 3239 1362 3287 trans
1398 3231 1570 3286 maria
1597 3232 1893 3287 odorantur
1936 3240 1991 3288 et
2019 3247 2148 3289 con-

2255 3233 2320 3274 ac
2343 3218 2390 3274 si
2417 3219 2722 3275 tenebrosa.
2759 3219 2879 3275 Non
2905 3220 2961 3276 in
2989 3236 3086 3276 sua
3115 3229 3346 3289 natura,
3373 3221 3471 3277 sed
3499 3219 3563 3276 ad
3580 3218 3789 3290 fulgorem

559 3321 797 3395 spiciunt
825 3322 1116 3388 cadevera,
1142 3323 1209 3379 ad
1245 3339 1365 3394 qua:
1392 3323 1730 3394 transvolare
1754 3339 1862 3379 non
1888 3323 2065 3396 piget,
2091 3332 2145 3378 ut

2252 3319 2469 3365 aeternae
2495 3311 2632 3367 lucis
2657 3322 2972 3382 comparata
3000 3313 3159 3370 valde
3201 3316 3448 3372 obscura
3485 3321 3652 3369 erunt.
3677 3305 3789 3376 Quod

556 3414 846 3471 multitudo
867 3416 1206 3472 credentium
1234 3416 1401 3472 multo
1430 3417 1604 3488 magis
1632 3416 1888 3474 festinare
1919 3433 2026 3474 non
2050 3419 2148 3474 du-
2251 3403 2298 3457 εί
2339 3402 2420 3457 θοι
2464 3403 2587 3471 iste:
2634 3403 2728 3474 qui
2777 3418 2922 3460 nunc
2968 3419 3070 3476 Per
3110 3412 3294 3462 ίοῐυῐη
3347 3405 3534 3462 orbem
3567 3400 3727 3459 miihi
3755 3405 3795 3453 ⁸⁸

554 3505 692 3562 hitet
721 3507 789 3563 ad
817 3523 971 3574 eum,
1003 3507 1156 3578 cujus
1187 3507 1364 3580 fulgur
1396 3509 1510 3565 exit
1539 3510 1607 3564 ab
1655 3508 1912 3576 Oriente,
1955 3520 2010 3566 et
2051 3525 2140 3566 co-

2251 3497 2577 3568 resplendet,
2636 3513 2738 3555 nec
2786 3513 2896 3554 non
2953 3507 3009 3556 et
3060 3499 3208 3569 luna,
3246 3516 3375 3572 quae
3423 3497 3698 3557 secundum
3733 3501 3791 3547 est

554 3607 744 3655 ruscat
789 3615 887 3671 per
913 3615 1129 3656 omnem
1147 3599 1477 3665 Ecclesiam,
1507 3600 1560 3656 in
1591 3617 1694 3672 qua
1719 3615 1916 3672 corpus
1943 3600 2061 3671 ejus
2090 3611 2147 3657 et
2248 3588 2550 3656 luminare.
2600 3599 2780 3662 δίψιε
2823 3589 3026 3657 “eum:
3083 3607 3205 3663 qua“
3258 3590 3334 3648 ad
3377 3591 3621 3649 30min!“
3661 3581 3794 3644 ηοθίί³

554 3689 778 3761 sanguis
809 3689 1122 3745 immolatur
1149 3698 1204 3746 et
1229 3690 1478 3756 sumitur,
1512 3706 1680 3760 usque
1706 3689 2141 3746 inOccidentem.
2248 3680 2387 3737 data:
2416 3689 2564 3747 sunt.
2611 3697 2707 3738 seu
2738 3691 2793 3737 ei
2819 3697 3010 3740 omnes
3061 3683 3302 3741 Virlules
3359 3684 3644 3745 calorum.
3691 3687 3793 3748 (1³³⁸

552 3781 682 3839 Scio
713 3792 891 3837 tamen
917 3781 986 3837 de
1025 3781 1126 3837 hac
1170 3782 1508 3852 expositione
1534 3781 1742 3852 aliquos
1772 3781 2020 3837 dubitare
2044 3822 2060 3848 ,
2090 3789 2146 3836 et
2246 3773 2562 3846 angelorum
2613 3775 2986 3832 multitudines
3036 3775 3408 3849 intelligimus
3430 3817 3447 3844 ,
3508 3775 3562 3832 in
3613 3771 3793 3829 adventu

552 3873 709 3947 plura
739 3874 1012 3944 objicere,
1041 3889 1164 3944 quze
1203 3872 1361 3930 facile
1387 3873 1723 3929 refelluntur.
1759 3871 1860 3940 Qui
1891 3874 2016 3929 dum
2043 3887 2130 3928 vo-
2244 3866 2448 3923 Christi
2469 3875 2525 3922 et
2551 3869 2618 3922 ad
2657 3866 2920 3939 fulgorem
2967 3867 3106 3941 ejus,
3139 3868 3264 3925 haec
3293 3868 3481 3925 omnia
3511 3861 3790 3923 assimulallu

549 3964 672 4019 lunt
715 3978 906 4018 sensus
947 3963 1245 4020 catholicos
1302 3979 1600 4031 evacuare,
1649 3980 1800 4020 suam
1849 3965 2142 4022 ostendunt
2248 3958 2455 4029 ιοοι
2487 3957 2639 4028 quasi
2680 3974 2791 4029 prae
2819 3958 2987 4014 nimia
3021 3958 3302 4027 claritate,
3345 3960 3404 4015 in
3434 3957 3700 4030 caliginem
3727 3963 3791 4006 re-

550 4055 902 4126 imperitiam.
937 4053 1136 4125 Sicque
1167 4055 1270 4111 hoc
1295 4055 1586 4126 accipiunt,
1611 4056 1766 4126 quasi
1790 4055 2024 4122 dicatur,
2046 4055 2137 4111 ubi
2241 4052 2597 4122 putabuntur,
2645 4050 2777 4120 quid
2822 4058 3016 4122 putant
3065 4050 3158 4120 qui
3211 4051 3518 4124 supercilio
3561 4053 3720 4104 erecto
3751 4051 3793 4095 se

547 4143 752 4202 fuerint
777 4145 1286 4202 hostiaeludreorum
1309 4153 1366 4201 et
1390 4145 2136 4216 sanguisvictimarum,illic,
2240 4152 2464 4200 sanctos
2527 4141 2882 4206 arbitrantur,
2937 4150 2992 4198 et
3033 4143 3396 4212 praesentiam
3451 4139 3588 4196 tanti
3624 4133 3789 4210 judicis.

548 4237 619 4293 ad
651 4239 853 4292 caedem
878 4246 934 4292 et
973 4237 1330 4292 vastationem
1360 4235 1572 4290 misera:
1602 4233 1869 4298 civitatis,
1905 4233 2134 4290 Romani
2240 4251 2306 4291 ac
2328 4235 2373 4290 si
2408 4235 2587 4290 securi
2620 4233 2787 4289 desua
2810 4231 3042 4303 justitia,
3075 4249 3185 4291 non
3224 4235 3553 4290 formidant.
3580 4228 3792 4299 Quoniam

545 4327 850 4384 velociores
877 4327 1071 4398 aquilis
1099 4327 1221 4382 coeli
1245 4326 1735 4398 congregabuntur.
1763 4326 1870 4382 Sed
1902 4343 2000 4384 nos
2029 4343 2137 4383 me-
2240 4327 2293 4382 in
2325 4343 2390 4383 eo
2428 4327 2708 4382 tremendo
2743 4325 2950 4398 judicio
2990 4342 3151 4383 nemo
3192 4341 3438 4384 securus
3473 4326 3594 4384 erit.
3623 4323 3797 4381 Etcum

543 4421 654 4478 lius
686 4421 916 4477 dicimus
941 4419 1010 4476 de
1050 4420 1270 4476 homine
1300 4418 1520 4476 Christo
1555 4438 1568 4475 :
1608 4419 1916 4492 ubicunque
1948 4421 2131 4490 fuerit,
2238 4417 2408 4490 gloria
2439 4416 2703 4472 claritatis
2738 4416 2857 4488 ejus
2890 4414 3172 4486 effulserit,
3201 4434 3380 4476 nemo
3411 4433 3474 4475 se
3499 4413 3687 4488 aliquid
3708 4421 3800 4466 esse

544 4528 642 4571 seu
669 4513 762 4569 ubi
788 4527 983 4584 passus
1011 4523 1112 4578 est,
1132 4520 1188 4568 et
1208 4512 1533 4579 resurrexit,
1559 4521 1616 4569 et
1641 4511 1784 4568 unde
1808 4513 2054 4570 ascendit
2079 4515 2134 4571 in
2161 4497 2215 4558 Ῑ)
2237 4509 2479 4582 putabit;
2513 4523 2578 4565 eo
2616 4511 2760 4582 quod
2799 4517 2931 4566 ῑιιηο
2967 4525 3129 4567 πιθωο
3165 4510 3322 4570 alii“!
3355 4512 3602 4585 οοείιπθ
3621 4501 3799 4580 Neri"

544 4605 780 4671 etclam,
815 4605 957 4676 quod
989 4603 1097 4660 illic
1122 4604 1178 4660 in
1222 4603 1622 4661 resurrectione
1665 4604 1876 4671 carnis,
1906 4605 2135 4661 debeant
2235 4615 2337 4657 nec
2374 4602 2666 4672 respicere,
2711 4617 2875 4673 quam
2902 4617 3049 4669 eum,
3081 4601 3175 4674 qui
3216 4612 3357 4660 tunc
3404 4604 3557 4660 solus
3580 4599 3800 4675 gloriosas

541 4699 739 4772 aquilae
765 4740 781 4766 ,
811 4699 864 4755 id
888 4706 972 4755 est
1015 4699 1188 4755 sancti
1220 4740 1235 4766 ,
1282 4699 1599 4772 congregari
1634 4713 1664 4753 a
1700 4707 1934 4769 quatuor
1955 4699 2134 4754 ventis
2236 4695 2540 4766 apparebit.
2586 4695 2669 4751 Ad
2694 4696 2851 4769 cujus
2879 4697 3168 4753 adventum
3199 4684 3341 4755 solis
3370 4697 3673 4756 obscuritas
3694 4703 3803 4765 pra-

541 4793 686 4860 emii,
712 4793 966 4864 deinceps
987 4799 1183 4848 etesse
1209 4807 1331 4846 cum
1355 4791 1602 4848 Domino.
1627 4789 1738 4846 Nec
1766 4791 1869 4846 hoc
1887 4790 1961 4846 ita
1987 4789 2128 4853 dico,
2234 4785 2471 4852 dicatur,
2524 4786 2758 4842 defectio
2803 4787 2966 4852 lunae,
2991 4785 3296 4844 ‘stellarum
3351 4803 3540 4856 casus,
3583 4786 3803 4840 virtutum

540 4896 602 4942 ut
639 4887 884 4958 ignorem
907 4901 1070 4956 quam
1100 4885 1330 4956 diversae
1352 4884 1640 4954 opiniones
1681 4899 1746 4940 ex
1771 4884 1874 4939 hoc
1900 4898 2131 4939 nascun-
2234 4877 2497 4933 cmlorum
2548 4877 2866 4945 commotio,
2907 4886 2963 4934 et
2992 4878 3248 4936 salutaris
3281 4880 3437 4954 signi
3464 4875 3715 4942 ostensio,
3739 4871 3800 4926 ll-

539 4991 631 5036 tur
656 4995 840 5037 sensu.
872 4979 940 5035 Et
977 4979 1098 5035 ideo
1127 4994 1287 5033 nemo
1329 4992 1417 5032 me
1459 4978 1778 5048 praescribat
1807 4977 2019 5047 ιοοο
2060 4977 2127 5032 de
2232 4968 2493 5026 mentatio
2522 4978 2577 5024 et
2601 4969 2850 5039 planctus
2876 4969 3117 5025 omnium
3144 4972 3435 5042 gentium;
3472 4969 3681 5041 quando
3700 4963 3805 5020 mis-

539 5075 680 5139 loco,
718 5090 787 5129 ne
835 5074 967 5130 mihi
998 5072 1296 5143 quidquam
1322 5071 1587 5143 suspicari
1618 5071 1800 5136 liceat,
1832 5069 1975 5142 quod
2006 5069 2122 5126 for-
2231 5079 2390 5120 surus
2419 5072 2505 5119 est
2533 5064 2756 5142 angelos
2783 5080 2910 5121 suos
2940 5082 3063 5122 cum
3109 5067 3258 5134 tuba,
3291 5075 3356 5124 et
3382 5081 3524 5124 voce
3550 5076 3729 5138 magna
3750 5055 3802 5112 ad

536 5176 590 5223 te
615 5165 887 5222 allirmare
922 5163 1140 5228 differo,
1183 5165 1284 5220 nisi
1314 5163 1368 5219 in
1395 5171 1659 5234 quantum
1690 5163 1744 5218 in
1785 5162 1982 5219 talibus
2003 5162 2124 5233 opi-
2228 5156 2636 5227 congregandos
2651 5156 3017 5226 electosLsuos.
3046 5157 3105 5213 ln
3129 5159 3336 5228 quibus
3361 5159 3612 5231 profecto
3633 5150 3802 5211 verbis.

534 5259 700 5314 nandi
733 5258 871 5313 ratio
907 5258 1063 5313 nobis
1090 5255 1431 5313 occasionem
1467 5255 1701 5326 prabet;
1735 5254 1800 5310 de
1821 5269 1929 5325 quo
1956 5255 2121 5310 etiam
2225 5247 2478 5320 quamvis
2518 5247 2593 5303 ila
2629 5247 2880 5314 dixerim.
2909 5257 3060 5304 tanta
3101 5249 3423 5308 obscuritas
3463 5258 3569 5315 εει,
3605 5255 3661 5304 lli
3693 5235 3804 5300 nihil

535 5358 591 5405 et
611 5349 667 5405 in
690 5349 822 5406 locis
838 5349 1031 5420 quibus
1051 5349 1374 5422 Oportuerit,
1402 5347 1532 5420 quid
1557 5347 1760 5404 sentire
1783 5347 1953 5418 possit
1979 5348 2121 5418 quis-
2225 5338 2294 5396 de
2321 5339 2408 5396 his
2459 5354 2491 5395 a
2514 5354 2791 5410 quoquam
2842 5340 3046 5412 aliquid
3093 5350 3305 5399 temere
3353 5343 3560 5398 debeat
3601 5331 3801 5395 deliniri-

533 5458 722 5515 quam,
755 5452 990 5515 tangam.
1025 5441 1162 5511 Quia
1184 5443 1289 5498 etsi
1312 5457 1372 5500 se
1404 5445 1594 5499 beatus
1617 5439 1816 5497 Paulus
1845 5439 2120 5514 apostolus
2225 5430 2361 5488 Nam
2388 5432 2608 5505 quidam
2637 5431 2848 5501 dicunt,
2879 5436 3022 5505 quod
3049 5435 3190 5491 sicut
3231 5433 3292 5488 in
3339 5435 3609 5506 passione
3631 5422 3802 5487 Christi

534 5535 593 5592 in
632 5551 758 5593 aere
791 5537 1002 5592 obviam
1024 5535 1266 5602 Christo,
1304 5551 1489 5591 amore
1516 5535 1708 5591 ductus
1729 5532 1868 5606 ejus,
1902 5533 2118 5605 rapien-
2224 5532 2280 5579 et
2317 5524 2371 5579 in
2401 5523 2805 5594 dispensatione
2845 5526 3022 5583 crucis
3057 5526 3173 5582 sole
3208 5525 3521 5582 deficiente
3552 5541 3582 5580 a
3608 5521 3800 5580 lumine,

536 5628 663 5682 dum
689 5627 950 5694 afﬁrmat,
971 5643 1076 5682 una
1099 5643 1221 5683 cum
1265 5628 1375 5683 suis
1401 5627 1762 5694 consortibus,
1804 5641 1908 5682 non
1941 5634 2117 5682 tamen
2223 5621 2461 5678 tenebrae
2489 5621 2648 5678 factae
2677 5633 2806 5679 sunt
2834 5639 2999 5696 super
3031 5638 3244 5682 omnem
3301 5632 3540 5689 terram,
3585 5622 3661 5679 sic
3686 5614 3801 5675 etin

534 5719 766 5798 denegat
790 5722 930 5792 quod
967 5721 1019 5776 in
1053 5721 1212 5777 terris
1237 5729 1500 5779 venturus
1527 5721 1600 5778 sit
1629 5718 2000 5794 adjudicium,
2026 5715 2116 5776 ubi
2224 5716 2458 5774 adventu
2485 5715 2712 5786 Christi,
2747 5727 3043 5792 apparente
3081 5719 3136 5777 in
3175 5717 3320 5776 caelo
3363 5719 3494 5791 ipso
3532 5717 3802 5781 eodequ
