4016 6354
221 251 314 314 817

973 247 1335 309 EXPOSITIO
1370 249 1438 307 IN
1477 245 1914 308 MATTHiEUM.
1951 276 2020 289 —
2059 247 2186 305 LIB.
2224 245 2315 317 XI,
2355 247 2507 307 CAP.
2546 249 2738 306 XXIV.

217 375 358 446 signo
384 372 482 430 lilii
522 371 780 439 hominis,
813 371 1030 427 deficiet
1076 387 1264 428 rursus
1293 369 1427 428 solis
1469 371 1676 436 lumen,
1725 383 1789 425 ac
1817 375 1868 434 Α
1895 369 1962 424 ad
1989 370 2094 424 hoc
2122 377 2372 439 paratum
2406 370 2614 436 venire,
2647 377 2708 424 ut
2731 368 3029 426 ulciscatur
3056 384 3114 426 se
3143 369 3210 426 de
3244 371 3488 430 inimicis

217 467 394 524 deinde
443 467 588 523 lunae
631 475 689 522 et
727 463 1030 531 stellarum,
1075 480 1187 534 pra:
1234 463 1402 520 multa
1446 463 1696 518 claritate
1738 469 1795 518 et

211 560 398 615 virtute
427 560 570 632 signi
614 558 778 614 illius.
812 557 881 613 Et
912 556 960 614 si
998 557 1080 614 sol
1123 556 1446 614 obscuratus
1474 556 1661 622 fuerit,
1706 554 1792 611 vel

211 650 468 708 delectum
495 666 709 722 passus,
740 649 978 722 quandiu
1009 649 1194 718 fuerit,
1225 665 1334 706 non
1370 651 1567 706 mirum
1591 649 1636 705 si
1665 647 1793 705 luna

210 749 261 800 et
283 742 471 810 stellae,
500 758 621 815 quae
646 742 927 814 proprium
973 741 1155 798 lumen
1193 757 1300 798 non
1331 743 1552 809 habent,
1585 741 1791 797 nullum

209 838 434 912 poterint
479 836 726 909 proferre
771 835 1112 907 splendorem
1161 835 1401 892 luminis.
1449 833 1564 891 Nec
1607 843 1792 891 tamen

208 933 280 989 sic
311 946 518 988 casurae
552 929 722 987 stellae
757 928 825 984 de
866 929 1006 986 caelo
1051 936 1197 984 recte
1241 929 1514 995 dicuntur,
1559 927 1654 983 sed
1699 943 1790 984 se-

208 1024 434 1092 cundum
457 1020 699 1079 delectus
724 1035 852 1077 suos
873 1020 1270 1086 tenebrescere,
1295 1029 1478 1074 etnon
1502 1033 1786 1089 apparere.

208 1115 350 1184 Quod
376 1130 447 1171 ex
473 1114 614 1170 Isaia
641 1113 709 1168 ad
734 1112 975 1185 plenum,
1004 1121 1060 1168 et
1085 1111 1257 1173 Joele.
1281 1119 1336 1167 et
1380 1111 1664 1183 prophetis
1691 1126 1790 1182 ap-

206 1209 432 1282 probare
458 1214 710 1271 conetur,
741 1219 975 1275 quorum
1007 1201 1311 1266 testimonia
1340 1202 1590 1258 curiosus
1619 1201 1792 1257 lector

186 1301 381 1356 [videat
405 1306 461 1354 et
487 1304 882 1368 perscrutetur,
928 1304 1182 1351 utrumne
1212 1297 1279 1350 ad
1311 1295 1546 1352 litteram
1588 1297 1668 1352 sic
1704 1296 1790 1351 in-

207 1392 438 1465 telligere
465 1396 738 1461 oporteat,
769 1402 839 1443 an
867 1387 1007 1444 sicut
1036 1403 1198 1457 supra
1230 1387 1486 1454 diximus,
1511 1388 1637 1458 quia
1668 1403 1790 1444 cre-

209 1483 434 1540 dendum
474 1497 580 1537 non
627 1489 731 1548 est,
765 1481 909 1552 quod
953 1480 1121 1536 stellae
1148 1495 1354 1536 casurae
1395 1481 1528 1545 sint,
1559 1497 1789 1551 quarum

209 1575 512 1650 magnitudo
549 1591 579 1630 a
609 1575 942 1646 sapientibus
979 1575 1157 1631 saeculi
1209 1576 1373 1630 etiam
1413 1582 1561 1629 tanta
1591 1575 1791 1630 dicitur

212 1679 326 1724 esse
349 1674 555 1738 quanta
585 1673 672 1721 est
707 1673 873 1720 terra.
905 1663 1008 1721 Ubi
1051 1665 1098 1720 si
1135 1673 1210 1720 tot
1247 1665 1563 1731 occiderint,
1593 1675 1651 1720 ut
1682 1666 1786 1721 alia

207 1735 465 1825 omittam,
515 1773 625 1830 quo
652 1758 874 1815 ‘cadant
921 1757 1074 1815 locus
1119 1774 1228 1814 non
1274 1759 1399 1815 erit.
1446 1757 1658 1814 Rursus
1694 1758 1786 1815 alii
1819 1735 1868 1796 Β

206 1861 326 1908 sunt
366 1852 460 1921 qui
505 1851 713 1918 dicunt,
756 1851 899 1921 quod
943 1865 1010 1906 ex
1060 1850 1480 1923 conﬂagratione
1526 1852 1783 1918 incendii,

204 1959 308 2016 quo
337 1944 574 2001 mundus
617 1942 1074 2011 concremabitur,
1102 1959 1167 1999 ac
1190 1943 1235 1999 si
1259 1958 1324 1999 ex
1357 1943 1541 2000 multis
1573 1944 1789 2014 ignibus

205 2033 402 2101 fumus,
436 2044 496 2090 ut
535 2035 756 2103 assolet,
793 2049 862 2091 ex
905 2035 1028 2107 igne
1061 2036 1330 2107 plurimus
1366 2037 1790 2093 condensabitur

204 2135 258 2182 et
300 2127 591 2183 extolletur
633 2143 804 2200 usque
850 2129 918 2184 ad
965 2144 1238 2185 summum
1283 2130 1568 2196 caelorum,
1613 2131 1689 2186 ita
1732 2139 1792 2186 ut

206 2225 370 2273 tanta:
399 2219 504 2273 sint
535 2219 792 2286 tenebrae,
824 2235 892 2275 ne
929 2220 1008 2276 sol
1039 2229 1134 2276 aut
1159 2221 1311 2288 luna,
1354 2237 1449 2278 seu
1477 2222 1670 2288 stellae,
1701 2222 1788 2278 lu-

205 2327 332 2368 cere
372 2323 599 2384 queant;
640 2315 782 2386 quod
825 2314 1046 2371 omnino
1102 2315 1504 2388 inconsequens
1549 2319 1788 2384 videtur,

203 2407 330 2478 quia
374 2417 637 2477 quantum
686 2410 790 2464 iste
833 2409 972 2480 ignis
1012 2411 1284 2480 praecedat
1328 2421 1454 2466 ante
1498 2411 1792 2467 adventum

204 2499 419 2557 Domini
454 2517 560 2556 non
600 2503 732 2558 satis
758 2513 1001 2574 apparet.
1031 2504 1183 2560 Licet
1209 2513 1266 2560 et
1297 2504 1364 2560 de
1393 2505 1497 2560 hoc
1525 2505 1640 2574 ipso
1671 2505 1793 2576 igne

204 2594 448 2650 nonnulli
488 2596 701 2650 diverse
728 2597 988 2652 sentiant.
1043 2596 1172 2665 Quae
1197 2598 1347 2670 signa
1379 2598 1483 2653 nisi
1508 2597 1792 2653 Matthaeus

202 2696 259 2744 et
284 2687 496 2758 1002
521 2687 736 2744 Marcus
765 2696 888 2759 post
913 2689 1314 2744 tribulationem
1344 2690 1550 2746 dierum
1580 2690 1791 2746 illorum

202 2777 557 2843 addidissent,
589 2778 798 2845 melius,
826 2778 966 2834 sicut
986 2780 1207 2851 quidam
1230 2781 1435 2847 volunt,
1468 2780 1789 2851 Spiritaliter

205 2869 271 2926 de
291 2869 542 2925 Ecclesia
582 2870 992 2941 acciperemus:
1026 2872 1168 2941 quod
1211 2869 1417 2926 factum
1461 2871 1629 2925 estin
1678 2871 1791 2940 ipsa

203 2961 608 3032 persecutione,
635 2970 695 3016 ut
726 2969 856 3017 tunc
886 2961 966 3017 sol
1001 2960 1226 3032 iustitiae
1257 2963 1310 3018 in
1340 2963 1632 3019 multorum
1674 2979 1794 3019 cor-

206 3051 362 3106 dibus
391 3051 464 3106 sit
485 3050 824 3116 obscuratus,
859 3052 950 3122 qui
979 3062 1137 3110 antea
1164 3054 1218 3109 in
1245 3053 1325 3110 eis
1352 3054 1586 3124 primum
1614 3052 1794 3109 lucere

205 3151 585 3200 consueverat.
613 3143 752 3211 Quia
781 3152 910 3200 tunc
938 3145 1207 3218 siquidem
1249 3148 1471 3219 plurimi
1504 3165 1535 3205 a
1567 3150 1791 3223 regione

205 3233 478 3300 deﬁcient,
521 3243 578 3289 et
622 3235 769 3291 clara
816 3237 951 3294 ﬁdes
998 3237 1054 3293 in
1103 3239 1186 3294 eis
1231 3240 1615 3296 obscurabitur
1655 3240 1798 3296 nube

205 3328 448 3400 perfidia:
477 3330 716 3386 obtecta.
747 3330 858 3389 Nec
885 3331 1085 3388 mirum
1137 3332 1318 3404 igitur,
1350 3333 1395 3389 si
1427 3342 1553 3404 post
1576 3334 1799 3390 tribula-

207 3422 412 3478 tionem
453 3423 663 3478 dierum
713 3421 948 3488 illorum,
995 3423 1249 3480 dicantur
1273 3423 1576 3490 obscurari,
1608 3433 1662 3480 et
1689 3439 1796 3480 non

207 3524 492 3570 transacta
524 3524 636 3570 tota
681 3514 774 3570 illa
815 3515 1218 3586 persecutione,
1255 3515 1506 3571 accident
1545 3515 1672 3581 ista,
1703 3515 1799 3572 sed

214 3607 348 3677 quia
380 3607 642 3676 praecedet
667 3615 730 3662 ut
754 3616 1011 3678 sequatur
1035 3608 1394 3677 quorumdam
1421 3607 1675 3674 defectio,
1705 3623 1800 3664 an-

209 3704 435 3768 tequam
485 3697 746 3753 serenitas
810 3698 1151 3765 restituatur,
1203 3706 1258 3754 et
1301 3697 1428 3769 quia
1467 3713 1564 3770 per
1609 3713 1800 3754 omnes

206 3788 325 3845 dies
376 3789 497 3846 illos
541 3791 616 3846 ita
656 3790 770 3857 lict,
805 3791 927 3848 ideo
966 3800 1091 3863 post
1139 3793 1192 3847 in
1237 3792 1440 3848 eisdem
1467 3791 1654 3848 diebus
1684 3791 1796 3859 ﬁet,

206 3882 430 3954 quando
473 3897 581 3938 non
619 3881 765 3938 aliud
803 3899 968 3955 quam
1001 3885 1237 3940 tenebrae
1265 3892 1444 3939 erunt.
1494 3884 1560 3939 Et
1597 3884 1717 3941 ideo
1742 3884 1798 3940 in

203 3974 316 4040 eis,
359 3974 521 4040 luna,
569 3990 689 4044 quae
729 3984 813 4031 est
851 3968 1126 4043 Ecclesia,
1175 3991 1283 4032 non
1339 3975 1560 4032 habebit
1618 3976 1799 4034 lumen

203 4083 398 4135 suum,
432 4079 487 4124 et
519 4066 689 4123 stellae
719 4067 787 4123 de
815 4067 954 4124 coelo
990 4069 1204 4132 cadent,
1237 4083 1361 4123 cum
1391 4067 1543 4123 multi
1576 4067 1670 4138 qui
1698 4082 1799 4139 pu-

204 4159 469 4216 tabantur
518 4159 718 4225 sancti,
770 4159 1159 4215 tentationibus
1200 4160 1352 4226 victi,
1396 4175 1504 4216 non
1565 4159 1621 4214 in
1661 4159 1800 4216 ctelo

203 4255 298 4310 sed
332 4256 389 4310 in
432 4262 580 4309 terra
609 4254 935 4310 scribentur.
972 4254 1042 4308 Et
1064 4254 1192 4325 quia
1222 4254 1276 4308 in
1305 4253 1682 4324 persecutione
1705 4268 1801 4310 eos

201 4363 361 4405 amor
390 4346 520 4403 vitae
549 4348 740 4420 hujus,
775 4362 807 4402 a
837 4348 958 4404 luce
983 4363 1104 4418 quae
1131 4346 1383 4404 Christus
1411 4355 1517 4412 est,
1544 4345 1796 4412 exclusit,

1897 461 2027 516 suis.
2056 459 2124 516 Et
2153 469 2281 516 tunc
2306 461 2519 532 parebit
2560 461 2774 532 signum
2799 459 2925 517 Filii
2957 461 3193 517 hominis
3234 463 3287 517 in
3320 461 3484 520 coelo.

1895 555 2050 622 Quod
2069 553 2314 626 profecto
2340 555 2553 627 signum
2601 556 2779 611 crucis
2802 565 2887 611 est
2917 555 3164 626 signum;
3201 573 3309 613 non
3335 559 3487 629 quod

1887 645 2002 717 jam
2036 645 2277 701 futurum
2325 645 2528 716 aliquid
2581 645 2868 716 signiﬁcet,
2915 647 3010 702 sed
3057 655 3117 702 ut
3158 647 3338 718 ipsum
3391 649 3490 720 qui

1894 735 2187 793 cruciﬁxus
2239 743 2326 790 est
2369 736 2422 791 in
2478 750 2641 792 cruce
2703 736 2922 792 humilis
2997 736 3293 806 gloriosum
3361 752 3488 796 esse

1892 826 2162 892 ostendat,
2218 833 2490 896 quatenus
2531 836 2604 881 "ex
2653 827 2756 883 hoc
2809 842 2936 882 cum
2986 827 3135 883 omni
3185 827 3488 898 gratiarum

1894 922 2108 978 actione
2131 919 2289 976 electi
2317 919 2627 992 gaudeant;
2678 920 2831 992 impii
2871 929 3051 976 autem
3081 927 3136 976 et
3169 928 3490 990 peccatores

1892 1012 2112 1068 videant
2143 1028 2303 1083 quem
2351 1021 2794 1082 contempserunt
2843 1012 3126 1078 humilem,
3160 1027 3267 1084 quo
3308 1011 3488 1083 magis

1891 1104 2131 1160 doleant.
2164 1104 2319 1160 Unde
2347 1104 2626 1174 sequitur:
2656 1103 2720 1157 Et
2748 1114 2872 1158 tunc
2897 1103 3143 1175 plangant
3171 1120 3348 1158 omnes
3389 1104 3488 1158 tri-

1893 1195 1987 1250 bus
2011 1205 2184 1250 teme.
2210 1194 2316 1250 Illae
2341 1209 2575 1264 namque
2617 1194 2790 1249 tribus
2814 1209 2934 1264 quce
2958 1193 3131 1264 magis
3162 1199 3489 1249 amaverunt

1892 1295 2094 1342 terram
2143 1302 2304 1357 quam
2349 1285 2568 1350 coelum,
2620 1294 2673 1340 et
2721 1285 2844 1340 ideo
2889 1286 2942 1340 in
2970 1292 3115 1340 terra
3151 1285 3362 1340 miserae
3399 1299 3486 1340 re-

1892 1386 2233 1436 manserunt.
2284 1377 2522 1440 Diversa:
2557 1377 2823 1446 siquidem
2855 1376 3030 1431 tribus
3059 1384 3282 1447 propter
3305 1375 3486 1431 diver-

1892 1470 2109 1526 sitatem
2155 1469 2516 1533 meritorum;
2567 1467 2693 1538 quia
2747 1482 2847 1522 nec
2909 1466 3118 1538 1003
3164 1467 3218 1521 in
3267 1464 3486 1522 inferno

1892 1575 1999 1614 una
2025 1561 2268 1615 omnium
2300 1565 2694 1614 tormentorum
2724 1556 2958 1628 qualitas
2987 1559 3123 1623 erit;
3157 1555 3249 1613 ubi
3281 1571 3340 1613 se
3367 1570 3482 1613 me-

1893 1651 2000 1706 rito
2030 1651 2303 1722 plangent,
2332 1649 2458 1720 quia
2487 1649 2576 1704 hic
2598 1663 2657 1704 se
2685 1649 2826 1703 male
2859 1648 3226 1718 perdiderunt.

1965 1780 2035 1835 Et
2062 1791 2183 1835 tunc
2219 1779 2463 1834 videbunt
2485 1777 2658 1848 [ilium
2683 1778 2906 1833 hominis
2943 1779 3226 1833 venientem
3247 1779 3304 1833 in
3331 1777 3485 1833 nubi-

1890 1875 1985 1931 bus
2014 1874 2129 1930 cwli
2173 1890 2293 1928 cum
2336 1873 2527 1927 virtute
2561 1889 2754 1943 magna
2785 1882 2834 1926 et
2859 1871 3156 1941 majestate.
3209 1869 3361 1925 Tunc
3388 1885 3484 1926 att-

1890 1973 1999 2021 tem
2026 1963 2276 2034 praeliniti
2309 1961 2571 2032 temporis
2603 1961 2918 2016 adverbium
2950 1969 3056 2025 est,
3087 1968 3142 2014 et
3168 1974 3276 2015 non
3300 1967 3486 2028 potest

1893 2055 2166 2126 respicere
2195 2053 2300 2110 nisi
2337 2053 2406 2107 ad
2433 2051 2567 2107 illud
2615 2050 2947 2122 praeﬁnitum
2989 2060 3235 2122 tempus;
3280 2058 3336 2106 et
3363 2049 3486 2106 ideo

1890 2147 2304 2220 diligentissime
2350 2145 2772 2218 perquirendum
2823 2145 2892 2200 ad
2936 2144 3082 2218 quod
3129 2145 3245 2200 haec
3299 2141 3486 2197 omnia

1892 2240 2203 2310 respiciant.
2229 2238 2366 2294 Nam
2407 2246 2465 2293 et
2490 2251 2652 2307 supra
2702 2237 2957 2293 similiter
2997 2237 3234 2307 positum
3259 2242 3344 2291 est
3369 2251 3382 2287 :
3411 2227 3483 2288 Et

1892 2343 2016 2388 tunc
2037 2331 2284 2405 plangent
2308 2345 2485 2384 omnes
2507 2329 2674 2382 tribus
2697 2338 2870 2382 terrae.
2923 2327 3077 2394 Quod
3118 2343 3257 2397 pene
3292 2339 3486 2382 omnes

1892 2425 2067 2496 magis
2093 2424 2160 2478 ad
2191 2423 2354 2479 linem
2386 2421 2570 2478 saeculi
2599 2436 2737 2492 quos
2774 2429 2830 2475 et
2872 2436 2972 2491 ego
2999 2429 3217 2476 secutus
3245 2435 3364 2475 sum
3396 2434 3485 2474 re-

1894 2514 2152 2570 tulerunt.
2188 2513 2294 2568 Sed
2325 2513 2372 2567 si
2403 2513 2584 2568 omnis
2625 2512 3037 2568 circumstantia
3070 2511 3318 2568 lectionis
3347 2527 3482 2568 con-

1895 2608 2182 2674 sideretur,
2208 2615 2263 2663 et
2289 2605 2742 2678 evangelistarum
2772 2605 2987 2661 collatio
3017 2604 3159 2660 facta
3191 2605 3373 2674 fuerit,
3405 2605 3487 2660 nio

1895 2699 2003 2754 mia
2046 2698 2334 2755 dilIicultas
2384 2698 2658 2764 nascitur;
2712 2707 2966 2752 utrumne
3014 2697 3082 2751 ad
3115 2696 3244 2752 illud
3283 2695 3484 2753 excidii

1897 2799 2108 2862 tempus
2136 2791 2253 2846 bzec
2279 2790 2461 2845 omnia
2492 2789 2775 2845 referenda
2819 2789 2958 2854 sint,
3001 2804 3067 2843 an
3097 2788 3165 2843 ad
3193 2788 3488 2844 adventum

1897 2879 2216 2938 Salvatoris.
2255 2881 2390 2950 Quia
2433 2881 2478 2937 si
2519 2883 2587 2936 ad
2631 2881 2780 2937 illum
2823 2881 3153 2946 referantur,
3202 2881 3258 2937 in
3300 2879 3489 2937 multis

1897 2988 2078 3030 sermo
2125 2973 2338 3029 excedit
2380 2972 2614 3036 divinus,
2653 2981 2709 3027 et
2756 2971 2963 3040 majora
3012 2981 3192 3026 movet
3217 2986 3378 3042 quam
3417 2971 3491 3027 ad

1897 3070 2030 3128 illud
2060 3079 2270 3142 tempus
2297 3069 2572 3142 pertinere
2601 3069 2906 3124 videantur.
2945 3066 3080 3124 Nam
3117 3076 3175 3123 et
3207 3067 3371 3137 paulo
3407 3066 3490 3121 in-

1900 3163 2069 3221 ferius
2108 3163 2182 3218 ita
2222 3162 2396 3219 dicit:
2423 3161 2554 3216 Cum
2593 3161 2828 3216 videritis
2856 3160 2968 3214 haec
2995 3161 3172 3213 omnia
3209 3159 3346 3228 ﬁeri.
3396 3157 3490 3213 Sic

1899 3270 2137 3327 namque
2174 3253 2307 3310 dicit
2346 3253 2500 3324 quasi
2529 3253 2711 3308 omnia
2744 3252 2880 3318 haec,
2910 3266 3031 3321 quae
3055 3251 3305 3321 superius
3334 3265 3488 3306 com-

1899 3353 2292 3410 memorantur,
2340 3342 2565 3414 intelligi
2609 3343 2760 3398 velit.
2815 3343 2884 3398 Et
2915 3350 3040 3397 tunc
3068 3343 3151 3397 his
3199 3342 3274 3396 ita
3304 3341 3489 3406 dictis,

1899 3439 1976 3494 ait
1998 3447 2122 3510 post
2148 3439 2264 3494 haec
2289 3455 2302 3492 :
2329 3435 2527 3493 Scitote
2566 3437 2694 3507 quia
2738 3453 2898 3507 prope
2925 3444 3002 3490 est
3036 3436 3091 3490 in
3124 3435 3333 3505 januis.
3367 3434 3491 3492 Non

1901 3533 2046 3601 quod
2093 3529 2216 3585 ﬁnis
2264 3527 2446 3584 smculi
2469 3525 2585 3596 jam
2623 3528 2716 3593 sit,
2747 3528 2888 3583 sicut
2918 3543 2981 3583 ea
3013 3543 3210 3582 sonare
3233 3527 3491 3582 videntur

1900 3635 2022 3690 qua:
2047 3616 2330 3690 praemisit,
2371 3616 2468 3672 sed
2501 3615 2628 3686 quia
2656 3633 2815 3687 prope
2847 3625 2924 3670 est
2953 3625 3009 3670 et
3032 3617 3087 3669 in
3115 3615 3324 3686 januis,
3351 3630 3418 3672 ac
3437 3616 3490 3672 si

1902 3713 2148 3777 introitu,
2181 3719 2241 3766 ut
2276 3709 2519 3766 ﬁniatur.
2559 3708 2714 3765 Unde
2751 3718 2881 3764 tunc
2912 3709 3051 3765 forte
3092 3708 3327 3766 sciemus
3357 3710 3490 3781 quia

1900 3819 2069 3876 prope
2103 3811 2209 3868 est,
2257 3817 2379 3858 cum
2425 3800 2722 3856 viderimus
2762 3815 2870 3856 non
2912 3801 3092 3872 aliqua
3139 3815 3349 3870 eorum,
3393 3801 3492 3858 sed

1903 3894 2021 3951 haec
2043 3893 2223 3949 omnia
2255 3905 2376 3962 quae
2413 3905 2574 3961 supra
2603 3890 2752 3946 dicta
2784 3898 2929 3945 sunt.
2972 3890 3030 3945 lu
3059 3891 3258 3961 quibus
3298 3900 3353 3946 et
3387 3892 3495 3949 hoc

1901 3994 2009 4050 est,
2056 3983 2182 4056 quia
2233 3992 2360 4039 tunc
2400 3983 2627 4038 virtutes
2684 3982 2949 4037 caelorum
3003 3983 3384 4048 movebuntur,
3434 3991 3493 4039 et

1904 4085 2032 4132 tunc
2052 4076 2312 4130 videbunt
2343 4073 2555 4146 signum
2583 4073 2677 4129 lilii
2708 4074 2962 4130 hominis.
2993 4074 3064 4129 Et
3099 4085 3228 4130 tunc
3250 4075 3494 4130 videbunt

1901 4164 2076 4235 ﬁlium
2116 4165 2341 4220 hominis
2376 4166 2658 4220 venientem
2689 4163 2745 4220 in
2773 4166 2998 4221 nubibus
3022 4166 3136 4220 cali
3169 4183 3286 4222 cum
3307 4168 3495 4222 virtute

1902 4272 2094 4326 magna
2129 4265 2175 4309 et
2206 4255 2500 4325 majestate.
2527 4255 2596 4310 Et
2627 4263 2754 4311 tunc
2780 4256 2946 4311 mittet
2983 4256 3195 4328 angelos
3219 4273 3344 4312 suos
3374 4273 3494 4312 cum

1905 4345 2028 4400 tuba
2069 4356 2120 4400 et
2156 4362 2274 4401 voce
2315 4362 2527 4418 magna,
2570 4355 2619 4401 et
2659 4348 3050 4418 congregabunt
3085 4348 3273 4404 electos
3311 4349 3427 4420 ejus
3460 4366 3497 4404 ο

201 4455 268 4498 ac
312 4441 362 4497 si
420 4439 589 4498 stella:
633 4439 700 4496 de
743 4439 882 4495 etelo
931 4439 1129 4495 cadere
1177 4438 1450 4506 dicuntur.
1521 4437 1800 4508 Siquidem
1827 4460 1883 4522 Β
1905 4449 2136 4512 quatuor
2162 4438 2345 4504 ventis,
2378 4457 2411 4493 a
2435 4439 2654 4494 summis
2677 4439 2926 4496 caelorum
2953 4457 3115 4512 usque
3146 4441 3215 4495 ad
3247 4443 3495 4497 terminos

200 4534 450 4590 Abrahm
485 4532 689 4588 dictum
737 4540 822 4588 est
855 4550 869 4586 :
913 4531 1032 4586 Erit
1064 4549 1237 4586 semen
1273 4541 1423 4586 tuum
1472 4531 1606 4586 sicut
1637 4529 1804 4586 stella:

202 4626 326 4681 ccli
373 4622 534 4698 (Gen.
582 4623 832 4693 “11,17;
888 4623 1179 4694 xxvt,24).
1229 4622 1337 4678 Sed
1378 4622 1503 4692 quia
1538 4621 1807 4678 acerbitas

201 4717 610 4790 persecutionis
658 4725 715 4772 et
769 4732 923 4774 amor
961 4715 1140 4774 saeculi
1191 4713 1438 4771 carnales
1481 4729 1726 4786 quosque
1774 4731 1807 4770 a

204 4815 318 4872 ﬁde
346 4815 576 4880 evulsit,
606 4814 740 4884 dure
774 4814 841 4870 de
868 4812 1008 4869 coelo
1038 4813 1094 4867 in
1123 4820 1327 4867 terram
1371 4819 1555 4874 ruunt,
1585 4811 1726 4865 sicut
1753 4819 1812 4865 et

202 4908 331 4980 ipse
376 4908 475 4978 qui
522 4908 591 4963 de
640 4905 891 4977 supernis
935 4904 1175 4970 sedibus,
1224 4919 1290 4959 ac
1328 4902 1526 4974 fulgur,
1577 4901 1800 4958 corruit.

203 5003 375 5062 Unde
398 5001 666 5060 Dominus
689 5019 704 5058 :
744 4999 1015 5063 Videbam,
1046 4997 1244 5068 inquit,
1268 4996 1524 5052 Satanam
1546 4996 1681 5050 sicut
1703 4995 1809 5066 ful-

193 5079 314 5174 ’σιιτ
334 5100 404 5154 de
423 5097 554 5154 caelo
590 5096 857 5151 cadentem
900 5091 1054 5165 (Luc.
1080 5107 1138 5157 ι,
1165 5089 1286 5162 18);
1315 5097 1369 5144 et
1396 5105 1410 5142 :
1451 5087 1682 5143 Virtutes
1711 5104 1811 5143 cte-

205 5196 398 5252 brum
437 5190 899 5248 commovebuntur
927 5185 1080 5260 (Luc.
1106 5200 1222 5250 ιιι,
1250 5182 1364 5254 26).
1408 5182 1606 5252 Utique
1637 5197 1666 5236 a
1699 5180 1809 5254 glo-

209 5289 302 5345 ria
331 5285 639 5359 maiestatis
661 5281 888 5348 Christi,
919 5279 1046 5336 licet
1068 5277 1118 5333 ei
1139 5291 1353 5346 semper
1377 5275 1632 5329 assistant
1656 5281 1713 5330 et
1733 5273 1813 5328 vi-

213 5380 393 5437 deant
417 5377 724 5434 claritatem
739 5373 854 5444 ejus
871 5373 1045 5444 ;.quia
1071 5386 1194 5427 cum
1219 5367 1818 5438 surrexeritpercutere

212 5471 443 5536 urbem,
483 5477 539 5525 et
589 5467 904 5538 disperdere
946 5471 1265 5535 peccatores
1311 5476 1378 5517 ex
1421 5474 1507 5525 eo,
1553 5458 1740 5514 nescio
1769 5457 1817 5514 si

210 5565 368 5624 nllus
399 5563 718 5636 angelorum
747 5560 802 5616 in
833 5574 932 5616 sua
960 5557 1284 5631 gloriabitur
1316 5554 1672 5617 conscientia,
1705 5553 1818 5610 suis

207 5659 472 5717 conlisus
483 5656 708 5712 viribus.
725 5654 821 5711 Vel
844 5653 1204 5708 movebuntur
1218 5649 1446 5704 virtutes
1468 5645 1729 5702 cmlorum
1753 5645 1820 5702 ad

207 5752 489 5811 ultionem
521 5749 883 5814 inimicorum,
911 5762 1035 5802 cum
1063 5742 1295 5800 viderint
1311 5739 1547 5810 iudicem
1573 5736 1818 5794 omnium

1906 4547 2112 4597 eorum,
2137 4545 2232 4586 seu
2258 4539 2478 4586 caetera.
2509 4529 2640 4597 Quae
2669 4532 2849 4587 omnia
2876 4532 3122 4602 profecto
3146 4533 3199 4588 in
3230 4535 3333 4590 hac
3359 4535 3495 4591 hora

1908 4621 2203 4678 novissima
2252 4617 2404 4688 facit,
2454 4622 2678 4678 veniens
2724 4621 2778 4678 in
2804 4622 2919 4679 suis
2943 4625 3204 4680 membris
3239 4633 3494 4696 tanquam

1909 4714 1967 4770 in
2016 4714 2157 4770 nube
2202 4729 2416 4786 magna,
2467 4713 2830 4772 fructificante
2871 4716 3116 4773 Ecclesia
3165 4726 3328 4788 atque
3371 4732 3483 4774 cre-

1910 4815 2128 4872 scente,
2171 4806 2344 4863 donec
2365 4806 2717 4878 Evangelium
2750 4808 2803 4863 in
2832 4809 3086 4866 universo
3114 4809 3317 4866 mundo
3347 4826 3494 4866 com-

1914 4898 2146 4971 pleatur,
2177 4908 2234 4956 et
2261 4899 2587 4970 praedicetur
2633 4899 2686 4955 in
2725 4902 2976 4959 omnibus
3021 4902 3291 4974 gentibus.
3343 4902 3498 4971 Quod

1917 5006 2048 5048 sane
2076 4991 2425 5063 Evangelium
2467 4992 2634 5064 cmpit
2669 5007 2736 5048 ex
2768 5009 2876 5064 quo
2902 4994 3201 5065 praedicare
3230 4994 3413 5058 voluit,
3443 5003 3500 5051 et

1917 5084 2097 5140 dicere
2111 5079 2497 5138 :Paenitentiam
2510 5084 2666 5154 agite,
2685 5083 3114 5155 appropinquabit
3129 5085 3266 5138 enim
3281 5099 3496 5154 regnum

1919 5175 2164 5232 caelorum
2185 5174 2399 5248 (Matth.
2430 5191 2503 5242 tv,
2525 5175 2637 5247 l7).
2663 5175 2868 5232 Idcirco
2887 5175 2956 5230 ab
2988 5176 3210 5231 exordio
3231 5176 3500 5233 sermonis

1922 5266 2104 5338 hujus,
2115 5266 2191 5321 ita
2206 5267 2452 5336 quaedam
2466 5267 2633 5323 abhis
2649 5266 2820 5322 tribus
2835 5264 3180 5337 evangelistis
3191 5267 3334 5322 dicta
3347 5276 3496 5330 sunt.

1918 5368 1980 5415 ut
1999 5361 2066 5416 de
2085 5359 2204 5431 ejus
2218 5360 2452 5414 adventu
2473 5357 2614 5414 forte
2635 5358 2778 5414 dicta
2811 5357 3177 5426 inveniantur,
3205 5359 3250 5415 si
3275 5357 3500 5432 diligen-

1919 5451 2028 5507 tius
2057 5450 2198 5506 inter
2223 5466 2280 5506 se
2307 5449 2500 5505 collata
2531 5449 2922 5516 discutiantur;
2957 5457 3014 5505 et
3038 5450 3282 5520 quaedam
3328 5450 3499 5520 perti-

1919 5559 2052 5602 nere
2079 5543 2145 5598 ad
2171 5543 2318 5599 illam
2345 5541 2681 5598 eversionem
2712 5542 3208 5616 Hierosolymorum
3237 5563 3250 5598 :
3294 5543 3502 5615 reliqua

1921 5648 2123 5702 tamen,
2147 5645 2240 5691 aut
2265 5636 2330 5691 ad
2356 5635 2458 5690 hoc
2478 5634 2751 5704 pertinere
2775 5636 3072 5706 probantur
3090 5637 3236 5707 quod
3260 5635 3505 5708 quotidie

1921 5729 2069 5787 venit
2102 5729 2156 5784 in
2185 5741 2410 5796 corpore
2444 5740 2565 5793 suo,
2594 5726 2739 5798 quod
2773 5735 2856 5783 est
2879 5726 3143 5796 Ecclesia,
3175 5727 3245 5785 de
3269 5743 3379 5799 quo
3404 5727 3505 5785 ad-
