4016 6354
162 462 257 530 ιιι

910 460 1275 524 EXPOSITIO
1310 456 1377 517 tu
1420 448 1853 516 MAT'I‘HASL‘M.
1891 489 1959 497 —
1997 456 2123 511 Lm.
2170 456 2255 514 xi.
2300 455 2448 511 car.
2487 416 2721 510 xxxv.‘

3344 440 3534 537 ssi-

166 588 514 660 nguratione,
568 597 677 639 non
714 580 925 644 aestimo
963 582 1109 638 illam
1151 581 1384 638 lucidam
1418 580 1614 635 nubem
1654 592 1748 630 ac-
1778 578 1831 640 Α
1858 574 1959 629 hoc
1988 573 2106 629 loco
2131 574 2398 631 consentit
2425 572 2737 645 Apostolus,
2767 575 2909 642 quod
2961 572 3014 629 in
3042 590 3177 633 voce
3216 576 3451 635 archau.

165 686 316 735 ream
346 675 690 734 solummodo
749 671 949 744 fuisse,
1001 675 1237 731 maxime
1266 673 1393 746 quia
1450 671 1697 741 sequitur
1735 689 1748 725 :

166 771 232 829 Et
255 787 375 826 ecce
404 784 507 824 eos:
534 767 598 822 de
621 766 779 835 nube,
801 768 980 823 dicens
1006 782 1025 820 :
1062 764 1163 820 Hic
1191 776 1266 820 est
1297 762 1472 819 Filius
1512 781 1654 821 mens
1675 763 1755 818 di—

164 862 354 925 lectus,
384 860 446 914 in
470 873 573 929 quo
600 856 731 913 mihi
766 858 889 913 bene
918 856 1227 928 complacuit
1262 855 1477 929 (Matth.
1507 872 1643 921 xm,
1675 855 1752 927 5).

165 950 283 1008 Non
310 950 461 1006 enim
491 949 664 1006 nubes
701 948 789 1005 illa
821 956 941 1004 erat
985 946 1164 1003 dilecti
1193 946 1315 1001 Filii
1362 945 1540 1027 Pater,
1585 961 1757 1018 neque

165 1061 263 1101 aer
314 1041 749 1099 irrationabilem
808 1049 1113 1095 creaturam
1166 1039 1349 1094 sonuit
1410 1037 1594 1103 Pater,
1660 1036 1756 1093 sed

182 1149 225 1201 ιζ
250 1138 328 1192 ita
356 1114 559 1202 dicam,
585 1133 823 1192 Verbum
846 1134 941 1189 Dei
971 1131 1172 1187 factum
1199 1141 1282 1187 est
1310 1132 1375 1187 ad
1395 1147 1513 1186 eam
1533 1131 1753 1197 nubem,

171 1232 310 1286 sicut
337 1228 547 1283 factum
594 1235 680 1283 est
706 1225 773 1280 ad
808 1223 1138 1296 prophetas;
1170 1231 1229 1277 ut
1267 1231 1395 1292 puta
1420 1221 1489 1275 ad
1539 1219 1753 1287 Isaiam,

169 1319 389 1389 quando
417 1317 551 1376 dicit
584 1336 598 1373 :
637 1312 802 1371 Filios
830 1316 987 1387 genui
1029 1324 1078 1369 et
1128 1313 1387 1379 exultavi,
1440 1313 1541 1386 ipsi
1588 1324 1757 1373 autem

167 1421 471 1477 spreverunt
494 1426 572 1464 me
593 1406 729 1478 (Isa.
762 1423 801 1472 i,
828 1406 905 1476 2).
942 1404 1058 1460 Non
1108 1405 1305 1460 Isaiam
1352 1405 1405 1459 in
1453 1404 1553 1459 hac
1600 1418 1756 1470 voce,

168 1501 258 1553 sel
292 1498 470 1555 Deum
526 1497 742 1553 Patrem
795 1497 845 1551 in
894 1496 1086 1551 Isaiam
1136 1495 1443 1567 loquentem
1487 1495 1753 1550 audimus.

170 1571 278 1644 Sed
307 1601 365 1645 et
395 1591 452 1646 in
492 1591 595 1645 hac
620 1590 762 1645 nube
785 1604 907 1645 cum
939 1588 1069 1645 dicit
1103 1606 1116 1642 :
1151 1587 1253 1642 Hic
1291 1598 1365 1643 est
1388 1585 1562 1642 Filius
1592 1604 1758 1657 meus,

170 1682 408 1739 oﬁcium
440 1682 792 1754 intelligimus
820 1682 1146 1754 angelicum,
1181 1690 1238 1736 et
1264 1696 1552 1751 personam
1583 1679 1762 1736 Patris

171 1776 227 1831 in
256 1791 323 1835 eo
349 1776 730 1831 testiﬁcantem
750 1775 933 1847 gloria:
964 1774 1084 1830 Filii
1115 1775 1216 1830 sui.
1240 1774 1393 1845 Quod
1418 1775 1461 1829 si
1489 1787 1615 1830 ante
1639 1791 1762 1847 pas-

172 1868 345 1924 sionis
374 1868 838 1938 dispensationem
886 1866 1011 1921 talis
1062 1867 1162 1921 fuit
1210 1868 1383 1921 nubes
1420 1866 1762 1938 proclamans

1855 669 1976 742 geli.
2008 678 2062 724 et
2082 670 2132 723 in
2156 668 2449 724 nmissima
2487 666 2633 732 tuba,
2668 667 2866 722 mortui
2887 668 2976 736 qui
3002 667 3054 722 in
3082 666 3303 725 Christo
3323 682 3451 741 sunt

1858 771 2144 832 resurgant
2172 760 2354 829 primi.
2400 759 2665 814 Similiter
2686 767 2738 814 et
2768 760 2823 814 in
2857 758 3177 831 Apocalypsi
3197 758 3445 828 Joannis,

1857 854 2033 925 angeli
2066 862 2469 924 separaverunt
2492 853 2691 927 uttnba
2706 863 2986 908 canerent.
3011 850 3232 909 Necnon
3249 856 3451 913 ethe-

1857 947 2015 1002 chieli
2032 946 2257 1001 dicitur:
2286 944 2605 1011 Vaticinare,
2620 946 2697 1015 [ili
2718 947 2967 1011 hominis,
2991 947 3280 1013 uaticinare
3295 960 3342 1003 et
3360 950 3449 1007 di-

1858 1055 1939 1094 ces
1962 1039 2029 1093 ad
2058 1037 2346 1109 Spiritum:
2377 1037 2505 1093 11(ιέ
2527 1039 2651 1093 dicit
2670 1038 2927 1093 Dominus
2954 1039 3097 1095 Deus
3123 1054 3143 1093 :
3166 1042 3208 1096 Α
3224 1052 3452 1108 quatuor
3518 1072 3529 1077 -

1859 1129 2019 1183 ventis
2044 1128 2156 1183 caeli
2198 1131 2332 1194 veni,
2372 1128 2625 1199 Spiritus,
2652 1138 2699 1183 et
2729 1129 2936 1201 imuﬂla
2960 1146 3116 1200 super
3146 1131 3447 1201 interfecta!

1858 1223 2005 1287 istos,
2021 1234 2066 1277 et
2085 1224 2386 1279 reviviscunt
2406 1222 2586 1295 (Esca.
2607 1239 2814 1289 xxxv",
2830 1224 2907 1295 9).
2924 1223 3057 1291 Quae
3071 1225 3198 1283 licet
3212 1230 3451 1298 prophe-

1863 1323 1913 1369 ta
1945 1315 2009 1369 de
2026 1313 2223 1369 Iudaeis
2235 1314 2385 1385 juxta
2405 1315 2691 1370 historiam
2706 1315 2849 1371 dicat
2868 1315 3074 1387 Spiritu
3098 1319 3444 1388 prophetiali,

1861 1407 1926 1461 ad
1951 1406 2097 1461 illum
2119 1416 2295 1462 tamen
2325 1407 2742 1464 resurrectionis
2761 1408 2904 1465 diem
2925 1410 3345 1469 tenditoculum.
3363 1412 3449 1469 Si-

1861 1508 2018 1555 cutet
2046 1500 2097 1555 in
2128 1501 2230 1556 hoc
2258 1500 2377 1556 loco
2400 1500 2758 1572 Evangelista,
2780 1504 3033 1573 quamvis
3061 1504 3447 1573 prtedicatores

1861 1588 2032 1642 sancti
2064 1589 2303 1658 quotidie
2330 1590 2382 1644 id
2416 1590 2717 1661 adimplere
2738 1591 2793 1646 in
2824 1592 3041 1664 ιωε
3066 1592 3307 1651 Ecclesia
3335 1611 3445 1655 non

1863 1689 2093 1736 cessent.
2127 1679 2263 1737 Hinc
2293 1681 2663 1752 quterendum,
2687 1698 2825 1753 quos
2866 1684 3069 1741 electos
3117 1686 3447 1753 pnenuntiet

1864 1772 2291 1844 congregandos,
2326 1781 2578 1829 utrumne
2604 1773 2724 1829 illos
2768 1781 2975 1829 tantum
3009 1790 3147 1846 quos
3187 1776 3243 1831 in
3276 1792 3449 1835 carne

1864 1861 2507 1927 diesillainvcnerit,an
2541 1878 2637 1920 eos
2682 1863 2775 1935 qui
2830 1879 2898 1918 ex
2952 1866 3185 1923 adventu
3242 1865 3463 1925 Christi-

170 1969 224 2014 et
245 1959 606 2022 adumbrans.
641 1957 770 2026 quid
801 1956 907 2011 hoc
937 1957 1056 2012 loco
1082 1956 1150 2013 de
1181 1956 1413 2012 nubibus
1448 1956 1571 2013 coeli
1600 1956 1760 2013 debc-
1789 1946 1837 2007 B
1863 1962 2024 2006 erunt
2067 1952 2264 2016 sancti,
2321 1968 2387 2006 an
2414 1951 2552 2007 forte
2580 1966 2770 2008 omnes
2822 1954 2917 2023 oui
2974 1969 3008 2008 a
3058 1956 3448 2017 constitutione

170 2062 293 2103 mus
318 2047 548 2113 sentire,
575 2063 736 2118 super
761 2048 961 2118 quibus
983 2048 1290 2104 venientem
1320 2048 1485 2103 lilium
1523 2049 1758 2106 hominis

169 2138 433 2194 videbunt
459 2153 582 2194 cum
619 2140 817 2194 virtute
844 2138 1035 2204 multa,
1070 2147 1126 2194 et
1152 2138 1453 2207 majestate,
1484 2139 1758 2211 acgloria,

171 2232 487 2302 quicunque
512 2231 680 2287 visnri
708 2241 833 2286 sunt
862 2245 984 2285 eum
1024 2240 1153 2286 tunc
1194 2248 1300 2285 non
1338 2230 1539 2303 absque
1592 2232 1759 2286 nimia

174 2321 440 2377 claritate.
470 2322 533 2377 Et
564 2322 708 2386 ideo,
744 2322 871 2377 licet
889 2321 1151 2392 jungatur
1185 2322 1472 2387 sententia,
1502 2322 1760 2394 plangen-

170 2413 321 2467 tibus
362 2411 533 2468 tribus
564 2421 743 2477 teme,
772 2428 879 2468 non
907 2413 1117 2467 :estimo
1141 2414 1282 2481 quod
1311 2413 1412 2484 ipsi
1454 2414 1622 2469 visuri
1653 2413 1761 2469 sint

167 2520 292 2560 eum
326 2505 474 2559 intus
499 2503 554 2558 in
582 2518 679 2559 sua
701 2502 892 2573 gloria,
931 2503 1025 2557 sed
1055 2502 1135 2558 sic
1185 2505 1459 2558 obtectum
1506 2502 1757 2570 nubibus,

168 2605 226 2651 ut
258 2597 399 2651 satis
451 2604 709 2667 appareat
760 2594 903 2650 unde
947 2594 1349 2651 confundantur
1391 2602 1447 2650 et
1507 2594 1749 2661 doleant,

168 2688 317 2758 quod
368 2687 532 2742 talem
578 2694 894 2757 tantumque
963 2700 1074 2741 non
1135 2685 1406 2740 audierint
1448 2682 1754 2741 Dominum.

171 2780 329 2850 Quod
355 2781 401 2835 si
434 2779 645 2850 1007
669 2777 915 2851 apostoli,
950 2779 1167 2850 quando
1208 2778 1636 2850 Hierosolymam
1669 2795 1758 2835 ve-

169 2874 251 2929 nit
277 2872 562 2936 Dominus,
588 2871 871 2941 diligentes
918 2886 1065 2938 eum,
1118 2879 1411 2926 straverunt
1457 2871 1759 2925 vestimenta

167 2980 269 3019 sua
297 2964 354 3017 in
374 2964 480 3028 via,
532 2977 600 3017 ne
633 2962 829 3017 asellus
860 2961 913 3016 in
957 2978 1065 3033 quo
1101 2961 1324 3017 sedebat
1353 2969 1550 3017 terram
1575 2962 1757 3017 calca-

170 3064 254 3109 ret
278 3057 505 3117 nudam,
533 3053 661 3124 quid
709 3053 903 3108 mirum
932 3052 977 3108 si
1009 3052 1172 3107 Pater
1213 3060 1268 3108 et
1323 3052 1465 3108 Deus
1516 3053 1756 3107 omnium

170 3146 345 3203 nubes
371 3145 686 3202 substernat
712 3145 962 3202 caelestes
996 3143 1211 3214 corpori
1249 3143 1374 3200 Filii
1410 3144 1494 3201 sui
1525 3145 1756 3201 descen-

173 3240 353 3295 dentis
379 3238 445 3293 ad
484 3252 619 3310 cpus
677 3235 1201 3292 consummationis?
1241 3235 1377 3291 Nam
1431 3245 1485 3292 et
1519 3235 1757 3307 primum

173 3332 393 3400 quando
417 3332 571 3386 venit
594 3328 771 3395 Iesus,
824 3330 1013 3401 plenus
1044 3330 1189 3386 omni
1238 3330 1439 3385 virtute
1478 3332 1659 3395 venit,
1704 3337 1757 3385 et

174 3421 298 3477 ideo
335 3422 567 3476 virtutes
596 3419 818 3476 exibant
844 3421 909 3476 de
937 3420 1046 3475 illo.
1078 3420 1185 3477 Sed
1210 3421 1262 3475 in
1294 3422 1757 3491 comparationem

174 3513 397 3567 virtutis
418 3511 562 3567 illius
594 3527 699 3583 qua
728 3520 990 3568 venturus
1016 3522 1099 3568 est
1129 3528 1315 3568 rursus
1349 3511 1683 3583 glorilicatus
1705 3511 1759 3567 in

180 3602 315 3665 line,
337 3604 557 3659 modicae
584 3604 838 3658 videntur
864 3618 984 3675 quae
1019 3603 1173 3659 factae
1195 3612 1341 3669 sunt,
1367 3602 1483 3659 istae
1508 3602 1754 3657 virtutes.

184 3690 453 3760 Quoniam
480 3692 832 3749 restitutionis
858 3679 943 3749 est
968 3694 1164 3765 gloria,
1192 3709 1314 3750 cum
1343 3709 1449 3764 qua
1474 3693 1675 3759 veniet,
1704 3693 1757 3747 in

177 3800 284 3857 qua
316 3793 433 3840 erat
454 3787 604 3858 prius
622 3796 912 3857 antequam
941 3788 1173 3843 mundus
1195 3786 1370 3850 fieret,
1399 3786 1465 3842 de
1490 3802 1595 3857 qua
1625 3800 1760 3841 nun-

177 3892 340 3949 quam
372 3879 617 3945 recessit,
650 3878 813 3935 etiam
842 3893 965 3932 cum
996 3878 1049 3933 in
1072 3893 1233 3933 cruce
1262 3878 1537 3948 penderet.
1565 3874 1673 3931 Sed
1705 3883 1761 3931 et

176 3968 246 4023 ab
278 3968 511 4024 exordio
543 3966 945 4038 praedicationis
982 3983 1153 4039 usque
1201 3968 1267 4022 ad
1297 3968 1457 4022 linem
1516 3967 1566 4021 in
1597 3966 1758 4023 nubi-

176 4062 281 4116 bus
314 4061 558 4133 quotidie
586 4062 753 4129 venit,
780 4064 918 4119 sicut
958 4062 1070 4133 jam
1109 4046 1267 4132 supra
1297 4062 1498 4117 dictum
1547 4071 1651 4129 est,
1704 4072 1763 4117 ut

175 4148 510 4225 gloriﬂeetur
536 4163 592 4208 et
613 4164 822 4211 crescat
842 4153 1099 4218 Ecclesia,
1130 4170 1250 4225 qua:
1269 4163 1351 4210 est
1380 4169 1574 4226 corpus
1600 4154 1758 4211 Chri-

177 4247 268 4310 sti.
290 4255 563 4317 quatenus
598 4256 655 4305 et
704 4248 819 4318 ipsa
862 4261 1049 4302 rursus
1087 4245 1387 4318 glorificata
1419 4260 1517 4317 per
1556 4246 1757 4318 ipsum,

178 4340 389 4397 adeum
420 4340 698 4394 ascendat.
730 4337 884 4396 Unde
913 4338 1161 4409 sequitur
1192 4355 1206 4392 :

248 4430 319 4487 Et
342 4432 507 4485 mittet
535 4429 748 4501 angelos
768 4445 891 4484 suos
911 4444 1028 4484 cum
1067 4429 1191 4483 tuba
1220 4436 1271 4483 et
1315 4445 1440 4483 uoce
1479 4444 1690 4500 magna,
1711 4438 1759 4483 et

180 4521 568 4593 congregabat
595 4519 784 4575 electos
810 4536 931 4575 suos
954 4536 986 4573 a
1021 4527 1251 4590 quatuor
1278 4520 1467 4586 ventis,
1489 4537 1520 4574 α
1542 4518 1760 4575 summis

179 4611 450 4676 meum,
476 4626 643 4682 usque
665 4610 735 4664 ad
756 4610 1004 4689 terminos
1026 4625 1224 4664 eorum.
1257 4608 1383 4666 Iizrc
1408 4611 1609 4682 quippe
1636 4610 1761 4682 qui-

181 4705 327 4769 dam,
358 4670 584 4769 ntidixi',
610 4703 679 4757 de
706 4682 968 4767 Ecclesia,
992 4701 1133 4756 sicut
1173 4709 1230 4757 et
1281 4670 1484 4774 reliqua
1507 4670 1763 4774 superius
1792 4670 1841 4732 θ

182 4796 348 4860 dicta,
387 4793 560 4864 accipi
617 4793 815 4849 debere
866 4792 1124 4848 sentiunt.
1179 4791 1286 4848 Sed
1332 4808 1430 4849 nos
1484 4801 1540 4849 et
1579 4794 1645 4851 ad
1676 4794 1761 4849 fu-

186 4896 366 4940 turum
393 4884 567 4957 magis
619 4892 940 4954 pmsentem
987 4884 1282 4955 capitulum
1342 4894 1598 4957 putamus
1645 4886 1764 4943 sine

184 4978 499 5049 pra-judicio
515 4976 755 5040 alterius,
781 4975 1145 5032 referendum.
1197 4976 1466 5045 Quoniam
1522 4992 1660 5049 pene
1706 4978 1762 5032 in

183 5072 442 5127 omnibus
482 5071 626 5135 istis,
652 5069 893 5140 quaedam
925 5067 1003 5124 sic
1065 5082 1263 5125 sonare
1288 5070 1557 5136 videntur,
1607 5078 1667 5124 ut
1695 5066 1761 5123 ad

186 5171 509 5235 placentem
552 5159 851 5216 Ecclesium
874 5173 1174 5231 congruere
1220 5159 1464 5229 possint;
1518 5159 1764 5231 quaedam

184 5268 319 5310 vero
336 5254 419 5309 sic
444 5251 877 5323 superexcellunt
899 5249 1082 5307 verbis
1101 5260 1153 5305 et
1176 5265 1359 5317 sensu,
1396 5258 1455 5306 ut
1503 5251 1571 5305 ad
1613 5249 1765 5306 illum

188 5346 486 5402 secundum
507 5344 711 5401 Christi
736 5345 1024 5400 adventum
1047 5343 1101 5399 in
1123 5343 1302 5415 seipse
1326 5345 1598 5415 pertinere
1641 5343 1766 5416 jure

194 5438 457 5494 dicantur.
484 5436 553 5493 Et
574 5437 696 5492 ideo
723 5434 862 5491 forte
900 5435 983 5491 sic
1008 5435 1112 5491 ista
1143 5434 1450 5491 concludit:
1476 5433 1615 5502 Quia
1661 5450 1767 5492 non

194 5531 473 5602 preter-ibit
491 5530 755 5602 generatio
775 5529 908 5595 Iuec,
937 5528 1100 5584 donec
1122 5529 1233 5583 hazc
1258 5529 1432 5583 omnia
1451 5528 1604 5597 fiant.
1630 5526 1767 5596 Quia

194 5623 271 5678 sic
298 5625 444 5679 dicta
490 5631 637 5688 sunt,
673 5631 735 5677 ut
752 5630 808 5677 et
833 5621 973 5677 facta
1010 5629 1381 5677 monstrentur
1408 5621 1461 5677 in
1502 5621 1766 5690 Ecclesia,

192 5723 246 5769 et
272 5731 392 5786 qua:
418 5715 557 5771 facta
586 5721 713 5770 sunt
743 5713 796 5769 in
819 5714 923 5769 hac
964 5712 1099 5769 hora
1125 5714 1438 5780 novissima,
1482 5702 1769 5787 gloriosius

192 5810 490 5865 exhibenda
518 5817 664 5864 sunt.
695 5808 774 5863 De
798 5808 994 5878 quibus
1020 5808 1493 5880 interrogaverunt
1538 5810 1768 5883 apostoli

195 5885 380 5960 idene
416 5898 597 5958 tacuit
630 5897 765 5956 etin
786 5897 1026 5956 secundo
1052 5915 1151 5958 suo
1178 5900 1433 5958 adventu.
1461 5901 1593 5961 Nam
1624 5915 1677 5965 et
1708 5909 1843 5998 ιφ,

1862 2042 2046 2097 mundi
2076 2040 2312 2108 fuerunt,
2344 2052 2399 2097 et
2436 2041 2575 2096 sicut
2601 2042 2876 2098 Abraham
2904 2044 3047 2100 diem
3062 2044 3275 2102 Domini
3302 2048 3445 2105 vide-

1860 2139 2010 2196 runt,
2044 2141 2099 2187 et
2129 2132 2474 2187 crediderunt
2514 2132 2788 2190 Christum
2829 2135 2883 2189 in
2927 2151 3093 2192 carne
3134 2147 3442 2194 venturum.

1864 2223 2039 2289 Unde,
2063 2224 2187 2295 quia
2216 2224 2281 2278 de
2304 2224 2489 2278 ultima
2514 2224 2599 2280 die
2627 2235 2803 2296 agitur
2828 2242 3032 2294 sermo,
3064 2244 3256 2285 omnes
3278 2230 3440 2287 Chri-

1861 2316 1931 2370 sti
1960 2315 2185 2381 electos,
2213 2318 2491 2386 pt‘wscilos
2541 2326 2595 2371 et
2641 2304 3055 2389 praedestinatos
3094 2323 3445 2381 considerare

1861 2416 1943 2462 cst
1971 2407 2211 2479 dignum.
2246 2405 2353 2462 Sed
2389 2407 2515 2477 quid
2548 2409 2753 2463 interea
2782 2424 2850 2465 ex
2888 2411 2993 2467 hoc
3034 2412 3235 2477 dicam,
3266 2422 3360 2467 aut
3391 2415 3439 2468 si

1861 2497 1915 2553 in
1951 2498 2069 2553 loco
2090 2499 2579 2570 congregabuntur,
2609 2499 2731 2554 licet
2743 2499 2857 2571 jam
2890 2517 3055 2571 supra
3093 2504 3160 2558 de
3202 2503 3323 2560 loco
3342 2506 3438 2562 ad»

1859 2602 2054 2643 ventus
2076 2586 2193 2657 ejus
2222 2587 2453 2643 dixerim
2477 2588 2606 2658 quid
2632 2589 2849 2659 plurimi
2879 2593 3140 2658 sentiant,
3197 2593 3335 2648 ultra
3362 2596 3442 2650 vi-

1861 2694 1951 2734 res
1970 2686 2054 2734 est
2071 2678 2385 2749 exiguitatis
2397 2694 2551 2745 meai,
2568 2688 2663 2733 aut
2685 2678 3012 2751 superﬂuum
3027 2698 3290 2751 qtnerere.
3309 2683 3445 2741 Cum

1860 2780 1917 2828 et
1945 2785 2273 2841 congregare
2302 2770 2405 2825 dici
2438 2779 2615 2842 potest
2636 2769 2689 2825 in
2713 2772 2974 2828 unitatem
3002 2775 3443 2843 prxdestinatio-

1860 2862 1943 2919 nis
1967 2861 2252 2933 colligere;
2284 2876 2487 2933 eosque
2537 2863 2854 2919 resuscitari
2894 2865 2949 2920 in
2982 2868 3110 2921 tuba
3164 2867 3276 2930 Dei,
3307 2868 3441 2924 etin

1860 2971 1990 3011 voce
2024 2954 2330 3026 archangeli
2359 2955 2425 3011 ad
2471 2956 2659 3023 vitam,
2688 2965 2748 3013 ut
2787 2971 2976 3014 omnes
3017 2959 3180 3014 simul
3228 2971 3445 3030 partem

1859 3054 2095 3109 habeant
2122 3053 2173 3109 in
2198 3054 2285 3109 illa
2315 3054 2489 3125 prima
2530 3055 2945 3111 resurrectione.
2986 3056 3226 3123 Quorum
3262 3057 3441 3117 unitas

1860 3151 1916 3196 et
1940 3143 2210 3198 restitutio
2249 3144 2316 3199 ad
2359 3142 2545 3209 vitam,
2607 3151 2752 3198 recte
2805 3145 3154 3217 congregatio
3192 3154 3442 3202 vocatur.

1861 3231 1973 3288 Nec
2024 3233 2186 3305 igitur
2217 3234 2364 3304 impii
2410 3244 2466 3289 et
2496 3244 2812 3305 peccatores
2852 3250 2958 3290 non
2992 3246 3295 3308 resurgent,
3346 3236 3445 3299 sed

1785 3299 1832 3363 (ἶ
1864 3324 1986 3395 quia
2019 3325 2219 3396 indigni
2255 3334 2411 3381 erunt
2433 3326 2624 3381 horum
2656 3327 2949 3393 consortio,
2978 3326 3098 3383 ideo
3132 3344 3239 3384 non
3269 3330 3444 3387 nomi-

1866 3424 2044 3472 natur.
2075 3416 2180 3489 Ipsi
2206 3427 2382 3473 tamen
2409 3434 2517 3473 non
2545 3418 2671 3484 nisi,
2698 3417 2791 3474 ubi
2811 3419 2896 3474 vel
2919 3420 3033 3486 ubi,
3071 3421 3125 3475 in
3143 3431 3437 3490 conspectu

1865 3509 1959 3564 Dei
1987 3519 2166 3576 erunt,
2200 3518 2258 3566 et
2305 3525 2334 3565 a
2365 3508 2599 3565 sinistris
2645 3510 2772 3581 quia
2822 3511 3034 3581 reprobi
3079 3520 3260 3568 erunt.
3302 3510 3447 3579 Quid

1863 3599 2029 3668 igitur
2055 3599 2253 3655 mirum
2283 3599 2329 3656 si
2351 3615 2542 3656 omnes
2568 3598 2726 3658 electi
2772 3610 2869 3657 aut
2909 3602 3149 3673 reprobi,
3189 3603 3440 3674 quamvis

1865 3690 2181 3748 dill'erenter
2208 3691 2457 3747 dicantur
2480 3700 2680 3757 astare,
2721 3708 2844 3749 cum
2884 3700 2939 3749 et
2986 3692 3041 3747 in
3085 3690 3188 3748 Job
3234 3692 3444 3765 legatur

1862 3786 2006 3857 quod
2048 3786 2278 3858 quadam
2324 3786 2430 3852 die,
2465 3802 2583 3841 cum
2607 3787 2861 3842 venissent
2886 3785 2985 3856 ﬁlii
3004 3783 3107 3840 Dei
3125 3801 3305 3841 coram
3327 3785 3440 3851 Do;-

1863 3878 2030 3942 mino,
2057 3878 2223 3932 astitit
2244 3877 2379 3931 inter
2398 3894 2484 3931 eos
2505 3886 2554 3932 et
2585 3875 2755 3931 Satan
2778 3875 2901 3949 (Job
2928 3892 2964 3942 ι,
3006 3877 3096 3948 6>;
3125 3876 3206 3933 sic
3241 3876 3449 3951 quippe

1862 3979 1919 4026 et
1945 3970 2034 4026 isti
2072 3985 2262 4026 omnes
2285 3970 2498 4026 venturi
2528 3975 2654 4026 sunt
2703 3977 2829 4024 ante
2858 3968 3168 4035 Dominum,
3199 3971 3448 4041 quamvis

1863 4062 2425 4133 incomprehensibilis
2454 4062 2702 4119 videatur
2736 4062 3047 4120 multitudo.
3077 4062 3187 4120 Sed
3231 4061 3309 4117 illi
3354 4063 3449 4132 qui

1863 4152 2225 4224 congregandi
2276 4153 2549 4220 dicuntur,
2605 4154 2683 4209 sic
2732 4162 2912 4210 tamen
2949 4154 3448 4227 congregabuntur,

1861 4242 2092 4314 repulsis
2116 4242 2305 4312 paleis,
2338 4257 2444 4297 non
2473 4241 2647 4299 solum
2674 4258 2703 4297 a
2725 4252 2959 4314 quatuor
2980 4243 3157 4299 ventis
3176 4242 3323 4309 coeli,
3353 4257 3444 4297 ve-

1862 4351 1981 4391 rum
2012 4335 2410 4409 utevangelista
2433 4334 2565 4392 dicit
2594 4354 2608 4389 :
2636 4336 2680 4390 Α
2702 4335 2918 4392 summis
2937 4335 3184 4391 caelorum
3205 4343 3255 4389 et
3279 4349 3445 4405 usque

1862 4425 1932 4481 ad
1971 4426 2216 4481 terminos
2239 4441 2438 4492 eorum,
2469 4434 2531 4480 ut
2554 4440 2768 4496 semper
2790 4441 2913 4481 cum
2949 4426 3177 4483 Domine
3206 4424 3340 4490 sint,
3388 4432 3459 4495 et,
3496 4482 3499 4487 ,

1862 4521 1953 4575 ubi
1985 4519 2146 4575 fuerit
2175 4535 2373 4591 corpus
2402 4517 2629 4583 Christi,
2648 4518 2717 4574 ibi
2738 4518 2993 4588 deinceps
3023 4519 3131 4573 sint
3150 4526 3205 4573 et
3227 4516 3445 4588 aquilae.

1867 4610 1935 4669 Et
1963 4613 2276 4678 notandum,
2304 4620 2365 4666 ut
2392 4609 2527 4674 dixi,
2549 4610 2674 4680 quia
2699 4610 2751 4665 in
2783 4611 2869 4667 his
2908 4610 3068 4667 dictis
3089 4612 3335 4682 quaedam
3366 4609 3450 4666 sic

1867 4705 2158 4770 excellunt,
2184 4714 2245 4759 ut
2264 4704 2751 4776 impraesentiarum
2777 4703 2894 4761 ﬁeri
2920 4713 3213 4777 nequeant.
3233 4704 3450 4760 Nemini

1871 4807 2051 4852 autem
2086 4809 2248 4867 super
2303 4804 2503 4851 terram
2536 4796 2773 4851 arbitror
2798 4798 3092 4855 convenire
3133 4796 3278 4869 quod
3326 4797 3445 4852 ait:

1872 4888 1937 4943 Et
1965 4887 2344 4959 congregabunt
2375 4904 2462 4944 eos
2489 4907 2521 4943 a
2548 4890 2764 4946 summis
2791 4889 3219 4963 calorumqu
3243 4892 3312 4957 ad
3334 4900 3443 4946 ter-

1868 4975 2037 5032 minos
2049 4993 2251 5033 eorum.
2282 4974 2417 5032 Nam
2448 4993 2480 5033 a
2507 4988 2740 5050 quatuor
2764 4980 3075 5053 ventiscteli
3103 4987 3282 5052 potest
3308 4981 3451 5049 ﬂeri.

1870 5066 1925 5121 id
1952 5077 2035 5122 est
2060 5082 2092 5122 a
2121 5075 2356 5139 quatuor
2376 5069 2575 5142 plagis,
2603 5079 2663 5125 ut
2691 5073 2862 5129 sancti
2884 5072 3268 5145 praedicatores
3294 5072 3452 5129 Chri-

1872 5158 1941 5215 sti
1970 5158 2273 5216 Ecclesiam
2313 5171 2668 5234 congregem,
2710 5161 2815 5233 sed,
2851 5164 3038 5221 nescio
3067 5164 3113 5220 si
3159 5179 3191 5219 a
3215 5163 3445 5225 summis

1873 5249 2137 5305 ctelorum
2154 5258 2374 5321 queant,
2402 5250 2506 5308 nisi
2552 5249 2694 5310 forte
2746 5253 2881 5321 tales
2913 5253 3279 5323 inveniantur,
3308 5254 3453 5312 inter

1874 5343 2123 5400 homines
2156 5345 2394 5412 interim,
2423 5347 2592 5418 quiet
2618 5348 2760 5421 apud
2790 5330 3011 5421 angelos
3050 5348 3102 5403 in
3136 5349 3456 5415 ctelestibua

1874 5444 2297 5492 commorentur.
2322 5435 2659 5508 Quapropter
2693 5440 2819 5509 quia
2851 5456 2957 5495 non
2980 5440 3236 5496 convenit
3271 5450 3332 5495 ut
3353 5456 3455 5497 au-

1874 5529 2078 5587 ditores
2109 5531 2244 5586 tales
2268 5532 2632 5595 inveniantur,
2661 5541 2832 5588 restat
2854 5542 2910 5587 ut
2931 5548 2999 5588 ex
3021 5532 3338 5606 angelorum
3364 5534 3467 5601 ei},

1876 5620 2016 5678 liciis
2033 5621 2147 5692 jam
2169 5638 2266 5694 per
2293 5622 2493 5677 Christi
2530 5622 2783 5694 gratiam,
2831 5623 3081 5679 cmlestes
3129 5623 3277 5689 facti,
3317 5623 3468 5683 tales

1879 5715 1937 5774 in
2010 5714 2404 5773 resurrectione
2476 5724 2870 5786 congregemur
2948 5733 2978 5769 a
3038 5714 3267 5771 summis
3323 5713 3454 5773 ρωιί

1878 5806 2171 5866 virtutibus
2237 5821 2404 5878 usque
2479 5807 2546 5861 ad
2633 5807 2894 5863 terminos
2944 5807 3062 5879 ejus
3089 5847 3106 5873 ,
3177 5820 3246 5864 ne
3313 5804 3459 5863 ullus

1883 5903 2098 5977 1009
2116 5911 2271 5959 extra
2298 5901 2579 5970 terminos,
2620 5900 2886 5957 calorum
2914 5899 3150 5957 extorris
3201 5898 3461 5955 invenim-

1970 5994 2043 6050 '\
