4016 6354
597 361 704 425 825

1406 364 1464 421 S.
1501 361 1853 419 PASCHASII
1892 359 2240 419 RADBERTI
2277 355 2569 425 ABBATIS
2607 357 3058 428 CORBEIENSIS
3685 392 3766 454 su

600 491 705 541 tur.
739 482 1002 550 Quoniam
1038 471 1135 551 ipsi
1164 482 1222 533 ut
1266 479 1615 572 stellaetimo
1637 488 1694 533 ut
1721 478 1824 544 sol,
1845 478 1911 572 in
1933 477 2021 532 illa
2042 492 2174 572 per-
2204 481 2260 541 Α
2282 471 2602 572 ἓίθιιιιεειιε,
2656 481 2896 539 Hebraeis
2947 484 3040 553 qui
3087 484 3413 544 crediderant
3466 491 3555 552 hoc
3577 494 3771 572 Evangea

597 585 761 648 petua
805 573 1107 652 aeternitate
1158 572 1432 627 lucebunt.
1460 571 1527 625 Et
1555 571 1676 626 ideo
1699 586 1805 626 non
1842 571 2112 625 immerito
2143 587 2174 626 a

599 667 825 725 summis
849 665 1111 723 caelorum
1137 663 1483 734 colliguntur,
1514 672 1573 718 ut
1597 663 1650 717 in
1678 663 2020 718 ﬁrmamento
2049 662 2175 717 cmli

495 746 506 797 '-
599 757 900 822 ﬁrmentur,
929 763 985 810 et
1012 769 1183 825 usque
1229 753 1297 808 ad
1339 753 1600 808 terminos
1640 768 1851 819 eorum,
1878 768 1946 808 ex
1979 754 2065 808 his
2084 751 2178 823 qui

599 847 833 920 prasciti
860 854 984 901 sunt
1005 854 1061 900 et
1103 844 1492 916 praedestinati,
1525 859 1595 898 ne
1623 843 1764 899 ullus
1787 843 1994 900 alienus
2027 844 2179 899 inve-

600 938 799 993 niatur.
832 936 1084 1007 Legimus
1124 945 1306 991 autem
1357 935 1412 990 in
1457 933 1820 990 Numerorum
1845 935 2002 1000 libro,
2031 936 2179 1007 quod

601 1021 884 1085 duodecim
909 1029 1080 1083 tribus
1107 1027 1339 1082 ﬁliorum
1367 1026 1532 1081 Israel
1559 1023 1682 1082 cum
1707 1027 1923 1082 exirent
1947 1027 2013 1083 de
2037 1036 2180 1083 terra

601 1120 844 1193 Egypti,
882 1120 1026 1176 circa
1075 1120 1444 1175 sanctuarium
1511 1119 1604 1174 Dei
1655 1135 1687 1174 a
1739 1126 1972 1190 quatuor
2007 1120 2182 1190 plagis

600 1212 725 1268 caeli
748 1213 1296 1267 castrametabantur.
1329 1210 1395 1265 Et
1427 1211 1548 1266 ideo
1574 1211 1660 1267 nic
1681 1211 1803 1282 quia
1834 1212 1977 1268 illius
2011 1211 2179 1284 ﬁgura

601 1303 947 1374 adimpletur,
982 1317 1090 1358 non
1125 1304 1330 1373 absque
1369 1318 1565 1374 magno
1590 1305 1870 1375 mysterio,
1893 1320 1923 1359 a
1947 1313 2182 1375 quatuor

601 1395 777 1450 ventis
819 1395 943 1450 (εωιί
994 1396 1310 1468 congregari
1364 1396 1635 1453 dicuntur.
1685 1397 1836 1455 Sicut
1869 1407 1925 1454 et
1969 1400 2022 1454 in
2050 1400 2183 1455 Eze-

601 1487 777 1543 chiele
827 1503 858 1542 a
893 1497 1128 1557 quatuor
1165 1489 1343 1544 ventis
1393 1487 1629 1558 Spiritus
1668 1505 1829 1561 super
1867 1491 2184 1548 interfectos

602 1592 776 1638 morte
807 1581 1084 1639 insufﬁare
1124 1582 1368 1653 iubetur.
1412 1583 1480 1639 Et
1523 1582 1663 1639 forte
1691 1584 1812 1640 ideo
1844 1585 1923 1640 sic
1938 1582 2180 1654 jubetur,

601 1685 658 1733 et
684 1677 763 1732 sic
790 1675 987 1732 facturi
1033 1685 1159 1734 sunt
1210 1677 1406 1748 angeli,
1455 1686 1516 1732 ut
1566 1678 1706 1733 sicut
1737 1687 1864 1733 tunc
1893 1693 1924 1733 a
1950 1687 2188 1748 quatuor

599 1756 776 1823 ventis
823 1776 1297 1835 castrametantes,
1336 1770 1389 1823 in
1440 1767 1680 1825 Judteam
1717 1778 1772 1825 et
1813 1769 1868 1824 in
1893 1769 2184 1826 haeredita-

2282 563 2414 663 lium
2456 572 2723 638 scribens,
2773 574 2899 629 ideo
2945 574 3115 630 solam
3166 575 3454 648 ﬁculneam,
3498 563 3770 663 Synagogam

2281 660 2511 726 scilicet,
2543 665 2726 733 posuit
2752 664 3104 735 proprietatis
3134 669 3320 738 gratia,
3359 687 3420 726 ne
3449 673 3592 744 ipsam
3616 660 3770 749 praete-
3828 690 3831 691 ⁷

2282 752 2435 807 riret.
2466 752 2603 821 Quia
2633 771 2759 810 cum
2796 771 2987 812 omnes
3013 757 3233 814 arbores
3258 757 3476 818 fructum
3495 769 3775 841 protulerint,

2281 843 2336 899 id
2369 853 2452 900 est
2496 861 2618 901 cum
2665 847 2942 918 plenitudo
2990 849 3260 920 gentium,
3312 860 3429 908 tunc
3467 859 3617 913 omnis
3647 861 3775 920 Israel

2285 933 2465 991 salvus
2493 935 2606 991 ﬁet.
2636 937 2811 992 Antea
2844 953 2977 994 vero
3007 955 3170 1009 quam
3209 940 3318 996 haec
3349 943 3502 1012 ﬁant,
3537 963 3667 1004 nemo
3689 952 3778 1020 hic,

2283 1035 2377 1080 aut
2401 1027 2530 1092 illic,
2564 1028 2711 1083 dicat
2741 1043 2863 1085 esse
2908 1029 3205 1098 Christum,
3253 1049 3404 1090 nemo
3423 1051 3512 1093 nos
3535 1049 3772 1109 perterreat

2285 1120 2439 1189 quasi
2469 1120 2630 1174 instet
2651 1121 2765 1176 dies
2789 1121 3024 1177 Domini.
3049 1122 3185 1190 Quia
3207 1123 3307 1178 nisi
3325 1125 3639 1194 primumista
3656 1130 3778 1199 fiant,

2286 1225 2624 1281 nequaquam
2672 1213 2869 1268 veniet.
2924 1213 3032 1268 Sed
3067 1229 3190 1269 cum
3225 1214 3360 1271 facta
3390 1217 3588 1286 fuerint,
3613 1223 3779 1290 scitote,

2286 1302 2482 1372 inquit,
2509 1303 2635 1372 quia
2668 1320 2826 1374 prope
2855 1314 2928 1359 est
2971 1322 3185 1376 regnum
3211 1307 3325 1362 Dei.
3353 1307 3406 1362 Si
3432 1309 3620 1379 quidem
3654 1329 3782 1386 prope

2286 1395 2342 1449 in
2373 1395 2476 1450 hac
2497 1395 2683 1449 ultima
2697 1396 2851 1462 hora,
2869 1398 2963 1452 sed
2993 1414 3152 1454 nemo
3175 1413 3301 1454 vere
3323 1401 3456 1455 dicet
3473 1417 3611 1470 quam
3628 1418 3778 1476 prope;

2287 1485 2414 1555 quia
2465 1487 2838 1542 omninO'non
2889 1496 2973 1543 est
3022 1488 3249 1560 alicujus
3304 1507 3446 1546 nosse
3489 1501 3680 1561 tempore
3719 1493 3782 1552 od

2287 1588 2701 1649 momenta,qute
2724 1578 2884 1634 Pater
2906 1581 3077 1648 posuit
3105 1581 3159 1636 in
3179 1599 3276 1636 sua
3289 1591 3521 1651 potestate
3541 1589 3654 1654 (Act.
3676 1584 3780 1656 1,7).

2290 1667 2548 1739 Sequitur
2570 1689 2583 1726 :

2361 1761 2446 1816 Ita
2467 1772 2514 1817 et
2536 1779 2624 1818 vos
2649 1781 2766 1818 cum
2787 1765 3018 1821 videritis
3040 1765 3152 1821 lucc
3182 1769 3353 1822 omnia
3380 1768 3505 1836 ﬁeri,
3524 1770 3674 1825 scitote
3688 1772 3784 1842 quia

601 1872 709 1919 tem
731 1863 942 1918 Domini
971 1879 1068 1934 per
1089 1833 1591 1919 Jesumintroducti
1622 1871 1778 1928 sunt;
1806 1863 1885 1918 sic
1907 1871 1962 1918 et
1991 1878 2020 1917 a
2051 1879 2184 1933 qua-
2214 1833 2262 1892 Β
2287 1873 2446 1928 prope
2475 1867 2549 1911 est
2576 1858 2631 1912 in
2659 1858 2864 1928 ianuis.
2896 1857 3009 1914 Hoc
3045 1868 3129 1915 εει
3156 1863 3300 1930 quod
3337 1833 3723 1931 QDN-dicebant.
3739 1871 3786 1920 ιιι

601 1963 726 2009 tuor
749 1956 924 2010 ventis
953 1954 1127 2026 angeli
1151 1955 1560 2026 congregabunt
1587 1953 1786 2010 electos
1809 1953 1925 2010 Dei.
1948 1956 1992 2009 A
2011 1957 2187 2011 ventis

601 2051 784 2098 autem
818 2059 926 2099 non
973 2045 1227 2110 terrenis,
1255 2045 1348 2099 sed
1380 2044 1690 2100 caelestibus
1735 2045 1908 2100 sancti
1939 2045 2184 2118 Evange-

527 2147 538 2156 ‘
601 2137 682 2204 lii,
718 2137 770 2192 id
817 2147 900 2194 est
944 2154 975 2192 a
1010 2138 1238 2194 summis
1276 2137 1538 2193 caelorum
1586 2153 1756 2208 usque
1813 2139 1880 2193 ad
1927 2139 2188 2196 terminos

603 2243 812 2295 eorum;
832 2237 892 2283 ut
911 2227 980 2283 ab
1006 2227 1132 2284 Jesu
1147 2227 1361 2284 Christo
1382 2228 1612 2283 Domino
1642 2237 1827 2284 nostro
1853 2231 2184 2302 congregati,

601 2321 904 2392 percipiant
957 2320 1196 2376 divinam
1224 2331 1280 2377 et
1316 2337 1501 2376 veram
1534 2322 1906 2377 haereditatem
1930 2323 1983 2377 in
2011 2323 2185 2379 etelis.

676 2412 752 2466 Ab
772 2413 957 2468 arbore
999 2413 1132 2482 ﬁcus
1162 2413 1346 2468 discite
1364 2413 1712 2484 parabolam;
1735 2429 1852 2467 cum
1867 2413 1985 2484 jam
2008 2429 2186 2468 ramus

601 2503 717 2572 ejus
747 2513 892 2557 tener
914 2503 1097 2573 fuerit,
1142 2512 1188 2558 et
1231 2503 1360 2572 folia
1393 2515 1540 2568 nata,
1583 2504 1728 2559 scitis
1762 2503 1885 2574 quia
1923 2521 2082 2574 prope
2105 2513 2182 2558 est

604 2607 793 2651 testas:
828 2598 900 2651 ita
926 2607 974 2651 et
1005 2614 1092 2652 vos
1112 2613 1229 2651 cum
1253 2597 1485 2652 videritis
1507 2597 1618 2650 lucc
1647 2597 1825 2650 omnia
1845 2595 1983 2665 ﬁeri,
2007 2596 2190 2650 scitote

600 2688 727 2758 quia
747 2703 903 2758 prope
933 2697 1006 2741 est
1046 2689 1102 2740 in
1115 2687 1321 2757 januis.
1355 2687 1456 2743 Ubi
1484 2687 1657 2742 Lucas
1680 2687 1756 2741 ait
1788 2706 1799 2741 :
1836 2686 2016 2742 Videte
2036 2686 2190 2756 ﬁcul-

604 2793 756 2834 neam
794 2787 842 2833 et
878 2795 1056 2834 omnes
1095 2779 1351 2834 arbores:
1401 2795 1517 2833 cum
1555 2779 1852 2849 producunt
1883 2795 1948 2834 ea:
1993 2795 2046 2832 se
2071 2778 2186 2848 fru-

604 2878 787 2934 ctum,
845 2870 988 2923 scitis
1028 2871 1149 2941 quia
1195 2885 1355 2939 prope
1401 2879 1475 2924 est
1524 2878 1679 2924 testas
1711 2867 1862 2940 (Luc.
1908 2885 2022 2934 xu,
2070 2868 2187 2940 29).

607 2960 762 3028 Quod
796 2969 1084 3030 utrumque
1131 2961 1338 3016 dictum
1368 2977 1399 3016 a
1439 2960 1725 3017 Salvatore
1755 2974 1915 3015 nemo
1941 2959 2184 3032 ambigit.

611 3054 675 3108 Et
704 3054 824 3110 ideo
853 3054 978 3124 quia
1006 3053 1171 3110 futuri
1207 3054 1466 3126 temporis
1507 3055 1763 3124 parabola
1797 3065 1899 3122 est,
1932 3055 2190 3110 debemus

607 3145 937 3216 investigare
987 3146 1116 3215 quid
1158 3161 1296 3200 unus
1345 3159 1532 3200 eorum
1563 3161 1661 3216 per
1701 3145 1871 3201 solam
1897 3144 2187 3200 ﬁculneam

609 3235 773 3302 velit;
807 3235 936 3306 quid
974 3235 1111 3291 alter
1139 3251 1238 3306 per
1265 3235 1550 3292 liculneam
1581 3246 1636 3291 et
1676 3252 1774 3307 per
1807 3252 1996 3292 omnes
2028 3237 2187 3292 arbo-

607 3342 716 3383 res.
753 3326 892 3382 Nam
913 3325 1048 3382 ﬁcus
1065 3335 1121 3382 et
1139 3341 1330 3383 omnes
1357 3326 1600 3394 arbores,
1629 3328 1682 3382 in
1702 3337 1940 3399 tempore
1969 3328 2186 3394 hiemis,

608 3432 674 3474 ac
700 3417 747 3473 si
773 3424 1034 3473 emortua:
1075 3417 1346 3483 videntur,
1383 3418 1630 3488 quamvis
1676 3418 1894 3474 vitalem
1935 3419 2191 3475 virtutem

607 3508 847 3565 habeant
875 3509 928 3564 in
969 3523 1046 3574 se,
1077 3509 1170 3564 sed
1208 3510 1362 3566 valde
1403 3511 1796 3566 absconditam.
1841 3510 2192 3568 Postmodum

605 3614 757 3668 vero,
789 3616 912 3657 cum
953 3600 1032 3657 sol
1086 3600 1370 3657 incaluerit
1415 3610 1470 3656 et
1514 3602 1868 3658 illustraverit
1917 3603 2038 3660 illas
2096 3619 2193 3660 suo

609 3701 852 3765 aspectu,
883 3691 1162 3764 frigusque
1200 3693 1509 3761 recesserit,
1542 3710 1667 3750 mox
1695 3695 1877 3752 vitalis
1902 3696 2076 3752 virtus
2107 3712 2194 3751 re-

605 3786 705 3841 dit.
761 3785 961 3857 Sicque
991 3785 1172 3842 calore
1227 3786 1379 3853 solis,
1424 3784 1538 3856 jam
1589 3788 1873 3859 complutos
1903 3789 2190 3856 imbribus,

609 3879 754 3936 intus
791 3881 1067 3950 parturire
1120 3881 1388 3952 incipiunt
1431 3889 1488 3936 et
1534 3881 1863 3951 germinare,
1917 3881 2193 3937 deindein

609 3988 830 4044 germen
872 3987 1182 4045 erumpere,
1219 3989 1284 4030 ac
1319 3982 1628 4045 turgescere
1655 3974 1709 4028 in
1733 3990 2020 4045 gemmam,
2049 3973 2192 4044 jam-

608 4082 715 4136 que
739 4077 1101 4138 praetereunte
1137 4083 1326 4134 verno,
1361 4067 1522 4123 ﬂante
1566 4068 1804 4134 favonio,
1839 4068 2105 4138 incipiunt
2138 4069 2193 4125 in

610 4173 792 4213 ramos
838 4175 1064 4228 gemmae
1104 4160 1340 4230 prodire,
1374 4174 1438 4213 ex
1478 4158 1593 4229 ipsa
1624 4158 1931 4214 valetudine
1958 4158 2106 4224 solis,
2139 4167 2194 4215 et

608 4250 734 4305 folia
763 4265 1076 4320 procreare,
1109 4251 1184 4305 ita
1226 4259 1286 4304 ut
1331 4250 1639 4306 teneritudo
1690 4265 1963 4306 ramorum
2001 4259 2191 4306 exten-

609 4342 787 4406 datur,
820 4353 875 4398 et
897 4342 1106 4399 fructus
1145 4351 1498 4412 procreetur;
1532 4342 1718 4413 sicque
1753 4343 1812 4397 ﬁt
1847 4341 2109 4413 paulatim
2135 4350 2197 4397 ut

609 4446 677 4488 ex
708 4433 823 4503 ipso
853 4432 1047 4489 effectu
1074 4435 1330 4491 arborum
1375 4450 1469 4490 seu
1521 4432 1874 4489 liculnearum
1897 4474 1911 4499 ,
1943 4433 2192 4506 proxima

611 4523 944 4597 intelligatur
971 4536 1150 4584 aestas.
1185 4527 1359 4599 Supra
1388 4543 1624 4598 namque
1664 4528 1896 4594 dixerat,
1927 4527 2192 4600 praedica-

609 4615 758 4672 bitur
810 4618 914 4672 hoc
951 4617 1297 4690 Evangelium
1349 4620 1497 4689 regni
1546 4619 1602 4673 in
1657 4619 1910 4674 universo
1965 4617 2192 4673 mundo.

614 4705 829 4778 ιοιο
853 4706 959 4763 Sed
986 4709 1161 4764 adhuc
1183 4710 1378 4764 misera
1404 4708 1691 4780 Synagog'a
1711 4705 2040 4774 Judaeorum,
2067 4707 2192 4777 quia

612 4799 787 4853 hiems
814 4807 919 4865 est,
965 4809 1176 4855 mortua
1225 4800 1371 4871 jacet
1416 4800 1533 4856 sine
1589 4799 1791 4866 fructu,
1840 4809 1896 4856 et
1945 4801 2062 4856 sine
2086 4800 2196 4857 ulla

611 4889 882 4944 viriditate
907 4889 1052 4946 ﬁdei.
1078 4889 1171 4946 Sic
1191 4898 1247 4946 et
1273 4891 1521 4961 plurima:
1551 4898 1742 4962 gentes
1767 4932 1782 4959 ,
1819 4891 2068 4962 quamvis
2089 4891 2198 4946 Deo

613 4977 826 5035 favente
873 4981 1142 5051 pluriores
1171 4981 1520 5046 crediderint,
1557 4980 1758 5052 frigore
1785 4982 1967 5037 nimiae
2011 4981 2199 5037 inlide-

611 5059 1080 5130 litatis'hactenus
1117 5082 1472 5146 premuntur;
1516 5077 1585 5131 ad
1620 5090 1756 5147 quas
1791 5077 2050 5131 nimirum
2081 5077 2198 5132 haec

611 5164 868 5234 parabola
899 5165 1195 5222 Salvatoris
1224 5166 1410 5237 procul
1451 5167 1615 5224 dubio
1665 5169 1902 5238 respicit.
1951 5166 2198 5222 Primum

613 5265 673 5310 nt
693 5273 816 5312 cum
856 5258 970 5328 ipsa
1002 5258 1230 5314 ﬁculnea
1275 5257 1607 5327 Judteorum,
1656 5260 1892 5315 calorem
1918 5258 2068 5314 verbi
2101 5258 2197 5312 Dei

614 5349 904 5418 receperit,
962 5359 1016 5406 et
1059 5350 1136 5406 sol
1186 5349 1427 5422 justitize,
1478 5351 1726 5406 Christus
1776 5349 2046 5415 videlicet,
2071 5363 2194 5404 eam

613 5438 968 5497 illustraverit
1014 5457 1112 5497 suo
1163 5442 1383 5508 lumine,
1426 5450 1482 5496 et
1535 5441 1846 5497 coelestibus
1888 5441 2196 5510 irrigaverit

613 5532 790 5602 aquis,
822 5549 885 5589 ac
913 5535 959 5589 si
998 5535 1175 5590 hieme
1205 5542 1480 5590 transacta
1513 5534 1727 5588 vitalem
1761 5535 2026 5603 receperit
2077 5532 2199 5604 Spi-

615 5622 796 5686 ritum,
827 5623 944 5692 jam‘
971 5634 1099 5680 tunc
1138 5625 1406 5696 completo
1454 5624 1854 5697 Evangelioin
1899 5633 2012 5680 toto
2042 5627 2195 5692 orbe,

614 5727 807 5767 omnes
833 5717 1054 5771 arbores
1077 5717 1142 5772 de
1173 5733 1252 5782 se,
1277 5717 1330 5772 id
1355 5727 1440 5772 est
1462 5732 1649 5772 omnes
1679 5725 1889 5787 gentes,
1920 5717 2200 5774 viriditate

617 5801 744 5859 fidei
783 5815 1020 5876 recepta,
1054 5808 1262 5876 parient
1295 5807 1518 5876 justiti-a2
1547 5807 1769 5862 fructus.
1811 5807 2196 5866 Verumtamen

2219 3189 2266 3254 C

2290 1950 2556 2021 intelligat
2578 1951 2812 2021 prudens
2841 1951 3012 2008 lector
3041 1968 3162 2022 qua:
3206 1955 3418 2020 omnia;
3444 1955 3558 2025 quia
3584 1957 3677 2012 haec
3693 1972 3786 2013 οων

2288 2039 2378 2094 nia
2419 2054 2540 2108 quae
2581 2039 2788 2108 prolata
2841 2050 2966 2096 sunt
3021 2057 3051 2096 a
3086 2043 3353 2115 principio
3406 2045 3786 2117 interrogationis,

2290 2146 2397 2186 non
2441 2130 2509 2186 ad
2547 2131 2916 2202 apostolorum
2966 2142 3209 2203 tempora
3257 2135 3513 2205 pertinere
3554 2136 3786 2206 probantur

2289 2225 2452 2279 etiam
2483 2240 2582 2280 nec
2610 2225 2677 2280 ad
2696 2233 2904 2282 nostra.
2931 2224 3068 2294 Quia
3095 2226 3148 2280 in
3172 2225 3278 2282 hoc
3304 2234 3546 2298 tempore,
3570 2226 3686 2282 nulla
3707 2225 3782 2281 alia

2291 2326 2416 2372 sunt
2465 2317 2570 2372 nisi
2620 2317 2914 2374 seditiones
2943 2326 2998 2373 et
3037 2317 3200 2384 bella,
3243 2318 3418 2374 clades
3455 2327 3503 2375 et
3536 2317 3783 2390 pestilentia

2291 2409 2502 2480 utique,
2553 2419 2609 2464 et
2639 2411 2909 2465 inaudita.
2942 2411 3149 2478 Quibus
3178 2412 3425 2466 omnibus
3451 2411 3591 2467 malis
3607 2410 3793 2466 atrocius-

2291 2499 2504 2554 videtur
2540 2500 2643 2556 hoc
2683 2501 2907 2568 malum,
2962 2502 3088 2572 quia
3132 2501 3450 2574 refrigerata
3489 2512 3563 2558 est
3603 2503 3780 2558 Charitas

2291 2598 2347 2646 et
2368 2591 2566 2646 abolita
2589 2608 2717 2648 vera
2746 2593 2896 2656 ﬁdes,
2922 2609 2987 2648 ex
3014 2593 3215 2665 quibus
3233 2595 3467 2650 nascitur
3486 2593 3684 2664 quotidie
3699 2605 3781 2647 om-

2291 2683 2451 2740 nibus
2481 2683 2778 2751 tribulatio,
2802 2695 2858 2740 et
2882 2685 3059 2742 omnis
3091 2685 3356 2741 desolatio
3380 2686 3579 2741 civium.
3603 2682 3794 2752 Quapro-~

2292 2783 2412 2845 pter
2437 2775 2665 2846 singula,
2711 2786 2769 2831 ut
2803 2791 2942 2848 saepe
2967 2777 3172 2832 dictum
3200 2786 3306 2845 est,
3335 2777 3442 2834 suis
3477 2773 3785 2831 consideranda

2294 2878 2420 2923 sunt
2451 2869 2807 2940 temporibus,
2830 2879 2885 2925 et
2919 2868 3301 2941 distinguenda
3328 2869 3473 2936 locis,
3501 2883 3560 2922 ne
3579 2866 3689 2920 forte
3704 2877 3784 2918 om-

2293 2958 2386 3015 nia
2411 2974 2530 3030 quaa
2558 2975 2655 3030 per
2675 2961 2790 3016 haec
2821 2960 2981 3016 unius
3002 2960 3209 3016 ultimae
3230 2962 3374 3016 hora:
3395 2959 3562 3031 spacia
3581 2952 3786 3026 complen-

2297 3050 2364 3105 da
2403 3060 2572 3118 sunt,
2628 3052 2696 3108 ad
2736 3068 2902 3108 unum
2949 3051 3144 3122 aliquis
3198 3052 3329 3108 velit
3367 3051 3587 3121 redigere
3617 3057 3793 3114 tempus.

2297 3143 2433 3211 Quia
2452 3144 2597 3215 quod
2630 3145 2741 3199 ait:
2773 3144 2946 3216 Prope
2991 3155 3065 3201 est
3095 3146 3150 3199 in
3183 3146 3388 3216 januis,
3424 3159 3524 3200 non
3546 3137 3795 3211 simpliciter

2298 3237 2501 3292 dictum
2528 3244 2631 3302 est,
2661 3237 2754 3293 sed
2774 3245 2963 3308 argute
2984 3237 3145 3292 nimis
3174 3245 3238 3292 ut
3266 3233 3522 3307 intelligas
3548 3231 3696 3290 omnia
3709 3229 3794 3283 hac-

2299 3343 2420 3400 qute
2448 3329 2584 3383 ﬁunt
2612 3329 2680 3384 ab
2710 3328 2865 3385 initio
2897 3329 3304 3399 praedicationis
3335 3327 3457 3385 Jesu
3481 3324 3652 3384 Christi
3673 3324 3713 3378 in
3727 3321 3794 3393 jar

2298 3422 2420 3478 nuis
2450 3422 2630 3478 omnia
2655 3437 2798 3489 esse,
2825 3422 2878 3478 id
2903 3431 2986 3478 est
3017 3421 3072 3477 in
3109 3423 3335 3479 introitu
3361 3423 3415 3478 in
3438 3438 3538 3493 quo
3559 3421 3694 3475 intrat
3708 3426 3794 3469 om-

2298 3512 2384 3568 nis
2430 3512 2669 3569 Ecclesia
2718 3513 2894 3570 eundo
2937 3522 2994 3570 et
3019 3515 3292 3584 portando
3332 3514 3528 3570 semina
3566 3519 3794 3574 sua;nun-

2299 3621 2460 3676 quam
2493 3606 2700 3676 1011
2727 3607 2806 3662 ire
2830 3620 3076 3671 cessans,
3109 3622 3387 3679 nunquam
3413 3606 3612 3661 intrare.
3639 3597 3798 3656 Etidco

2299 3697 2415 3752 haec
2441 3697 2622 3751 omnia
2664 3712 2783 3767 quae
2808 3681 2946 3752 ﬁunt
2975 3696 3138 3762 mala,
3177 3698 3447 3770 praeconia
3474 3703 3587 3752 sunt
3609 3685 3795 3748 etnnutii

2298 3789 2460 3844 unius
2485 3789 2642 3855 mali;
2677 3805 2798 3861 quae
2822 3805 2952 3846 vero
3000 3791 3142 3846 bona
3177 3800 3236 3847 et
3269 3790 3376 3847 Deo
3399 3798 3621 3861 accepta,
3645 3781 3800 3840 semihi-

2298 3890 2508 3937 suntet
2550 3880 2758 3940 fructus
2805 3883 2968 3940 unius
2997 3883 3146 3939 boni.
3201 3883 3406 3940 Tamen
3445 3899 3560 3940 cum
3592 3883 3686 3936 hac
3702 3875 3801 3929 Βιιῑιῑ

2299 3972 2415 4028 dies
2445 3971 2658 4027 Domini
2695 3985 2862 4044 prope
2887 3981 2970 4029 est
3012 3973 3066 4028 in
3100 3972 3324 4042 ianuis,
3358 3989 3426 4031 ne
3459 3973 3610 4030 ullum
3637 3963 3803 4035 recipi"

2299 4062 2497 4129 furem,
2522 4071 2576 4118 et
2608 4078 2676 4118 ne
2699 4063 2867 4118 ullum
2893 4063 3104 4135 rejiciat
3148 4063 3383 4134 justum.
3426 4063 3493 4119 Et
3537 4059 3644 4117 ideo
3677 4055 3792 4110 dot!ll

2301 4155 2405 4212 ista
2436 4154 2573 4210 ﬁunt
2617 4172 2777 4226 prope
2834 4156 2888 4210 in
2907 4155 3093 4226 januis
3126 4167 3202 4211 est
3221 4200 3240 4225 ,
3267 4173 3336 4214 ne
3366 4156 3457 4212 ulli
3489 4153 3699 4211 intuitus
3712 4146 3806 4198 Vili/2‘

2298 4247 2488 4319 longus
2538 4248 2829 4303 videatur:
2881 4248 3045 4303 Amen
3091 4249 3211 4304 dico
3243 4250 3406 4314 vobis,
3463 4266 3562 4304 non
3589 4237 3803 4317 preteriiit

2296 4339 2562 4410 generatio
2611 4341 2743 4405 hinc,
2791 4340 2954 4395 donec
2999 4342 3177 4396 omnia
3227 4342 3383 4412 ﬁant.
3431 4342 3562 4398 Ecce
3587 4341 3795 4409 quous‘i‘

2300 4427 2616 4499 complenda
2656 4438 2786 4485 sunt
2827 4430 3008 4486 omnia
3061 4446 3185 4502 quae
3234 4433 3492 4504 praedicta
3537 4436 3668 4486 sunt.
3700 4421 3808 4481 llic,-

2299 4535 2504 4592 (103950:
2536 4520 2666 4592 “Bal
2699 4521 2822 4592 pius
2848 4523 3063 4578 auditor
3092 4534 3356 4593 mentem,
3383 4534 3438 4582 et
3463 4522 3689 4592 intelligat
3710 4512 3810 4584 quia1

2303 4629 2408 4668 non
2432 4613 2715 4683 praeteribit
2739 4613 2850 4669 haec
2878 4616 3164 4686 generatio,
3197 4619 3363 4673 donec
3392 4617 3557 4672 omnia
3575 4614 3670 4669 inec
3690 4607 3808 4676 ﬁatut

2309 4704 2598 4760 Videamus
2630 4705 2866 4777 primum
2900 4723 3019 4778 quae
3065 4708 3137 4763 sit
3183 4711 3460 4781 generatio
3487 4711 3618 4772 haec;
3664 4695 3813 4758 deinde‘

2305 4796 2432 4866 quid
2457 4795 2552 4862 sit,
2580 4813 2683 4850 non
2708 4797 3014 4866 praeteribit,
3043 4798 3126 4854 vel
3147 4800 3291 4856 sicut
3313 4801 3402 4855 alii
3423 4799 3619 4857 codices
3637 4792 3809 4848 habent.-

2305 4902 2411 4941 non
2442 4887 2710 4942 transibit.
2745 4887 2881 4955 Quia
2930 4891 3210 4959 praeterire
3257 4892 3347 4948 vel
3385 4889 3615 4953 transire,
3656 4888 3728 4938 aut
3756 4875 3806 4930 de

2306 4978 2424 5033 loco
2455 4979 2521 5034 ad
2565 4978 2744 5034 locum
2778 4987 2885 5045 est,
2914 4989 3009 5036 aut
3035 4981 3102 5036 de
3127 4997 3226 5038 suo
3252 4991 3394 5038 statu
3440 4981 3505 5036 ad
3532 4975 3658 5033 aliud
3675 4978 3804 5026 trans°

2304 5071 2522 5125 mutari.
2545 5068 2700 5138 Quod
2751 5071 2799 5127 si
2847 5071 2913 5128 de
2943 5073 3294 5143 generatione
3324 5071 3616 5128 Judaeorum
3640 5063 3810 5121 dicitur.

2303 5169 2481 5232 potest
2527 5160 2753 5231 quilibet
2799 5161 3028 5232 simplex
3067 5164 3339 5219 aestimare
3372 5162 3656 5234 praemissas
3686 5153 3813 5206 dictov

2304 5273 2423 5311 rum
2461 5256 2758 5313 sententias
2801 5258 2870 5312 ad
2913 5257 3338 5314 destructionem
3388 5251 3812 5323 Hierosolymorum

2252 5421 2254 5425 _
2301 5349 2598 5418 pertinere,
2624 5357 2682 5404 et
2713 5349 2781 5404 ad
2809 5362 2902 5405 eos
2943 5357 3155 5404 tantum
3185 5348 3420 5416 Iudaeos,
3443 5347 3529 5419 qui
3558 5345 3603 5398 in
3624 5341 3812 5425 ttatlll"“_"3

2307 5442 2398 5500 illo
2427 5443 2735 5514 passionem
2765 5442 2966 5499 Christi
2993 5443 3272 5514 viderunt,
3302 5444 3452 5515 quasi
3484 5439 3566 5495 illa
3590 5422 3813 5507 εθυοηιίθ

2307 5553 2414 5594 non
2466 5536 2712 5593 debuerit
2749 5536 3049 5607 praeterire,
3082 5538 3396 5608 priusquam
3427 5531 3620 5586 veniret
3649 5522 3813 5608 deslwf

2306 5629 2416 5685 ctio
2446 5627 2590 5682 illius
2613 5627 2825 5682 misera:
2849 5626 3110 5682 civitatis.
3143 5626 3246 5682 Sed
3274 5624 3456 5680 nescio
3482 5620 3526 5677 si
3555 5613 3738 5672 verbum
3758 5600 3810 5654 ad

2306 5723 2529 5777 verbum
2557 5721 2740 5776 omnia
2788 5722 2903 5778 haec
2945 5719 3157 5791 possint
3191 5717 3384 5787 exponi
3433 5715 3496 5768 de
3541 5708 3636 5770 illa.
3675 5699 3727 5753 ab
3759 5704 3812 5791 αξ

2307 5810 2517 5867 scilicet
2558 5810 2698 5876 loco,
2749 5814 2834 5867 ubi
2887 5777 2980 5878 aii,
3011 5812 3204 5868 videtis
3233 5809 3348 5863 haec
3377 5804 3569 5869 omnia,
3599 5777 3808 5866 usque“
