  <div class='ocr_page' id='page_1' title='image "/cluster/home/n/w/nwhite01/storage/ocr_20150623/120/hvd.32044015466923/418.png"; bbox 0 0 4016 6354; ppageno 0'>
   <div class='ocr_carea' id='block_1_1' title="bbox 897 375 2664 451">
    <p class='ocr_par' dir='ltr' id='par_1_1' title="bbox 897 375 2664 451">
     <span class='ocr_line' id='line_1_1' title="bbox 897 375 2664 451; baseline 0.002 -11"><span class='ocrx_word' id='word_1_1' title='bbox 897 382 1259 440; x_wconf 81' lang='lat' dir='ltr'><strong>EXPOSITIO</strong></span> <span class='ocrx_word' id='word_1_2' title='bbox 1295 378 1362 438; x_wconf 85' lang='lat' dir='ltr'><strong>IN</strong></span> <span class='ocrx_word' id='word_1_3' title='bbox 1398 375 1838 440; x_wconf 63' lang='lat' dir='ltr'><strong>MATTHEUM.</strong></span> <span class='ocrx_word' id='word_1_4' title='bbox 1879 407 1949 424; x_wconf 79' lang='lat'><strong>—-</strong></span> <span class='ocrx_word' id='word_1_5' title='bbox 1985 377 2112 439; x_wconf 87' lang='lat' dir='ltr'><strong>LIB.</strong></span> <span class='ocrx_word' id='word_1_6' title='bbox 2151 383 2243 451; x_wconf 81' lang='lat' dir='ltr'><strong>XI,</strong></span> <span class='ocrx_word' id='word_1_7' title='bbox 2283 385 2435 446; x_wconf 83' lang='lat' dir='ltr'><strong>CAP.</strong></span> <span class='ocrx_word' id='word_1_8' title='bbox 2477 387 2664 446; x_wconf 78' lang='lat' dir='ltr'><strong>XXIV.</strong></span> 
     </span>
    </p>
   </div>
   <div class='ocr_carea' id='block_1_2' title="bbox 147 499 3427 578">
    <p class='ocr_par' dir='ltr' id='par_1_2' title="bbox 147 499 3427 578">
     <span class='ocr_line' id='line_1_2' title="bbox 147 499 3427 578; baseline -0.001 -10"><span class='ocrx_word' id='word_1_9' title='bbox 147 512 311 572; x_wconf 89' lang='lat' dir='ltr'><strong>illum,</strong></span> <span class='ocrx_word' id='word_1_10' title='bbox 341 518 504 578; x_wconf 72' lang='lat' dir='ltr'><strong>prope</strong></span> <span class='ocrx_word' id='word_1_11' title='bbox 555 509 630 559; x_wconf 73' lang='lat' dir='ltr'><strong>est</strong></span> <span class='ocrx_word' id='word_1_12' title='bbox 667 504 722 558; x_wconf 92' lang='lat' dir='ltr'><strong>in</strong></span> <span class='ocrx_word' id='word_1_13' title='bbox 755 500 962 573; x_wconf 76' lang='lat' dir='ltr'><strong>januis.</strong></span> <span class='ocrx_word' id='word_1_14' title='bbox 993 500 1246 556; x_wconf 73' lang='lat' dir='ltr'><strong>Forsitan</strong></span> <span class='ocrx_word' id='word_1_15' title='bbox 1271 515 1402 572; x_wconf 88' lang='lat' dir='ltr'><strong>ergo</strong></span> <span class='ocrx_word' id='word_1_16' title='bbox 1429 500 1482 554; x_wconf 94' lang='lat' dir='ltr'><strong>in</strong></span> <span class='ocrx_word' id='word_1_17' title='bbox 1505 499 1729 570; x_wconf 87' lang='lat' dir='ltr'><strong>quibus-</strong></span> <span class='ocrx_word' id='word_1_18' title='bbox 1759 501 1812 560; x_wconf 82' lang='grc' dir='ltr'><strong>Α</strong></span> <span class='ocrx_word' id='word_1_19' title='bbox 1838 499 1968 553; x_wconf 92' lang='lat' dir='ltr'><strong>mini</strong></span> <span class='ocrx_word' id='word_1_20' title='bbox 1993 511 2100 554; x_wconf 89' lang='lat' dir='ltr'><strong>non</strong></span> <span class='ocrx_word' id='word_1_21' title='bbox 2128 501 2410 556; x_wconf 88' lang='lat' dir='ltr'><strong>transient.</strong></span> <span class='ocrx_word' id='word_1_22' title='bbox 2443 500 2578 568; x_wconf 86' lang='lat' dir='ltr'><strong>Quia</strong></span> <span class='ocrx_word' id='word_1_23' title='bbox 2603 501 2769 558; x_wconf 83' lang='lat' dir='ltr'><strong>verba</strong></span> <span class='ocrx_word' id='word_1_24' title='bbox 2800 516 2921 572; x_wconf 81' lang='lat' dir='ltr'><strong>quae</strong></span> <span class='ocrx_word' id='word_1_25' title='bbox 2948 499 3252 562; x_wconf 88' lang='lat' dir='ltr'><strong>Salvatoris</strong></span> <span class='ocrx_word' id='word_1_26' title='bbox 3278 517 3427 573; x_wconf 87' lang='lat' dir='ltr'><strong>sunt,</strong></span> 
     </span>
    </p>
   </div>
   <div class='ocr_carea' id='block_1_3' title="bbox 148 592 1729 667">
    <p class='ocr_par' dir='ltr' id='par_1_3' title="bbox 148 592 1729 667">
     <span class='ocr_line' id='line_1_3' title="bbox 148 592 1729 667; baseline -0.009 -7"><span class='ocrx_word' id='word_1_27' title='bbox 148 605 261 660; x_wconf 87' lang='lat' dir='ltr'><strong>dam</strong></span> <span class='ocrx_word' id='word_1_28' title='bbox 283 599 424 654; x_wconf 89' lang='lat' dir='ltr'><strong>locis</strong></span> <span class='ocrx_word' id='word_1_29' title='bbox 445 603 726 667; x_wconf 90' lang='lat' dir='ltr'><strong>poterunt,</strong></span> <span class='ocrx_word' id='word_1_30' title='bbox 753 596 806 649; x_wconf 94' lang='lat' dir='ltr'><strong>in</strong></span> <span class='ocrx_word' id='word_1_31' title='bbox 839 593 1165 663; x_wconf 88' lang='lat' dir='ltr'><strong>quibusdam</strong></span> <span class='ocrx_word' id='word_1_32' title='bbox 1192 592 1414 647; x_wconf 87' lang='lat' dir='ltr'><strong>omnino</strong></span> <span class='ocrx_word' id='word_1_33' title='bbox 1439 607 1548 646; x_wconf 93' lang='lat' dir='ltr'><strong>non</strong></span> <span class='ocrx_word' id='word_1_34' title='bbox 1576 601 1729 660; x_wconf 90' lang='lat' dir='ltr'><strong>pote-</strong></span> 
     </span>
    </p>
   </div>
   <div class='ocr_carea' id='block_1_4' title="bbox 147 685 1731 760">
    <p class='ocr_par' dir='ltr' id='par_1_4' title="bbox 147 685 1731 760">
     <span class='ocr_line' id='line_1_4' title="bbox 147 685 1731 760; baseline -0.009 -8"><span class='ocrx_word' id='word_1_35' title='bbox 147 703 287 752; x_wconf 86' lang='lat' dir='ltr'><strong>runt.</strong></span> <span class='ocrx_word' id='word_1_36' title='bbox 330 691 489 760; x_wconf 82' lang='lat' dir='ltr'><strong>Quod</strong></span> <span class='ocrx_word' id='word_1_37' title='bbox 512 690 555 746; x_wconf 91' lang='lat' dir='ltr'><strong>si</strong></span> <span class='ocrx_word' id='word_1_38' title='bbox 581 687 927 750; x_wconf 88' lang='lat' dir='ltr'><strong>tentaverint,</strong></span> <span class='ocrx_word' id='word_1_39' title='bbox 963 686 1099 741; x_wconf 89' lang='lat' dir='ltr'><strong>satis</strong></span> <span class='ocrx_word' id='word_1_40' title='bbox 1133 685 1490 756; x_wconf 88' lang='lat' dir='ltr'><strong>coangustati,</strong></span> <span class='ocrx_word' id='word_1_41' title='bbox 1526 685 1731 749; x_wconf 90' lang='lat' dir='ltr'><strong>nescio,</strong></span> 
     </span>
    </p>
   </div>
   <div class='ocr_carea' id='block_1_5' title="bbox 147 778 1737 857">
    <p class='ocr_par' dir='ltr' id='par_1_5' title="bbox 147 778 1737 857">
     <span class='ocr_line' id='line_1_5' title="bbox 147 778 1737 857; baseline -0.007 -14"><span class='ocrx_word' id='word_1_42' title='bbox 147 786 357 857; x_wconf 79' lang='lat' dir='ltr'><strong>siquod</strong></span> <span class='ocrx_word' id='word_1_43' title='bbox 377 781 670 840; x_wconf 74' lang='lat' dir='ltr'><strong>conveniat</strong></span> <span class='ocrx_word' id='word_1_44' title='bbox 689 780 892 845; x_wconf 83' lang='lat' dir='ltr'><strong>dicere,</strong></span> <span class='ocrx_word' id='word_1_45' title='bbox 928 778 1224 850; x_wconf 83' lang='lat' dir='ltr'><strong>potuerint.</strong></span> <span class='ocrx_word' id='word_1_46' title='bbox 1253 778 1460 834; x_wconf 83' lang='lat' dir='ltr'><strong>Idcirco</strong></span> <span class='ocrx_word' id='word_1_47' title='bbox 1493 794 1614 844; x_wconf 94' lang='lat' dir='ltr'><strong>nos,</strong></span> <span class='ocrx_word' id='word_1_48' title='bbox 1640 787 1737 834; x_wconf 90' lang='lat' dir='ltr'><strong>aut</strong></span> 
     </span>
    </p>
   </div>
   <div class='ocr_carea' id='block_1_6' title="bbox 148 870 1735 948">
    <p class='ocr_par' dir='ltr' id='par_1_6' title="bbox 148 870 1735 948">
     <span class='ocr_line' id='line_1_6' title="bbox 148 870 1735 948; baseline -0.006 -14"><span class='ocrx_word' id='word_1_49' title='bbox 148 893 306 935; x_wconf 85' lang='lat' dir='ltr'><strong>unam</strong></span> <span class='ocrx_word' id='word_1_50' title='bbox 359 873 768 948; x_wconf 80' lang='lat' dir='ltr'><strong>generationem</strong></span> <span class='ocrx_word' id='word_1_51' title='bbox 819 871 1063 927; x_wconf 90' lang='lat' dir='ltr'><strong>omnium</strong></span> <span class='ocrx_word' id='word_1_52' title='bbox 1113 871 1391 926; x_wconf 90' lang='lat' dir='ltr'><strong>hominum</strong></span> <span class='ocrx_word' id='word_1_53' title='bbox 1445 871 1513 926; x_wconf 88' lang='lat' dir='ltr'><strong>ab</strong></span> <span class='ocrx_word' id='word_1_54' title='bbox 1559 870 1735 926; x_wconf 81' lang='lat' dir='ltr'><strong>Adam</strong></span> 
     </span>
    </p>
   </div>
   <div class='ocr_carea' id='block_1_7' title="bbox 150 963 1736 1040">
    <p class='ocr_par' dir='ltr' id='par_1_7' title="bbox 150 963 1736 1040">
     <span class='ocr_line' id='line_1_7' title="bbox 150 963 1736 1040; baseline -0.004 -14"><span class='ocrx_word' id='word_1_55' title='bbox 150 984 316 1040; x_wconf 87' lang='lat' dir='ltr'><strong>usque</strong></span> <span class='ocrx_word' id='word_1_56' title='bbox 353 968 423 1023; x_wconf 89' lang='lat' dir='ltr'><strong>ad</strong></span> <span class='ocrx_word' id='word_1_57' title='bbox 455 965 605 1022; x_wconf 87' lang='lat' dir='ltr'><strong>illum</strong></span> <span class='ocrx_word' id='word_1_58' title='bbox 646 964 897 1020; x_wconf 90' lang='lat' dir='ltr'><strong>ultimum</strong></span> <span class='ocrx_word' id='word_1_59' title='bbox 926 964 1234 1031; x_wconf 88' lang='lat' dir='ltr'><strong>hominem;</strong></span> <span class='ocrx_word' id='word_1_60' title='bbox 1280 972 1374 1019; x_wconf 90' lang='lat' dir='ltr'><strong>aut</strong></span> <span class='ocrx_word' id='word_1_61' title='bbox 1415 978 1484 1018; x_wconf 82' lang='lat' dir='ltr'><strong>ex</strong></span> <span class='ocrx_word' id='word_1_62' title='bbox 1526 963 1736 1019; x_wconf 88' lang='lat' dir='ltr'><strong>duabus</strong></span> 
     </span>
    </p>
   </div>
   <div class='ocr_carea' id='block_1_8' title="bbox 150 1053 1734 1133">
    <p class='ocr_par' dir='ltr' id='par_1_8' title="bbox 150 1053 1734 1133">
     <span class='ocr_line' id='line_1_8' title="bbox 150 1053 1734 1133; baseline -0.004 -18"><span class='ocrx_word' id='word_1_63' title='bbox 150 1057 596 1133; x_wconf 80' lang='lat' dir='ltr'><strong>generationibus</strong></span> <span class='ocrx_word' id='word_1_64' title='bbox 614 1054 928 1112; x_wconf 71' lang='lat' dir='ltr'><strong>Judteorum</strong></span> <span class='ocrx_word' id='word_1_65' title='bbox 957 1053 1166 1110; x_wconf 84' lang='lat' dir='ltr'><strong>scilicet</strong></span> <span class='ocrx_word' id='word_1_66' title='bbox 1193 1062 1251 1109; x_wconf 92' lang='lat' dir='ltr'><strong>et</strong></span> <span class='ocrx_word' id='word_1_67' title='bbox 1276 1055 1544 1126; x_wconf 86' lang='lat' dir='ltr'><strong>gentium,</strong></span> <span class='ocrx_word' id='word_1_68' title='bbox 1572 1069 1734 1109; x_wconf 91' lang='lat' dir='ltr'><strong>unam</strong></span> 
     </span>
    </p>
   </div>
   <div class='ocr_carea' id='block_1_9' title="bbox 151 1147 1730 1222">
    <p class='ocr_par' dir='ltr' id='par_1_9' title="bbox 151 1147 1730 1222">
     <span class='ocr_line' id='line_1_9' title="bbox 151 1147 1730 1222; baseline -0.003 -15"><span class='ocrx_word' id='word_1_69' title='bbox 151 1150 502 1222; x_wconf 82' lang='lat' dir='ltr'><strong>intelligimus</strong></span> <span class='ocrx_word' id='word_1_70' title='bbox 553 1148 882 1214; x_wconf 82' lang='lat' dir='ltr'><strong>Ecclesiam,</strong></span> <span class='ocrx_word' id='word_1_71' title='bbox 932 1148 999 1202; x_wconf 90' lang='lat' dir='ltr'><strong>de</strong></span> <span class='ocrx_word' id='word_1_72' title='bbox 1043 1148 1242 1218; x_wconf 82' lang='lat' dir='ltr'><strong>quibus</strong></span> <span class='ocrx_word' id='word_1_73' title='bbox 1299 1147 1556 1202; x_wconf 88' lang='lat' dir='ltr'><strong>Salomon</strong></span> <span class='ocrx_word' id='word_1_74' title='bbox 1607 1148 1730 1202; x_wconf 89' lang='lat' dir='ltr'><strong>ait:</strong></span> 
     </span>
    </p>
   </div>
   <div class='ocr_carea' id='block_1_10' title="bbox 151 1236 1732 1311">
    <p class='ocr_par' dir='ltr' id='par_1_10' title="bbox 151 1236 1732 1311">
     <span class='ocr_line' id='line_1_10' title="bbox 151 1236 1732 1311; baseline -0.003 -13"><span class='ocrx_word' id='word_1_75' title='bbox 151 1243 430 1298; x_wconf 72' lang='lat' dir='ltr'><strong>(ieneratio</strong></span> <span class='ocrx_word' id='word_1_76' title='bbox 453 1241 616 1305; x_wconf 77' lang='lat' dir='ltr'><strong>vadit,</strong></span> <span class='ocrx_word' id='word_1_77' title='bbox 665 1249 712 1295; x_wconf 87' lang='lat' dir='ltr'><strong>et</strong></span> <span class='ocrx_word' id='word_1_78' title='bbox 737 1239 1006 1311; x_wconf 82' lang='lat' dir='ltr'><strong>generatio</strong></span> <span class='ocrx_word' id='word_1_79' title='bbox 1034 1240 1169 1294; x_wconf 82' lang='lat' dir='ltr'><strong>venit</strong></span> <span class='ocrx_word' id='word_1_80' title='bbox 1201 1236 1398 1310; x_wconf 79' lang='lat' dir='ltr'><strong>(Eccle.</strong></span> <span class='ocrx_word' id='word_1_81' title='bbox 1426 1255 1464 1305; x_wconf 85' lang='grc' dir='ltr'><strong>ι,</strong></span> <span class='ocrx_word' id='word_1_82' title='bbox 1485 1239 1564 1308; x_wconf 74' lang='grc'><strong>4).</strong></span> <span class='ocrx_word' id='word_1_83' title='bbox 1598 1239 1732 1305; x_wconf 82' lang='lat' dir='ltr'><strong>Quia</strong></span> 
     </span>
    </p>
   </div>
   <div class='ocr_carea' id='block_1_11' title="bbox 153 1329 1736 1406">
    <p class='ocr_par' dir='ltr' id='par_1_11' title="bbox 153 1329 1736 1406">
     <span class='ocr_line' id='line_1_11' title="bbox 153 1329 1736 1406; baseline -0.003 -18"><span class='ocrx_word' id='word_1_84' title='bbox 153 1333 375 1406; x_wconf 87' lang='lat' dir='ltr'><strong>populus</strong></span> <span class='ocrx_word' id='word_1_85' title='bbox 415 1330 723 1388; x_wconf 65' lang='lat' dir='ltr'><strong>Iudaeorum</strong></span> <span class='ocrx_word' id='word_1_86' title='bbox 772 1332 865 1402; x_wconf 85' lang='lat' dir='ltr'><strong>qui</strong></span> <span class='ocrx_word' id='word_1_87' title='bbox 922 1331 1024 1385; x_wconf 89' lang='lat' dir='ltr'><strong>fuit</strong></span> <span class='ocrx_word' id='word_1_88' title='bbox 1080 1345 1178 1386; x_wconf 92' lang='lat' dir='ltr'><strong>suo</strong></span> <span class='ocrx_word' id='word_1_89' title='bbox 1229 1331 1282 1385; x_wconf 92' lang='lat' dir='ltr'><strong>in</strong></span> <span class='ocrx_word' id='word_1_90' title='bbox 1315 1329 1736 1400; x_wconf 88' lang='lat' dir='ltr'><strong>tempore,jam</strong></span> 
     </span>
    </p>
   </div>
   <div class='ocr_carea' id='block_1_12' title="bbox 147 1421 1736 1496">
    <p class='ocr_par' dir='ltr' id='par_1_12' title="bbox 147 1421 1736 1496">
     <span class='ocr_line' id='line_1_12' title="bbox 147 1421 1736 1496; baseline -0.003 -14"><span class='ocrx_word' id='word_1_91' title='bbox 147 1428 299 1492; x_wconf 76' lang='lat' dir='ltr'><strong>abiit,</strong></span> <span class='ocrx_word' id='word_1_92' title='bbox 358 1436 415 1481; x_wconf 92' lang='lat' dir='ltr'><strong>et</strong></span> <span class='ocrx_word' id='word_1_93' title='bbox 465 1426 612 1480; x_wconf 89' lang='lat' dir='ltr'><strong>natio</strong></span> <span class='ocrx_word' id='word_1_94' title='bbox 647 1425 911 1496; x_wconf 90' lang='lat' dir='ltr'><strong>gentium,</strong></span> <span class='ocrx_word' id='word_1_95' title='bbox 952 1438 1164 1479; x_wconf 90' lang='lat' dir='ltr'><strong>necnon</strong></span> <span class='ocrx_word' id='word_1_96' title='bbox 1200 1433 1255 1478; x_wconf 91' lang='lat' dir='ltr'><strong>et</strong></span> <span class='ocrx_word' id='word_1_97' title='bbox 1277 1421 1583 1478; x_wconf 72' lang='lat' dir='ltr'><strong>Judzeorum</strong></span> <span class='ocrx_word' id='word_1_98' title='bbox 1618 1423 1736 1492; x_wconf 89' lang='lat' dir='ltr'><strong>plu-</strong></span> 
     </span>
    </p>
   </div>
   <div class='ocr_carea' id='block_1_13' title="bbox 142 1515 1734 1590">
    <p class='ocr_par' dir='ltr' id='par_1_13' title="bbox 142 1515 1734 1590">
     <span class='ocr_line' id='line_1_13' title="bbox 142 1515 1734 1590; baseline -0.004 -14"><span class='ocrx_word' id='word_1_99' title='bbox 142 1519 281 1576; x_wconf 78' lang='lat' dir='ltr'><strong>rima</strong></span> <span class='ocrx_word' id='word_1_100' title='bbox 304 1534 372 1574; x_wconf 79' lang='lat' dir='ltr'><strong>ex</strong></span> <span class='ocrx_word' id='word_1_101' title='bbox 398 1527 576 1590; x_wconf 88' lang='lat' dir='ltr'><strong>parte,</strong></span> <span class='ocrx_word' id='word_1_102' title='bbox 603 1517 670 1572; x_wconf 92' lang='lat' dir='ltr'><strong>ad</strong></span> <span class='ocrx_word' id='word_1_103' title='bbox 693 1517 852 1572; x_wconf 85' lang='lat' dir='ltr'><strong>fidem</strong></span> <span class='ocrx_word' id='word_1_104' title='bbox 876 1515 1080 1572; x_wconf 88' lang='lat' dir='ltr'><strong>Christi</strong></span> <span class='ocrx_word' id='word_1_105' title='bbox 1109 1516 1294 1580; x_wconf 88' lang='lat' dir='ltr'><strong>venit,</strong></span> <span class='ocrx_word' id='word_1_106' title='bbox 1320 1516 1410 1585; x_wconf 88' lang='lat' dir='ltr'><strong>qui</strong></span> <span class='ocrx_word' id='word_1_107' title='bbox 1439 1515 1598 1570; x_wconf 91' lang='lat' dir='ltr'><strong>simul</strong></span> <span class='ocrx_word' id='word_1_108' title='bbox 1627 1531 1734 1570; x_wconf 90' lang='lat' dir='ltr'><strong>una</strong></span> 
     </span>
    </p>
   </div>
   <div class='ocr_carea' id='block_1_14' title="bbox 140 1605 1735 1676">
    <p class='ocr_par' dir='ltr' id='par_1_14' title="bbox 140 1605 1735 1676">
     <span class='ocr_line' id='line_1_14' title="bbox 140 1605 1735 1676; baseline -0.004 -10"><span class='ocrx_word' id='word_1_109' title='bbox 140 1624 277 1666; x_wconf 81' lang='lat' dir='ltr'><strong>voce</strong></span> <span class='ocrx_word' id='word_1_110' title='bbox 301 1609 490 1664; x_wconf 87' lang='lat' dir='ltr'><strong>dicunt</strong></span> <span class='ocrx_word' id='word_1_111' title='bbox 519 1625 534 1661; x_wconf 86' lang='lat'><strong>:</strong></span> <span class='ocrx_word' id='word_1_112' title='bbox 565 1606 808 1672; x_wconf 87' lang='lat' dir='ltr'><strong>Domine,</strong></span> <span class='ocrx_word' id='word_1_113' title='bbox 841 1606 1102 1676; x_wconf 80' lang='lat' dir='ltr'><strong>refugium</strong></span> <span class='ocrx_word' id='word_1_114' title='bbox 1127 1606 1300 1675; x_wconf 76' lang='lat' dir='ltr'><strong>[actus</strong></span> <span class='ocrx_word' id='word_1_115' title='bbox 1327 1622 1380 1660; x_wconf 83' lang='lat' dir='ltr'><strong>es</strong></span> <span class='ocrx_word' id='word_1_116' title='bbox 1410 1605 1557 1660; x_wconf 85' lang='lat' dir='ltr'><strong>nobis</strong></span> <span class='ocrx_word' id='word_1_117' title='bbox 1597 1623 1629 1659; x_wconf 85' lang='grc' dir='ltr'><em>α</em></span> <span class='ocrx_word' id='word_1_118' title='bbox 1650 1623 1735 1676; x_wconf 85' lang='lat' dir='ltr'><strong>ge-</strong></span> 
     </span>
    </p>
   </div>
   <div class='ocr_carea' id='block_1_15' title="bbox 146 1695 1732 1769">
    <p class='ocr_par' dir='ltr' id='par_1_15' title="bbox 146 1695 1732 1769">
     <span class='ocr_line' id='line_1_15' title="bbox 146 1695 1732 1769; baseline -0.003 -14"><span class='ocrx_word' id='word_1_119' title='bbox 146 1702 417 1756; x_wconf 77' lang='lat' dir='ltr'><strong>neratione</strong></span> <span class='ocrx_word' id='word_1_120' title='bbox 475 1708 525 1753; x_wconf 90' lang='lat' dir='ltr'><strong>et</strong></span> <span class='ocrx_word' id='word_1_121' title='bbox 569 1699 902 1769; x_wconf 79' lang='lat' dir='ltr'><strong>generatione</strong></span> <span class='ocrx_word' id='word_1_122' title='bbox 945 1695 1387 1768; x_wconf 69' lang='lat' dir='ltr'><strong>(Psat.t.xxx1x,</strong></span> <span class='ocrx_word' id='word_1_123' title='bbox 1431 1697 1520 1766; x_wconf 81' lang='lat' dir='ltr'><strong>l).</strong></span> <span class='ocrx_word' id='word_1_124' title='bbox 1559 1695 1732 1763; x_wconf 90' lang='lat' dir='ltr'><strong>Quam</strong></span> 
     </span>
    </p>
   </div>
   <div class='ocr_carea' id='block_1_16' title="bbox 143 1779 1733 1860">
    <p class='ocr_par' dir='ltr' id='par_1_16' title="bbox 143 1779 1733 1860">
     <span class='ocr_line' id='line_1_16' title="bbox 143 1779 1733 1860; baseline -0.002 -14"><span class='ocrx_word' id='word_1_125' title='bbox 143 1790 308 1846; x_wconf 86' lang='lat' dir='ltr'><strong>simul</strong></span> <span class='ocrx_word' id='word_1_126' title='bbox 340 1805 504 1845; x_wconf 91' lang='lat' dir='ltr'><strong>unam</strong></span> <span class='ocrx_word' id='word_1_127' title='bbox 542 1788 950 1860; x_wconf 76' lang='lat' dir='ltr'><strong>generationem</strong></span> <span class='ocrx_word' id='word_1_128' title='bbox 978 1788 1120 1844; x_wconf 85' lang='lat' dir='ltr'><strong>Deus</strong></span> <span class='ocrx_word' id='word_1_129' title='bbox 1151 1804 1290 1844; x_wconf 89' lang='lat' dir='ltr'><strong>unus</strong></span> <span class='ocrx_word' id='word_1_130' title='bbox 1311 1796 1397 1844; x_wconf 91' lang='lat' dir='ltr'><strong>est</strong></span> <span class='ocrx_word' id='word_1_131' title='bbox 1425 1779 1514 1858; x_wconf 85' lang='lat' dir='ltr'><strong>qui</strong></span> <span class='ocrx_word' id='word_1_132' title='bbox 1531 1787 1733 1857; x_wconf 87' lang='lat' dir='ltr'><strong>justifl-</strong></span> 
     </span>
    </p>
   </div>
   <div class='ocr_carea' id='block_1_17' title="bbox 142 1861 1810 1948">
    <p class='ocr_par' dir='ltr' id='par_1_17' title="bbox 142 1861 1810 1948">
     <span class='ocr_line' id='line_1_17' title="bbox 142 1861 1810 1948; baseline -0.001 -14"><span class='ocrx_word' id='word_1_133' title='bbox 142 1888 264 1946; x_wconf 86' lang='lat' dir='ltr'><strong>cat;</strong></span> <span class='ocrx_word' id='word_1_134' title='bbox 297 1879 771 1936; x_wconf 89' lang='lat' dir='ltr'><strong>circumcisionem</strong></span> <span class='ocrx_word' id='word_1_135' title='bbox 810 1878 1018 1934; x_wconf 83' lang='lat' dir='ltr'><strong>scilicet</strong></span> <span class='ocrx_word' id='word_1_136' title='bbox 1057 1895 1126 1935; x_wconf 79' lang='lat' dir='ltr'><strong>ex</strong></span> <span class='ocrx_word' id='word_1_137' title='bbox 1165 1879 1293 1945; x_wconf 82' lang='lat' dir='ltr'><strong>fide,</strong></span> <span class='ocrx_word' id='word_1_138' title='bbox 1326 1887 1381 1933; x_wconf 92' lang='lat' dir='ltr'><strong>et</strong></span> <span class='ocrx_word' id='word_1_139' title='bbox 1408 1879 1731 1948; x_wconf 64' lang='lat' dir='ltr'><strong>praeputium</strong></span> <span class='ocrx_word' id='word_1_140' title='bbox 1761 1861 1810 1921; x_wconf 83' lang='grc' dir='ltr'><strong>Β</strong></span> 
     </span>
    </p>
   </div>
   <div class='ocr_carea' id='block_1_18' title="bbox 139 1970 1732 2044">
    <p class='ocr_par' dir='ltr' id='par_1_18' title="bbox 139 1970 1732 2044">
     <span class='ocr_line' id='line_1_18' title="bbox 139 1970 1732 2044; baseline 0 -17"><span class='ocrx_word' id='word_1_141' title='bbox 139 1987 236 2043; x_wconf 80' lang='lat' dir='ltr'><strong>per</strong></span> <span class='ocrx_word' id='word_1_142' title='bbox 268 1971 439 2028; x_wconf 83' lang='lat' dir='ltr'><strong>fidem</strong></span> <span class='ocrx_word' id='word_1_143' title='bbox 468 1971 595 2028; x_wconf 82' lang='lat' dir='ltr'><strong>.lesu</strong></span> <span class='ocrx_word' id='word_1_144' title='bbox 640 1971 864 2028; x_wconf 78' lang='lat' dir='ltr'><strong>Christi.</strong></span> <span class='ocrx_word' id='word_1_145' title='bbox 904 1971 1035 2039; x_wconf 69' lang='lat' dir='ltr'><strong>Quae</strong></span> <span class='ocrx_word' id='word_1_146' title='bbox 1069 1971 1347 2044; x_wconf 75' lang='lat' dir='ltr'><strong>generatio</strong></span> <span class='ocrx_word' id='word_1_147' title='bbox 1381 1970 1514 2026; x_wconf 87' lang='lat' dir='ltr'><strong>Novi</strong></span> <span class='ocrx_word' id='word_1_148' title='bbox 1541 1971 1732 2027; x_wconf 88' lang='lat' dir='ltr'><strong>Testa-</strong></span> 
     </span>
    </p>
   </div>
   <div class='ocr_carea' id='block_1_19' title="bbox 139 2063 1733 2136">
    <p class='ocr_par' dir='ltr' id='par_1_19' title="bbox 139 2063 1733 2136">
     <span class='ocr_line' id='line_1_19' title="bbox 139 2063 1733 2136; baseline -0.001 -16"><span class='ocrx_word' id='word_1_149' title='bbox 139 2065 335 2130; x_wconf 80' lang='lat' dir='ltr'><strong>meati,</strong></span> <span class='ocrx_word' id='word_1_150' title='bbox 361 2080 485 2136; x_wconf 64' lang='lat' dir='ltr'><strong>quae</strong></span> <span class='ocrx_word' id='word_1_151' title='bbox 517 2073 645 2120; x_wconf 91' lang='lat' dir='ltr'><strong>tunc</strong></span> <span class='ocrx_word' id='word_1_152' title='bbox 665 2073 783 2120; x_wconf 89' lang='lat' dir='ltr'><strong>erat</strong></span> <span class='ocrx_word' id='word_1_153' title='bbox 809 2065 862 2119; x_wconf 93' lang='lat' dir='ltr'><strong>in</strong></span> <span class='ocrx_word' id='word_1_154' title='bbox 903 2064 1044 2121; x_wconf 87' lang='lat' dir='ltr'><strong>facie</strong></span> <span class='ocrx_word' id='word_1_155' title='bbox 1068 2075 1123 2120; x_wconf 90' lang='lat' dir='ltr'><strong>et</strong></span> <span class='ocrx_word' id='word_1_156' title='bbox 1149 2065 1202 2120; x_wconf 91' lang='lat' dir='ltr'><strong>in</strong></span> <span class='ocrx_word' id='word_1_157' title='bbox 1223 2074 1515 2134; x_wconf 89' lang='lat' dir='ltr'><strong>conspectu</strong></span> <span class='ocrx_word' id='word_1_158' title='bbox 1545 2063 1733 2119; x_wconf 86' lang='lat' dir='ltr'><strong>Salva-</strong></span> 
     </span>
    </p>
   </div>
   <div class='ocr_carea' id='block_1_20' title="bbox 137 2157 1733 2230">
    <p class='ocr_par' dir='ltr' id='par_1_20' title="bbox 137 2157 1733 2230">
     <span class='ocr_line' id='line_1_20' title="bbox 137 2157 1733 2230; baseline 0.001 -16"><span class='ocrx_word' id='word_1_159' title='bbox 137 2160 296 2227; x_wconf 89' lang='lat' dir='ltr'><strong>toris,</strong></span> <span class='ocrx_word' id='word_1_160' title='bbox 338 2175 449 2216; x_wconf 86' lang='lat' dir='ltr'><strong>non</strong></span> <span class='ocrx_word' id='word_1_161' title='bbox 489 2159 792 2230; x_wconf 63' lang='lat' dir='ltr'><strong>praeteribit</strong></span> <span class='ocrx_word' id='word_1_162' title='bbox 831 2159 899 2214; x_wconf 91' lang='lat' dir='ltr'><strong>ad</strong></span> <span class='ocrx_word' id='word_1_163' title='bbox 947 2158 1068 2214; x_wconf 89' lang='lat' dir='ltr'><strong>illas</strong></span> <span class='ocrx_word' id='word_1_164' title='bbox 1120 2167 1335 2215; x_wconf 69' lang='lat' dir='ltr'><strong>aeternae</strong></span> <span class='ocrx_word' id='word_1_165' title='bbox 1381 2160 1505 2214; x_wconf 70' lang='lat' dir='ltr'><strong>vitm</strong></span> <span class='ocrx_word' id='word_1_166' title='bbox 1544 2157 1733 2215; x_wconf 89' lang='lat' dir='ltr'><strong>beatas</strong></span> 
     </span>
    </p>
   </div>
   <div class='ocr_carea' id='block_1_21' title="bbox 127 2253 1732 2326">
    <p class='ocr_par' dir='ltr' id='par_1_21' title="bbox 127 2253 1732 2326">
     <span class='ocr_line' id='line_1_21' title="bbox 127 2253 1732 2326; baseline 0 -16"><span class='ocrx_word' id='word_1_167' title='bbox 127 2254 556 2326; x_wconf 81' lang='lat' dir='ltr'><strong>promissioues,</strong></span> <span class='ocrx_word' id='word_1_168' title='bbox 602 2254 767 2308; x_wconf 85' lang='lat' dir='ltr'><strong>donec</strong></span> <span class='ocrx_word' id='word_1_169' title='bbox 822 2254 938 2309; x_wconf 75' lang='lat' dir='ltr'><strong>hzec</strong></span> <span class='ocrx_word' id='word_1_170' title='bbox 982 2255 1157 2308; x_wconf 87' lang='lat' dir='ltr'><strong>omnia</strong></span> <span class='ocrx_word' id='word_1_171' title='bbox 1204 2254 1483 2324; x_wconf 76' lang='lat' dir='ltr'><strong>ﬁantqua:</strong></span> <span class='ocrx_word' id='word_1_172' title='bbox 1520 2253 1732 2310; x_wconf 92' lang='lat' dir='ltr'><strong>locutus</strong></span> 
     </span>
    </p>
   </div>
   <div class='ocr_carea' id='block_1_22' title="bbox 129 2344 1732 2415">
    <p class='ocr_par' dir='ltr' id='par_1_22' title="bbox 129 2344 1732 2415">
     <span class='ocr_line' id='line_1_22' title="bbox 129 2344 1732 2415; baseline -0.002 -12"><span class='ocrx_word' id='word_1_173' title='bbox 129 2357 226 2404; x_wconf 83' lang='lat' dir='ltr'><strong>est</strong></span> <span class='ocrx_word' id='word_1_174' title='bbox 277 2346 558 2412; x_wconf 86' lang='lat' dir='ltr'><strong>Dominus,</strong></span> <span class='ocrx_word' id='word_1_175' title='bbox 603 2345 657 2401; x_wconf 89' lang='lat' dir='ltr'><strong>id</strong></span> <span class='ocrx_word' id='word_1_176' title='bbox 683 2353 770 2400; x_wconf 90' lang='lat' dir='ltr'><strong>est</strong></span> <span class='ocrx_word' id='word_1_177' title='bbox 819 2353 1110 2415; x_wconf 86' lang='lat' dir='ltr'><strong>antequam</strong></span> <span class='ocrx_word' id='word_1_178' title='bbox 1166 2344 1418 2400; x_wconf 87' lang='lat' dir='ltr'><strong>Christus</strong></span> <span class='ocrx_word' id='word_1_179' title='bbox 1461 2345 1644 2399; x_wconf 81' lang='lat' dir='ltr'><strong>veniat</strong></span> <span class='ocrx_word' id='word_1_180' title='bbox 1676 2345 1732 2399; x_wconf 92' lang='lat' dir='ltr'><strong>in</strong></span> 
     </span>
    </p>
   </div>
   <div class='ocr_carea' id='block_1_23' title="bbox 129 2433 1727 2505">
    <p class='ocr_par' dir='ltr' id='par_1_23' title="bbox 129 2433 1727 2505">
     <span class='ocr_line' id='line_1_23' title="bbox 129 2433 1727 2505; baseline -0.002 -13"><span class='ocrx_word' id='word_1_181' title='bbox 129 2436 413 2501; x_wconf 85' lang='lat' dir='ltr'><strong>nubibus;</strong></span> <span class='ocrx_word' id='word_1_182' title='bbox 464 2444 753 2505; x_wconf 86' lang='lat' dir='ltr'><strong>antequam</strong></span> <span class='ocrx_word' id='word_1_183' title='bbox 804 2434 1019 2505; x_wconf 84' lang='lat' dir='ltr'><strong>signum</strong></span> <span class='ocrx_word' id='word_1_184' title='bbox 1053 2433 1171 2504; x_wconf 88' lang='lat' dir='ltr'><strong>ejus</strong></span> <span class='ocrx_word' id='word_1_185' title='bbox 1201 2435 1254 2488; x_wconf 90' lang='lat' dir='ltr'><strong>in</strong></span> <span class='ocrx_word' id='word_1_186' title='bbox 1281 2435 1418 2489; x_wconf 64' lang='lat' dir='ltr'><strong>cualo</strong></span> <span class='ocrx_word' id='word_1_187' title='bbox 1449 2444 1727 2505; x_wconf 85' lang='lat' dir='ltr'><strong>appareat,</strong></span> 
     </span>
    </p>
   </div>
   <div class='ocr_carea' id='block_1_24' title="bbox 129 2525 1729 2600">
    <p class='ocr_par' dir='ltr' id='par_1_24' title="bbox 129 2525 1729 2600">
     <span class='ocr_line' id='line_1_24' title="bbox 129 2525 1729 2600; baseline -0.003 -16"><span class='ocrx_word' id='word_1_188' title='bbox 129 2538 434 2600; x_wconf 79' lang='lat' dir='ltr'><strong>antequam</strong></span> <span class='ocrx_word' id='word_1_189' title='bbox 463 2527 638 2600; x_wconf 88' lang='lat' dir='ltr'><strong>angeli</strong></span> <span class='ocrx_word' id='word_1_190' title='bbox 671 2527 957 2582; x_wconf 86' lang='lat' dir='ltr'><strong>mittantur</strong></span> <span class='ocrx_word' id='word_1_191' title='bbox 987 2541 1110 2582; x_wconf 91' lang='lat' dir='ltr'><strong>cum</strong></span> <span class='ocrx_word' id='word_1_192' title='bbox 1133 2526 1260 2580; x_wconf 91' lang='lat' dir='ltr'><strong>tuba</strong></span> <span class='ocrx_word' id='word_1_193' title='bbox 1295 2525 1412 2593; x_wconf 89' lang='lat' dir='ltr'><strong>Dei,</strong></span> <span class='ocrx_word' id='word_1_194' title='bbox 1436 2536 1492 2581; x_wconf 92' lang='lat' dir='ltr'><strong>et</strong></span> <span class='ocrx_word' id='word_1_195' title='bbox 1530 2527 1729 2582; x_wconf 89' lang='lat' dir='ltr'><strong>mortui</strong></span> 
     </span>
    </p>
   </div>
   <div class='ocr_carea' id='block_1_25' title="bbox 129 2617 1730 2690">
    <p class='ocr_par' dir='ltr' id='par_1_25' title="bbox 129 2617 1730 2690">
     <span class='ocr_line' id='line_1_25' title="bbox 129 2617 1730 2690; baseline -0.001 -15"><span class='ocrx_word' id='word_1_196' title='bbox 129 2627 449 2690; x_wconf 75' lang='lat' dir='ltr'><strong>resurgant.</strong></span> <span class='ocrx_word' id='word_1_197' title='bbox 485 2617 562 2672; x_wconf 82' lang='lat' dir='ltr'><strong>Ne</strong></span> <span class='ocrx_word' id='word_1_198' title='bbox 584 2626 678 2672; x_wconf 91' lang='lat' dir='ltr'><strong>aut</strong></span> <span class='ocrx_word' id='word_1_199' title='bbox 701 2617 790 2672; x_wconf 92' lang='lat' dir='ltr'><strong>isti</strong></span> <span class='ocrx_word' id='word_1_200' title='bbox 813 2618 906 2688; x_wconf 91' lang='lat' dir='ltr'><strong>qui</strong></span> <span class='ocrx_word' id='word_1_201' title='bbox 937 2627 1067 2672; x_wconf 91' lang='lat' dir='ltr'><strong>tunc</strong></span> <span class='ocrx_word' id='word_1_202' title='bbox 1100 2618 1154 2671; x_wconf 92' lang='lat' dir='ltr'><strong>in</strong></span> <span class='ocrx_word' id='word_1_203' title='bbox 1183 2632 1350 2672; x_wconf 91' lang='lat' dir='ltr'><strong>carne</strong></span> <span class='ocrx_word' id='word_1_204' title='bbox 1374 2626 1560 2682; x_wconf 92' lang='lat' dir='ltr'><strong>erunt,</strong></span> <span class='ocrx_word' id='word_1_205' title='bbox 1590 2633 1730 2688; x_wconf 70' lang='lat' dir='ltr'><strong>prte-</strong></span> 
     </span>
    </p>
   </div>
   <div class='ocr_carea' id='block_1_26' title="bbox 131 2708 1730 2781">
    <p class='ocr_par' dir='ltr' id='par_1_26' title="bbox 131 2708 1730 2781">
     <span class='ocr_line' id='line_1_26' title="bbox 131 2708 1730 2781; baseline -0.001 -15"><span class='ocrx_word' id='word_1_206' title='bbox 131 2712 362 2767; x_wconf 80' lang='lat' dir='ltr'><strong>veniant</strong></span> <span class='ocrx_word' id='word_1_207' title='bbox 423 2710 634 2781; x_wconf 75' lang='lat'><strong>1012</strong></span> <span class='ocrx_word' id='word_1_208' title='bbox 662 2725 756 2765; x_wconf 89' lang='lat' dir='ltr'><strong>eos</strong></span> <span class='ocrx_word' id='word_1_209' title='bbox 805 2709 897 2780; x_wconf 90' lang='lat' dir='ltr'><strong>qui</strong></span> <span class='ocrx_word' id='word_1_210' title='bbox 953 2708 1311 2764; x_wconf 86' lang='lat' dir='ltr'><strong>resurrecturi</strong></span> <span class='ocrx_word' id='word_1_211' title='bbox 1352 2718 1500 2774; x_wconf 91' lang='lat' dir='ltr'><strong>sunt,</strong></span> <span class='ocrx_word' id='word_1_212' title='bbox 1554 2724 1730 2778; x_wconf 92' lang='lat' dir='ltr'><strong>neque</strong></span> 
     </span>
    </p>
   </div>
   <div class='ocr_carea' id='block_1_27' title="bbox 136 2803 1728 2876">
    <p class='ocr_par' dir='ltr' id='par_1_27' title="bbox 136 2803 1728 2876">
     <span class='ocr_line' id='line_1_27' title="bbox 136 2803 1728 2876; baseline -0.002 -17"><span class='ocrx_word' id='word_1_213' title='bbox 136 2807 232 2875; x_wconf 86' lang='lat' dir='ltr'><strong>qui</strong></span> <span class='ocrx_word' id='word_1_214' title='bbox 263 2815 556 2876; x_wconf 86' lang='lat' dir='ltr'><strong>resurgent</strong></span> <span class='ocrx_word' id='word_1_215' title='bbox 583 2803 649 2858; x_wconf 87' lang='lat' dir='ltr'><strong>ad</strong></span> <span class='ocrx_word' id='word_1_216' title='bbox 677 2803 822 2857; x_wconf 91' lang='lat' dir='ltr'><strong>illam</strong></span> <span class='ocrx_word' id='word_1_217' title='bbox 852 2803 1064 2857; x_wconf 87' lang='lat' dir='ltr'><strong>beatam</strong></span> <span class='ocrx_word' id='word_1_218' title='bbox 1089 2803 1257 2857; x_wconf 88' lang='lat' dir='ltr'><strong>vitam</strong></span> <span class='ocrx_word' id='word_1_219' title='bbox 1277 2843 1292 2869; x_wconf 95' lang='lat'><strong>,</strong></span> <span class='ocrx_word' id='word_1_220' title='bbox 1329 2803 1480 2873; x_wconf 91' lang='lat' dir='ltr'><strong>prius</strong></span> <span class='ocrx_word' id='word_1_221' title='bbox 1501 2811 1728 2872; x_wconf 64' lang='lat' dir='ltr'><strong>praeter-</strong></span> 
     </span>
    </p>
   </div>
   <div class='ocr_carea' id='block_1_28' title="bbox 140 2893 1727 2962">
    <p class='ocr_par' dir='ltr' id='par_1_28' title="bbox 140 2893 1727 2962">
     <span class='ocr_line' id='line_1_28' title="bbox 140 2893 1727 2962; baseline -0.003 -11"><span class='ocrx_word' id='word_1_222' title='bbox 140 2897 320 2960; x_wconf 84' lang='lat' dir='ltr'><strong>ibunt,</strong></span> <span class='ocrx_word' id='word_1_223' title='bbox 361 2895 527 2950; x_wconf 79' lang='lat' dir='ltr'><strong>donec</strong></span> <span class='ocrx_word' id='word_1_224' title='bbox 573 2895 687 2950; x_wconf 70' lang='lat' dir='ltr'><strong>haec</strong></span> <span class='ocrx_word' id='word_1_225' title='bbox 710 2893 885 2948; x_wconf 86' lang='lat' dir='ltr'><strong>omnia</strong></span> <span class='ocrx_word' id='word_1_226' title='bbox 933 2893 1084 2962; x_wconf 83' lang='lat' dir='ltr'><strong>ﬁant.</strong></span> <span class='ocrx_word' id='word_1_227' title='bbox 1113 2893 1182 2948; x_wconf 85' lang='lat' dir='ltr'><strong>Et</strong></span> <span class='ocrx_word' id='word_1_228' title='bbox 1207 2893 1309 2948; x_wconf 86' lang='lat' dir='ltr'><strong>ista</strong></span> <span class='ocrx_word' id='word_1_229' title='bbox 1340 2901 1420 2947; x_wconf 89' lang='lat' dir='ltr'><strong>est</strong></span> <span class='ocrx_word' id='word_1_230' title='bbox 1443 2908 1569 2947; x_wconf 89' lang='lat' dir='ltr'><strong>vera</strong></span> <span class='ocrx_word' id='word_1_231' title='bbox 1595 2907 1727 2947; x_wconf 90' lang='lat' dir='ltr'><strong>con-</strong></span> 
     </span>
    </p>
   </div>
   <div class='ocr_carea' id='block_1_29' title="bbox 151 2985 1730 3056">
    <p class='ocr_par' dir='ltr' id='par_1_29' title="bbox 151 2985 1730 3056">
     <span class='ocr_line' id='line_1_29' title="bbox 151 2985 1730 3056; baseline -0.003 -12"><span class='ocrx_word' id='word_1_232' title='bbox 151 2989 319 3044; x_wconf 84' lang='lat' dir='ltr'><strong>clusio</strong></span> <span class='ocrx_word' id='word_1_233' title='bbox 345 2987 740 3044; x_wconf 89' lang='lat' dir='ltr'><strong>sententiarum</strong></span> <span class='ocrx_word' id='word_1_234' title='bbox 772 2985 891 3051; x_wconf 91' lang='lat' dir='ltr'><strong>Dei,</strong></span> <span class='ocrx_word' id='word_1_235' title='bbox 923 2987 988 3040; x_wconf 89' lang='lat' dir='ltr'><strong>ad</strong></span> <span class='ocrx_word' id='word_1_236' title='bbox 1021 3000 1184 3056; x_wconf 85' lang='lat' dir='ltr'><strong>quam</strong></span> <span class='ocrx_word' id='word_1_237' title='bbox 1213 2985 1464 3040; x_wconf 84' lang='lat' dir='ltr'><strong>universa</strong></span> <span class='ocrx_word' id='word_1_238' title='bbox 1497 2999 1730 3040; x_wconf 85' lang='lat' dir='ltr'><strong>concur-</strong></span> 
     </span>
    </p>
   </div>
   <div class='ocr_carea' id='block_1_30' title="bbox 152 3077 1730 3147">
    <p class='ocr_par' dir='ltr' id='par_1_30' title="bbox 152 3077 1730 3147">
     <span class='ocr_line' id='line_1_30' title="bbox 152 3077 1730 3147; baseline -0.001 -12"><span class='ocrx_word' id='word_1_239' title='bbox 152 3090 294 3136; x_wconf 84' lang='lat' dir='ltr'><strong>runt.</strong></span> <span class='ocrx_word' id='word_1_240' title='bbox 321 3081 387 3136; x_wconf 83' lang='lat' dir='ltr'><strong>Et</strong></span> <span class='ocrx_word' id='word_1_241' title='bbox 413 3083 518 3136; x_wconf 90' lang='lat' dir='ltr'><strong>hoc</strong></span> <span class='ocrx_word' id='word_1_242' title='bbox 555 3078 695 3135; x_wconf 90' lang='lat' dir='ltr'><strong>forte</strong></span> <span class='ocrx_word' id='word_1_243' title='bbox 728 3086 812 3135; x_wconf 91' lang='lat' dir='ltr'><strong>est</strong></span> <span class='ocrx_word' id='word_1_244' title='bbox 859 3078 914 3133; x_wconf 91' lang='lat' dir='ltr'><strong>in</strong></span> <span class='ocrx_word' id='word_1_245' title='bbox 941 3077 1125 3147; x_wconf 90' lang='lat' dir='ltr'><strong>januis</strong></span> <span class='ocrx_word' id='word_1_246' title='bbox 1154 3092 1292 3144; x_wconf 89' lang='lat' dir='ltr'><strong>esse,</strong></span> <span class='ocrx_word' id='word_1_247' title='bbox 1321 3093 1441 3133; x_wconf 91' lang='lat' dir='ltr'><strong>cum</strong></span> <span class='ocrx_word' id='word_1_248' title='bbox 1477 3079 1593 3134; x_wconf 81' lang='lat' dir='ltr'><strong>haec</strong></span> <span class='ocrx_word' id='word_1_249' title='bbox 1615 3093 1730 3134; x_wconf 89' lang='lat' dir='ltr'><strong>om-</strong></span> 
     </span>
    </p>
   </div>
   <div class='ocr_carea' id='block_1_31' title="bbox 154 3168 1731 3241">
    <p class='ocr_par' dir='ltr' id='par_1_31' title="bbox 154 3168 1731 3241">
     <span class='ocr_line' id='line_1_31' title="bbox 154 3168 1731 3241; baseline -0.001 -15"><span class='ocrx_word' id='word_1_250' title='bbox 154 3171 238 3227; x_wconf 92' lang='lat' dir='ltr'><strong>nia</strong></span> <span class='ocrx_word' id='word_1_251' title='bbox 263 3170 404 3226; x_wconf 87' lang='lat' dir='ltr'><strong>facta</strong></span> <span class='ocrx_word' id='word_1_252' title='bbox 444 3171 684 3236; x_wconf 79' lang='lat' dir='ltr'><strong>fuerint;</strong></span> <span class='ocrx_word' id='word_1_253' title='bbox 718 3169 845 3241; x_wconf 89' lang='lat' dir='ltr'><strong>quia</strong></span> <span class='ocrx_word' id='word_1_254' title='bbox 877 3177 1024 3234; x_wconf 91' lang='lat' dir='ltr'><strong>tunc,</strong></span> <span class='ocrx_word' id='word_1_255' title='bbox 1065 3184 1129 3224; x_wconf 89' lang='lat' dir='ltr'><strong>ac</strong></span> <span class='ocrx_word' id='word_1_256' title='bbox 1158 3170 1201 3223; x_wconf 89' lang='lat' dir='ltr'><strong>si</strong></span> <span class='ocrx_word' id='word_1_257' title='bbox 1234 3168 1288 3223; x_wconf 94' lang='lat' dir='ltr'><strong>in</strong></span> <span class='ocrx_word' id='word_1_258' title='bbox 1317 3168 1636 3235; x_wconf 90' lang='lat' dir='ltr'><strong>meditullio,</strong></span> <span class='ocrx_word' id='word_1_259' title='bbox 1676 3169 1731 3224; x_wconf 92' lang='lat' dir='ltr'><strong>id</strong></span> 
     </span>
    </p>
   </div>
   <div class='ocr_carea' id='block_1_32' title="bbox 153 3262 1730 3335">
    <p class='ocr_par' dir='ltr' id='par_1_32' title="bbox 153 3262 1730 3335">
     <span class='ocr_line' id='line_1_32' title="bbox 153 3262 1730 3335; baseline -0.002 -16"><span class='ocrx_word' id='word_1_260' title='bbox 153 3273 254 3330; x_wconf 88' lang='lat' dir='ltr'><strong>est,</strong></span> <span class='ocrx_word' id='word_1_261' title='bbox 302 3266 356 3320; x_wconf 92' lang='lat' dir='ltr'><strong>in</strong></span> <span class='ocrx_word' id='word_1_262' title='bbox 403 3264 589 3335; x_wconf 90' lang='lat' dir='ltr'><strong>januis</strong></span> <span class='ocrx_word' id='word_1_263' title='bbox 631 3264 817 3334; x_wconf 87' lang='lat' dir='ltr'><strong>positi,</strong></span> <span class='ocrx_word' id='word_1_264' title='bbox 859 3277 960 3318; x_wconf 88' lang='lat' dir='ltr'><strong>nec</strong></span> <span class='ocrx_word' id='word_1_265' title='bbox 1009 3265 1077 3318; x_wconf 92' lang='lat' dir='ltr'><strong>ad</strong></span> <span class='ocrx_word' id='word_1_266' title='bbox 1103 3262 1262 3317; x_wconf 89' lang='lat' dir='ltr'><strong>istam</strong></span> <span class='ocrx_word' id='word_1_267' title='bbox 1287 3262 1489 3328; x_wconf 87' lang='lat' dir='ltr'><strong>redire,</strong></span> <span class='ocrx_word' id='word_1_268' title='bbox 1520 3278 1622 3318; x_wconf 91' lang='lat' dir='ltr'><strong>nec</strong></span> <span class='ocrx_word' id='word_1_269' title='bbox 1662 3263 1730 3317; x_wconf 90' lang='lat' dir='ltr'><strong>ad</strong></span> 
     </span>
    </p>
   </div>
   <div class='ocr_carea' id='block_1_33' title="bbox 150 3354 1729 3429">
    <p class='ocr_par' dir='ltr' id='par_1_33' title="bbox 150 3354 1729 3429">
     <span class='ocr_line' id='line_1_33' title="bbox 150 3354 1729 3429; baseline -0.002 -17"><span class='ocrx_word' id='word_1_270' title='bbox 150 3357 290 3413; x_wconf 82' lang='lat' dir='ltr'><strong>illam</strong></span> <span class='ocrx_word' id='word_1_271' title='bbox 314 3359 630 3429; x_wconf 83' lang='lat' dir='ltr'><strong>pervenire,</strong></span> <span class='ocrx_word' id='word_1_272' title='bbox 683 3356 799 3412; x_wconf 92' lang='lat' dir='ltr'><strong>sine</strong></span> <span class='ocrx_word' id='word_1_273' title='bbox 828 3355 1010 3411; x_wconf 90' lang='lat' dir='ltr'><strong>divino</strong></span> <span class='ocrx_word' id='word_1_274' title='bbox 1043 3354 1292 3410; x_wconf 74' lang='lat' dir='ltr'><strong>examine</strong></span> <span class='ocrx_word' id='word_1_275' title='bbox 1318 3364 1538 3425; x_wconf 89' lang='lat' dir='ltr'><strong>queunt.</strong></span> <span class='ocrx_word' id='word_1_276' title='bbox 1577 3354 1729 3421; x_wconf 87' lang='lat' dir='ltr'><strong>Quod</strong></span> 
     </span>
    </p>
   </div>
   <div class='ocr_carea' id='block_1_34' title="bbox 148 3447 1732 3523">
    <p class='ocr_par' dir='ltr' id='par_1_34' title="bbox 148 3447 1732 3523">
     <span class='ocr_line' id='line_1_34' title="bbox 148 3447 1732 3523; baseline -0.003 -16"><span class='ocrx_word' id='word_1_277' title='bbox 148 3451 200 3507; x_wconf 72' lang='lat' dir='ltr'><strong>si</strong></span> <span class='ocrx_word' id='word_1_278' title='bbox 220 3453 412 3523; x_wconf 88' lang='lat' dir='ltr'><strong>aliquis</strong></span> <span class='ocrx_word' id='word_1_279' title='bbox 437 3468 537 3508; x_wconf 93' lang='lat' dir='ltr'><strong>nos</strong></span> <span class='ocrx_word' id='word_1_280' title='bbox 564 3458 848 3508; x_wconf 89' lang='lat' dir='ltr'><strong>coarctare</strong></span> <span class='ocrx_word' id='word_1_281' title='bbox 874 3448 1107 3504; x_wconf 92' lang='lat' dir='ltr'><strong>voluerit</strong></span> <span class='ocrx_word' id='word_1_282' title='bbox 1142 3449 1210 3502; x_wconf 90' lang='lat' dir='ltr'><strong>de</strong></span> <span class='ocrx_word' id='word_1_283' title='bbox 1237 3447 1366 3503; x_wconf 91' lang='lat' dir='ltr'><strong>solis</strong></span> <span class='ocrx_word' id='word_1_284' title='bbox 1402 3447 1600 3502; x_wconf 68' lang='lat' dir='ltr'><strong>Judaais</strong></span> <span class='ocrx_word' id='word_1_285' title='bbox 1629 3448 1732 3502; x_wconf 91' lang='lat' dir='ltr'><strong>hoc</strong></span> 
     </span>
    </p>
   </div>
   <div class='ocr_carea' id='block_1_35' title="bbox 149 3539 1733 3615">
    <p class='ocr_par' dir='ltr' id='par_1_35' title="bbox 149 3539 1733 3615">
     <span class='ocr_line' id='line_1_35' title="bbox 149 3539 1733 3615; baseline -0.006 -12"><span class='ocrx_word' id='word_1_286' title='bbox 149 3547 386 3613; x_wconf 82' lang='lat' dir='ltr'><strong>dictum,</strong></span> <span class='ocrx_word' id='word_1_287' title='bbox 409 3546 621 3601; x_wconf 85' lang='lat' dir='ltr'><strong>noverit</strong></span> <span class='ocrx_word' id='word_1_288' title='bbox 660 3544 787 3615; x_wconf 89' lang='lat' dir='ltr'><strong>quia</strong></span> <span class='ocrx_word' id='word_1_289' title='bbox 825 3549 881 3597; x_wconf 90' lang='lat' dir='ltr'><strong>et</strong></span> <span class='ocrx_word' id='word_1_290' title='bbox 924 3542 1040 3612; x_wconf 88' lang='lat' dir='ltr'><strong>ipsa</strong></span> <span class='ocrx_word' id='word_1_291' title='bbox 1065 3541 1234 3606; x_wconf 92' lang='lat' dir='ltr'><strong>natio,</strong></span> <span class='ocrx_word' id='word_1_292' title='bbox 1259 3540 1347 3595; x_wconf 91' lang='lat' dir='ltr'><strong>ubi</strong></span> <span class='ocrx_word' id='word_1_293' title='bbox 1381 3539 1465 3594; x_wconf 88' lang='lat' dir='ltr'><strong>vel</strong></span> <span class='ocrx_word' id='word_1_294' title='bbox 1492 3539 1604 3604; x_wconf 91' lang='lat' dir='ltr'><strong>ubi,</strong></span> <span class='ocrx_word' id='word_1_295' title='bbox 1629 3539 1733 3594; x_wconf 84' lang='lat' dir='ltr'><strong>etsi</strong></span> 
     </span>
    </p>
   </div>
   <div class='ocr_carea' id='block_1_36' title="bbox 153 3631 1730 3707">
    <p class='ocr_par' dir='ltr' id='par_1_36' title="bbox 153 3631 1730 3707">
     <span class='ocr_line' id='line_1_36' title="bbox 153 3631 1730 3707; baseline -0.004 -14"><span class='ocrx_word' id='word_1_296' title='bbox 153 3637 419 3707; x_wconf 79' lang='lat' dir='ltr'><strong>dispersa,</strong></span> <span class='ocrx_word' id='word_1_297' title='bbox 449 3636 621 3692; x_wconf 79' lang='lat' dir='ltr'><strong>adhuc</strong></span> <span class='ocrx_word' id='word_1_298' title='bbox 665 3632 924 3688; x_wconf 88' lang='lat' dir='ltr'><strong>manebit.</strong></span> <span class='ocrx_word' id='word_1_299' title='bbox 976 3633 1052 3686; x_wconf 90' lang='lat' dir='ltr'><strong>De</strong></span> <span class='ocrx_word' id='word_1_300' title='bbox 1081 3646 1190 3702; x_wconf 90' lang='lat' dir='ltr'><strong>qua</strong></span> <span class='ocrx_word' id='word_1_301' title='bbox 1237 3631 1456 3702; x_wconf 89' lang='lat' dir='ltr'><strong>quidam</strong></span> <span class='ocrx_word' id='word_1_302' title='bbox 1510 3632 1730 3686; x_wconf 85' lang='lat' dir='ltr'><strong>firmare</strong></span> 
     </span>
    </p>
   </div>
   <div class='ocr_carea' id='block_1_37' title="bbox 153 3711 1732 3798">
    <p class='ocr_par' dir='ltr' id='par_1_37' title="bbox 153 3711 1732 3798">
     <span class='ocr_line' id='line_1_37' title="bbox 153 3711 1732 3798; baseline -0.005 -14"><span class='ocrx_word' id='word_1_303' title='bbox 153 3737 421 3784; x_wconf 87' lang='lat' dir='ltr'><strong>conantur</strong></span> <span class='ocrx_word' id='word_1_304' title='bbox 439 3729 489 3782; x_wconf 92' lang='lat' dir='ltr'><strong>in</strong></span> <span class='ocrx_word' id='word_1_305' title='bbox 516 3726 906 3798; x_wconf 69' lang='lat' dir='ltr'><strong>pmdicatione</strong></span> <span class='ocrx_word' id='word_1_306' title='bbox 931 3724 1063 3780; x_wconf 66' lang='lat' dir='ltr'><strong>Elite</strong></span> <span class='ocrx_word' id='word_1_307' title='bbox 1092 3711 1149 3778; x_wconf 86' lang='lat' dir='ltr'><strong>et</strong></span> <span class='ocrx_word' id='word_1_308' title='bbox 1191 3722 1401 3787; x_wconf 86' lang='lat' dir='ltr'><strong>Enoch,</strong></span> <span class='ocrx_word' id='word_1_309' title='bbox 1435 3722 1575 3792; x_wconf 87' lang='lat' dir='ltr'><strong>quod</strong></span> <span class='ocrx_word' id='word_1_310' title='bbox 1604 3738 1732 3777; x_wconf 90' lang='lat' dir='ltr'><strong>cen-</strong></span> 
     </span>
    </p>
   </div>
   <div class='ocr_carea' id='block_1_38' title="bbox 148 3814 1735 3891">
    <p class='ocr_par' dir='ltr' id='par_1_38' title="bbox 148 3814 1735 3891">
     <span class='ocr_line' id='line_1_38' title="bbox 148 3814 1735 3891; baseline -0.004 -16"><span class='ocrx_word' id='word_1_311' title='bbox 148 3828 267 3875; x_wconf 82' lang='lat' dir='ltr'><strong>tum</strong></span> <span class='ocrx_word' id='word_1_312' title='bbox 309 3821 662 3891; x_wconf 86' lang='lat' dir='ltr'><strong>quadraginta</strong></span> <span class='ocrx_word' id='word_1_313' title='bbox 692 3825 927 3888; x_wconf 90' lang='lat' dir='ltr'><strong>quatuor</strong></span> <span class='ocrx_word' id='word_1_314' title='bbox 976 3815 1144 3871; x_wconf 91' lang='lat' dir='ltr'><strong>millia</strong></span> <span class='ocrx_word' id='word_1_315' title='bbox 1197 3830 1264 3871; x_wconf 85' lang='lat' dir='ltr'><strong>ex</strong></span> <span class='ocrx_word' id='word_1_316' title='bbox 1291 3814 1540 3870; x_wconf 90' lang='lat' dir='ltr'><strong>omnibus</strong></span> <span class='ocrx_word' id='word_1_317' title='bbox 1567 3815 1735 3869; x_wconf 87' lang='lat' dir='ltr'><strong>tribu-</strong></span> 
     </span>
    </p>
   </div>
   <div class='ocr_carea' id='block_1_39' title="bbox 145 3906 1734 3984">
    <p class='ocr_par' dir='ltr' id='par_1_39' title="bbox 145 3906 1734 3984">
     <span class='ocr_line' id='line_1_39' title="bbox 145 3906 1734 3984; baseline -0.003 -18"><span class='ocrx_word' id='word_1_318' title='bbox 145 3911 274 3978; x_wconf 77' lang='lat' dir='ltr'><strong>.bus,</strong></span> <span class='ocrx_word' id='word_1_319' title='bbox 299 3911 491 3984; x_wconf 87' lang='lat' dir='ltr'><strong>signati</strong></span> <span class='ocrx_word' id='word_1_320' title='bbox 533 3912 691 3981; x_wconf 84' lang='lat' dir='ltr'><strong>signo</strong></span> <span class='ocrx_word' id='word_1_321' title='bbox 722 3909 927 3974; x_wconf 90' lang='lat' dir='ltr'><strong>crucis,</strong></span> <span class='ocrx_word' id='word_1_322' title='bbox 963 3917 1018 3963; x_wconf 90' lang='lat' dir='ltr'><strong>et</strong></span> <span class='ocrx_word' id='word_1_323' title='bbox 1061 3923 1128 3963; x_wconf 80' lang='lat' dir='ltr'><strong>ex</strong></span> <span class='ocrx_word' id='word_1_324' title='bbox 1179 3907 1433 3962; x_wconf 89' lang='lat' dir='ltr'><strong>omnibus</strong></span> <span class='ocrx_word' id='word_1_325' title='bbox 1481 3906 1734 3978; x_wconf 86' lang='lat' dir='ltr'><strong>gentibus</strong></span> 
     </span>
    </p>
   </div>
   <div class='ocr_carea' id='block_1_40' title="bbox 144 3998 1735 4076">
    <p class='ocr_par' dir='ltr' id='par_1_40' title="bbox 144 3998 1735 4076">
     <span class='ocr_line' id='line_1_40' title="bbox 144 3998 1735 4076; baseline -0.003 -16"><span class='ocrx_word' id='word_1_326' title='bbox 144 4006 420 4076; x_wconf 77' lang='lat' dir='ltr'><strong>aggregati</strong></span> <span class='ocrx_word' id='word_1_327' title='bbox 461 4005 518 4060; x_wconf 90' lang='lat' dir='ltr'><strong>in</strong></span> <span class='ocrx_word' id='word_1_328' title='bbox 576 4003 778 4069; x_wconf 70' lang='lat' dir='ltr'><strong>ludam,</strong></span> <span class='ocrx_word' id='word_1_329' title='bbox 827 4003 1051 4058; x_wconf 90' lang='lat' dir='ltr'><strong>credere</strong></span> <span class='ocrx_word' id='word_1_330' title='bbox 1091 4001 1341 4056; x_wconf 89' lang='lat' dir='ltr'><strong>debeant.</strong></span> <span class='ocrx_word' id='word_1_331' title='bbox 1384 3998 1584 4070; x_wconf 90' lang='lat' dir='ltr'><strong>Sicque</strong></span> <span class='ocrx_word' id='word_1_332' title='bbox 1634 4015 1735 4056; x_wconf 91' lang='lat' dir='ltr'><strong>nec</strong></span> 
     </span>
    </p>
   </div>
   <div class='ocr_carea' id='block_1_41' title="bbox 145 4092 1738 4164">
    <p class='ocr_par' dir='ltr' id='par_1_41' title="bbox 145 4092 1738 4164">
     <span class='ocr_line' id='line_1_41' title="bbox 145 4092 1738 4164; baseline -0.001 -16"><span class='ocrx_word' id='word_1_333' title='bbox 145 4095 292 4164; x_wconf 67' lang='lat' dir='ltr'><strong>ipsa,</strong></span> <span class='ocrx_word' id='word_1_334' title='bbox 318 4112 412 4152; x_wconf 91' lang='lat' dir='ltr'><strong>nec</strong></span> <span class='ocrx_word' id='word_1_335' title='bbox 440 4109 791 4152; x_wconf 86' lang='lat' dir='ltr'><strong>successores</strong></span> <span class='ocrx_word' id='word_1_336' title='bbox 819 4109 1008 4151; x_wconf 89' lang='lat' dir='ltr'><strong>eorum</strong></span> <span class='ocrx_word' id='word_1_337' title='bbox 1040 4134 1054 4158; x_wconf 94' lang='lat'><strong>,</strong></span> <span class='ocrx_word' id='word_1_338' title='bbox 1088 4108 1189 4149; x_wconf 91' lang='lat' dir='ltr'><strong>nec</strong></span> <span class='ocrx_word' id='word_1_339' title='bbox 1216 4093 1306 4162; x_wconf 90' lang='lat' dir='ltr'><strong>qui</strong></span> <span class='ocrx_word' id='word_1_340' title='bbox 1353 4092 1405 4146; x_wconf 95' lang='lat' dir='ltr'><strong>in</strong></span> <span class='ocrx_word' id='word_1_341' title='bbox 1453 4107 1614 4148; x_wconf 89' lang='lat' dir='ltr'><strong>carne</strong></span> <span class='ocrx_word' id='word_1_342' title='bbox 1656 4092 1738 4146; x_wconf 91' lang='lat' dir='ltr'><strong>in-</strong></span> 
     </span>
    </p>
   </div>
   <div class='ocr_carea' id='block_1_42' title="bbox 147 4183 1731 4255">
    <p class='ocr_par' dir='ltr' id='par_1_42' title="bbox 147 4183 1731 4255">
     <span class='ocr_line' id='line_1_42' title="bbox 147 4183 1731 4255; baseline -0.001 -17"><span class='ocrx_word' id='word_1_343' title='bbox 147 4188 298 4242; x_wconf 82' lang='lat' dir='ltr'><strong>venti</strong></span> <span class='ocrx_word' id='word_1_344' title='bbox 334 4188 553 4255; x_wconf 82' lang='lat' dir='ltr'><strong>fuerint,</strong></span> <span class='ocrx_word' id='word_1_345' title='bbox 589 4186 659 4243; x_wconf 88' lang='lat' dir='ltr'><strong>ad</strong></span> <span class='ocrx_word' id='word_1_346' title='bbox 701 4186 853 4242; x_wconf 91' lang='lat' dir='ltr'><strong>illum</strong></span> <span class='ocrx_word' id='word_1_347' title='bbox 893 4184 1149 4241; x_wconf 75' lang='lat' dir='ltr'><strong>saeculum</strong></span> <span class='ocrx_word' id='word_1_348' title='bbox 1197 4183 1351 4254; x_wconf 92' lang='lat' dir='ltr'><strong>prius</strong></span> <span class='ocrx_word' id='word_1_349' title='bbox 1402 4183 1731 4247; x_wconf 88' lang='lat' dir='ltr'><strong>transibunt,</strong></span> 
     </span>
    </p>
   </div>
   <div class='ocr_carea' id='block_1_43' title="bbox 139 4276 1738 4363">
    <p class='ocr_par' dir='ltr' id='par_1_43' title="bbox 139 4276 1738 4363">
     <span class='ocr_line' id='line_1_43' title="bbox 139 4276 1738 4363; baseline -0.003 -29"><span class='ocrx_word' id='word_1_350' title='bbox 139 4295 311 4363; x_wconf 62' lang='lat' dir='ltr'><strong>qnam</strong></span> <span class='ocrx_word' id='word_1_351' title='bbox 333 4283 450 4339; x_wconf 62' lang='lat' dir='ltr'><strong>hac</strong></span> <span class='ocrx_word' id='word_1_352' title='bbox 478 4282 664 4338; x_wconf 89' lang='lat' dir='ltr'><strong>omnia</strong></span> <span class='ocrx_word' id='word_1_353' title='bbox 691 4282 845 4336; x_wconf 88' lang='lat' dir='ltr'><strong>tlant.</strong></span> <span class='ocrx_word' id='word_1_354' title='bbox 880 4279 1034 4336; x_wconf 90' lang='lat' dir='ltr'><strong>Tunc</strong></span> <span class='ocrx_word' id='word_1_355' title='bbox 1056 4277 1101 4333; x_wconf 91' lang='lat' dir='ltr'><strong>si</strong></span> <span class='ocrx_word' id='word_1_356' title='bbox 1126 4277 1362 4348; x_wconf 88' lang='lat' dir='ltr'><strong>quidem,</strong></span> <span class='ocrx_word' id='word_1_357' title='bbox 1410 4276 1496 4331; x_wconf 93' lang='lat' dir='ltr'><strong>his</strong></span> <span class='ocrx_word' id='word_1_358' title='bbox 1531 4277 1605 4330; x_wconf 91' lang='lat' dir='ltr'><strong>ita</strong></span> <span class='ocrx_word' id='word_1_359' title='bbox 1630 4291 1738 4361; x_wconf 38' lang='grc' dir='ltr'><strong>,θι-</strong></span> 
     </span>
    </p>
   </div>
   <div class='ocr_carea' id='block_1_44' title="bbox 138 4366 1731 4451">
    <p class='ocr_par' dir='ltr' id='par_1_44' title="bbox 138 4366 1731 4451">
     <span class='ocr_line' id='line_1_44' title="bbox 138 4366 1731 4451; baseline -0.007 -22"><span class='ocrx_word' id='word_1_360' title='bbox 138 4369 365 4451; x_wconf 60' lang='grc' dir='ltr'><strong>ρῐίείζθὶς,</strong></span> <span class='ocrx_word' id='word_1_361' title='bbox 392 4371 735 4442; x_wconf 75' lang='lat' dir='ltr'><strong>utprzedicta</strong></span> <span class='ocrx_word' id='word_1_362' title='bbox 763 4379 908 4436; x_wconf 87' lang='lat' dir='ltr'><strong>sunt,</strong></span> <span class='ocrx_word' id='word_1_363' title='bbox 959 4367 1313 4439; x_wconf 85' lang='lat' dir='ltr'><strong>praeteribunt</strong></span> <span class='ocrx_word' id='word_1_364' title='bbox 1351 4367 1548 4437; x_wconf 87' lang='lat' dir='ltr'><strong>singuli</strong></span> <span class='ocrx_word' id='word_1_365' title='bbox 1576 4366 1731 4437; x_wconf 79' lang='lat' dir='ltr'><strong>juxta</strong></span> 
     </span>
    </p>
   </div>
   <div class='ocr_carea' id='block_1_45' title="bbox 139 4458 1734 4536">
    <p class='ocr_par' dir='ltr' id='par_1_45' title="bbox 139 4458 1734 4536">
     <span class='ocr_line' id='line_1_45' title="bbox 139 4458 1734 4536; baseline -0.004 -16"><span class='ocrx_word' id='word_1_366' title='bbox 139 4479 467 4536; x_wconf 60' lang='lat' dir='ltr'><strong>mel-nonin</strong></span> <span class='ocrx_word' id='word_1_367' title='bbox 494 4479 720 4520; x_wconf 84' lang='lat' dir='ltr'><strong>suorum</strong></span> <span class='ocrx_word' id='word_1_368' title='bbox 779 4463 942 4529; x_wconf 90' lang='lat' dir='ltr'><strong>facta,</strong></span> <span class='ocrx_word' id='word_1_369' title='bbox 985 4462 1053 4516; x_wconf 91' lang='lat' dir='ltr'><strong>ad</strong></span> <span class='ocrx_word' id='word_1_370' title='bbox 1093 4475 1189 4516; x_wconf 87' lang='lat' dir='ltr'><strong>sua</strong></span> <span class='ocrx_word' id='word_1_371' title='bbox 1235 4458 1364 4514; x_wconf 93' lang='lat' dir='ltr'><strong>olim</strong></span> <span class='ocrx_word' id='word_1_372' title='bbox 1413 4458 1516 4514; x_wconf 90' lang='lat' dir='ltr'><strong>sibi</strong></span> <span class='ocrx_word' id='word_1_373' title='bbox 1560 4458 1674 4513; x_wconf 91' lang='lat' dir='ltr'><strong>loca</strong></span> <span class='ocrx_word' id='word_1_374' title='bbox 1703 4474 1734 4513; x_wconf 91' lang='lat' dir='ltr'><strong>a</strong></span> 
     </span>
    </p>
   </div>
   <div class='ocr_carea' id='block_1_46' title="bbox 138 4556 1241 4648">
    <p class='ocr_par' dir='ltr' id='par_1_46' title="bbox 138 4556 1241 4648">
     <span class='ocr_line' id='line_1_46' title="bbox 138 4556 1241 4648; baseline -0.011 -27"><span class='ocrx_word' id='word_1_375' title='bbox 138 4567 354 4632; x_wconf 68' lang='lat' dir='ltr'><strong>Domino</strong></span> <span class='ocrx_word' id='word_1_376' title='bbox 383 4568 734 4648; x_wconf 51' lang='grc' dir='ltr'><strong>νεῖμε-διδ.</strong></span> <span class='ocrx_word' id='word_1_377' title='bbox 767 4558 922 4616; x_wconf 86' lang='lat' dir='ltr'><strong>Unde</strong></span> <span class='ocrx_word' id='word_1_378' title='bbox 953 4556 1201 4627; x_wconf 89' lang='lat' dir='ltr'><strong>sequitur</strong></span> <span class='ocrx_word' id='word_1_379' title='bbox 1227 4571 1241 4609; x_wconf 90' lang='lat'><strong>:</strong></span> 
     </span>
    </p>
   </div>
   <div class='ocr_carea' id='block_1_47' title="bbox 205 4648 1737 4724">
    <p class='ocr_par' dir='ltr' id='par_1_47' title="bbox 205 4648 1737 4724">
     <span class='ocr_line' id='line_1_47' title="bbox 205 4648 1737 4724; baseline -0.007 -12"><span class='ocrx_word' id='word_1_380' title='bbox 205 4667 393 4723; x_wconf 56' lang='lat' dir='ltr'><strong>cuum</strong></span> <span class='ocrx_word' id='word_1_381' title='bbox 432 4679 482 4724; x_wconf 69' lang='grc' dir='ltr'><strong>ει</strong></span> <span class='ocrx_word' id='word_1_382' title='bbox 542 4661 686 4708; x_wconf 85' lang='lat' dir='ltr'><strong>terra</strong></span> <span class='ocrx_word' id='word_1_383' title='bbox 727 4650 1052 4715; x_wconf 73' lang='lat' dir='ltr'><strong>transibunt,</strong></span> <span class='ocrx_word' id='word_1_384' title='bbox 1090 4648 1242 4703; x_wconf 88' lang='lat' dir='ltr'><strong>verba</strong></span> <span class='ocrx_word' id='word_1_385' title='bbox 1285 4659 1460 4702; x_wconf 87' lang='lat' dir='ltr'><strong>autem</strong></span> <span class='ocrx_word' id='word_1_386' title='bbox 1497 4663 1612 4702; x_wconf 86' lang='lat' dir='ltr'><strong>mea</strong></span> <span class='ocrx_word' id='word_1_387' title='bbox 1636 4664 1737 4702; x_wconf 86' lang='lat' dir='ltr'><strong>non</strong></span> 
     </span>
    </p>
   </div>
   <div class='ocr_carea' id='block_1_48' title="bbox 135 4743 1740 4833">
    <p class='ocr_par' dir='ltr' id='par_1_48' title="bbox 135 4743 1740 4833">
     <span class='ocr_line' id='line_1_48' title="bbox 135 4743 1740 4833; baseline -0.004 -28"><span class='ocrx_word' id='word_1_388' title='bbox 135 4763 398 4818; x_wconf 49' lang='lat' dir='ltr'><strong>(ramum.</strong></span> <span class='ocrx_word' id='word_1_389' title='bbox 456 4761 732 4833; x_wconf 48' lang='lat' dir='ltr'><strong>congrue</strong></span> <span class='ocrx_word' id='word_1_390' title='bbox 770 4746 909 4803; x_wconf 83' lang='lat' dir='ltr'><strong>satis</strong></span> <span class='ocrx_word' id='word_1_391' title='bbox 949 4746 1150 4800; x_wconf 88' lang='lat' dir='ltr'><strong>dictum</strong></span> <span class='ocrx_word' id='word_1_392' title='bbox 1202 4753 1304 4809; x_wconf 89' lang='lat' dir='ltr'><strong>est,</strong></span> <span class='ocrx_word' id='word_1_393' title='bbox 1355 4751 1415 4797; x_wconf 94' lang='lat' dir='ltr'><strong>ut</strong></span> <span class='ocrx_word' id='word_1_394' title='bbox 1463 4743 1740 4799; x_wconf 86' lang='lat' dir='ltr'><strong>translatis</strong></span> 
     </span>
    </p>
   </div>
   <div class='ocr_carea' id='block_1_49' title="bbox 137 4835 1736 4920">
    <p class='ocr_par' dir='ltr' id='par_1_49' title="bbox 137 4835 1736 4920">
     <span class='ocr_line' id='line_1_49' title="bbox 137 4835 1736 4920; baseline -0.004 -24"><span class='ocrx_word' id='word_1_395' title='bbox 137 4845 522 4910; x_wconf 55' lang='lat' dir='ltr'><strong>habitatoribus</strong></span> <span class='ocrx_word' id='word_1_396' title='bbox 549 4895 566 4920; x_wconf 58' lang='lat'><strong>,</strong></span> <span class='ocrx_word' id='word_1_397' title='bbox 598 4840 686 4910; x_wconf 64' lang='lat' dir='ltr'><strong>au‘</strong></span> <span class='ocrx_word' id='word_1_398' title='bbox 719 4839 971 4894; x_wconf 78' lang='lat' dir='ltr'><strong>ultimum</strong></span> <span class='ocrx_word' id='word_1_399' title='bbox 1008 4835 1371 4892; x_wconf 79' lang='lat' dir='ltr'><strong>transferatur</strong></span> <span class='ocrx_word' id='word_1_400' title='bbox 1400 4843 1454 4890; x_wconf 90' lang='lat' dir='ltr'><strong>et</strong></span> <span class='ocrx_word' id='word_1_401' title='bbox 1503 4837 1618 4905; x_wconf 90' lang='lat' dir='ltr'><strong>ipsa</strong></span> <span class='ocrx_word' id='word_1_402' title='bbox 1643 4835 1736 4890; x_wconf 90' lang='lat' dir='ltr'><strong>do-</strong></span> 
     </span>
    </p>
   </div>
   <div class='ocr_carea' id='block_1_50' title="bbox 136 4928 1734 5016">
    <p class='ocr_par' dir='ltr' id='par_1_50' title="bbox 136 4928 1734 5016">
     <span class='ocr_line' id='line_1_50' title="bbox 136 4928 1734 5016; baseline -0.007 -25"><span class='ocrx_word' id='word_1_403' title='bbox 136 4951 273 4996; x_wconf 84' lang='lat' dir='ltr'><strong>mus.</strong></span> <span class='ocrx_word' id='word_1_404' title='bbox 305 4944 407 5000; x_wconf 76' lang='lat' dir='ltr'><strong>sed</strong></span> <span class='ocrx_word' id='word_1_405' title='bbox 441 4946 594 5016; x_wconf 67' lang='lat' dir='ltr'><strong>prius</strong></span> <span class='ocrx_word' id='word_1_406' title='bbox 622 4939 786 5001; x_wconf 45' lang='lat' dir='ltr'><strong>forte</strong></span> <span class='ocrx_word' id='word_1_407' title='bbox 801 4930 1072 4999; x_wconf 72' lang='lat' dir='ltr'><strong>judicium</strong></span> <span class='ocrx_word' id='word_1_408' title='bbox 1093 4929 1202 4984; x_wconf 90' lang='lat' dir='ltr'><strong>erit</strong></span> <span class='ocrx_word' id='word_1_409' title='bbox 1246 4928 1300 4982; x_wconf 92' lang='lat' dir='ltr'><strong>in</strong></span> <span class='ocrx_word' id='word_1_410' title='bbox 1339 4928 1579 4998; x_wconf 88' lang='lat' dir='ltr'><strong>quolibet</strong></span> <span class='ocrx_word' id='word_1_411' title='bbox 1609 4942 1734 4998; x_wconf 80' lang='lat' dir='ltr'><strong>Spa-</strong></span> 
     </span>
    </p>
   </div>
   <div class='ocr_carea' id='block_1_51' title="bbox 137 5018 1736 5106">
    <p class='ocr_par' dir='ltr' id='par_1_51' title="bbox 137 5018 1736 5106">
     <span class='ocr_line' id='line_1_51' title="bbox 137 5018 1736 5106; baseline -0.009 -20"><span class='ocrx_word' id='word_1_412' title='bbox 137 5029 212 5086; x_wconf 70' lang='lat' dir='ltr'><strong>tio</strong></span> <span class='ocrx_word' id='word_1_413' title='bbox 242 5037 494 5106; x_wconf 84' lang='lat' dir='ltr'><strong>temporis</strong></span> <span class='ocrx_word' id='word_1_414' title='bbox 530 5036 613 5092; x_wconf 85' lang='lat' dir='ltr'><strong>vel</strong></span> <span class='ocrx_word' id='word_1_415' title='bbox 643 5031 946 5092; x_wconf 42' lang='lat' dir='ltr'><strong>momento</strong></span> <span class='ocrx_word' id='word_1_416' title='bbox 975 5038 990 5087; x_wconf 91' lang='lat'><strong>;</strong></span> <span class='ocrx_word' id='word_1_417' title='bbox 1043 5030 1098 5076; x_wconf 87' lang='lat' dir='ltr'><strong>et</strong></span> <span class='ocrx_word' id='word_1_418' title='bbox 1133 5029 1261 5075; x_wconf 87' lang='lat' dir='ltr'><strong>tunc</strong></span> <span class='ocrx_word' id='word_1_419' title='bbox 1289 5018 1472 5073; x_wconf 67' lang='lat' dir='ltr'><strong>(telum</strong></span> <span class='ocrx_word' id='word_1_420' title='bbox 1510 5028 1557 5072; x_wconf 86' lang='lat' dir='ltr'><strong>et</strong></span> <span class='ocrx_word' id='word_1_421' title='bbox 1597 5026 1736 5071; x_wconf 87' lang='lat' dir='ltr'><strong>terra</strong></span> 
     </span>
    </p>
   </div>
   <div class='ocr_carea' id='block_1_52' title="bbox 137 5108 1739 5194">
    <p class='ocr_par' dir='ltr' id='par_1_52' title="bbox 137 5108 1739 5194">
     <span class='ocr_line' id='line_1_52' title="bbox 137 5108 1739 5194; baseline -0.004 -24"><span class='ocrx_word' id='word_1_422' title='bbox 137 5126 446 5194; x_wconf 71' lang='lat' dir='ltr'><strong>transibunt,</strong></span> <span class='ocrx_word' id='word_1_423' title='bbox 481 5144 589 5184; x_wconf 92' lang='lat' dir='ltr'><strong>non</strong></span> <span class='ocrx_word' id='word_1_424' title='bbox 631 5136 688 5183; x_wconf 76' lang='lat' dir='ltr'><strong>ut</strong></span> <span class='ocrx_word' id='word_1_425' title='bbox 725 5143 832 5184; x_wconf 78' lang='lat' dir='ltr'><strong>non</strong></span> <span class='ocrx_word' id='word_1_426' title='bbox 894 5113 1029 5179; x_wconf 70' lang='lat' dir='ltr'><strong>sint,</strong></span> <span class='ocrx_word' id='word_1_427' title='bbox 1079 5111 1172 5166; x_wconf 85' lang='lat' dir='ltr'><strong>sed</strong></span> <span class='ocrx_word' id='word_1_428' title='bbox 1206 5119 1265 5166; x_wconf 91' lang='lat' dir='ltr'><strong>ut</strong></span> <span class='ocrx_word' id='word_1_429' title='bbox 1301 5111 1409 5164; x_wconf 86' lang='lat' dir='ltr'><strong>sint</strong></span> <span class='ocrx_word' id='word_1_430' title='bbox 1443 5111 1493 5162; x_wconf 93' lang='lat' dir='ltr'><strong>in</strong></span> <span class='ocrx_word' id='word_1_431' title='bbox 1527 5108 1739 5172; x_wconf 86' lang='lat' dir='ltr'><strong>melius,</strong></span> 
     </span>
    </p>
   </div>
   <div class='ocr_carea' id='block_1_53' title="bbox 136 5201 1742 5288">
    <p class='ocr_par' dir='ltr' id='par_1_53' title="bbox 136 5201 1742 5288">
     <span class='ocr_line' id='line_1_53' title="bbox 136 5201 1742 5288; baseline -0.009 -19"><span class='ocrx_word' id='word_1_432' title='bbox 136 5215 323 5273; x_wconf 66' lang='lat' dir='ltr'><strong>malum</strong></span> <span class='ocrx_word' id='word_1_433' title='bbox 351 5236 574 5288; x_wconf 88' lang='lat' dir='ltr'><strong>novum,</strong></span> <span class='ocrx_word' id='word_1_434' title='bbox 612 5229 666 5276; x_wconf 88' lang='lat' dir='ltr'><strong>et</strong></span> <span class='ocrx_word' id='word_1_435' title='bbox 711 5230 856 5276; x_wconf 71' lang='lat' dir='ltr'><strong>terra</strong></span> <span class='ocrx_word' id='word_1_436' title='bbox 928 5220 1096 5270; x_wconf 64' lang='lat' dir='ltr'><strong>nava,</strong></span> <span class='ocrx_word' id='word_1_437' title='bbox 1127 5212 1187 5258; x_wconf 93' lang='lat' dir='ltr'><strong>ut</strong></span> <span class='ocrx_word' id='word_1_438' title='bbox 1225 5201 1580 5258; x_wconf 78' lang='lat' dir='ltr'><strong>transferendi</strong></span> <span class='ocrx_word' id='word_1_439' title='bbox 1614 5202 1742 5264; x_wconf 90' lang='lat' dir='ltr'><strong>sint,</strong></span> 
     </span>
    </p>
   </div>
   <div class='ocr_carea' id='block_1_54' title="bbox 134 5291 1747 5375">
    <p class='ocr_par' dir='ltr' id='par_1_54' title="bbox 134 5291 1747 5375">
     <span class='ocr_line' id='line_1_54' title="bbox 134 5291 1747 5375; baseline -0.002 -14"><span class='ocrx_word' id='word_1_440' title='bbox 134 5307 228 5375; x_wconf 85' lang='lat' dir='ltr'><strong>qui</strong></span> <span class='ocrx_word' id='word_1_441' title='bbox 248 5308 510 5366; x_wconf 88' lang='lat' dir='ltr'><strong>immutati</strong></span> <span class='ocrx_word' id='word_1_442' title='bbox 553 5310 753 5367; x_wconf 90' lang='lat' dir='ltr'><strong>fuerint</strong></span> <span class='ocrx_word' id='word_1_443' title='bbox 793 5321 850 5368; x_wconf 88' lang='lat' dir='ltr'><strong>et</strong></span> <span class='ocrx_word' id='word_1_444' title='bbox 881 5294 1234 5368; x_wconf 63' lang='lat' dir='ltr'><strong>in‘mp‘i-</strong></span> <span class='ocrx_word' id='word_1_445' title='bbox 1273 5293 1424 5348; x_wconf 69' lang='lat' dir='ltr'><strong>Unde</strong></span> <span class='ocrx_word' id='word_1_446' title='bbox 1461 5301 1516 5348; x_wconf 70' lang='grc' dir='ltr'>ει</span> <span class='ocrx_word' id='word_1_447' title='bbox 1563 5291 1747 5347; x_wconf 71' lang='lat' dir='ltr'><strong>00mi-</strong></span> 
     </span>
    </p>
   </div>
   <div class='ocr_carea' id='block_1_55' title="bbox 133 5384 1749 5476">
    <p class='ocr_par' dir='ltr' id='par_1_55' title="bbox 133 5384 1749 5476">
     <span class='ocr_line' id='line_1_55' title="bbox 133 5384 1749 5476; baseline 0 -23"><span class='ocrx_word' id='word_1_448' title='bbox 133 5406 238 5454; x_wconf 79' lang='lat' dir='ltr'><strong>nus</strong></span> <span class='ocrx_word' id='word_1_449' title='bbox 268 5403 318 5457; x_wconf 92' lang='lat' dir='ltr'><strong>in</strong></span> <span class='ocrx_word' id='word_1_450' title='bbox 347 5404 673 5476; x_wconf 83' lang='lat' dir='ltr'><strong>Apocalypsi</strong></span> <span class='ocrx_word' id='word_1_451' title='bbox 697 5403 920 5460; x_wconf 82' lang='lat' dir='ltr'><strong>Joannis</strong></span> <span class='ocrx_word' id='word_1_452' title='bbox 955 5423 968 5459; x_wconf 90' lang='lat'><strong>:</strong></span> <span class='ocrx_word' id='word_1_453' title='bbox 1026 5387 1170 5444; x_wconf 74' lang='grc' dir='ltr'><strong>Εοεε</strong></span> <span class='ocrx_word' id='word_1_454' title='bbox 1206 5387 1372 5456; x_wconf 67' lang='grc' dir='ltr'><strong>Ῑαείον</strong></span> <span class='ocrx_word' id='word_1_455' title='bbox 1397 5384 1592 5454; x_wconf 67' lang='grc' dir='ltr'><strong>ίιιίιυῖιν</strong></span> <span class='ocrx_word' id='word_1_456' title='bbox 1637 5400 1749 5437; x_wconf 75' lang='grc' dir='ltr'><strong>σιη-</strong></span> 
     </span>
    </p>
   </div>
   <div class='ocr_carea' id='block_1_56' title="bbox 133 5477 1748 5570">
    <p class='ocr_par' dir='ltr' id='par_1_56' title="bbox 133 5477 1748 5570">
     <span class='ocr_line' id='line_1_56' title="bbox 133 5477 1748 5570; baseline -0.007 -27"><span class='ocrx_word' id='word_1_457' title='bbox 133 5491 227 5546; x_wconf 66' lang='lat' dir='ltr'><strong>nia</strong></span> <span class='ocrx_word' id='word_1_458' title='bbox 255 5512 380 5551; x_wconf 82' lang='lat' dir='ltr'><strong>nova</strong></span> <span class='ocrx_word' id='word_1_459' title='bbox 410 5499 598 5569; x_wconf 80' lang='lat' dir='ltr'><strong>(Apoc.</strong></span> <span class='ocrx_word' id='word_1_460' title='bbox 656 5515 770 5564; x_wconf 73' lang='lat' dir='ltr'><strong>ut,</strong></span> <span class='ocrx_word' id='word_1_461' title='bbox 798 5500 876 5570; x_wconf 83' lang='lat'><strong>5).</strong></span> <span class='ocrx_word' id='word_1_462' title='bbox 923 5499 990 5553; x_wconf 80' lang='grc' dir='ltr'><strong>Ει</strong></span> <span class='ocrx_word' id='word_1_463' title='bbox 1060 5481 1188 5537; x_wconf 59' lang='lat' dir='ltr'><strong>ideo</strong></span> <span class='ocrx_word' id='word_1_464' title='bbox 1222 5495 1383 5548; x_wconf 88' lang='lat' dir='ltr'><strong>quam</strong></span> <span class='ocrx_word' id='word_1_465' title='bbox 1431 5479 1569 5533; x_wconf 87' lang='lat' dir='ltr'><strong>bene</strong></span> <span class='ocrx_word' id='word_1_466' title='bbox 1594 5477 1748 5542; x_wconf 91' lang='lat' dir='ltr'><strong>dicit,</strong></span> 
     </span>
    </p>
   </div>
   <div class='ocr_carea' id='block_1_57' title="bbox 131 5571 1752 5662">
    <p class='ocr_par' dir='ltr' id='par_1_57' title="bbox 131 5571 1752 5662">
     <span class='ocr_line' id='line_1_57' title="bbox 131 5571 1752 5662; baseline -0.01 -9"><span class='ocrx_word' id='word_1_467' title='bbox 131 5586 260 5652; x_wconf 63' lang='lat' dir='ltr'><strong>Quia</strong></span> <span class='ocrx_word' id='word_1_468' title='bbox 285 5592 560 5660; x_wconf 84' lang='lat' dir='ltr'><strong>generatio</strong></span> <span class='ocrx_word' id='word_1_469' title='bbox 583 5592 697 5646; x_wconf 69' lang='lat' dir='ltr'><strong>haec</strong></span> <span class='ocrx_word' id='word_1_470' title='bbox 726 5609 833 5648; x_wconf 91' lang='lat' dir='ltr'><strong>non</strong></span> <span class='ocrx_word' id='word_1_471' title='bbox 863 5599 1039 5662; x_wconf 80' lang='lat' dir='ltr'><strong>pertra</strong></span> <span class='ocrx_word' id='word_1_472' title='bbox 1078 5572 1268 5636; x_wconf 45' lang='lat' dir='ltr'><strong>“53ml,</strong></span> <span class='ocrx_word' id='word_1_473' title='bbox 1291 5573 1605 5640; x_wconf 66' lang='grc' dir='ltr'><strong>ιηίιιείιιιτηη</strong></span> <span class='ocrx_word' id='word_1_474' title='bbox 1636 5571 1752 5624; x_wconf 65' lang='grc' dir='ltr'><strong>Ῐιωε</strong></span> 
     </span>
    </p>
   </div>
   <div class='ocr_carea' id='block_1_58' title="bbox 124 5662 1750 5755">
    <p class='ocr_par' dir='ltr' id='par_1_58' title="bbox 124 5662 1750 5755">
     <span class='ocr_line' id='line_1_58' title="bbox 124 5662 1750 5755; baseline -0.005 -19"><span class='ocrx_word' id='word_1_475' title='bbox 124 5683 310 5737; x_wconf 77' lang='lat' dir='ltr'><strong>Omnia</strong></span> <span class='ocrx_word' id='word_1_476' title='bbox 341 5686 491 5740; x_wconf 83' lang='lat' dir='ltr'><strong>fiant.</strong></span> <span class='ocrx_word' id='word_1_477' title='bbox 521 5685 588 5740; x_wconf 88' lang='lat' dir='ltr'><strong>Et</strong></span> <span class='ocrx_word' id='word_1_478' title='bbox 621 5701 743 5740; x_wconf 91' lang='lat' dir='ltr'><strong>cum</strong></span> <span class='ocrx_word' id='word_1_479' title='bbox 767 5685 983 5755; x_wconf 80' lang='lat' dir='ltr'><strong>expleta</strong></span> <span class='ocrx_word' id='word_1_480' title='bbox 1030 5684 1080 5735; x_wconf 91' lang='lat' dir='ltr'><strong>fu</strong></span> <span class='ocrx_word' id='word_1_481' title='bbox 1124 5665 1287 5728; x_wconf 63' lang='grc' dir='ltr'><strong>πίω-ς</strong></span> <span class='ocrx_word' id='word_1_482' title='bbox 1319 5673 1444 5717; x_wconf 69' lang='grc' dir='ltr'><strong>ωηο</strong></span> <span class='ocrx_word' id='word_1_483' title='bbox 1472 5663 1595 5748; x_wconf 59' lang='grc' dir='ltr'><strong>ίβξίν</strong></span> <span class='ocrx_word' id='word_1_484' title='bbox 1619 5677 1681 5716; x_wconf 67' lang='lat' dir='ltr'><strong>ac</strong></span> <span class='ocrx_word' id='word_1_485' title='bbox 1705 5662 1750 5716; x_wconf 71' lang='lat' dir='ltr'><strong>Si</strong></span> 
     </span>
    </p>
   </div>
   <div class='ocr_carea' id='block_1_59' title="bbox 127 5755 1752 5848">
    <p class='ocr_par' dir='ltr' id='par_1_59' title="bbox 127 5755 1752 5848">
     <span class='ocr_line' id='line_1_59' title="bbox 127 5755 1752 5848; baseline -0.001 -23"><span class='ocrx_word' id='word_1_486' title='bbox 127 5761 197 5824; x_wconf 69' lang='lat' dir='ltr'><strong>in</strong></span> <span class='ocrx_word' id='word_1_487' title='bbox 219 5773 389 5843; x_wconf 91' lang='lat' dir='ltr'><strong>januis</strong></span> <span class='ocrx_word' id='word_1_488' title='bbox 411 5777 573 5848; x_wconf 83' lang='lat' dir='ltr'><strong>positi</strong></span> <span class='ocrx_word' id='word_1_489' title='bbox 617 5777 1024 5847; x_wconf 88' lang='lat' dir='ltr'><strong>pertransibunt</strong></span> <span class='ocrx_word' id='word_1_490' title='bbox 1049 5774 1114 5827; x_wconf 87' lang='lat' dir='ltr'><strong>ad</strong></span> <span class='ocrx_word' id='word_1_491' title='bbox 1176 5755 1395 5848; x_wconf 40' lang='grc' dir='ltr'><strong>θ’ίλαξῖι</strong></span> <span class='ocrx_word' id='word_1_492' title='bbox 1431 5755 1599 5808; x_wconf 54' lang='lat'><strong>535513</strong></span> <span class='ocrx_word' id='word_1_493' title='bbox 1636 5769 1752 5848; x_wconf 53' lang='grc' dir='ltr'><strong>(ξηι-</strong></span> 
     </span>
    </p>
   </div>
   <div class='ocr_carea' id='block_1_60' title="bbox 127 5845 1748 5937">
    <p class='ocr_par' dir='ltr' id='par_1_60' title="bbox 127 5845 1748 5937">
     <span class='ocr_line' id='line_1_60' title="bbox 127 5845 1748 5937; baseline -0.008 -18"><span class='ocrx_word' id='word_1_494' title='bbox 127 5862 229 5920; x_wconf 73' lang='lat' dir='ltr'><strong>hia</strong></span> <span class='ocrx_word' id='word_1_495' title='bbox 255 5845 579 5932; x_wconf 64' lang='lat' dir='ltr'><strong>transibunt,</strong></span> <span class='ocrx_word' id='word_1_496' title='bbox 601 5845 726 5937; x_wconf 85' lang='lat' dir='ltr'><strong>quia</strong></span> <span class='ocrx_word' id='word_1_497' title='bbox 773 5868 1146 5930; x_wconf 89' lang='lat' dir='ltr'><strong>mutabuntur,</strong></span> <span class='ocrx_word' id='word_1_498' title='bbox 1217 5846 1384 5914; x_wconf 59' lang='grc' dir='ltr'><strong>ῒεάὶθ</strong></span> <span class='ocrx_word' id='word_1_499' title='bbox 1425 5854 1605 5902; x_wconf 65' lang='grc' dir='ltr'><strong>ιὶιιιυω</strong></span> <span class='ocrx_word' id='word_1_500' title='bbox 1641 5845 1748 5900; x_wconf 82' lang='lat' dir='ltr'><strong>DO-</strong></span> 
     </span>
    </p>
   </div>
   <div class='ocr_carea' id='block_1_61' title="bbox 933 6037 1004 6060">
    <p class='ocr_par' dir='ltr' id='par_1_61' title="bbox 933 6037 1004 6060">
     <span class='ocr_line' id='line_1_61' title="bbox 933 6037 1004 6060; baseline 0 0"><span class='ocrx_word' id='word_1_501' title='bbox 933 6037 1004 6060; x_wconf 58' lang='grc' dir='ltr'><strong>τὶν-ι</strong></span> 
     </span>
    </p>
   </div>
   <div class='ocr_carea' id='block_1_62' title="bbox 1842 593 3423 673">
    <p class='ocr_par' dir='ltr' id='par_1_62' title="bbox 1842 593 3423 673">
     <span class='ocr_line' id='line_1_62' title="bbox 1842 593 3423 673; baseline 0.007 -27"><span class='ocrx_word' id='word_1_502' title='bbox 1842 607 1947 647; x_wconf 92' lang='lat' dir='ltr'><strong>non</strong></span> <span class='ocrx_word' id='word_1_503' title='bbox 1989 593 2316 661; x_wconf 90' lang='lat' dir='ltr'><strong>transibunt,</strong></span> <span class='ocrx_word' id='word_1_504' title='bbox 2366 596 2622 665; x_wconf 88' lang='lat' dir='ltr'><strong>quoniam</strong></span> <span class='ocrx_word' id='word_1_505' title='bbox 2662 596 2836 667; x_wconf 80' lang='lat' dir='ltr'><strong>ipsius</strong></span> <span class='ocrx_word' id='word_1_506' title='bbox 2861 599 3078 668; x_wconf 90' lang='lat' dir='ltr'><strong>propria</strong></span> <span class='ocrx_word' id='word_1_507' title='bbox 3118 609 3277 667; x_wconf 89' lang='lat' dir='ltr'><strong>sunt,</strong></span> <span class='ocrx_word' id='word_1_508' title='bbox 3301 616 3423 673; x_wconf 68' lang='lat' dir='ltr'><strong>quae</strong></span> 
     </span>
    </p>
   </div>
   <div class='ocr_carea' id='block_1_63' title="bbox 1838 690 3431 762">
    <p class='ocr_par' dir='ltr' id='par_1_63' title="bbox 1838 690 3431 762">
     <span class='ocr_line' id='line_1_63' title="bbox 1838 690 3431 762; baseline 0.005 -21"><span class='ocrx_word' id='word_1_509' title='bbox 1838 695 2134 757; x_wconf 85' lang='lat' dir='ltr'><strong>operantur</strong></span> <span class='ocrx_word' id='word_1_510' title='bbox 2180 704 2356 754; x_wconf 91' lang='lat' dir='ltr'><strong>nunc,</strong></span> <span class='ocrx_word' id='word_1_511' title='bbox 2402 697 2456 743; x_wconf 91' lang='lat' dir='ltr'><strong>et</strong></span> <span class='ocrx_word' id='word_1_512' title='bbox 2480 703 2695 761; x_wconf 85' lang='lat' dir='ltr'><strong>semper</strong></span> <span class='ocrx_word' id='word_1_513' title='bbox 2722 690 2774 744; x_wconf 83' lang='lat' dir='ltr'><strong>in</strong></span> <span class='ocrx_word' id='word_1_514' title='bbox 2808 691 2944 760; x_wconf 92' lang='lat' dir='ltr'><strong>ipso,</strong></span> <span class='ocrx_word' id='word_1_515' title='bbox 2975 692 3029 746; x_wconf 93' lang='lat' dir='ltr'><strong>in</strong></span> <span class='ocrx_word' id='word_1_516' title='bbox 3076 707 3208 762; x_wconf 90' lang='lat' dir='ltr'><strong>quo,</strong></span> <span class='ocrx_word' id='word_1_517' title='bbox 3245 701 3306 748; x_wconf 93' lang='lat' dir='ltr'><strong>ut</strong></span> <span class='ocrx_word' id='word_1_518' title='bbox 3353 692 3431 750; x_wconf 86' lang='lat' dir='ltr'><strong>ita</strong></span> 
     </span>
    </p>
   </div>
   <div class='ocr_carea' id='block_1_64' title="bbox 1840 777 3432 851">
    <p class='ocr_par' dir='ltr' id='par_1_64' title="bbox 1840 777 3432 851">
     <span class='ocr_line' id='line_1_64' title="bbox 1840 777 3432 851; baseline 0.004 -17"><span class='ocrx_word' id='word_1_519' title='bbox 1840 779 2055 850; x_wconf 88' lang='lat' dir='ltr'><strong>loquar,</strong></span> <span class='ocrx_word' id='word_1_520' title='bbox 2090 777 2386 836; x_wconf 78' lang='lat' dir='ltr'><strong>ineﬂabilia</strong></span> <span class='ocrx_word' id='word_1_521' title='bbox 2433 789 2486 835; x_wconf 91' lang='lat' dir='ltr'><strong>et</strong></span> <span class='ocrx_word' id='word_1_522' title='bbox 2535 781 2865 851; x_wconf 88' lang='lat' dir='ltr'><strong>sempiterna</strong></span> <span class='ocrx_word' id='word_1_523' title='bbox 2897 789 3042 838; x_wconf 91' lang='lat' dir='ltr'><strong>sunt.</strong></span> <span class='ocrx_word' id='word_1_524' title='bbox 3069 781 3220 838; x_wconf 88' lang='lat' dir='ltr'><strong>Alias</strong></span> <span class='ocrx_word' id='word_1_525' title='bbox 3248 792 3432 840; x_wconf 89' lang='lat' dir='ltr'><strong>autem</strong></span> 
     </span>
    </p>
   </div>
   <div class='ocr_carea' id='block_1_65' title="bbox 1839 871 3432 944">
    <p class='ocr_par' dir='ltr' id='par_1_65' title="bbox 1839 871 3432 944">
     <span class='ocr_line' id='line_1_65' title="bbox 1839 871 3432 944; baseline 0.005 -18"><span class='ocrx_word' id='word_1_526' title='bbox 1839 871 2074 927; x_wconf 90' lang='lat' dir='ltr'><strong>humana</strong></span> <span class='ocrx_word' id='word_1_527' title='bbox 2106 872 2269 928; x_wconf 89' lang='lat' dir='ltr'><strong>verba</strong></span> <span class='ocrx_word' id='word_1_528' title='bbox 2296 885 2576 942; x_wconf 89' lang='lat' dir='ltr'><strong>quousque</strong></span> <span class='ocrx_word' id='word_1_529' title='bbox 2608 871 2925 944; x_wconf 89' lang='lat' dir='ltr'><strong>imperfecta</strong></span> <span class='ocrx_word' id='word_1_530' title='bbox 2949 883 3098 939; x_wconf 90' lang='lat' dir='ltr'><strong>sunt,</strong></span> <span class='ocrx_word' id='word_1_531' title='bbox 3129 875 3292 930; x_wconf 89' lang='lat' dir='ltr'><strong>verba</strong></span> <span class='ocrx_word' id='word_1_532' title='bbox 3320 892 3432 934; x_wconf 92' lang='lat' dir='ltr'><strong>non</strong></span> 
     </span>
    </p>
   </div>
   <div class='ocr_carea' id='block_1_66' title="bbox 1837 963 3427 1035">
    <p class='ocr_par' dir='ltr' id='par_1_66' title="bbox 1837 963 3427 1035">
     <span class='ocr_line' id='line_1_66' title="bbox 1837 963 3427 1035; baseline 0.004 -17"><span class='ocrx_word' id='word_1_533' title='bbox 1837 970 2016 1028; x_wconf 87' lang='lat' dir='ltr'><strong>sunt;</strong></span> <span class='ocrx_word' id='word_1_534' title='bbox 2073 978 2196 1019; x_wconf 89' lang='lat' dir='ltr'><strong>cum</strong></span> <span class='ocrx_word' id='word_1_535' title='bbox 2269 977 2399 1020; x_wconf 90' lang='lat' dir='ltr'><strong>vero</strong></span> <span class='ocrx_word' id='word_1_536' title='bbox 2449 963 2691 1034; x_wconf 88' lang='lat' dir='ltr'><strong>perfecta</strong></span> <span class='ocrx_word' id='word_1_537' title='bbox 2753 964 2986 1032; x_wconf 88' lang='lat' dir='ltr'><strong>fuerint,</strong></span> <span class='ocrx_word' id='word_1_538' title='bbox 3040 965 3153 1035; x_wconf 88' lang='lat' dir='ltr'><strong>jam</strong></span> <span class='ocrx_word' id='word_1_539' title='bbox 3201 969 3427 1025; x_wconf 90' lang='lat' dir='ltr'><strong>omnino</strong></span> 
     </span>
    </p>
   </div>
   <div class='ocr_carea' id='block_1_67' title="bbox 1838 1057 3429 1128">
    <p class='ocr_par' dir='ltr' id='par_1_67' title="bbox 1838 1057 3429 1128">
     <span class='ocr_line' id='line_1_67' title="bbox 1838 1057 3429 1128; baseline 0.003 -16"><span class='ocrx_word' id='word_1_540' title='bbox 1838 1065 2001 1122; x_wconf 87' lang='lat' dir='ltr'><strong>sunt;</strong></span> <span class='ocrx_word' id='word_1_541' title='bbox 2051 1057 2218 1113; x_wconf 89' lang='lat' dir='ltr'><strong>verba</strong></span> <span class='ocrx_word' id='word_1_542' title='bbox 2285 1065 2465 1113; x_wconf 88' lang='lat' dir='ltr'><strong>autem</strong></span> <span class='ocrx_word' id='word_1_543' title='bbox 2538 1057 2631 1113; x_wconf 90' lang='lat' dir='ltr'><strong>Dei</strong></span> <span class='ocrx_word' id='word_1_544' title='bbox 2687 1073 2794 1114; x_wconf 90' lang='lat' dir='ltr'><strong>non</strong></span> <span class='ocrx_word' id='word_1_545' title='bbox 2841 1066 3069 1128; x_wconf 88' lang='lat' dir='ltr'><strong>possunt</strong></span> <span class='ocrx_word' id='word_1_546' title='bbox 3125 1074 3233 1114; x_wconf 92' lang='lat' dir='ltr'><strong>non</strong></span> <span class='ocrx_word' id='word_1_547' title='bbox 3290 1075 3429 1116; x_wconf 90' lang='lat' dir='ltr'><strong>esse.</strong></span> 
     </span>
    </p>
   </div>
   <div class='ocr_carea' id='block_1_68' title="bbox 1837 1147 3431 1223">
    <p class='ocr_par' dir='ltr' id='par_1_68' title="bbox 1837 1147 3431 1223">
     <span class='ocr_line' id='line_1_68' title="bbox 1837 1147 3431 1223; baseline 0.003 -19"><span class='ocrx_word' id='word_1_548' title='bbox 1837 1147 1973 1204; x_wconf 87' lang='lat' dir='ltr'><strong>Nam</strong></span> <span class='ocrx_word' id='word_1_549' title='bbox 2029 1150 2262 1204; x_wconf 90' lang='lat' dir='ltr'><strong>humana</strong></span> <span class='ocrx_word' id='word_1_550' title='bbox 2315 1164 2380 1206; x_wconf 79' lang='lat' dir='ltr'><strong>ex</strong></span> <span class='ocrx_word' id='word_1_551' title='bbox 2426 1150 2740 1207; x_wconf 90' lang='lat' dir='ltr'><strong>conditione</strong></span> <span class='ocrx_word' id='word_1_552' title='bbox 2790 1151 3086 1206; x_wconf 72' lang='lat' dir='ltr'><strong>creationis</strong></span> <span class='ocrx_word' id='word_1_553' title='bbox 3122 1167 3257 1220; x_wconf 72' lang='lat' dir='ltr'><strong>sine,</strong></span> <span class='ocrx_word' id='word_1_554' title='bbox 3302 1153 3431 1223; x_wconf 88' lang='lat' dir='ltr'><strong>quia</strong></span> 
     </span>
    </p>
   </div>
   <div class='ocr_carea' id='block_1_69' title="bbox 1837 1244 3434 1312">
    <p class='ocr_par' dir='ltr' id='par_1_69' title="bbox 1837 1244 3434 1312">
     <span class='ocr_line' id='line_1_69' title="bbox 1837 1244 3434 1312; baseline 0.003 -13"><span class='ocrx_word' id='word_1_555' title='bbox 1837 1244 1904 1299; x_wconf 91' lang='lat' dir='ltr'><strong>de</strong></span> <span class='ocrx_word' id='word_1_556' title='bbox 1931 1244 2100 1298; x_wconf 91' lang='lat' dir='ltr'><strong>nihilo</strong></span> <span class='ocrx_word' id='word_1_557' title='bbox 2150 1245 2351 1299; x_wconf 84' lang='lat' dir='ltr'><strong>habent</strong></span> <span class='ocrx_word' id='word_1_558' title='bbox 2393 1244 2676 1298; x_wconf 78' lang='lat' dir='ltr'><strong>exordium</strong></span> <span class='ocrx_word' id='word_1_559' title='bbox 2728 1245 2780 1300; x_wconf 94' lang='lat' dir='ltr'><strong>in</strong></span> <span class='ocrx_word' id='word_1_560' title='bbox 2825 1260 2907 1312; x_wconf 88' lang='lat' dir='ltr'><strong>se,</strong></span> <span class='ocrx_word' id='word_1_561' title='bbox 2957 1246 3078 1301; x_wconf 91' lang='lat' dir='ltr'><strong>ideo</strong></span> <span class='ocrx_word' id='word_1_562' title='bbox 3121 1248 3350 1304; x_wconf 90' lang='lat' dir='ltr'><strong>redeunt</strong></span> <span class='ocrx_word' id='word_1_563' title='bbox 3377 1249 3434 1304; x_wconf 95' lang='lat' dir='ltr'><strong>in</strong></span> 
     </span>
    </p>
   </div>
   <div class='ocr_carea' id='block_1_70' title="bbox 1838 1321 3432 1403">
    <p class='ocr_par' dir='ltr' id='par_1_70' title="bbox 1838 1321 3432 1403">
     <span class='ocr_line' id='line_1_70' title="bbox 1838 1321 3432 1403; baseline 0.003 -14"><span class='ocrx_word' id='word_1_564' title='bbox 1838 1321 2260 1390; x_wconf 75' lang='lat' dir='ltr'><strong>necessitudinis</strong></span> <span class='ocrx_word' id='word_1_565' title='bbox 2287 1348 2399 1389; x_wconf 70' lang='lat' dir='ltr'><strong>sua:</strong></span> <span class='ocrx_word' id='word_1_566' title='bbox 2434 1334 2735 1403; x_wconf 90' lang='lat' dir='ltr'><strong>appulsum,</strong></span> <span class='ocrx_word' id='word_1_567' title='bbox 2793 1346 2854 1390; x_wconf 93' lang='lat' dir='ltr'><strong>ut</strong></span> <span class='ocrx_word' id='word_1_568' title='bbox 2897 1352 3003 1391; x_wconf 91' lang='lat' dir='ltr'><strong>non</strong></span> <span class='ocrx_word' id='word_1_569' title='bbox 3054 1337 3185 1392; x_wconf 84' lang='lat' dir='ltr'><strong>sint.</strong></span> <span class='ocrx_word' id='word_1_570' title='bbox 3229 1337 3432 1395; x_wconf 85' lang='lat' dir='ltr'><strong>Christi</strong></span> 
     </span>
    </p>
   </div>
   <div class='ocr_carea' id='block_1_71' title="bbox 1837 1424 3433 1499">
    <p class='ocr_par' dir='ltr' id='par_1_71' title="bbox 1837 1424 3433 1499">
     <span class='ocr_line' id='line_1_71' title="bbox 1837 1424 3433 1499; baseline 0.002 -19"><span class='ocrx_word' id='word_1_571' title='bbox 1837 1434 2020 1480; x_wconf 90' lang='lat' dir='ltr'><strong>autem</strong></span> <span class='ocrx_word' id='word_1_572' title='bbox 2074 1426 2260 1490; x_wconf 86' lang='lat' dir='ltr'><strong>verba,</strong></span> <span class='ocrx_word' id='word_1_573' title='bbox 2324 1441 2392 1479; x_wconf 81' lang='lat' dir='ltr'><strong>ex</strong></span> <span class='ocrx_word' id='word_1_574' title='bbox 2444 1424 2748 1480; x_wconf 77' lang='lat' dir='ltr'><strong>:eternitate</strong></span> <span class='ocrx_word' id='word_1_575' title='bbox 2793 1437 2920 1480; x_wconf 88' lang='lat' dir='ltr'><strong>nata</strong></span> <span class='ocrx_word' id='word_1_576' title='bbox 2950 1467 2964 1492; x_wconf 96' lang='lat'><strong>,</strong></span> <span class='ocrx_word' id='word_1_577' title='bbox 3013 1427 3066 1482; x_wconf 93' lang='lat' dir='ltr'><strong>id</strong></span> <span class='ocrx_word' id='word_1_578' title='bbox 3119 1443 3333 1499; x_wconf 90' lang='lat' dir='ltr'><strong>semper</strong></span> <span class='ocrx_word' id='word_1_579' title='bbox 3375 1427 3433 1484; x_wconf 92' lang='lat' dir='ltr'><strong>in</strong></span> 
     </span>
    </p>
   </div>
   <div class='ocr_carea' id='block_1_72' title="bbox 1836 1517 3431 1590">
    <p class='ocr_par' dir='ltr' id='par_1_72' title="bbox 1836 1517 3431 1590">
     <span class='ocr_line' id='line_1_72' title="bbox 1836 1517 3431 1590; baseline 0.002 -16"><span class='ocrx_word' id='word_1_580' title='bbox 1836 1534 1896 1574; x_wconf 91' lang='lat' dir='ltr'><strong>se</strong></span> <span class='ocrx_word' id='word_1_581' title='bbox 1953 1518 2234 1590; x_wconf 87' lang='lat' dir='ltr'><strong>continent</strong></span> <span class='ocrx_word' id='word_1_582' title='bbox 2286 1517 2542 1583; x_wconf 88' lang='lat' dir='ltr'><strong>virtutis,</strong></span> <span class='ocrx_word' id='word_1_583' title='bbox 2596 1526 2656 1572; x_wconf 92' lang='lat' dir='ltr'><strong>ut</strong></span> <span class='ocrx_word' id='word_1_584' title='bbox 2717 1528 2991 1574; x_wconf 89' lang='lat' dir='ltr'><strong>maneant.</strong></span> <span class='ocrx_word' id='word_1_585' title='bbox 3067 1519 3241 1588; x_wconf 84' lang='lat' dir='ltr'><strong>Quam</strong></span> <span class='ocrx_word' id='word_1_586' title='bbox 3310 1535 3431 1577; x_wconf 85' lang='lat' dir='ltr'><strong>sen-</strong></span> 
     </span>
    </p>
   </div>
   <div class='ocr_carea' id='block_1_73' title="bbox 1837 1610 3432 1682">
    <p class='ocr_par' dir='ltr' id='par_1_73' title="bbox 1837 1610 3432 1682">
     <span class='ocr_line' id='line_1_73' title="bbox 1837 1610 3432 1682; baseline 0.002 -17"><span class='ocrx_word' id='word_1_587' title='bbox 1837 1611 2060 1665; x_wconf 89' lang='lat' dir='ltr'><strong>tentiam</strong></span> <span class='ocrx_word' id='word_1_588' title='bbox 2124 1611 2191 1664; x_wconf 91' lang='lat' dir='ltr'><strong>ad</strong></span> <span class='ocrx_word' id='word_1_589' title='bbox 2251 1610 2727 1680; x_wconf 85' lang='lat' dir='ltr'><strong>interrogationem</strong></span> <span class='ocrx_word' id='word_1_590' title='bbox 2770 1611 3159 1682; x_wconf 88' lang='lat' dir='ltr'><strong>discipulorum</strong></span> <span class='ocrx_word' id='word_1_591' title='bbox 3215 1613 3432 1669; x_wconf 87' lang='lat' dir='ltr'><strong>videtur</strong></span> 
     </span>
    </p>
   </div>
   <div class='ocr_carea' id='block_1_74' title="bbox 1836 1702 3431 1774">
    <p class='ocr_par' dir='ltr' id='par_1_74' title="bbox 1836 1702 3431 1774">
     <span class='ocr_line' id='line_1_74' title="bbox 1836 1702 3431 1774; baseline 0.001 -16"><span class='ocrx_word' id='word_1_592' title='bbox 1836 1704 2056 1760; x_wconf 90' lang='lat' dir='ltr'><strong>inferre.</strong></span> <span class='ocrx_word' id='word_1_593' title='bbox 2095 1702 2229 1770; x_wconf 86' lang='lat' dir='ltr'><strong>Quia</strong></span> <span class='ocrx_word' id='word_1_594' title='bbox 2280 1703 2358 1758; x_wconf 89' lang='lat' dir='ltr'><strong>illi</strong></span> <span class='ocrx_word' id='word_1_595' title='bbox 2404 1704 2872 1774; x_wconf 86' lang='lat' dir='ltr'><strong>interrogaverunt</strong></span> <span class='ocrx_word' id='word_1_596' title='bbox 2919 1705 2984 1760; x_wconf 91' lang='lat' dir='ltr'><strong>de</strong></span> <span class='ocrx_word' id='word_1_597' title='bbox 3033 1713 3305 1760; x_wconf 88' lang='lat' dir='ltr'><strong>structura</strong></span> <span class='ocrx_word' id='word_1_598' title='bbox 3351 1705 3431 1760; x_wconf 83' lang='lat' dir='ltr'><strong>la-</strong></span> 
     </span>
    </p>
   </div>
   <div class='ocr_carea' id='block_1_75' title="bbox 1835 1797 3426 1869">
    <p class='ocr_par' dir='ltr' id='par_1_75' title="bbox 1835 1797 3426 1869">
     <span class='ocr_line' id='line_1_75' title="bbox 1835 1797 3426 1869; baseline 0.002 -16"><span class='ocrx_word' id='word_1_599' title='bbox 1835 1799 2044 1869; x_wconf 89' lang='lat' dir='ltr'><strong>pidum,</strong></span> <span class='ocrx_word' id='word_1_600' title='bbox 2066 1797 2276 1868; x_wconf 79' lang='lat'><strong>1013</strong></span> <span class='ocrx_word' id='word_1_601' title='bbox 2299 1797 2550 1868; x_wconf 89' lang='lat' dir='ltr'><strong>proponit</strong></span> <span class='ocrx_word' id='word_1_602' title='bbox 2573 1797 2653 1852; x_wconf 90' lang='lat' dir='ltr'><strong>eis</strong></span> <span class='ocrx_word' id='word_1_603' title='bbox 2668 1798 2812 1868; x_wconf 88' lang='lat' dir='ltr'><strong>quod</strong></span> <span class='ocrx_word' id='word_1_604' title='bbox 2835 1798 3136 1854; x_wconf 88' lang='lat' dir='ltr'><strong>durabilius</strong></span> <span class='ocrx_word' id='word_1_605' title='bbox 3153 1800 3426 1856; x_wconf 80' lang='lat' dir='ltr'><strong>firmatum</strong></span> 
     </span>
    </p>
   </div>
   <div class='ocr_carea' id='block_1_76' title="bbox 1835 1891 3430 1957">
    <p class='ocr_par' dir='ltr' id='par_1_76' title="bbox 1835 1891 3430 1957">
     <span class='ocr_line' id='line_1_76' title="bbox 1835 1891 3430 1957; baseline -0.001 -9"><span class='ocrx_word' id='word_1_606' title='bbox 1835 1900 1920 1948; x_wconf 87' lang='lat' dir='ltr'><strong>est</strong></span> <span class='ocrx_word' id='word_1_607' title='bbox 1973 1892 2169 1947; x_wconf 67' lang='lat' dir='ltr'><strong>cmlum</strong></span> <span class='ocrx_word' id='word_1_608' title='bbox 2216 1893 2472 1957; x_wconf 88' lang='lat' dir='ltr'><strong>transire,</strong></span> <span class='ocrx_word' id='word_1_609' title='bbox 2517 1901 2574 1946; x_wconf 86' lang='lat' dir='ltr'><strong>et</strong></span> <span class='ocrx_word' id='word_1_610' title='bbox 2639 1891 2760 1946; x_wconf 86' lang='lat' dir='ltr'><strong>ideo</strong></span> <span class='ocrx_word' id='word_1_611' title='bbox 2821 1900 3005 1947; x_wconf 89' lang='lat' dir='ltr'><strong>monet</strong></span> <span class='ocrx_word' id='word_1_612' title='bbox 3067 1909 3135 1947; x_wconf 88' lang='lat' dir='ltr'><strong>ne</strong></span> <span class='ocrx_word' id='word_1_613' title='bbox 3171 1893 3310 1947; x_wconf 87' lang='lat' dir='ltr'><strong>mira</strong></span> <span class='ocrx_word' id='word_1_614' title='bbox 3350 1894 3430 1946; x_wconf 89' lang='lat' dir='ltr'><strong>vi-</strong></span> 
     </span>
    </p>
   </div>
   <div class='ocr_carea' id='block_1_77' title="bbox 1832 1981 3428 2052">
    <p class='ocr_par' dir='ltr' id='par_1_77' title="bbox 1832 1981 3428 2052">
     <span class='ocr_line' id='line_1_77' title="bbox 1832 1981 3428 2052; baseline -0.003 -12"><span class='ocrx_word' id='word_1_615' title='bbox 1832 1985 2024 2040; x_wconf 87' lang='lat' dir='ltr'><strong>deatur</strong></span> <span class='ocrx_word' id='word_1_616' title='bbox 2049 1983 2128 2038; x_wconf 87' lang='lat' dir='ltr'><strong>eis</strong></span> <span class='ocrx_word' id='word_1_617' title='bbox 2157 1983 2338 2052; x_wconf 91' lang='lat' dir='ltr'><strong>templi</strong></span> <span class='ocrx_word' id='word_1_618' title='bbox 2361 1982 2676 2048; x_wconf 86' lang='lat' dir='ltr'><strong>destruetio,</strong></span> <span class='ocrx_word' id='word_1_619' title='bbox 2701 1998 2824 2037; x_wconf 89' lang='lat' dir='ltr'><strong>cum</strong></span> <span class='ocrx_word' id='word_1_620' title='bbox 2849 1992 2906 2037; x_wconf 86' lang='lat' dir='ltr'><strong>et</strong></span> <span class='ocrx_word' id='word_1_621' title='bbox 2928 1981 3134 2051; x_wconf 84' lang='lat' dir='ltr'><strong>majora</strong></span> <span class='ocrx_word' id='word_1_622' title='bbox 3159 1983 3428 2036; x_wconf 90' lang='lat' dir='ltr'><strong>elementa</strong></span> 
     </span>
    </p>
   </div>
   <div class='ocr_carea' id='block_1_78' title="bbox 1835 2069 3432 2142">
    <p class='ocr_par' dir='ltr' id='par_1_78' title="bbox 1835 2069 3432 2142">
     <span class='ocr_line' id='line_1_78' title="bbox 1835 2069 3432 2142; baseline -0.003 -13"><span class='ocrx_word' id='word_1_623' title='bbox 1835 2073 2174 2138; x_wconf 89' lang='lat' dir='ltr'><strong>transibunt,</strong></span> <span class='ocrx_word' id='word_1_624' title='bbox 2197 2073 2363 2127; x_wconf 89' lang='lat' dir='ltr'><strong>verba</strong></span> <span class='ocrx_word' id='word_1_625' title='bbox 2403 2079 2582 2127; x_wconf 91' lang='lat' dir='ltr'><strong>autem</strong></span> <span class='ocrx_word' id='word_1_626' title='bbox 2612 2069 2761 2140; x_wconf 89' lang='lat' dir='ltr'><strong>ejus,</strong></span> <span class='ocrx_word' id='word_1_627' title='bbox 2795 2072 2848 2127; x_wconf 93' lang='lat' dir='ltr'><strong>in</strong></span> <span class='ocrx_word' id='word_1_628' title='bbox 2886 2072 3084 2142; x_wconf 87' lang='lat' dir='ltr'><strong>quibus</strong></span> <span class='ocrx_word' id='word_1_629' title='bbox 3107 2073 3432 2142; x_wconf 88' lang='lat' dir='ltr'><strong>promiserat</strong></span> 
     </span>
    </p>
   </div>
   <div class='ocr_carea' id='block_1_79' title="bbox 1833 2161 3425 2235">
    <p class='ocr_par' dir='ltr' id='par_1_79' title="bbox 1833 2161 3425 2235">
     <span class='ocr_line' id='line_1_79' title="bbox 1833 2161 3425 2235; baseline -0.004 -14"><span class='ocrx_word' id='word_1_630' title='bbox 1833 2165 1914 2222; x_wconf 93' lang='lat' dir='ltr'><strong>eis</strong></span> <span class='ocrx_word' id='word_1_631' title='bbox 1941 2179 2060 2235; x_wconf 65' lang='lat' dir='ltr'><strong>qua;</strong></span> <span class='ocrx_word' id='word_1_632' title='bbox 2095 2164 2273 2218; x_wconf 87' lang='lat' dir='ltr'><strong>futura</strong></span> <span class='ocrx_word' id='word_1_633' title='bbox 2295 2172 2453 2228; x_wconf 87' lang='lat' dir='ltr'><strong>sunt,</strong></span> <span class='ocrx_word' id='word_1_634' title='bbox 2478 2162 2659 2218; x_wconf 84' lang='lat' dir='ltr'><strong>firmat</strong></span> <span class='ocrx_word' id='word_1_635' title='bbox 2679 2163 2823 2232; x_wconf 90' lang='lat' dir='ltr'><strong>quod</strong></span> <span class='ocrx_word' id='word_1_636' title='bbox 2852 2179 3150 2233; x_wconf 91' lang='lat' dir='ltr'><strong>nunquam,</strong></span> <span class='ocrx_word' id='word_1_637' title='bbox 3175 2178 3243 2218; x_wconf 90' lang='lat' dir='ltr'><strong>ne</strong></span> <span class='ocrx_word' id='word_1_638' title='bbox 3272 2161 3425 2226; x_wconf 86' lang='lat' dir='ltr'><strong>fiant,</strong></span> 
     </span>
    </p>
   </div>
   <div class='ocr_carea' id='block_1_80' title="bbox 1834 2254 3427 2327">
    <p class='ocr_par' dir='ltr' id='par_1_80' title="bbox 1834 2254 3427 2327">
     <span class='ocr_line' id='line_1_80' title="bbox 1834 2254 3427 2327; baseline -0.003 -13"><span class='ocrx_word' id='word_1_639' title='bbox 1834 2258 2160 2314; x_wconf 85' lang='lat' dir='ltr'><strong>transibunt.</strong></span> <span class='ocrx_word' id='word_1_640' title='bbox 2199 2257 2304 2312; x_wconf 88' lang='lat' dir='ltr'><strong>Sed</strong></span> <span class='ocrx_word' id='word_1_641' title='bbox 2337 2256 2518 2311; x_wconf 89' lang='lat' dir='ltr'><strong>divina</strong></span> <span class='ocrx_word' id='word_1_642' title='bbox 2543 2257 2596 2311; x_wconf 90' lang='lat' dir='ltr'><strong>in</strong></span> <span class='ocrx_word' id='word_1_643' title='bbox 2623 2254 2840 2311; x_wconf 89' lang='lat' dir='ltr'><strong>Christo</strong></span> <span class='ocrx_word' id='word_1_644' title='bbox 2872 2271 3090 2327; x_wconf 91' lang='lat' dir='ltr'><strong>semper</strong></span> <span class='ocrx_word' id='word_1_645' title='bbox 3109 2257 3249 2311; x_wconf 89' lang='lat' dir='ltr'><strong>idem</strong></span> <span class='ocrx_word' id='word_1_646' title='bbox 3275 2263 3427 2321; x_wconf 89' lang='lat' dir='ltr'><strong>sunt,</strong></span> 
     </span>
    </p>
   </div>
   <div class='ocr_carea' id='block_1_81' title="bbox 1834 2346 3430 2419">
    <p class='ocr_par' dir='ltr' id='par_1_81' title="bbox 1834 2346 3430 2419">
     <span class='ocr_line' id='line_1_81' title="bbox 1834 2346 3430 2419; baseline -0.003 -14"><span class='ocrx_word' id='word_1_647' title='bbox 1834 2366 2012 2419; x_wconf 86' lang='lat' dir='ltr'><strong>neque</strong></span> <span class='ocrx_word' id='word_1_648' title='bbox 2040 2349 2259 2405; x_wconf 89' lang='lat' dir='ltr'><strong>evenire</strong></span> <span class='ocrx_word' id='word_1_649' title='bbox 2289 2363 2399 2403; x_wconf 92' lang='lat' dir='ltr'><strong>non</strong></span> <span class='ocrx_word' id='word_1_650' title='bbox 2435 2356 2682 2418; x_wconf 87' lang='lat' dir='ltr'><strong>possunt,</strong></span> <span class='ocrx_word' id='word_1_651' title='bbox 2712 2363 2832 2417; x_wconf 74' lang='lat' dir='ltr'><strong>qua:</strong></span> <span class='ocrx_word' id='word_1_652' title='bbox 2858 2348 2912 2401; x_wconf 92' lang='lat' dir='ltr'><strong>in</strong></span> <span class='ocrx_word' id='word_1_653' title='bbox 2951 2349 3070 2418; x_wconf 91' lang='lat' dir='ltr'><strong>ipso</strong></span> <span class='ocrx_word' id='word_1_654' title='bbox 3101 2347 3243 2402; x_wconf 88' lang='lat' dir='ltr'><strong>dicta</strong></span> <span class='ocrx_word' id='word_1_655' title='bbox 3284 2355 3340 2401; x_wconf 92' lang='lat' dir='ltr'><strong>et</strong></span> <span class='ocrx_word' id='word_1_656' title='bbox 3365 2346 3430 2401; x_wconf 85' lang='lat' dir='ltr'><strong>ﬁ-</strong></span> 
     </span>
    </p>
   </div>
   <div class='ocr_carea' id='block_1_82' title="bbox 1833 2439 3424 2508">
    <p class='ocr_par' dir='ltr' id='par_1_82' title="bbox 1833 2439 3424 2508">
     <span class='ocr_line' id='line_1_82' title="bbox 1833 2439 3424 2508; baseline -0.002 -13"><span class='ocrx_word' id='word_1_657' title='bbox 1833 2441 1945 2497; x_wconf 89' lang='lat' dir='ltr'><strong>nita</strong></span> <span class='ocrx_word' id='word_1_658' title='bbox 1982 2447 2127 2495; x_wconf 88' lang='lat' dir='ltr'><strong>sunt.</strong></span> <span class='ocrx_word' id='word_1_659' title='bbox 2159 2439 2280 2495; x_wconf 86' lang='lat' dir='ltr'><strong>Ideo</strong></span> <span class='ocrx_word' id='word_1_660' title='bbox 2321 2439 2413 2508; x_wconf 91' lang='lat' dir='ltr'><strong>qui</strong></span> <span class='ocrx_word' id='word_1_661' title='bbox 2460 2439 2574 2493; x_wconf 93' lang='lat' dir='ltr'><strong>vult</strong></span> <span class='ocrx_word' id='word_1_662' title='bbox 2612 2439 2799 2494; x_wconf 86' lang='lat' dir='ltr'><strong>venire</strong></span> <span class='ocrx_word' id='word_1_663' title='bbox 2837 2439 2905 2493; x_wconf 85' lang='lat' dir='ltr'><strong>ad</strong></span> <span class='ocrx_word' id='word_1_664' title='bbox 2936 2453 2999 2492; x_wconf 88' lang='lat' dir='ltr'><strong>ea</strong></span> <span class='ocrx_word' id='word_1_665' title='bbox 3027 2453 3148 2508; x_wconf 73' lang='lat' dir='ltr'><strong>quae</strong></span> <span class='ocrx_word' id='word_1_666' title='bbox 3173 2445 3424 2504; x_wconf 85' lang='lat' dir='ltr'><strong>manent,</strong></span> 
     </span>
    </p>
   </div>
   <div class='ocr_carea' id='block_1_83' title="bbox 1832 2529 3425 2599">
    <p class='ocr_par' dir='ltr' id='par_1_83' title="bbox 1832 2529 3425 2599">
     <span class='ocr_line' id='line_1_83' title="bbox 1832 2529 3425 2599; baseline -0.001 -14"><span class='ocrx_word' id='word_1_667' title='bbox 1832 2538 2078 2586; x_wconf 88' lang='lat' dir='ltr'><strong>transeat</strong></span> <span class='ocrx_word' id='word_1_668' title='bbox 2109 2531 2212 2586; x_wconf 91' lang='lat' dir='ltr'><strong>ista</strong></span> <span class='ocrx_word' id='word_1_669' title='bbox 2242 2545 2362 2599; x_wconf 75' lang='lat' dir='ltr'><strong>quae</strong></span> <span class='ocrx_word' id='word_1_670' title='bbox 2397 2529 2675 2594; x_wconf 92' lang='lat' dir='ltr'><strong>labuntur,</strong></span> <span class='ocrx_word' id='word_1_671' title='bbox 2713 2538 2769 2584; x_wconf 93' lang='lat' dir='ltr'><strong>et</strong></span> <span class='ocrx_word' id='word_1_672' title='bbox 2790 2539 3113 2599; x_wconf 59' lang='lat' dir='ltr'><strong>praetereat;</strong></span> <span class='ocrx_word' id='word_1_673' title='bbox 3149 2530 3274 2599; x_wconf 89' lang='lat' dir='ltr'><strong>quia</strong></span> <span class='ocrx_word' id='word_1_674' title='bbox 3301 2529 3425 2584; x_wconf 88' lang='lat' dir='ltr'><strong>nul-</strong></span> 
     </span>
    </p>
   </div>
   <div class='ocr_carea' id='block_1_84' title="bbox 1832 2621 3423 2691">
    <p class='ocr_par' dir='ltr' id='par_1_84' title="bbox 1832 2621 3423 2691">
     <span class='ocr_line' id='line_1_84' title="bbox 1832 2621 3423 2691; baseline -0.001 -15"><span class='ocrx_word' id='word_1_675' title='bbox 1832 2621 1918 2677; x_wconf 89' lang='lat' dir='ltr'><strong>lus</strong></span> <span class='ocrx_word' id='word_1_676' title='bbox 1947 2622 2015 2677; x_wconf 91' lang='lat' dir='ltr'><strong>ad</strong></span> <span class='ocrx_word' id='word_1_677' title='bbox 2039 2636 2105 2676; x_wconf 87' lang='lat' dir='ltr'><strong>ea</strong></span> <span class='ocrx_word' id='word_1_678' title='bbox 2133 2621 2364 2676; x_wconf 91' lang='lat' dir='ltr'><strong>transire</strong></span> <span class='ocrx_word' id='word_1_679' title='bbox 2390 2629 2586 2691; x_wconf 92' lang='lat' dir='ltr'><strong>potest,</strong></span> <span class='ocrx_word' id='word_1_680' title='bbox 2617 2621 2791 2676; x_wconf 86' lang='lat' dir='ltr'><strong>donec</strong></span> <span class='ocrx_word' id='word_1_681' title='bbox 2811 2621 2884 2675; x_wconf 90' lang='lat' dir='ltr'><strong>illi</strong></span> <span class='ocrx_word' id='word_1_682' title='bbox 2911 2621 3027 2677; x_wconf 64' lang='lat' dir='ltr'><strong>haec</strong></span> <span class='ocrx_word' id='word_1_683' title='bbox 3051 2621 3235 2677; x_wconf 91' lang='lat' dir='ltr'><strong>omnia</strong></span> <span class='ocrx_word' id='word_1_684' title='bbox 3267 2621 3423 2676; x_wconf 85' lang='lat' dir='ltr'><strong>ﬁant.</strong></span> 
     </span>
    </p>
   </div>
   <div class='ocr_carea' id='block_1_85' title="bbox 1833 2711 3426 2786">
    <p class='ocr_par' dir='ltr' id='par_1_85' title="bbox 1833 2711 3426 2786">
     <span class='ocr_line' id='line_1_85' title="bbox 1833 2711 3426 2786; baseline 0 -18"><span class='ocrx_word' id='word_1_685' title='bbox 1833 2713 1911 2768; x_wconf 87' lang='lat' dir='ltr'><strong>De</strong></span> <span class='ocrx_word' id='word_1_686' title='bbox 1937 2714 2022 2768; x_wconf 89' lang='lat' dir='ltr'><strong>die</strong></span> <span class='ocrx_word' id='word_1_687' title='bbox 2043 2723 2222 2768; x_wconf 84' lang='lat' dir='ltr'><strong>autem</strong></span> <span class='ocrx_word' id='word_1_688' title='bbox 2251 2711 2346 2766; x_wconf 83' lang='lat' dir='ltr'><strong>illa</strong></span> <span class='ocrx_word' id='word_1_689' title='bbox 2377 2722 2424 2766; x_wconf 88' lang='lat' dir='ltr'><strong>et</strong></span> <span class='ocrx_word' id='word_1_690' title='bbox 2448 2712 2580 2766; x_wconf 79' lang='lat' dir='ltr'><strong>hora</strong></span> <span class='ocrx_word' id='word_1_691' title='bbox 2606 2729 2756 2768; x_wconf 82' lang='lat' dir='ltr'><strong>nemo</strong></span> <span class='ocrx_word' id='word_1_692' title='bbox 2779 2713 2897 2778; x_wconf 78' lang='lat' dir='ltr'><strong>scit,</strong></span> <span class='ocrx_word' id='word_1_693' title='bbox 2930 2729 3094 2786; x_wconf 84' lang='lat' dir='ltr'><strong>neque</strong></span> <span class='ocrx_word' id='word_1_694' title='bbox 3123 2713 3298 2784; x_wconf 84' lang='lat' dir='ltr'><strong>angeli</strong></span> <span class='ocrx_word' id='word_1_695' title='bbox 3317 2728 3426 2768; x_wconf 77' lang='grc' dir='ltr'><strong>οω-</strong></span> 
     </span>
    </p>
   </div>
   <div class='ocr_carea' id='block_1_86' title="bbox 1833 2795 3462 2874">
    <p class='ocr_par' dir='ltr' id='par_1_86' title="bbox 1833 2795 3462 2874">
     <span class='ocr_line' id='line_1_86' title="bbox 1833 2795 3462 2874; baseline 0 -14"><span class='ocrx_word' id='word_1_696' title='bbox 1833 2807 2002 2862; x_wconf 84' lang='lat' dir='ltr'><strong>lorum</strong></span> <span class='ocrx_word' id='word_1_697' title='bbox 2025 2849 2040 2874; x_wconf 94' lang='lat'><strong>,</strong></span> <span class='ocrx_word' id='word_1_698' title='bbox 2085 2807 2187 2861; x_wconf 84' lang='lat' dir='ltr'><strong>nisi</strong></span> <span class='ocrx_word' id='word_1_699' title='bbox 2230 2806 2392 2861; x_wconf 87' lang='lat' dir='ltr'><strong>Pater</strong></span> <span class='ocrx_word' id='word_1_700' title='bbox 2430 2805 2593 2861; x_wconf 77' lang='lat' dir='ltr'><strong>solus.</strong></span> <span class='ocrx_word' id='word_1_701' title='bbox 2647 2805 2748 2862; x_wconf 89' lang='lat' dir='ltr'><strong>Ubi</strong></span> <span class='ocrx_word' id='word_1_702' title='bbox 2793 2805 2946 2861; x_wconf 89' lang='lat' dir='ltr'><strong>multi</strong></span> <span class='ocrx_word' id='word_1_703' title='bbox 2979 2806 3196 2862; x_wconf 81' lang='lat' dir='ltr'><strong>codices</strong></span> <span class='ocrx_word' id='word_1_704' title='bbox 3221 2795 3462 2862; x_wconf 20' lang='lat' dir='ltr'><strong>habent.</strong></span> 
     </span>
    </p>
   </div>
   <div class='ocr_carea' id='block_1_87' title="bbox 1832 2895 3427 2969">
    <p class='ocr_par' dir='ltr' id='par_1_87' title="bbox 1832 2895 3427 2969">
     <span class='ocr_line' id='line_1_87' title="bbox 1832 2895 3427 2969; baseline -0.001 -16"><span class='ocrx_word' id='word_1_705' title='bbox 1832 2902 1972 2969; x_wconf 87' lang='lat' dir='ltr'><strong>quod</strong></span> <span class='ocrx_word' id='word_1_706' title='bbox 2000 2913 2174 2968; x_wconf 82' lang='lat' dir='ltr'><strong>neque</strong></span> <span class='ocrx_word' id='word_1_707' title='bbox 2207 2896 2394 2963; x_wconf 81' lang='lat' dir='ltr'><strong>Filius,</strong></span> <span class='ocrx_word' id='word_1_708' title='bbox 2427 2906 2483 2953; x_wconf 89' lang='lat' dir='ltr'><strong>et</strong></span> <span class='ocrx_word' id='word_1_709' title='bbox 2513 2897 2567 2952; x_wconf 94' lang='lat' dir='ltr'><strong>in</strong></span> <span class='ocrx_word' id='word_1_710' title='bbox 2597 2895 2778 2953; x_wconf 86' lang='lat' dir='ltr'><strong>Marco</strong></span> <span class='ocrx_word' id='word_1_711' title='bbox 2813 2898 2887 2952; x_wconf 87' lang='lat' dir='ltr'><strong>ita</strong></span> <span class='ocrx_word' id='word_1_712' title='bbox 2915 2897 3166 2953; x_wconf 89' lang='lat' dir='ltr'><strong>habetur.</strong></span> <span class='ocrx_word' id='word_1_713' title='bbox 3197 2895 3308 2954; x_wconf 85' lang='lat' dir='ltr'><strong>Nec</strong></span> <span class='ocrx_word' id='word_1_714' title='bbox 3341 2906 3427 2951; x_wconf 88' lang='lat' dir='ltr'><strong>ta-</strong></span> 
     </span>
    </p>
   </div>
   <div class='ocr_carea' id='block_1_88' title="bbox 1832 2986 3426 3058">
    <p class='ocr_par' dir='ltr' id='par_1_88' title="bbox 1832 2986 3426 3058">
     <span class='ocr_line' id='line_1_88' title="bbox 1832 2986 3426 3058; baseline -0.003 -13"><span class='ocrx_word' id='word_1_715' title='bbox 1832 3005 1956 3045; x_wconf 88' lang='lat' dir='ltr'><strong>men</strong></span> <span class='ocrx_word' id='word_1_716' title='bbox 1984 2990 2224 3044; x_wconf 91' lang='lat' dir='ltr'><strong>additum</strong></span> <span class='ocrx_word' id='word_1_717' title='bbox 2251 2997 2331 3043; x_wconf 91' lang='lat' dir='ltr'><strong>est</strong></span> <span class='ocrx_word' id='word_1_718' title='bbox 2353 2987 2404 3042; x_wconf 92' lang='lat' dir='ltr'><strong>in</strong></span> <span class='ocrx_word' id='word_1_719' title='bbox 2443 2987 2568 3052; x_wconf 89' lang='lat' dir='ltr'><strong>ullo,</strong></span> <span class='ocrx_word' id='word_1_720' title='bbox 2611 3001 2785 3058; x_wconf 91' lang='lat' dir='ltr'><strong>neque</strong></span> <span class='ocrx_word' id='word_1_721' title='bbox 2815 2987 2956 3042; x_wconf 82' lang='lat' dir='ltr'><strong>filius</strong></span> <span class='ocrx_word' id='word_1_722' title='bbox 2986 2987 3246 3053; x_wconf 89' lang='lat' dir='ltr'><strong>hominis,</strong></span> <span class='ocrx_word' id='word_1_723' title='bbox 3279 2986 3426 3057; x_wconf 91' lang='lat' dir='ltr'><strong>quod</strong></span> 
     </span>
    </p>
   </div>
   <div class='ocr_carea' id='block_1_89' title="bbox 1833 3080 3422 3152">
    <p class='ocr_par' dir='ltr' id='par_1_89' title="bbox 1833 3080 3422 3152">
     <span class='ocr_line' id='line_1_89' title="bbox 1833 3080 3422 3152; baseline 0 -17"><span class='ocrx_word' id='word_1_724' title='bbox 1833 3081 2104 3137; x_wconf 84' lang='lat' dir='ltr'><strong>Feliciana</strong></span> <span class='ocrx_word' id='word_1_725' title='bbox 2140 3081 2362 3136; x_wconf 62' lang='lat' dir='ltr'><strong>haeresis</strong></span> <span class='ocrx_word' id='word_1_726' title='bbox 2385 3080 2438 3135; x_wconf 92' lang='lat' dir='ltr'><strong>in</strong></span> <span class='ocrx_word' id='word_1_727' title='bbox 2468 3095 2567 3135; x_wconf 89' lang='lat' dir='ltr'><strong>suo</strong></span> <span class='ocrx_word' id='word_1_728' title='bbox 2591 3081 2840 3152; x_wconf 90' lang='lat' dir='ltr'><strong>dogmate</strong></span> <span class='ocrx_word' id='word_1_729' title='bbox 2876 3081 2996 3135; x_wconf 88' lang='lat' dir='ltr'><strong>ideo</strong></span> <span class='ocrx_word' id='word_1_730' title='bbox 3033 3080 3274 3147; x_wconf 86' lang='lat' dir='ltr'><strong>addidit,</strong></span> <span class='ocrx_word' id='word_1_731' title='bbox 3321 3081 3422 3136; x_wconf 84' lang='lat' dir='ltr'><strong>ho-</strong></span> 
     </span>
    </p>
   </div>
   <div class='ocr_carea' id='block_1_90' title="bbox 1835 3172 3424 3242">
    <p class='ocr_par' dir='ltr' id='par_1_90' title="bbox 1835 3172 3424 3242">
     <span class='ocr_line' id='line_1_90' title="bbox 1835 3172 3424 3242; baseline -0.002 -13"><span class='ocrx_word' id='word_1_732' title='bbox 1835 3174 2030 3240; x_wconf 92' lang='lat' dir='ltr'><strong>minis,</strong></span> <span class='ocrx_word' id='word_1_733' title='bbox 2079 3182 2140 3227; x_wconf 95' lang='lat' dir='ltr'><strong>ut</strong></span> <span class='ocrx_word' id='word_1_734' title='bbox 2192 3173 2438 3237; x_wconf 89' lang='lat' dir='ltr'><strong>doceret,</strong></span> <span class='ocrx_word' id='word_1_735' title='bbox 2505 3172 2801 3228; x_wconf 90' lang='lat' dir='ltr'><strong>secundum</strong></span> <span class='ocrx_word' id='word_1_736' title='bbox 2858 3172 3004 3242; x_wconf 91' lang='lat' dir='ltr'><strong>quod</strong></span> <span class='ocrx_word' id='word_1_737' title='bbox 3066 3172 3228 3227; x_wconf 88' lang='lat' dir='ltr'><strong>homo</strong></span> <span class='ocrx_word' id='word_1_738' title='bbox 3284 3179 3424 3237; x_wconf 81' lang='lat' dir='ltr'><strong>erat,</strong></span> 
     </span>
    </p>
   </div>
   <div class='ocr_carea' id='block_1_91' title="bbox 1837 3261 3428 3320">
    <p class='ocr_par' dir='ltr' id='par_1_91' title="bbox 1837 3261 3428 3320">
     <span class='ocr_line' id='line_1_91' title="bbox 1837 3261 3428 3320; baseline -0.001 -1"><span class='ocrx_word' id='word_1_739' title='bbox 1837 3279 1943 3320; x_wconf 95' lang='lat' dir='ltr'><strong>non</strong></span> <span class='ocrx_word' id='word_1_740' title='bbox 1977 3278 2134 3319; x_wconf 85' lang='lat' dir='ltr'><strong>nosse</strong></span> <span class='ocrx_word' id='word_1_741' title='bbox 2162 3263 2302 3318; x_wconf 87' lang='lat' dir='ltr'><strong>diem</strong></span> <span class='ocrx_word' id='word_1_742' title='bbox 2336 3263 2487 3317; x_wconf 91' lang='lat' dir='ltr'><strong>illum</strong></span> <span class='ocrx_word' id='word_1_743' title='bbox 2517 3270 2570 3318; x_wconf 91' lang='lat' dir='ltr'><strong>et</strong></span> <span class='ocrx_word' id='word_1_744' title='bbox 2597 3263 2809 3318; x_wconf 90' lang='lat' dir='ltr'><strong>horam.</strong></span> <span class='ocrx_word' id='word_1_745' title='bbox 2843 3261 3043 3320; x_wconf 79' lang='lat' dir='ltr'><strong>Voleus</strong></span> <span class='ocrx_word' id='word_1_746' title='bbox 3081 3262 3428 3318; x_wconf 88' lang='lat' dir='ltr'><strong>introducere</strong></span> 
     </span>
    </p>
   </div>
   <div class='ocr_carea' id='block_1_92' title="bbox 1837 3350 3426 3424">
    <p class='ocr_par' dir='ltr' id='par_1_92' title="bbox 1837 3350 3426 3424">
     <span class='ocr_line' id='line_1_92' title="bbox 1837 3350 3426 3424; baseline -0.003 -14"><span class='ocrx_word' id='word_1_747' title='bbox 1837 3356 2026 3412; x_wconf 88' lang='lat' dir='ltr'><strong>fraude</strong></span> <span class='ocrx_word' id='word_1_748' title='bbox 2062 3371 2182 3420; x_wconf 89' lang='lat' dir='ltr'><strong>sua,</strong></span> <span class='ocrx_word' id='word_1_749' title='bbox 2218 3353 2346 3424; x_wconf 88' lang='lat' dir='ltr'><strong>quia</strong></span> <span class='ocrx_word' id='word_1_750' title='bbox 2386 3369 2494 3408; x_wconf 90' lang='lat' dir='ltr'><strong>non</strong></span> <span class='ocrx_word' id='word_1_751' title='bbox 2522 3362 2709 3408; x_wconf 90' lang='lat' dir='ltr'><strong>nosset</strong></span> <span class='ocrx_word' id='word_1_752' title='bbox 2742 3365 2872 3423; x_wconf 78' lang='lat' dir='ltr'><strong>quae</strong></span> <span class='ocrx_word' id='word_1_753' title='bbox 2903 3354 3046 3407; x_wconf 90' lang='lat' dir='ltr'><strong>Deus</strong></span> <span class='ocrx_word' id='word_1_754' title='bbox 3067 3350 3232 3407; x_wconf 90' lang='lat' dir='ltr'><strong>Pater</strong></span> <span class='ocrx_word' id='word_1_755' title='bbox 3255 3351 3426 3419; x_wconf 87' lang='lat' dir='ltr'><strong>novit,</strong></span> 
     </span>
    </p>
   </div>
   <div class='ocr_carea' id='block_1_93' title="bbox 1836 3441 3424 3517">
    <p class='ocr_par' dir='ltr' id='par_1_93' title="bbox 1836 3441 3424 3517">
     <span class='ocr_line' id='line_1_93' title="bbox 1836 3441 3424 3517; baseline -0.003 -15"><span class='ocrx_word' id='word_1_756' title='bbox 1836 3448 1959 3503; x_wconf 92' lang='lat' dir='ltr'><strong>ideo</strong></span> <span class='ocrx_word' id='word_1_757' title='bbox 1989 3447 2298 3517; x_wconf 91' lang='lat' dir='ltr'><strong>ad0ptivum</strong></span> <span class='ocrx_word' id='word_1_758' title='bbox 2327 3461 2420 3502; x_wconf 88' lang='lat' dir='ltr'><strong>seu</strong></span> <span class='ocrx_word' id='word_1_759' title='bbox 2443 3446 2862 3514; x_wconf 91' lang='lat' dir='ltr'><strong>nuncupativum</strong></span> <span class='ocrx_word' id='word_1_760' title='bbox 2888 3442 3120 3514; x_wconf 65' lang='lat' dir='ltr'><strong>potius!“</strong></span> <span class='ocrx_word' id='word_1_761' title='bbox 3126 3444 3276 3498; x_wconf 91' lang='lat' dir='ltr'><strong>ilium</strong></span> <span class='ocrx_word' id='word_1_762' title='bbox 3304 3441 3424 3509; x_wconf 91' lang='lat' dir='ltr'><strong>Dei,</strong></span> 
     </span>
    </p>
   </div>
   <div class='ocr_carea' id='block_1_94' title="bbox 1835 3533 3428 3611">
    <p class='ocr_par' dir='ltr' id='par_1_94' title="bbox 1835 3533 3428 3611">
     <span class='ocr_line' id='line_1_94' title="bbox 1835 3533 3428 3611; baseline -0.004 -17"><span class='ocrx_word' id='word_1_763' title='bbox 1835 3555 1997 3611; x_wconf 88' lang='lat' dir='ltr'><strong>quam</strong></span> <span class='ocrx_word' id='word_1_764' title='bbox 2015 3538 2314 3609; x_wconf 90' lang='lat' dir='ltr'><strong>proprium.</strong></span> <span class='ocrx_word' id='word_1_765' title='bbox 2332 3537 2408 3591; x_wconf 86' lang='lat' dir='ltr'><strong>Ac</strong></span> <span class='ocrx_word' id='word_1_766' title='bbox 2421 3552 2518 3608; x_wconf 87' lang='lat' dir='ltr'><strong>per</strong></span> <span class='ocrx_word' id='word_1_767' title='bbox 2540 3537 2642 3591; x_wconf 94' lang='lat' dir='ltr'><strong>hoc</strong></span> <span class='ocrx_word' id='word_1_768' title='bbox 2663 3551 2859 3601; x_wconf 67' lang='lat' dir='ltr'><strong>caecus,</strong></span> <span class='ocrx_word' id='word_1_769' title='bbox 2875 3536 3001 3590; x_wconf 91' lang='lat' dir='ltr'><strong>dum</strong></span> <span class='ocrx_word' id='word_1_770' title='bbox 3018 3549 3125 3590; x_wconf 93' lang='lat' dir='ltr'><strong>non</strong></span> <span class='ocrx_word' id='word_1_771' title='bbox 3141 3533 3284 3587; x_wconf 90' lang='lat' dir='ltr'><strong>videt</strong></span> <span class='ocrx_word' id='word_1_772' title='bbox 3298 3533 3428 3603; x_wconf 91' lang='lat' dir='ltr'><strong>quid</strong></span> 
     </span>
    </p>
   </div>
   <div class='ocr_carea' id='block_1_95' title="bbox 1837 3626 3429 3698">
    <p class='ocr_par' dir='ltr' id='par_1_95' title="bbox 1837 3626 3429 3698">
     <span class='ocr_line' id='line_1_95' title="bbox 1837 3626 3429 3698; baseline -0.003 -12"><span class='ocrx_word' id='word_1_773' title='bbox 1837 3632 1998 3695; x_wconf 91' lang='lat' dir='ltr'><strong>dicat,</strong></span> <span class='ocrx_word' id='word_1_774' title='bbox 2028 3631 2162 3685; x_wconf 90' lang='lat' dir='ltr'><strong>duos</strong></span> <span class='ocrx_word' id='word_1_775' title='bbox 2196 3629 2308 3683; x_wconf 89' lang='lat' dir='ltr'><strong>vult</strong></span> <span class='ocrx_word' id='word_1_776' title='bbox 2348 3630 2402 3683; x_wconf 93' lang='lat' dir='ltr'><strong>in</strong></span> <span class='ocrx_word' id='word_1_777' title='bbox 2439 3643 2544 3682; x_wconf 92' lang='lat' dir='ltr'><strong>uno</strong></span> <span class='ocrx_word' id='word_1_778' title='bbox 2581 3629 2881 3698; x_wconf 91' lang='lat' dir='ltr'><strong>eodemque</strong></span> <span class='ocrx_word' id='word_1_779' title='bbox 2902 3627 3118 3682; x_wconf 91' lang='lat' dir='ltr'><strong>Christo</strong></span> <span class='ocrx_word' id='word_1_780' title='bbox 3141 3626 3429 3682; x_wconf 84' lang='lat' dir='ltr'><strong>ostendere</strong></span> 
     </span>
    </p>
   </div>
   <div class='ocr_carea' id='block_1_96' title="bbox 1838 3716 3428 3790">
    <p class='ocr_par' dir='ltr' id='par_1_96' title="bbox 1838 3716 3428 3790">
     <span class='ocr_line' id='line_1_96' title="bbox 1838 3716 3428 3790; baseline -0.004 -13"><span class='ocrx_word' id='word_1_781' title='bbox 1838 3721 1996 3777; x_wconf 87' lang='lat' dir='ltr'><strong>filios.</strong></span> <span class='ocrx_word' id='word_1_782' title='bbox 2039 3722 2191 3789; x_wconf 88' lang='lat' dir='ltr'><strong>Quod</strong></span> <span class='ocrx_word' id='word_1_783' title='bbox 2213 3736 2480 3790; x_wconf 88' lang='lat' dir='ltr'><strong>nusquam</strong></span> <span class='ocrx_word' id='word_1_784' title='bbox 2511 3720 2566 3774; x_wconf 92' lang='lat' dir='ltr'><strong>in</strong></span> <span class='ocrx_word' id='word_1_785' title='bbox 2591 3720 2738 3774; x_wconf 86' lang='lat' dir='ltr'><strong>omni</strong></span> <span class='ocrx_word' id='word_1_786' title='bbox 2763 3722 2905 3774; x_wconf 89' lang='lat' dir='ltr'><strong>serie</strong></span> <span class='ocrx_word' id='word_1_787' title='bbox 2921 3718 3326 3788; x_wconf 78' lang='lat' dir='ltr'><strong>Scripturarum</strong></span> <span class='ocrx_word' id='word_1_788' title='bbox 3343 3716 3428 3771; x_wconf 83' lang='lat' dir='ltr'><strong>in-</strong></span> 
     </span>
    </p>
   </div>
   <div class='ocr_carea' id='block_1_97' title="bbox 1836 3809 3427 3885">
    <p class='ocr_par' dir='ltr' id='par_1_97' title="bbox 1836 3809 3427 3885">
     <span class='ocr_line' id='line_1_97' title="bbox 1836 3809 3427 3885; baseline -0.004 -15"><span class='ocrx_word' id='word_1_789' title='bbox 1836 3816 2040 3880; x_wconf 89' lang='lat' dir='ltr'><strong>venies,</strong></span> <span class='ocrx_word' id='word_1_790' title='bbox 2072 3823 2131 3868; x_wconf 91' lang='lat' dir='ltr'><strong>ut</strong></span> <span class='ocrx_word' id='word_1_791' title='bbox 2160 3814 2333 3883; x_wconf 90' lang='lat' dir='ltr'><strong>possis</strong></span> <span class='ocrx_word' id='word_1_792' title='bbox 2359 3813 2560 3885; x_wconf 87' lang='lat' dir='ltr'><strong>fingere</strong></span> <span class='ocrx_word' id='word_1_793' title='bbox 2583 3812 2874 3883; x_wconf 89' lang='lat' dir='ltr'><strong>aliquando</strong></span> <span class='ocrx_word' id='word_1_794' title='bbox 2901 3827 3090 3867; x_wconf 89' lang='lat' dir='ltr'><strong>verum</strong></span> <span class='ocrx_word' id='word_1_795' title='bbox 3113 3811 3302 3875; x_wconf 89' lang='lat' dir='ltr'><strong>Deum,</strong></span> <span class='ocrx_word' id='word_1_796' title='bbox 3327 3809 3427 3864; x_wconf 89' lang='lat' dir='ltr'><strong>ali-</strong></span> 
     </span>
    </p>
   </div>
   <div class='ocr_carea' id='block_1_98' title="bbox 1837 3903 3428 3978">
    <p class='ocr_par' dir='ltr' id='par_1_98' title="bbox 1837 3903 3428 3978">
     <span class='ocr_line' id='line_1_98' title="bbox 1837 3903 3428 3978; baseline -0.001 -19"><span class='ocrx_word' id='word_1_797' title='bbox 1837 3909 2050 3978; x_wconf 91' lang='lat' dir='ltr'><strong>quando</strong></span> <span class='ocrx_word' id='word_1_798' title='bbox 2074 3922 2178 3961; x_wconf 93' lang='lat' dir='ltr'><strong>non</strong></span> <span class='ocrx_word' id='word_1_799' title='bbox 2199 3920 2386 3960; x_wconf 88' lang='lat' dir='ltr'><strong>verum</strong></span> <span class='ocrx_word' id='word_1_800' title='bbox 2413 3923 2426 3960; x_wconf 89' lang='lat'><strong>:</strong></span> <span class='ocrx_word' id='word_1_801' title='bbox 2451 3914 2506 3960; x_wconf 91' lang='lat' dir='ltr'><strong>et</strong></span> <span class='ocrx_word' id='word_1_802' title='bbox 2521 3905 2811 3975; x_wconf 87' lang='lat' dir='ltr'><strong>aliquando</strong></span> <span class='ocrx_word' id='word_1_803' title='bbox 2839 3919 3025 3961; x_wconf 91' lang='lat' dir='ltr'><strong>verum</strong></span> <span class='ocrx_word' id='word_1_804' title='bbox 3055 3912 3112 3958; x_wconf 89' lang='lat' dir='ltr'><strong>et</strong></span> <span class='ocrx_word' id='word_1_805' title='bbox 3145 3903 3428 3974; x_wconf 87' lang='lat' dir='ltr'><strong>proprium</strong></span> 
     </span>
    </p>
   </div>
   <div class='ocr_carea' id='block_1_99' title="bbox 1839 3993 3427 4065">
    <p class='ocr_par' dir='ltr' id='par_1_99' title="bbox 1839 3993 3427 4065">
     <span class='ocr_line' id='line_1_99' title="bbox 1839 3993 3427 4065; baseline -0.003 -13"><span class='ocrx_word' id='word_1_806' title='bbox 1839 3997 2034 4052; x_wconf 87' lang='lat' dir='ltr'><strong>Filium</strong></span> <span class='ocrx_word' id='word_1_807' title='bbox 2055 3997 2170 4062; x_wconf 91' lang='lat' dir='ltr'><strong>Dei,</strong></span> <span class='ocrx_word' id='word_1_808' title='bbox 2186 4004 2238 4052; x_wconf 88' lang='lat' dir='ltr'><strong>et</strong></span> <span class='ocrx_word' id='word_1_809' title='bbox 2253 3995 2542 4065; x_wconf 90' lang='lat' dir='ltr'><strong>aliquando</strong></span> <span class='ocrx_word' id='word_1_810' title='bbox 2555 4011 2658 4050; x_wconf 89' lang='lat' dir='ltr'><strong>non</strong></span> <span class='ocrx_word' id='word_1_811' title='bbox 2673 4011 2878 4059; x_wconf 89' lang='lat' dir='ltr'><strong>verum,</strong></span> <span class='ocrx_word' id='word_1_812' title='bbox 2897 3995 2983 4050; x_wconf 92' lang='lat' dir='ltr'><strong>vel</strong></span> <span class='ocrx_word' id='word_1_813' title='bbox 3003 4009 3110 4050; x_wconf 91' lang='lat' dir='ltr'><strong>non</strong></span> <span class='ocrx_word' id='word_1_814' title='bbox 3122 3993 3427 4064; x_wconf 88' lang='lat' dir='ltr'><strong>proprium,</strong></span> 
     </span>
    </p>
   </div>
   <div class='ocr_carea' id='block_1_100' title="bbox 1839 4086 3430 4160">
    <p class='ocr_par' dir='ltr' id='par_1_100' title="bbox 1839 4086 3430 4160">
     <span class='ocr_line' id='line_1_100' title="bbox 1839 4086 3430 4160; baseline -0.004 -15"><span class='ocrx_word' id='word_1_815' title='bbox 1839 4091 1932 4146; x_wconf 86' lang='lat' dir='ltr'><strong>sed</strong></span> <span class='ocrx_word' id='word_1_816' title='bbox 1957 4105 2168 4160; x_wconf 87' lang='lat' dir='ltr'><strong>semper</strong></span> <span class='ocrx_word' id='word_1_817' title='bbox 2181 4104 2368 4144; x_wconf 88' lang='lat' dir='ltr'><strong>verum</strong></span> <span class='ocrx_word' id='word_1_818' title='bbox 2382 4090 2572 4154; x_wconf 92' lang='lat' dir='ltr'><strong>Deum,</strong></span> <span class='ocrx_word' id='word_1_819' title='bbox 2592 4089 2932 4159; x_wconf 89' lang='lat' dir='ltr'><strong>etproprium</strong></span> <span class='ocrx_word' id='word_1_820' title='bbox 2949 4086 3143 4142; x_wconf 86' lang='lat' dir='ltr'><strong>Filium</strong></span> <span class='ocrx_word' id='word_1_821' title='bbox 3165 4086 3282 4150; x_wconf 85' lang='lat' dir='ltr'><strong>Dei,</strong></span> <span class='ocrx_word' id='word_1_822' title='bbox 3299 4092 3430 4140; x_wconf 89' lang='lat' dir='ltr'><strong>ante</strong></span> 
     </span>
    </p>
   </div>
   <div class='ocr_carea' id='block_1_101' title="bbox 1839 4175 3430 4252">
    <p class='ocr_par' dir='ltr' id='par_1_101' title="bbox 1839 4175 3430 4252">
     <span class='ocr_line' id='line_1_101' title="bbox 1839 4175 3430 4252; baseline -0.004 -17"><span class='ocrx_word' id='word_1_823' title='bbox 1839 4189 2052 4251; x_wconf 88' lang='lat' dir='ltr'><strong>partum</strong></span> <span class='ocrx_word' id='word_1_824' title='bbox 2078 4190 2132 4236; x_wconf 90' lang='lat' dir='ltr'><strong>et</strong></span> <span class='ocrx_word' id='word_1_825' title='bbox 2151 4189 2275 4252; x_wconf 86' lang='lat' dir='ltr'><strong>post</strong></span> <span class='ocrx_word' id='word_1_826' title='bbox 2302 4189 2518 4252; x_wconf 89' lang='lat' dir='ltr'><strong>partum</strong></span> <span class='ocrx_word' id='word_1_827' title='bbox 2542 4178 2800 4251; x_wconf 82' lang='lat' dir='ltr'><strong>Virginis.</strong></span> <span class='ocrx_word' id='word_1_828' title='bbox 2824 4177 2976 4235; x_wconf 89' lang='lat' dir='ltr'><strong>Unde</strong></span> <span class='ocrx_word' id='word_1_829' title='bbox 2995 4185 3050 4233; x_wconf 91' lang='lat' dir='ltr'><strong>et</strong></span> <span class='ocrx_word' id='word_1_830' title='bbox 3073 4177 3239 4249; x_wconf 82' lang='lat' dir='ltr'><strong>Virgo</strong></span> <span class='ocrx_word' id='word_1_831' title='bbox 3261 4175 3430 4231; x_wconf 84' lang='lat' dir='ltr'><strong>Maria</strong></span> 
     </span>
    </p>
   </div>
   <div class='ocr_carea' id='block_1_102' title="bbox 1839 4269 3426 4340">
    <p class='ocr_par' dir='ltr' id='par_1_102' title="bbox 1839 4269 3426 4340">
     <span class='ocr_line' id='line_1_102' title="bbox 1839 4269 3426 4340; baseline -0.006 -8"><span class='ocrx_word' id='word_1_832' title='bbox 1839 4289 1951 4332; x_wconf 74' lang='lat' dir='ltr'><strong>non</strong></span> <span class='ocrx_word' id='word_1_833' title='bbox 1974 4273 2128 4339; x_wconf 92' lang='lat' dir='ltr'><strong>duos,</strong></span> <span class='ocrx_word' id='word_1_834' title='bbox 2159 4274 2252 4329; x_wconf 89' lang='lat' dir='ltr'><strong>sed</strong></span> <span class='ocrx_word' id='word_1_835' title='bbox 2276 4288 2440 4328; x_wconf 89' lang='lat' dir='ltr'><strong>unum</strong></span> <span class='ocrx_word' id='word_1_836' title='bbox 2463 4271 2769 4328; x_wconf 85' lang='lat' dir='ltr'><strong>DeiFilium</strong></span> <span class='ocrx_word' id='word_1_837' title='bbox 2794 4270 2934 4326; x_wconf 88' lang='lat' dir='ltr'><strong>dese</strong></span> <span class='ocrx_word' id='word_1_838' title='bbox 2958 4269 3146 4340; x_wconf 85' lang='lat' dir='ltr'><strong>genuit</strong></span> <span class='ocrx_word' id='word_1_839' title='bbox 3171 4269 3426 4325; x_wconf 86' lang='lat' dir='ltr'><strong>incarna-</strong></span> 
     </span>
    </p>
   </div>
   <div class='ocr_carea' id='block_1_103' title="bbox 1843 4359 3436 4433">
    <p class='ocr_par' dir='ltr' id='par_1_103' title="bbox 1843 4359 3436 4433">
     <span class='ocr_line' id='line_1_103' title="bbox 1843 4359 3436 4433; baseline -0.003 -15"><span class='ocrx_word' id='word_1_840' title='bbox 1843 4371 1978 4431; x_wconf 86' lang='lat' dir='ltr'><strong>tum,</strong></span> <span class='ocrx_word' id='word_1_841' title='bbox 2013 4364 2139 4420; x_wconf 90' lang='lat' dir='ltr'><strong>licet</strong></span> <span class='ocrx_word' id='word_1_842' title='bbox 2166 4373 2222 4420; x_wconf 92' lang='lat' dir='ltr'><strong>et</strong></span> <span class='ocrx_word' id='word_1_843' title='bbox 2252 4365 2304 4419; x_wconf 92' lang='lat' dir='ltr'><strong>in</strong></span> <span class='ocrx_word' id='word_1_844' title='bbox 2336 4365 2440 4419; x_wconf 92' lang='lat' dir='ltr'><strong>hoc</strong></span> <span class='ocrx_word' id='word_1_845' title='bbox 2477 4364 2643 4420; x_wconf 89' lang='lat' dir='ltr'><strong>verbo</strong></span> <span class='ocrx_word' id='word_1_846' title='bbox 2680 4363 2926 4433; x_wconf 88' lang='lat' dir='ltr'><strong>insurgat</strong></span> <span class='ocrx_word' id='word_1_847' title='bbox 2973 4362 3169 4427; x_wconf 79' lang='lat' dir='ltr'><strong>Arius,</strong></span> <span class='ocrx_word' id='word_1_848' title='bbox 3202 4359 3436 4432; x_wconf 82' lang='lat' dir='ltr'><strong>gaudeat</strong></span> 
     </span>
    </p>
   </div>
   <div class='ocr_carea' id='block_1_104' title="bbox 1842 4452 3431 4527">
    <p class='ocr_par' dir='ltr' id='par_1_104' title="bbox 1842 4452 3431 4527">
     <span class='ocr_line' id='line_1_104' title="bbox 1842 4452 3431 4527; baseline -0.004 -15"><span class='ocrx_word' id='word_1_849' title='bbox 1842 4457 2160 4523; x_wconf 88' lang='lat' dir='ltr'><strong>Eunomius,</strong></span> <span class='ocrx_word' id='word_1_850' title='bbox 2201 4457 2377 4527; x_wconf 90' lang='lat' dir='ltr'><strong>quasi,</strong></span> <span class='ocrx_word' id='word_1_851' title='bbox 2410 4457 2535 4526; x_wconf 91' lang='lat' dir='ltr'><strong>quia</strong></span> <span class='ocrx_word' id='word_1_852' title='bbox 2555 4457 2898 4526; x_wconf 71' lang='lat' dir='ltr'><strong>ignoratquae</strong></span> <span class='ocrx_word' id='word_1_853' title='bbox 2919 4452 3082 4509; x_wconf 87' lang='lat' dir='ltr'><strong>Pater</strong></span> <span class='ocrx_word' id='word_1_854' title='bbox 3109 4452 3291 4518; x_wconf 88' lang='lat' dir='ltr'><strong>novit,</strong></span> <span class='ocrx_word' id='word_1_855' title='bbox 3323 4463 3431 4506; x_wconf 91' lang='lat' dir='ltr'><strong>non</strong></span> 
     </span>
    </p>
   </div>
   <div class='ocr_carea' id='block_1_105' title="bbox 1845 4545 3436 4621">
    <p class='ocr_par' dir='ltr' id='par_1_105' title="bbox 1845 4545 3436 4621">
     <span class='ocr_line' id='line_1_105' title="bbox 1845 4545 3436 4621; baseline -0.004 -16"><span class='ocrx_word' id='word_1_856' title='bbox 1845 4550 2017 4621; x_wconf 90' lang='lat' dir='ltr'><strong>possit</strong></span> <span class='ocrx_word' id='word_1_857' title='bbox 2046 4549 2094 4604; x_wconf 91' lang='lat' dir='ltr'><strong>ei</strong></span> <span class='ocrx_word' id='word_1_858' title='bbox 2131 4563 2252 4604; x_wconf 90' lang='lat' dir='ltr'><strong>esse</strong></span> <span class='ocrx_word' id='word_1_859' title='bbox 2281 4547 2521 4618; x_wconf 72' lang='lat' dir='ltr'><strong>tequalis.</strong></span> <span class='ocrx_word' id='word_1_860' title='bbox 2552 4547 2754 4603; x_wconf 89' lang='lat' dir='ltr'><strong>Contra</strong></span> <span class='ocrx_word' id='word_1_861' title='bbox 2781 4561 2918 4616; x_wconf 91' lang='lat' dir='ltr'><strong>quos</strong></span> <span class='ocrx_word' id='word_1_862' title='bbox 2944 4545 3183 4601; x_wconf 90' lang='lat' dir='ltr'><strong>breviter</strong></span> <span class='ocrx_word' id='word_1_863' title='bbox 3209 4559 3436 4614; x_wconf 87' lang='lat' dir='ltr'><strong>respon-</strong></span> 
     </span>
    </p>
   </div>
   <div class='ocr_carea' id='block_1_106' title="bbox 1846 4639 3441 4711">
    <p class='ocr_par' dir='ltr' id='par_1_106' title="bbox 1846 4639 3441 4711">
     <span class='ocr_line' id='line_1_106' title="bbox 1846 4639 3441 4711; baseline -0.004 -13"><span class='ocrx_word' id='word_1_864' title='bbox 1846 4642 2101 4704; x_wconf 90' lang='lat' dir='ltr'><strong>dendum,</strong></span> <span class='ocrx_word' id='word_1_865' title='bbox 2131 4642 2259 4711; x_wconf 89' lang='lat' dir='ltr'><strong>quia</strong></span> <span class='ocrx_word' id='word_1_866' title='bbox 2283 4641 2466 4696; x_wconf 89' lang='lat' dir='ltr'><strong>omnia</strong></span> <span class='ocrx_word' id='word_1_867' title='bbox 2489 4656 2611 4710; x_wconf 65' lang='lat' dir='ltr'><strong>quae</strong></span> <span class='ocrx_word' id='word_1_868' title='bbox 2638 4639 2780 4695; x_wconf 90' lang='lat' dir='ltr'><strong>facta</strong></span> <span class='ocrx_word' id='word_1_869' title='bbox 2809 4646 2937 4694; x_wconf 93' lang='lat' dir='ltr'><strong>sunt</strong></span> <span class='ocrx_word' id='word_1_870' title='bbox 2958 4653 3056 4709; x_wconf 92' lang='lat' dir='ltr'><strong>per</strong></span> <span class='ocrx_word' id='word_1_871' title='bbox 3085 4639 3286 4708; x_wconf 91' lang='lat' dir='ltr'><strong>ipsum,</strong></span> <span class='ocrx_word' id='word_1_872' title='bbox 3309 4649 3441 4691; x_wconf 82' lang='lat' dir='ltr'><strong>vero</strong></span> 
     </span>
    </p>
   </div>
   <div class='ocr_carea' id='block_1_107' title="bbox 1848 4731 3502 4806">
    <p class='ocr_par' dir='ltr' id='par_1_107' title="bbox 1848 4731 3502 4806">
     <span class='ocr_line' id='line_1_107' title="bbox 1848 4731 3502 4806; baseline -0.004 -18"><span class='ocrx_word' id='word_1_873' title='bbox 1848 4735 2008 4806; x_wconf 90' lang='lat' dir='ltr'><strong>(teste</strong></span> <span class='ocrx_word' id='word_1_874' title='bbox 2048 4733 2361 4804; x_wconf 85' lang='lat' dir='ltr'><strong>Evangelio)</strong></span> <span class='ocrx_word' id='word_1_875' title='bbox 2393 4732 2534 4787; x_wconf 88' lang='lat' dir='ltr'><strong>facta</strong></span> <span class='ocrx_word' id='word_1_876' title='bbox 2575 4740 2732 4799; x_wconf 88' lang='lat' dir='ltr'><strong>sunt;</strong></span> <span class='ocrx_word' id='word_1_877' title='bbox 2765 4741 2822 4787; x_wconf 94' lang='lat' dir='ltr'><strong>et</strong></span> <span class='ocrx_word' id='word_1_878' title='bbox 2860 4732 2913 4786; x_wconf 93' lang='lat' dir='ltr'><strong>in</strong></span> <span class='ocrx_word' id='word_1_879' title='bbox 2962 4731 3080 4800; x_wconf 89' lang='lat' dir='ltr'><strong>ipso</strong></span> <span class='ocrx_word' id='word_1_880' title='bbox 3127 4733 3238 4784; x_wconf 83' lang='lat' dir='ltr'><strong>vita</strong></span> <span class='ocrx_word' id='word_1_881' title='bbox 3278 4735 3441 4782; x_wconf 89' lang='lat' dir='ltr'><strong>erant</strong></span> <span class='ocrx_word' id='word_1_882' title='bbox 3479 4785 3502 4802; x_wconf 43' lang='grc' dir='ltr'><em>η</em></span> 
     </span>
    </p>
   </div>
   <div class='ocr_carea' id='block_1_108' title="bbox 1846 4820 3441 4897">
    <p class='ocr_par' dir='ltr' id='par_1_108' title="bbox 1846 4820 3441 4897">
     <span class='ocr_line' id='line_1_108' title="bbox 1846 4820 3441 4897; baseline -0.006 -15"><span class='ocrx_word' id='word_1_883' title='bbox 1846 4836 2138 4897; x_wconf 87' lang='lat' dir='ltr'><strong>antequam</strong></span> <span class='ocrx_word' id='word_1_884' title='bbox 2166 4825 2376 4880; x_wconf 85' lang='lat' dir='ltr'><strong>ﬁerent.</strong></span> <span class='ocrx_word' id='word_1_885' title='bbox 2407 4824 2612 4880; x_wconf 88' lang='lat' dir='ltr'><strong>Idcirco</strong></span> <span class='ocrx_word' id='word_1_886' title='bbox 2633 4841 2731 4895; x_wconf 89' lang='lat' dir='ltr'><strong>per</strong></span> <span class='ocrx_word' id='word_1_887' title='bbox 2757 4825 2933 4895; x_wconf 89' lang='lat' dir='ltr'><strong>ipsum</strong></span> <span class='ocrx_word' id='word_1_888' title='bbox 2955 4831 3011 4879; x_wconf 89' lang='lat' dir='ltr'><strong>et</strong></span> <span class='ocrx_word' id='word_1_889' title='bbox 3033 4831 3276 4892; x_wconf 86' lang='lat' dir='ltr'><strong>tempora</strong></span> <span class='ocrx_word' id='word_1_890' title='bbox 3298 4820 3441 4875; x_wconf 83' lang='lat' dir='ltr'><strong>facta</strong></span> 
     </span>
    </p>
   </div>
   <div class='ocr_carea' id='block_1_109' title="bbox 1844 4914 3444 4989">
    <p class='ocr_par' dir='ltr' id='par_1_109' title="bbox 1844 4914 3444 4989">
     <span class='ocr_line' id='line_1_109' title="bbox 1844 4914 3444 4989; baseline -0.007 -14"><span class='ocrx_word' id='word_1_891' title='bbox 1844 4930 1990 4985; x_wconf 90' lang='lat' dir='ltr'><strong>sunt,</strong></span> <span class='ocrx_word' id='word_1_892' title='bbox 2028 4919 2153 4989; x_wconf 90' lang='lat' dir='ltr'><strong>quia</strong></span> <span class='ocrx_word' id='word_1_893' title='bbox 2185 4917 2510 4986; x_wconf 81' lang='lat' dir='ltr'><strong>sempiterna</strong></span> <span class='ocrx_word' id='word_1_894' title='bbox 2540 4932 2646 4972; x_wconf 93' lang='lat' dir='ltr'><strong>non</strong></span> <span class='ocrx_word' id='word_1_895' title='bbox 2675 4927 2832 4983; x_wconf 88' lang='lat' dir='ltr'><strong>sunt;</strong></span> <span class='ocrx_word' id='word_1_896' title='bbox 2857 4925 2912 4971; x_wconf 93' lang='lat' dir='ltr'><strong>et</strong></span> <span class='ocrx_word' id='word_1_897' title='bbox 2945 4915 2992 4970; x_wconf 87' lang='lat' dir='ltr'><strong>si</strong></span> <span class='ocrx_word' id='word_1_898' title='bbox 3030 4914 3171 4968; x_wconf 87' lang='lat' dir='ltr'><strong>facta</strong></span> <span class='ocrx_word' id='word_1_899' title='bbox 3194 4919 3322 4968; x_wconf 89' lang='lat' dir='ltr'><strong>sunt</strong></span> <span class='ocrx_word' id='word_1_900' title='bbox 3344 4925 3444 4980; x_wconf 91' lang='lat' dir='ltr'><strong>per</strong></span> 
     </span>
    </p>
   </div>
   <div class='ocr_carea' id='block_1_110' title="bbox 1845 5004 3443 5083">
    <p class='ocr_par' dir='ltr' id='par_1_110' title="bbox 1845 5004 3443 5083">
     <span class='ocr_line' id='line_1_110' title="bbox 1845 5004 3443 5083; baseline -0.007 -17"><span class='ocrx_word' id='word_1_901' title='bbox 1845 5012 2042 5083; x_wconf 90' lang='lat' dir='ltr'><strong>ipsum,</strong></span> <span class='ocrx_word' id='word_1_902' title='bbox 2062 5011 2271 5080; x_wconf 87' lang='lat' dir='ltr'><strong>etquod</strong></span> <span class='ocrx_word' id='word_1_903' title='bbox 2295 5010 2345 5063; x_wconf 92' lang='lat' dir='ltr'><strong>in</strong></span> <span class='ocrx_word' id='word_1_904' title='bbox 2366 5010 2479 5078; x_wconf 89' lang='lat' dir='ltr'><strong>ipso</strong></span> <span class='ocrx_word' id='word_1_905' title='bbox 2505 5009 2614 5063; x_wconf 87' lang='lat' dir='ltr'><strong>vita</strong></span> <span class='ocrx_word' id='word_1_906' title='bbox 2642 5017 2761 5065; x_wconf 92' lang='lat' dir='ltr'><strong>erat</strong></span> <span class='ocrx_word' id='word_1_907' title='bbox 2781 5017 3070 5078; x_wconf 89' lang='lat' dir='ltr'><strong>antequam</strong></span> <span class='ocrx_word' id='word_1_908' title='bbox 3093 5004 3306 5068; x_wconf 86' lang='lat' dir='ltr'><strong>fierent,</strong></span> <span class='ocrx_word' id='word_1_909' title='bbox 3333 5017 3443 5058; x_wconf 89' lang='lat' dir='ltr'><strong>non</strong></span> 
     </span>
    </p>
   </div>
   <div class='ocr_carea' id='block_1_111' title="bbox 1849 5095 3437 5174">
    <p class='ocr_par' dir='ltr' id='par_1_111' title="bbox 1849 5095 3437 5174">
     <span class='ocr_line' id='line_1_111' title="bbox 1849 5095 3437 5174; baseline -0.008 -16"><span class='ocrx_word' id='word_1_910' title='bbox 1849 5111 2030 5174; x_wconf 89' lang='lat' dir='ltr'><strong>potest</strong></span> <span class='ocrx_word' id='word_1_911' title='bbox 2054 5103 2304 5172; x_wconf 86' lang='lat' dir='ltr'><strong>ignorare</strong></span> <span class='ocrx_word' id='word_1_912' title='bbox 2325 5100 2467 5169; x_wconf 89' lang='lat' dir='ltr'><strong>quod</strong></span> <span class='ocrx_word' id='word_1_913' title='bbox 2499 5100 2612 5170; x_wconf 90' lang='lat' dir='ltr'><strong>ipse</strong></span> <span class='ocrx_word' id='word_1_914' title='bbox 2645 5099 2791 5164; x_wconf 87' lang='lat' dir='ltr'><strong>fecit,</strong></span> <span class='ocrx_word' id='word_1_915' title='bbox 2817 5095 3034 5168; x_wconf 86' lang='lat' dir='ltr'><strong>etquod</strong></span> <span class='ocrx_word' id='word_1_916' title='bbox 3064 5095 3118 5150; x_wconf 92' lang='lat' dir='ltr'><strong>iu</strong></span> <span class='ocrx_word' id='word_1_917' title='bbox 3144 5095 3261 5165; x_wconf 87' lang='lat' dir='ltr'><strong>ipso</strong></span> <span class='ocrx_word' id='word_1_918' title='bbox 3291 5107 3437 5147; x_wconf 83' lang='lat' dir='ltr'><strong>sem-</strong></span> 
     </span>
    </p>
   </div>
   <div class='ocr_carea' id='block_1_112' title="bbox 1851 5184 3444 5264">
    <p class='ocr_par' dir='ltr' id='par_1_112' title="bbox 1851 5184 3444 5264">
     <span class='ocr_line' id='line_1_112' title="bbox 1851 5184 3444 5264; baseline -0.006 -17"><span class='ocrx_word' id='word_1_919' title='bbox 1851 5210 1950 5264; x_wconf 83' lang='lat' dir='ltr'><strong>per</strong></span> <span class='ocrx_word' id='word_1_920' title='bbox 2000 5202 2119 5246; x_wconf 89' lang='lat' dir='ltr'><strong>erat</strong></span> <span class='ocrx_word' id='word_1_921' title='bbox 2149 5200 2438 5260; x_wconf 87' lang='lat' dir='ltr'><strong>antequam</strong></span> <span class='ocrx_word' id='word_1_922' title='bbox 2471 5189 2640 5244; x_wconf 85' lang='lat' dir='ltr'><strong>fieret.</strong></span> <span class='ocrx_word' id='word_1_923' title='bbox 2676 5189 2809 5246; x_wconf 86' lang='lat' dir='ltr'><strong>Nam</strong></span> <span class='ocrx_word' id='word_1_924' title='bbox 2839 5197 2895 5243; x_wconf 92' lang='lat' dir='ltr'><strong>et</strong></span> <span class='ocrx_word' id='word_1_925' title='bbox 2923 5188 3068 5242; x_wconf 91' lang='lat' dir='ltr'><strong>inter</strong></span> <span class='ocrx_word' id='word_1_926' title='bbox 3099 5184 3280 5241; x_wconf 90' lang='lat' dir='ltr'><strong>omnia</strong></span> <span class='ocrx_word' id='word_1_927' title='bbox 3308 5191 3444 5238; x_wconf 79' lang='lat' dir='ltr'><strong>tem-</strong></span> 
     </span>
    </p>
   </div>
   <div class='ocr_carea' id='block_1_113' title="bbox 1852 5275 3446 5357">
    <p class='ocr_par' dir='ltr' id='par_1_113' title="bbox 1852 5275 3446 5357">
     <span class='ocr_line' id='line_1_113' title="bbox 1852 5275 3446 5357; baseline -0.008 -16"><span class='ocrx_word' id='word_1_928' title='bbox 1852 5302 1984 5357; x_wconf 89' lang='lat' dir='ltr'><strong>pora</strong></span> <span class='ocrx_word' id='word_1_929' title='bbox 2035 5299 2155 5354; x_wconf 79' lang='lat' dir='ltr'><strong>quae</strong></span> <span class='ocrx_word' id='word_1_930' title='bbox 2203 5283 2343 5337; x_wconf 84' lang='lat' dir='ltr'><strong>facta</strong></span> <span class='ocrx_word' id='word_1_931' title='bbox 2397 5291 2554 5347; x_wconf 89' lang='lat' dir='ltr'><strong>sunt,</strong></span> <span class='ocrx_word' id='word_1_932' title='bbox 2583 5281 2697 5336; x_wconf 89' lang='lat' dir='ltr'><strong>dies</strong></span> <span class='ocrx_word' id='word_1_933' title='bbox 2735 5278 2924 5348; x_wconf 87' lang='lat' dir='ltr'><strong>judicii</strong></span> <span class='ocrx_word' id='word_1_934' title='bbox 2962 5284 3075 5344; x_wconf 88' lang='lat' dir='ltr'><strong>est;</strong></span> <span class='ocrx_word' id='word_1_935' title='bbox 3113 5291 3272 5347; x_wconf 91' lang='lat' dir='ltr'><strong>quem</strong></span> <span class='ocrx_word' id='word_1_936' title='bbox 3301 5275 3446 5330; x_wconf 90' lang='lat' dir='ltr'><strong>diem</strong></span> 
     </span>
    </p>
   </div>
   <div class='ocr_carea' id='block_1_114' title="bbox 1852 5370 3443 5452">
    <p class='ocr_par' dir='ltr' id='par_1_114' title="bbox 1852 5370 3443 5452">
     <span class='ocr_line' id='line_1_114' title="bbox 1852 5370 3443 5452; baseline -0.008 -17"><span class='ocrx_word' id='word_1_937' title='bbox 1852 5377 2217 5452; x_wconf 85' lang='lat' dir='ltr'><strong>proculdubio</strong></span> <span class='ocrx_word' id='word_1_938' title='bbox 2239 5377 2354 5447; x_wconf 89' lang='lat' dir='ltr'><strong>ipse</strong></span> <span class='ocrx_word' id='word_1_939' title='bbox 2387 5375 2669 5431; x_wconf 89' lang='lat' dir='ltr'><strong>constituit</strong></span> <span class='ocrx_word' id='word_1_940' title='bbox 2692 5383 2747 5429; x_wconf 90' lang='lat' dir='ltr'><strong>et</strong></span> <span class='ocrx_word' id='word_1_941' title='bbox 2767 5373 2910 5429; x_wconf 89' lang='lat' dir='ltr'><strong>fecit.</strong></span> <span class='ocrx_word' id='word_1_942' title='bbox 2948 5372 3058 5427; x_wconf 86' lang='lat' dir='ltr'><strong>Nec</strong></span> <span class='ocrx_word' id='word_1_943' title='bbox 3081 5376 3262 5443; x_wconf 88' lang='lat' dir='ltr'><strong>potest</strong></span> <span class='ocrx_word' id='word_1_944' title='bbox 3291 5370 3443 5440; x_wconf 82' lang='lat' dir='ltr'><strong>igno-</strong></span> 
     </span>
    </p>
   </div>
   <div class='ocr_carea' id='block_1_115' title="bbox 1859 5457 3450 5538">
    <p class='ocr_par' dir='ltr' id='par_1_115' title="bbox 1859 5457 3450 5538">
     <span class='ocr_line' id='line_1_115' title="bbox 1859 5457 3450 5538; baseline -0.008 -14"><span class='ocrx_word' id='word_1_945' title='bbox 1859 5485 1982 5525; x_wconf 86' lang='lat' dir='ltr'><strong>rare</strong></span> <span class='ocrx_word' id='word_1_946' title='bbox 2008 5484 2126 5538; x_wconf 71' lang='lat' dir='ltr'><strong>qua:</strong></span> <span class='ocrx_word' id='word_1_947' title='bbox 2154 5469 2300 5522; x_wconf 86' lang='lat' dir='ltr'><strong>novit</strong></span> <span class='ocrx_word' id='word_1_948' title='bbox 2327 5467 2486 5520; x_wconf 87' lang='lat' dir='ltr'><strong>Pater</strong></span> <span class='ocrx_word' id='word_1_949' title='bbox 2513 5465 2604 5534; x_wconf 92' lang='lat' dir='ltr'><strong>qui</strong></span> <span class='ocrx_word' id='word_1_950' title='bbox 2637 5473 2782 5518; x_wconf 93' lang='lat' dir='ltr'><strong>totus</strong></span> <span class='ocrx_word' id='word_1_951' title='bbox 2810 5463 2862 5517; x_wconf 91' lang='lat' dir='ltr'><strong>in</strong></span> <span class='ocrx_word' id='word_1_952' title='bbox 2890 5462 3051 5516; x_wconf 89' lang='lat' dir='ltr'><strong>Patre</strong></span> <span class='ocrx_word' id='word_1_953' title='bbox 3079 5470 3193 5525; x_wconf 88' lang='lat' dir='ltr'><strong>est,</strong></span> <span class='ocrx_word' id='word_1_954' title='bbox 3212 5468 3267 5513; x_wconf 91' lang='lat' dir='ltr'><strong>et</strong></span> <span class='ocrx_word' id='word_1_955' title='bbox 3286 5457 3450 5512; x_wconf 85' lang='lat' dir='ltr'><strong>Pater</strong></span> 
     </span>
    </p>
   </div>
   <div class='ocr_carea' id='block_1_116' title="bbox 1859 5555 3446 5630">
    <p class='ocr_par' dir='ltr' id='par_1_116' title="bbox 1859 5555 3446 5630">
     <span class='ocr_line' id='line_1_116' title="bbox 1859 5555 3446 5630; baseline -0.009 -12"><span class='ocrx_word' id='word_1_956' title='bbox 1859 5564 1915 5619; x_wconf 92' lang='lat' dir='ltr'><strong>in</strong></span> <span class='ocrx_word' id='word_1_957' title='bbox 1941 5578 2038 5627; x_wconf 88' lang='lat' dir='ltr'><strong>eo;</strong></span> <span class='ocrx_word' id='word_1_958' title='bbox 2086 5576 2259 5630; x_wconf 88' lang='lat' dir='ltr'><strong>neque</strong></span> <span class='ocrx_word' id='word_1_959' title='bbox 2295 5559 2434 5614; x_wconf 89' lang='lat' dir='ltr'><strong>scire</strong></span> <span class='ocrx_word' id='word_1_960' title='bbox 2479 5573 2597 5626; x_wconf 76' lang='lat' dir='ltr'><strong>qua:</strong></span> <span class='ocrx_word' id='word_1_961' title='bbox 2643 5556 2804 5610; x_wconf 89' lang='lat' dir='ltr'><strong>habet</strong></span> <span class='ocrx_word' id='word_1_962' title='bbox 2844 5555 3008 5610; x_wconf 90' lang='lat' dir='ltr'><strong>Pater</strong></span> <span class='ocrx_word' id='word_1_963' title='bbox 3055 5563 3109 5609; x_wconf 86' lang='lat' dir='ltr'><strong>et</strong></span> <span class='ocrx_word' id='word_1_964' title='bbox 3153 5569 3251 5608; x_wconf 89' lang='lat' dir='ltr'><strong>sua</strong></span> <span class='ocrx_word' id='word_1_965' title='bbox 3297 5556 3446 5615; x_wconf 88' lang='lat' dir='ltr'><strong>sunt,</strong></span> 
     </span>
    </p>
   </div>
   <div class='ocr_carea' id='block_1_117' title="bbox 1859 5643 3446 5726">
    <p class='ocr_par' dir='ltr' id='par_1_117' title="bbox 1859 5643 3446 5726">
     <span class='ocr_line' id='line_1_117' title="bbox 1859 5643 3446 5726; baseline -0.008 -16"><span class='ocrx_word' id='word_1_966' title='bbox 1859 5655 2116 5726; x_wconf 92' lang='lat' dir='ltr'><strong>quoniam</strong></span> <span class='ocrx_word' id='word_1_967' title='bbox 2166 5653 2345 5707; x_wconf 88' lang='lat' dir='ltr'><strong>omnia</strong></span> <span class='ocrx_word' id='word_1_968' title='bbox 2382 5666 2500 5721; x_wconf 77' lang='lat' dir='ltr'><strong>qua:</strong></span> <span class='ocrx_word' id='word_1_969' title='bbox 2542 5648 2702 5703; x_wconf 83' lang='lat' dir='ltr'><strong>Pater</strong></span> <span class='ocrx_word' id='word_1_970' title='bbox 2745 5648 2930 5713; x_wconf 91' lang='lat' dir='ltr'><strong>habet,</strong></span> <span class='ocrx_word' id='word_1_971' title='bbox 2976 5648 3139 5703; x_wconf 90' lang='lat' dir='ltr'><strong>habet</strong></span> <span class='ocrx_word' id='word_1_972' title='bbox 3176 5655 3230 5701; x_wconf 88' lang='lat' dir='ltr'><strong>et</strong></span> <span class='ocrx_word' id='word_1_973' title='bbox 3255 5643 3446 5710; x_wconf 87' lang='lat' dir='ltr'><strong>Filius,</strong></span> 
     </span>
    </p>
   </div>
   <div class='ocr_carea' id='block_1_118' title="bbox 1861 5737 3450 5819">
    <p class='ocr_par' dir='ltr' id='par_1_118' title="bbox 1861 5737 3450 5819">
     <span class='ocr_line' id='line_1_118' title="bbox 1861 5737 3450 5819; baseline -0.008 -17"><span class='ocrx_word' id='word_1_974' title='bbox 1861 5749 1986 5819; x_wconf 91' lang='lat' dir='ltr'><strong>quia</strong></span> <span class='ocrx_word' id='word_1_975' title='bbox 2013 5746 2191 5801; x_wconf 91' lang='lat' dir='ltr'><strong>omnia</strong></span> <span class='ocrx_word' id='word_1_976' title='bbox 2214 5745 2260 5799; x_wconf 89' lang='lat' dir='ltr'><strong>ei</strong></span> <span class='ocrx_word' id='word_1_977' title='bbox 2287 5745 2314 5798; x_wconf 77' lang='grc' dir='ltr'>Ξι</span> <span class='ocrx_word' id='word_1_978' title='bbox 2339 5744 2497 5798; x_wconf 81' lang='lat' dir='ltr'><strong>Patre</strong></span> <span class='ocrx_word' id='word_1_979' title='bbox 2529 5742 2725 5796; x_wconf 91' lang='lat' dir='ltr'><strong>tradita</strong></span> <span class='ocrx_word' id='word_1_980' title='bbox 2758 5749 2902 5796; x_wconf 91' lang='lat' dir='ltr'><strong>sunt.</strong></span> <span class='ocrx_word' id='word_1_981' title='bbox 2929 5740 3084 5808; x_wconf 87' lang='lat' dir='ltr'><strong>Quod</strong></span> <span class='ocrx_word' id='word_1_982' title='bbox 3123 5739 3168 5794; x_wconf 89' lang='lat' dir='ltr'><strong>si</strong></span> <span class='ocrx_word' id='word_1_983' title='bbox 3197 5737 3450 5794; x_wconf 88' lang='lat' dir='ltr'><strong>ultimum</strong></span> 
     </span>
    </p>
   </div>
   <div class='ocr_carea' id='block_1_119' title="bbox 1862 5823 3448 5910">
    <p class='ocr_par' dir='ltr' id='par_1_119' title="bbox 1862 5823 3448 5910">
     <span class='ocr_line' id='line_1_119' title="bbox 1862 5823 3448 5910; baseline -0.009 -14"><span class='ocrx_word' id='word_1_984' title='bbox 1862 5841 2004 5896; x_wconf 90' lang='lat' dir='ltr'><strong>diem</strong></span> <span class='ocrx_word' id='word_1_985' title='bbox 2049 5823 2348 5910; x_wconf 75' lang='lat' dir='ltr'><strong>ignorasset</strong></span> <span class='ocrx_word' id='word_1_986' title='bbox 2386 5835 2552 5890; x_wconf 84' lang='lat' dir='ltr'><strong>Filius</strong></span> <span class='ocrx_word' id='word_1_987' title='bbox 2593 5835 2777 5904; x_wconf 90' lang='lat' dir='ltr'><strong>utique</strong></span> <span class='ocrx_word' id='word_1_988' title='bbox 2813 5834 3116 5905; x_wconf 86' lang='lat' dir='ltr'><strong>ignorasset</strong></span> <span class='ocrx_word' id='word_1_989' title='bbox 3159 5838 3214 5886; x_wconf 91' lang='lat' dir='ltr'><strong>et</strong></span> <span class='ocrx_word' id='word_1_990' title='bbox 3254 5826 3448 5901; x_wconf 88' lang='lat' dir='ltr'><strong>penul-</strong></span> 
     </span>
    </p>
   </div>
  </div>
