4016 6354
668 342 775 402 3'27

1468 340 1525 396 S.
1566 336 1920 395 PASCHASII
1962 336 2304 395 RADBEHTI
2344 338 2634 395 ABB.\T|S
2673 335 3122 396 CORBEIENSIS

3728 359 3803 429 Μ

652 461 888 524 'timum,
928 473 1023 513 seu
1045 452 1283 524 reliquos
1308 469 1497 507 omnes
1528 460 1829 516 retrosum;
1857 453 1999 507 sicut
2024 466 2129 508 non
2158 467 2250 521 pos
2281 460 2330 519 Α
2357 452 2643 519 membris;
2670 462 2729 508 ut
2755 462 2883 508 tunc
2903 453 3059 523 plene
3081 454 3386 526 intelligatur
3404 457 3532 515 illum
3548 460 3661 523 diem
3678 466 3804 540 εαξη,

675 561 782 610 test
823 552 937 607 ﬁeri
979 549 1067 619 qui
1104 548 1337 618 primum
1363 547 1599 616 ignorat,
1644 551 1702 598 ut
1747 544 2043 598 secundum
2096 544 2251 598 sciat.

677 642 1062 703 Verumtamen
1099 639 1314 713 ιοιή,
1346 654 1507 693 causa
1536 637 1824 708 quaerenda
1854 646 1937 691 est
1966 652 2064 691 cur
2103 638 2256 706 igno-

677 750 801 791 rare
840 735 1052 788 dicatur
1079 733 1242 786 etiam
1275 730 1418 784 illius
1469 728 1722 792 hominis,
1740 742 1863 781 cum
1896 741 2002 781 non
2028 727 2166 783 alius
2188 726 2262 781 sit

679 804 821 883 Deus
850 836 901 882 et
931 827 1091 879 homo
1119 837 1462 893 q'tam,tllltl8
1494 819 1743 874 Christus
1761 859 1777 883 ,
1805 818 1928 888 quia
1959 816 2075 886 cjus
2102 819 2256 889 igno~

675 920 818 974 ratio
840 934 904 973 ex
934 932 1095 973 causa
1121 925 1221 978 est,
1247 914 1546 985 przesertim
1577 914 1701 982 quia
1723 913 1922 967 clamat
1947 912 2257 981 Apostolus,

678 1012 821 1081 quod
845 1010 896 1063 in
911 1007 1126 1063 Christo
1142 1027 1154 1061 :
1175 1004 1364 1059 Omnes
1387 1005 1619 1057 thesauri
1632 1004 1733 1057 sint
1754 1004 2023 1073 sapientitr
2034 1014 2082 1056 et
2096 1005 2261 1057 scien-

676 1103 767 1156 tia:
801 1103 892 1155 Dei
923 1099 1144 1168 (Coloss.
1170 1114 1231 1162 ιι,
1260 1098 1341 1169 2),
1372 1097 1671 1151 absconditi
1706 1105 1760 1151 et
1787 1096 2005 1152 occulti.
2038 1096 2178 1164 Ergo
2205 1096 2259 1149 in

673 1212 786 1267 quo
811 1210 996 1249 omnes
1021 1203 1147 1249 sunt
1170 1192 1407 1246 thesauri
1432 1190 1729 1260 sapientiae,
1761 1189 1904 1243 nulla
1931 1200 2013 1243 est
2043 1188 2260 1259 ignora-

676 1286 773 1340 tio.
809 1285 914 1340 Sed
942 1298 1109 1355 quare
1140 1281 1474 1337 absconditi?
1503 1280 1619 1349 ipse
1644 1280 1711 1334 de
1739 1281 1841 1334 hac
1876 1280 1963 1333 die
2006 1278 2261 1348 apostolis

673 1377 1043 1447 quzerentihns
1071 1375 1410 1444 apertissime
1443 1373 1750 1440 respondit,
1778 1372 1903 1440 quia
1943 1388 2046 1425 non
2078 1381 2153 1425 est
2182 1387 2259 1425 ve-

671 1477 867 1534 stram,
894 1468 1088 1536 inquit,
1120 1481 1269 1521 nosse
1295 1474 1527 1534 tempora
1560 1474 1607 1518 et
1643 1473 1902 1517 momenta
1954 1479 2070 1533 qum
2106 1461 2262 1515 Pater

671 1559 844 1629 posuit
898 1560 950 1610 in
1000 1572 1096 1610 sua
1138 1564 1389 1623 potestate
1438 1554 1575 1624 (Act.
1628 1568 1665 1618 ι,
1717 1554 1793 1621 7).
1849 1552 1927 1607 Ac
1974 1561 2259 1622 propterea

670 1650 888 1719 quando
914 1649 1060 1709 dicit,
1086 1664 1187 1701 non
1209 1657 1283 1701 est
1306 1655 1529 1700 vestrum
1553 1645 1963 1707 scire,ostendit
1981 1644 2122 1712 quod
2147 1643 2261 1711 ipse.

672 1743 832 1808 sciat,
849 1744 940 1796 sel
956 1756 1062 1795 non
1085 1739 1300 1808 expedit
1323 1752 1482 1792 nosse
1506 1735 1763 1806 apostolis
1790 1750 1963 1803 neque
1975 1733 2257 1803 prmdicari

2358 547 2573 615 quando
2598 558 2652 602 et
2675 545 2791 612 ejus
2819 548 3000 601 omnia
3028 547 3259 602 membra
3286 551 3503 607 scierint.
3535 553 3725 614 Fuerunt
3742 578 3807 618 aa-

2361 645 2465 691 tem
2491 646 2547 692 et
2576 638 2643 692 de
2672 638 2775 692 hoc
2798 638 2919 693 loco
2956 638 3047 707 qui
3087 638 3337 709 dicerent,
3376 645 3502 710 quod
3535 645 3634 703 ideo
3653 650 3810 710 diemet

2360 728 2548 783 horam
2601 731 2832 796 dixerit,
2865 746 2966 786 nec
3006 731 3252 803 angelos,
3297 749 3391 789 nec
3428 737 3548 794 ullos
3585 744 3812 803 mortalium

2359 822 2530 885 scire,
2566 824 2692 890 quia
2719 838 2877 877 nemo
2906 833 3082 893 potest
3124 840 3390 880 mensuras
3429 839 3680 898 temporum
3713 835 3814 891 colli-

2360 926 2486 981 gere
2521 923 2575 966 et
2606 913 2859 967 horarum
2896 914 3088 983 spatia.
3131 913 3193 969 Et
3236 915 3397 985 possit
3428 915 3553 973 forte
3586 922 3697 976 scite
3734 935 3816 992 post

2358 1014 2489 1074 quot
2518 1019 2731 1060 menses
2760 1005 2843 1059 vvl
2883 1014 3003 1076 post
3021 1015 3150 1075 quot
3170 1021 3352 1067 annos.
3375 1018 3598 1066 utrumne
3613 1024 3707 1080 post
3721 1016 3819 1071 mille

2362 1111 2557 1159 annos,
2575 1096 2656 1150 vel
2674 1106 2794 1166 post
2811 1106 3047 1159 centum,
3067 1111 3160 1152 seu
3185 1098 3402 1166 amplius
3423 1100 3651 1156 minusve.
3675 1104 3721 1156 l-lt
3736 1104 3818 1160 ideo

2361 1187 2564 1242 dixisse
2591 1187 2733 1241 diem
2765 1202 2940 1256 neque
2970 1187 3189 1249 horam,
3208 1188 3330 1256 quia
3353 1188 3403 1241 in
3435 1197 3507 1243 tot
3538 1190 3698 1245 secula
3720 1202 3820 1247 tanta

2360 1280 2649 1348 exiguitas
2672 1293 2777 1331 non
2819 1278 2994 1332 valeat
3029 1278 3421 1347 comprehendi.
3453 1277 3588 1335 Unde
3642 1280 3819 1336 fatetnin

2362 1368 2467 1423 hac
2513 1369 2644 1422 hora
2682 1368 3075 1433 novissima,in
3101 1383 3207 1438 qua
3237 1384 3445 1434 sumus,
3479 1379 3528 1424 et
3548 1371 3593 1423 in
3613 1386 3693 1439 qua
3716 1371 3824 1426 Chri-

2360 1466 2479 1513 stus
2498 1461 2665 1523 venit,
2686 1459 2829 1515 sicut
2851 1458 3085 1514 Joannes
3114 1461 3190 1514 ait
3213 1477 3226 1512 :
3253 1458 3429 1513 Fitioli
3459 1461 3567 1523 mei,
3586 1460 3726 1513 scitote
3742 1460 3822 1530 (μὴ

2360 1549 2637 1602 nov'ssima
2657 1550 2786 1604 hora
2806 1559 2880 1603 est
2899 1549 2949 1619 (1
2972 1548 3135 1605 Joan.
3153 1565 3212 1615 ιι,
3239 1550 3340 1621 18),
3370 1550 3827 1619 δὶρυιηίιιινοιρδιιὶο·

2359 1641 2617 1711 prehendi
2648 1657 2808 1709 quam
2834 1642 2922 1695 diu
2957 1643 3228 1704 tendatur,
3252 1642 3323 1695 ita
3347 1658 3440 1696 nec
3462 1656 3548 1711 per
3565 1651 3674 1710 quot
3692 1656 3823 1699 annos.

2361 1733 2429 1787 Et
2454 1742 2762 1803 propterea,
2789 1749 2894 1787 non
2921 1733 3043 1789 ideo
3064 1734 3203 1787 dixit
3226 1733 3365 1788 diem
3384 1734 3465 1789 vel
3489 1735 3651 1787 horam
3668 1734 3827 1793 nescire.
3908 1740 3921 1759 '

671 1826 799 1887 eum
828 1834 968 1887 diem
996 1830 1312 1885 mortalibus
1327 1838 1615 1898 utsemper
1639 1827 1850 1891 incerti,
1874 1824 2066 1894 singuli
2088 1825 2167 1880 sic
2189 1824 2266 1878 vi-
2295 1815 2343 1875 Β
2369 1824 2495 1893 quia
2520 1824 2775 1880 minutias
2804 1824 3083 1890 horarum,
3113 1841 3238 1880 cum
3259 1825 3328 1880 sit
3350 1836 3563 1878 nnatast
3586 1825 3709 1892 longa
3726 1824 3827 1884 hora.

672 1931 802 1975 vant
830 1921 986 1989 quasi
1019 1920 1105 1973 die
1131 1918 1369 1972 crastina
1400 1917 1647 1973 morituri
1694 1924 1752 1969 et
1781 1915 1832 1968 iu
1855 1915 2118 1985 judicium
2148 1915 2256 1969 sint

670 2012 905 2068 venturi.
935 2010 1202 2079 Quidquid
1227 2010 1372 2063 enim
1400 2016 1484 2062 est
1535 2008 1676 2075 quod
1696 2008 1748 2061 in
1778 2007 1936 2061 Patre
1957 2016 2063 2070 est,
2088 2017 2255 2061 totout

670 2100 1081 2171 comprehendit
1115 2113 1294 2154 sermo
1333 2098 1568 2161 divinus,
1603 2112 1763 2152 nosse
1785 2097 2253 2160 Filium,cumait,

670 2191 797 2262 mnia
823 2190 970 2245 solus
994 2188 1154 2241 Pater
1176 2189 1360 2252 novit;
1389 2187 1515 2256 quia
1538 2187 1677 2241 sicut
1700 2201 1892 2241 nomen
1926 2185 2044 2239 Filii
2074 2184 2252 2250 Pater,

672 2281 747 2336 ita
769 2289 824 2334 et
854 2293 1047 2333 nomen
1070 2276 1245 2330 Patris
1256 2276 1426 2330 Filius
1441 2285 1541 2330 est.
1572 2275 1636 2329 Et
1659 2275 1780 2329 ideo
1795 2274 2053 2343 quidquid
2072 2274 2124 2328 in
2148 2289 2254 2328 uno

669 2386 857 2428 eorum
882 2378 983 2434 est,
1011 2378 1182 2423 totum
1211 2378 1265 2421 et
1315 2368 1369 2423 in
1400 2367 1571 2423 altero
1609 2376 1710 2421 est.
1742 2366 1808 2421 Et
1837 2367 1958 2421 ideo
1988 2382 2094 2420 non
2128 2374 2254 2420 sunt

664 2462 920 2516 audiendi
958 2459 1049 2528 qui
1077 2458 1281 2520 dicunt,
1318 2457 1461 2525 quod
1499 2457 1808 2525 priusquam
1840 2456 2108 2527 propriam
2140 2457 2251 2512 dis-

660 2551 1038 2622 pensationem
1066 2549 1331 2618 passionis
1352 2557 1407 2602 et
1425 2548 1835 2604 resurrectionis
1849 2547 2251 2617 impleretCltri-

661 2652 807 2706 stus,
823 2641 1104 2710 ignorabat
1124 2640 1265 2708 quod
1282 2648 1466 2709 postea
1481 2638 1686 2703 didicit;
1703 2648 1755 2693 et
1769 2638 1888 2693 ideo
1901 2638 2043 2693 dicat
2056 2637 2249 2704 Lucas,

658 2733 790 2803 quia
815 2748 944 2802 pater
988 2730 1146 2785 Jesus
1172 2729 1472 2803 proﬁciebat
1497 2738 1669 2793 (etate,
1697 2730 1951 2798 sapientia
1968 2768 1984 2794 ,
2009 2739 2057 2782 et
2078 2730 2252 2799 gratia

658 2839 846 2879 coram
874 2822 983 2877 Deo
1005 2833 1054 2877 et
1085 2823 1380 2877 hominibus
1402 2821 1534 2890 (Luc
1572 2838 1635 2888 tt,
1672 2821 1786 2892 52).
1828 2822 1963 2890 Quia
1995 2823 2063 2877 ab
2097 2823 2251 2877 initio

662 2914 1077 2980 incarnationis,
1105 2914 1321 2971 totusiu
1345 2929 1410 2969 eo
1438 2914 1580 2969 Deus
1606 2924 1659 2969 et
1681 2915 1869 2978 homo,
1902 2924 2010 2969 tota
2049 2915 2247 2983 gratia,

658 3013 885 3075 Ictaque
917 3005 1180 3074 sapientia
1210 3014 1265 3059 et
1314 3006 1540 3060 scientia
1560 3004 1677 3058 Dei.
1707 3005 1775 3059 Et
1799 3005 1918 3061 ideo
1945 3005 2077 3060 nihil
2103 3006 2154 3059 in
2182 3020 2249 3060 eo

658 3097 883 3152 advenit
933 3095 1074 3165 quod
1101 3095 1213 3166 jam
1253 3104 1375 3151 erat
1423 3096 1477 3150 in
1526 3110 1621 3162 eo;
1668 3095 1795 3164 quia
1838 3096 2047 3166 integer
2084 3097 2243 3162 Deus,

2357 1914 2613 1985 colligere
2661 1931 2765 1970 non
2799 1924 3002 1984 posset,
3034 1916 3129 1970 sed
3171 1916 3300 1985 quia
3343 1916 3421 1971 sic
3461 1916 3691 1970 incertum
3719 1912 3833 1965 voluit

2356 2018 2477 2059 esse
2524 2005 2666 2059 diem
2688 2043 2704 2070 ,
2755 2013 2968 2074 tempus
3007 2012 3061 2060 et
3094 2004 3280 2059 horam
3308 2004 3636 2066 uovissmam,
3662 2012 3708 2053 ut
3728 2014 3832 2054 nemo

2356 2092 2634 2148 hominum
2658 2093 2872 2163 quando
2893 2104 3154 2149 venturus
3176 2095 3246 2150 sit
3271 2094 3409 2149 scire
3429 2102 3596 2162 queat.
3626 2091 3682 2146 Et
3704 2100 3833 2143 notaa-

2357 2183 2482 2238 dum
2514 2184 2656 2253 quod
2672 2185 2770 2250 ait,
2787 2184 2913 2253 quia
2934 2200 3033 2239 nec
3055 2184 3233 2254 angeli
3248 2183 3520 2238 caelorum.
3538 2180 3608 2237 Ex
3622 2197 3706 2250 quo
3723 2186 3832 2248 patet,

2354 2273 2498 2341 quod
2519 2273 2695 2343 angeli
2712 2282 2882 2329 telum
2897 2273 3064 2328 Deum
3080 2289 3189 2327 non
3202 2271 3568 2343 capianttlicet
3579 2269 3835 2326 emetientes)
3936 2332 3937 2339 γ

2356 2367 2592 2423 habeant
2615 2376 2862 2422 naturam
2888 2382 3062 2437 neque
3080 2367 3267 2421 omnia
3282 2380 3400 2434 qua:
3413 2364 3464 2418 in
3484 2365 3581 2418 Deo
3595 2373 3696 2417 sunt
3709 2358 3838 2415 iattelii-
3936 2408 3937 2423 χ

2354 2470 2486 2530 gant
2503 2460 2757 2530 quoniam
2789 2469 2843 2516 et
2863 2459 2966 2529 ipsi
2992 2467 3250 2514 creatura
3264 2464 3390 2512 sunt
3415 2454 3524 2510 Dei.
3546 2451 3763 2509 thlorum
3779 2464 3839 2502 au-

2357 2561 2463 2605 tem
2489 2552 2609 2607 ideo
2630 2551 2855 2617 addidit,
2877 2552 2944 2604 ad
2966 2550 3374 2606 distinctionem
3397 2561 3574 2602 eorum
3593 2554 3837 2613 attgeioruﬂl.

2353 2643 2444 2712 qui
2459 2644 2513 2698 iu
2536 2643 2637 2714 hac
2652 2642 2891 2698 Ecclesia
2906 2641 3109 2697 Christi
3132 2641 3323 2695 divina
3337 2638 3579 2699 nuntiare
3590 2632 3775 2706 quotidie
3786 2644 3840 2685 sa-

2356 2743 2579 2805 tagunt;
2610 2750 2734 2789 nam
2775 2733 3000 2804 angelus
3026 2731 3191 2786 cilicii
3224 2746 3419 2786 nomen
3441 2738 3541 2793 est,
3566 2720 3657 2780 non
3684 2732 3839 2776 natura.
3936 2768 3937 2793 ἰ

2351 2825 2430 2882 Ac
2458 2840 2555 2896 per
2577 2827 2699 2891 hoc,
2727 2826 2943 2895 quando
2965 2824 3066 2895 ipsi
3095 2823 3386 2885 nesciunt,
3417 2821 3505 2891 qui
3533 2813 3844 2877 excellentiam
3936 2808 3937 2813 “

2352 2925 2482 2974 sunt
2505 2918 2558 2971 in
2574 2924 2788 2981 natura,
2802 2928 2856 2970 et
2872 2914 3145 2985 proximio
3154 2927 3242 2967 res
3260 2913 3371 2968 Deo
3385 2918 3620 2966 contenta
3632 2920 3728 2962 esse
3743 2902 3844 2956 debet

2352 3008 2585 3063 humana
2609 3006 2899 3077 fragilitas,
2924 3021 2991 3061 ne
3014 3005 3066 3059 id
3081 3013 3315 3075 appetat
3341 3002 3600 3058 curiosius
3625 2996 3736 3052 scire
3751 2987 3845 3077 quoii

2352 3096 2642 3167 plurimum
2664 3097 2920 3166 prodesse
2945 3103 3118 3165 potest
3143 3096 3270 3150 sine
3313 3093 3479 3148 dubio
3513 3090 3658 3145 etiam
3687 3082 3843 3140 nescire.

660 3200 720 3245 et
749 3191 960 3259 integer
985 3191 1146 3245 homo
1185 3200 1323 3245 erat.
1361 3189 1466 3245 Sed
1497 3190 1565 3245 ad
1595 3191 1736 3259 quod
1777 3192 2093 3260 proliceret,
2128 3193 2243 3262 ipse
2268 3179 2314 3240 C
2344 3190 2563 3246 Interim
2587 3200 2761 3244 tamen
2780 3190 2888 3244 Deo
2910 3190 2975 3243 de
2991 3187 3151 3242 nobis
3175 3186 3382 3257 aliquid
3405 3178 3843 3257 meiiuspievidcnlt‘,

658 3280 835 3337 Lucas
859 3280 1091 3336 ﬁdeliter
1134 3289 1377 3346 enarrat,
1408 3297 1586 3335 coram
1615 3280 1726 3335 Deo
1754 3292 1801 3334 et
1830 3282 2141 3344 hominibus,
2183 3292 2241 3338 ut

658 3373 864 3429 homini
908 3372 1170 3428 tribueret
1216 3372 1578 3443 dispensative
1639 3373 1773 3428 satis
1813 3380 1869 3427 et
1905 3364 2072 3427 aetati.
2121 3372 2240 3442 ipse

656 3476 891 3532 namque
918 3462 1108 3516 modus
1134 3460 1420 3517 locutionis
1440 3502 1454 3527 ,
1486 3476 1654 3531 quare
1682 3477 1741 3517 se
1781 3462 1989 3517 nescire
2023 3462 2163 3516 diem
2184 3472 2240 3519 et

657 3552 847 3607 horam
878 3552 1022 3607 illaut
1049 3553 1217 3617 dicat,
1261 3553 1686 3609 considerandus
1728 3562 1830 3609 est.
1879 3552 2016 3621 Quia
2071 3569 2236 3624 quam

655 3658 797 3713 saepe
825 3642 1105 3715 Scriptura
1138 3643 1318 3699 divina
1347 3644 1423 3699 ita
1442 3644 1702 3713 loquitur,
1733 3653 1793 3699 ut
1820 3646 2029 3699 nescire
2058 3659 2117 3700 se
2151 3645 2235 3700 di-

655 3745 749 3792 cat
764 3751 833 3790 eo
849 3737 993 3805 quod
1019 3736 1165 3806 ipsos
1188 3737 1460 3807 apostolos
1490 3738 1791 3793 nescientes
1819 3737 2053 3807 reliquit.
2078 3736 2141 3793 Et
2168 3736 2233 3792 ad

649 3829 926 3883 Abraham
973 3829 1048 3883 ita
1096 3829 1377 3899 loquitur:
1427 3828 1570 3883 Nam
1610 3830 1824 3900 cognovi
1868 3830 2007 3900 quod
2051 3829 2235 3884 timeas

648 3918 825 3973 Deum
849 3917 1002 3987 (Gen.
1032 3936 1166 3983 xxii,
1204 3922 1314 3992 12).
1349 3921 1429 3977 Ac
1454 3923 1499 3976 si
1530 3923 1704 3987 dicat,
1743 3924 1867 3991 quia
1907 3938 2232 3992 cognoscere

646 4018 708 4063 se
753 4008 877 4064 feci.
913 4009 1044 4065 Nam
1070 3997 1151 4068 'et
1203 4013 1492 4071 saeculares
1531 4014 1747 4079 litteras,
1790 4015 1943 4069 triste
1990 4015 2231 4085 lupinum

644 4099 859 4163 «dicunt,
892 4114 957 4156 eo
995 4103 1138 4170 quod
1164 4104 1348 4159 tristes
1386 4103 1590 4159 faciant
1617 4105 1708 4173 qui
1757 4105 2089 4161 comederint
2114 4122 2228 4163 eos.

642 4186 752 4253 Qui
776 4189 969 4245 modus
982 4190 1235 4260 loquendi
1258 4193 1326 4247 ah
1344 4194 1595 4255 omnibus
1610 4194 1990 4250 usitatissimus
2012 4204 2112 4251 est.
2141 4197 2232 4273 Die

644 4279 793 4335 citur
820 4288 1004 4339 autem
1028 4292 1085 4338 et
1102 4283 1257 4339 aliter
1276 4283 1413 4341 bene
1437 4286 1671 4341 nescisse
1695 4286 1876 4342 Jesum
1899 4287 2039 4344 diem
2061 4298 2114 4345 et
2134 4290 2229 4345 ho-

648 4384 768 4427 ram
796 4371 942 4429 illam
963 4373 1055 4442 qui
1084 4375 1324 4433 occurrit
1342 4377 1410 4446 ad
1442 4375 1601 4432 ﬁnem
1626 4417 1641 4444 ,
1678 4386 1851 4449 neque
1869 4378 2229 4449 abbreviatio-

2344 3283 2556 3351 necipsi
2571 3282 2746 3353 angeli
2768 3281 3027 3336 caelorum
3049 3279 3238 3334 sciunt
3267 3278 3411 3334 diem
3434 3285 3490 3331 et
3501 3277 3668 3330 horam
3681 3269 3847 3353 illamutt

2339 3374 2520 3429 omnia
2555 3374 2607 3427 iu
2638 3352 2793 3426 nobis
2812 3378 3361 3426 consununarentur.
3394 3362 3774 3437 Praeparatcnim

2339 3464 2444 3520 lius
2487 3463 2584 3520 Dei
2624 3446 2907 3519 scientiam
2951 3462 3055 3516 diei
3101 3461 3260 3516 illius
3299 3468 3356 3518 et
3390 3461 3535 3516 hora:
3575 3448 3849 3511 coheredibus

2336 3566 2553 3612 aeterna:
2602 3556 2742 3618 vitae,
2773 3564 2832 3609 ut
2850 3552 3010 3610 simul
3039 3567 3243 3607 omnes
3272 3552 3474 3617 sciant,
3498 3558 3551 3605 et
3572 3547 3847 3603 instaurentur

2326 3664 2495 3713 omna
2526 3647 2581 3701 in
2607 3646 2841 3711 Christo,
2865 3659 2984 3714 quae
3006 3630 3060 3697 in
3087 3644 3255 3699 caelis
3281 3652 3414 3699 sunt
3461 3652 3515 3699 et
3541 3655 3651 3710 qua:
3678 3636 3721 3690 in
3743 3641 3849 3685 tem-

2409 3738 2554 3794 Sicut
2584 3748 2757 3791 autent
2779 3736 2831 3790 in
2849 3735 3030 3789 diebus
3057 3732 3203 3802 Noe,
3231 3738 3313 3790 sic
3332 3735 3430 3789 erit
3457 3734 3687 3788 adventus
3708 3715 3850 3796 ιοιϐ

2334 3829 2434 3898 ﬁlii
2476 3827 2720 3881 hominis.
2753 3826 2901 3883 Sicut
2925 3826 3063 3879 enim
3085 3836 3249 3880 erant
3272 3827 3333 3881 in
3348 3826 3531 3879 diebus
3555 3831 3662 3877 ante
3676 3813 3851 3871 dilui-iul

2335 3922 2654 3976 comedentes
2680 3930 2730 3974 et
2773 3921 3020 3984 bibentes,
3048 3928 3191 3987 etc.,
3223 3921 3307 3975 ita
3336 3921 3438 3976 erit
3466 3930 3513 3976 et
3560 3917 3764 3971 adventui
3789 3900 3851 3974 με

2333 4013 2578 4067 hominis.
2595 4011 2948 4078 Quaerendum
2964 4010 3131 4081 igitur
3144 4014 3437 4082 quomodo
3450 3992 3608 4081 supra
3622 4007 3779 4062 dictum
3787 3996 3850 4051 sit:

2332 4101 2520 4174 Surget
2539 4120 2661 4174 gens
2678 4113 2857 4158 contra
2882 4112 3108 4174 gentem,
3123 4116 3176 4159 et
3196 4121 3426 4176 regnum
3442 4105 3675 4158 adversus
3688 4101 3850 4176 r69"!-

2332 4194 2655 4262 Pestilentiai
2684 4204 2738 4250 et
2767 4194 2937 4250 fames
2972 4174 3433 4264 praenuntientur
3459 4195 3513 4251 in
3542 4193 3735 4248 adventu
3749 4174 3857 4237 (Ἀιά

2332 4288 2424 4354 sti,
2451 4297 2504 4342 et
2542 4296 2908 4355 terrzemotus;
2951 4289 3079 4358 quid
3111 4300 3204 4346 est
3244 4290 3399 4360 quod
3431 4304 3572 4343 nunc
3606 4300 3662 4341 ea
3686 4281 3853 4335 comme-

2331 4386 2507 4432 morat
2539 4379 2711 4449 magis
2758 4395 2877 4450 qua:
2932 4381 3085 4451 pacis
3126 4392 3268 4436 sunt
3307 4381 3549 4438 indicia?
3580 4375 3710 4435 Unde
3726 4360 3856 4423 ειίειὶο

647 4475 774 4517 nem
798 4463 907 4519 diei
933 4463 1075 4523 illius
1103 4474 1158 4521 et
1179 4466 1343 4523 horai.
1377 4466 1531 4523 Sicut
1566 4469 1796 4525 dicimus
1835 4472 2102 4529 medicum
2134 4489 2227 4530 ue-
2255 4537 2303 4555 “
2333 4472 2586 4527 mandum
2612 4471 2767 4540 juxta
2796 4474 3124 4543 apostolum,
3158 4475 3317 4545 quod
3358 4484 3485 4548 post
3518 4481 3699 4555 pugnas
3721 4469 3763 4515 et
3779 4455 3855 4512 dis-

646 4556 789 4614 scire
812 4558 1059 4617 morbum
1084 4560 1321 4631 regium,
1344 4561 1505 4616 etiam
1530 4577 1653 4617 cum
1680 4563 1933 4621 videatet
1964 4565 2224 4642 intelligat
2255 4537 2306 4597 D
2332 4568 2613 4623 sensiones
2643 4567 3012 4623 insidiantium
3036 4609 3052 4635 ,
3093 4579 3152 4626 et
3209 4537 3423 4628 caetera
3472 4537 3654 4643 (lt-tibiis
3705 4560 3861 4626 80ml)et

642 4662 768 4705 eum
795 4649 851 4707 in
873 4648 998 4714 alio,
1029 4654 1272 4720 quamvis
1302 4668 1423 4709 eum
1454 4656 1508 4708 in
1539 4670 1600 4711 se
1629 4671 1902 4727 nunquam
1932 4659 2003 4713 sit
2028 4674 2212 4730 exper-

645 4749 753 4796 tus.
781 4738 1043 4799 Sicade
1062 4743 1182 4811 ipso
1222 4746 1437 4809 dicitur,
1486 4747 1629 4817 quod
1679 4749 1772 4817 qui
1821 4765 1927 4803 non
1971 4751 2224 4819 cognovit

636 4840 945 4898 peccatum,
972 4848 1072 4902 pro
1100 4836 1255 4890 nobis
1281 4837 1749 4907 peccatuml‘actus
1775 4848 1858 4894 est
1878 4840 2010 4911 ipse.
2040 4841 2224 4898 Etsic-

634 4930 702 4975 ιιιι
746 4924 1078 4991 experiendo
1140 4940 1419 4997 peccatum
1472 4946 1745 5000 nunquam
1804 4932 2091 5002 cognovit,
2143 4934 2221 4989 ita

602 5027 741 5087 patec
778 5013 921 5073 illius
964 5016 1071 5071 diei
1110 5017 1270 5073 linem
1309 5031 1365 5076 et
1401 5021 1566 5076 horai.
1615 5018 1825 5093 1015
1859 5023 1981 5078 llaec
2016 5024 2220 5082 idcirco

620 5101 904 5170 dixerint,
934 5106 1060 5174 quia
1096 5108 1250 5163 multi
1286 5110 1339 5163 iu
1372 5111 1474 5165 hoc
1513 5120 1699 5166 errant
1741 5114 2008 5183 capitulo,
2042 5125 2099 5171 ut
2126 5133 2221 5187 pa.

634 5202 751 5249 sctit
809 5211 971 5266 quam
1021 5198 1220 5257 multos
1271 5200 1469 5257 habeat
1505 5203 1704 5257 exitus.
1759 5204 1894 5272 Quia
1942 5206 2042 5261 etsi
2072 5206 2216 5261 aliud

631 5298 742 5338 non
787 5298 1102 5344 occurreret
1147 5305 1316 5360 quare
1364 5307 1424 5346 se
1472 5294 1748 5362 ignorasse
1805 5295 2064 5362 dixisset,
2121 5312 2219 5368 po-

632 5376 926 5434 tuissemus
971 5380 1175 5446 dicere,
1213 5383 1337 5452 quia
1374 5382 1621 5440 Christus
1659 5393 1714 5441 ct
1761 5386 1997 5443 Ecclesia
2043 5405 2206 5444 unum

626 5480 830 5536 corpus
855 5480 959 5536 est,
987 5482 1044 5526 et
1072 5474 1243 5530 donec
1264 5475 1379 5543 ipsa
1407 5476 1561 5547 (quia
1605 5479 1685 5531 sic
1714 5478 1960 5549 expedit)
1999 5480 2211 5551 ignorat

626 5557 774 5615 diem
796 5562 943 5617 illum
968 5576 1022 5619 et
1050 5567 1260 5633 horam,
1284 5586 1404 5639 quae
1429 5580 1513 5624 est
1531 5587 1727 5641 corpus
1753 5572 1940 5643 ipsius,
1974 5589 2212 5645 congrue

628 5649 764 5713 satis
793 5655 1027 5717 unandiu
1058 5659 1171 5727 ipsa
1215 5663 1468 5716 nescierit
1495 5678 1619 5718 eum
1651 5664 1792 5721 diem
1836 5676 1891 5720 et
1917 5667 2128 5731 horam,
2151 5675 2212 5721 ut

604 5735 800 5813 ,ἤμεθα
820 5743 856 5797 -i
887 5757 1049 5815 caput
1068 5758 1155 5805 est
1174 5750 1365 5822 ipsius,
1389 5766 1449 5808 se
1479 5755 1730 5827 ignorare
1756 5756 1991 5813 fateatur
2016 5760 2070 5816 in
2097 5759 2212 5819 suis

2333 4671 2503 4729 genus
2524 4665 2767 4712 vastatur
2795 4658 3113 4723 humanum,
3147 4658 3349 4715 brevis
3371 4660 3442 4715 ad
3470 4655 3713 4713 modicum
3728 4647 3859 4723 subse-

2333 4749 2541 4817 quenda
2571 4747 2641 4801 sit
2668 4762 2793 4818 pax,
2825 4763 2945 4819 quae
2971 4748 3231 4817 quietare
3257 4750 3539 4824 permittit
3563 4745 3722 4802 omnia
3752 4746 3795 4793 ut
3818 4733 3862 4789 ﬁ-

2331 4837 2423 4893 des
2475 4838 2803 4892 credentium
2854 4839 3284 4908 comprohetnr,
3318 4846 3587 4894 'utrmune
3639 4825 3859 4889 transactis

2329 4929 2509 4996 malis,
2536 4939 2753 4999 sperent
2772 4929 3007 4999 judicent
3045 4932 3226 4989 Deum
3254 4948 3382 4989 esse
3403 4942 3700 4987 ventorum.
3724 4924 3775 4979 Et
3795 4919 3864 4975 hoc

2323 5031 2408 5080 est
2427 5025 2567 5094 quod
2598 5024 2649 5078 in
2677 5023 2841 5079 Paulo
2865 5024 3131 5097 legimus:
3161 5024 3306 5079 Cum
3340 5025 3579 5081 dixerint
3601 5025 3864 5094 paxetsm-

2321 5118 2472 5182 ritas,
2505 5129 2627 5172 tunc
2646 5119 2720 5172 eis
2744 5118 3036 5187 repentinus
3054 5119 3404 5189 superreniet
3424 5118 3661 5174 interitus
3676 5111 3718 5187 (Ι
3735 5108 3866 5164 Thess.

2322 5223 2376 5273 v,
2402 5208 2477 5278 5).
2519 5209 2783 5266 Utrumne
2818 5210 2870 5264 in
2902 5210 3081 5265 subito
3100 5208 3178 5265 sit
3204 5210 3440 5266 futurus
3471 5212 3587 5283 ipse
3621 5201 3867 5278 repentium

2321 5298 2590 5366 interitus,
2622 5317 2686 5355 an
2718 5302 2979 5372 paulatim
3012 5303 3154 5357 sicut
3192 5309 3254 5358 et
3287 5302 3565 5360 diluvium
3596 5298 3798 5359 crevisse
3821 5292 3870 5365 ιθτ

2320 5391 2495 5461 gimus
2522 5408 2617 5461 per
2640 5394 2846 5465 aliquot
2875 5395 2987 5450 dies
3005 5392 3164 5462 ,jure
3193 5397 3503 5465 quaeritur.
3530 5393 3768 5463 Quoniam
3786 5395 3868 5440 om-

2321 5483 2408 5536 nia
2434 5482 2735 5538 luturorum
2758 5486 2907 5557 signa
2923 5486 2985 5539 de
2998 5484 3204 5553 quibus
3234 5486 3521 5543 hactenus
3544 5484 3695 5544 locuti
3712 5483 3868 5536 sumat.

2319 5576 2470 5644 quasi
2500 5576 2742 5645 quaedam
2772 5576 3151 5647 aegrotationes
3179 5579 3389 5634 mundi
3432 5579 3588 5634 fuere
3629 5585 3680 5630 ut
3700 5563 3871 5628 ωδιιξίε·

2318 5674 2527 5722 starent
2545 5667 2724 5722 δίρρυιὶ
2738 5667 3136 5737 corruptionem
3163 5668 3457 5746 futuram,
3483 5671 3599 5728 Hoc
3610 5668 3738 5726 enim
3760 5677 3810 5719 et
3828 5665 3874 5711 ϐο

2316 5761 2589 5836 praecipue
2626 5762 3053 5827 demonstratur,
3084 5765 3248 5832 quod
3277 5765 3360 5821 ait
3391 5765 3593 5823 similis
3608 5764 3704 5823 erit
3720 5758 3875 5835 adveni
