4016 6354
94 390 203 452 ιεὶυ

752 430 761 437 ο
835 392 1198 457 EXPOSITIO
1236 398 1304 455 lN
1343 399 1782 457 MATTHKEUM.
1823 432 1892 442 -
1928 400 2056 457 LIB.
2096 401 2190 469 XI,
2232 401 2384 459 CAP.
2428 400 2619 458 XXIV.

3275 406 3382 477 830

121 521 192 568 tus
228 507 315 565 ﬁlii
347 488 589 564 hominis
629 508 824 566 diebus
841 509 972 575 Noe,
1001 512 1127 583 quia
1160 522 1287 567 tunc
1311 513 1676 584 subitoperieo
1706 520 1753 575 Α
1786 514 1980 570 riosius
2008 514 2355 585 gaudebunt;
2398 516 2546 586 impii
2573 523 2755 571 autem
2785 524 2841 575 et
2862 528 3180 587 peccatores
3208 522 3260 578 in
3292 491 3378 581 in.

123 616 225 663 runt
251 605 425 660 omnia
448 645 463 669 ,
494 607 599 661 etsi
629 605 848 677 quidam
879 606 1049 661 velint
1080 608 1287 665 dicere.
1322 608 1464 677 quod
1497 605 1684 678 paula-

122 702 219 763 tim,
246 714 306 756 eo
327 699 471 770 quod
500 714 841 771 consequens
867 709 980 765 est,
1010 701 1063 755 in
1110 700 1195 755 his
1235 700 1424 756 diebus
1450 699 1683 770 primunt

120 791 294 863 perisse
318 804 411 846 eos
433 791 527 862 qni
552 799 711 846 erant
746 791 799 846 in
833 792 1263 862 depressioribus
1287 791 1454 855 locis,
1488 791 1684 847 deinde

124 885 196 953 qui
222 883 368 954 patilo
399 883 454 938 in
493 882 781 938 altiorilms
803 925 818 948 ,
849 892 902 938 et
928 884 1007 939 sic
1044 885 1370 939 novissimos
1394 885 1486 955 qui
1514 885 1566 938 iu
1606 883 1685 937 al-

126 976 318 1031 tissimis
340 977 697 1031 morabantur
720 975 1031 1032 montibus:
1059 977 1137 1031 sic
1165 975 1383 1047 quidam
1413 975 1599 1030 dicunt
1630 975 1682 1028 in

126 1067 558 1122 consummatione
597 1066 780 1121 szeculi
823 1082 944 1122 cum
973 1066 1315 1122 descenderit
1355 1066 1515 1137 ignis,
1547 1065 1680 1119 inci-

124 1160 214 1230 piet
239 1159 445 1230 quidem
477 1160 545 1215 de
587 1159 998 1214 sublimioribus
1034 1158 1197 1223 lucis,
1232 1167 1291 1213 ut
1324 1158 1579 1229 paulatim
1616 1156 1685 1211 ad

126 1251 350 1307 inferiora
378 1252 691 1306 descendat.
716 1250 853 1306 lliuc
882 1249 1060 1305 Lucas
1083 1250 1150 1303 de
1176 1250 1297 1320 igne
1320 1248 1684 1303 Sodomorum

106 1342 201 1400 dat
227 1343 369 1399 nobis
394 1347 742 1399 occasionem
774 1341 1140 1414 intelligendi,
1179 1342 1324 1413 quod
1362 1357 1459 1412 per
1506 1340 1683 1410 ignem

120 1436 419 1492 crernandus
451 1433 525 1489 sit
555 1433 660 1488 iste
683 1433 935 1496 mundus,
970 1433 1063 1487 sed
1093 1432 1146 1487 in
1177 1432 1377 1485 subito.
1399 1429 1683 1495 Similiter,

122 1528 292 1596 inquit,
320 1526 518 1581 factum
551 1536 635 1580 est
667 1526 720 1579 in
745 1525 935 1579 diebus
964 1523 1090 1590 Lot,
1118 1524 1335 1579 edebant
1357 1535 1403 1577 et
1422 1524 1681 1578 bibebant.

122 1616 178 1673 Et
202 1626 311 1686 post
346 1632 559 1688 pauca:
595 1615 713 1682 Qua
741 1616 826 1669 die
853 1627 1029 1670 autem
1073 1616 1198 1669 eeriit
1239 1613 1334 1669 Lot
1370 1634 1402 1669 a
1439 1614 1686 1670 Sodomis

119 1707 236 1779 pluit
254 1711 409 1778 ignem
448 1719 499 1762 et
527 1707 750 1777 sulphur
769 1707 833 1761 de
860 1706 1009 1768 calo,
1033 1716 1083 1760 et
1104 1724 1280 1761 omnes
1306 1708 1547 1777 perdidit.
1588 1704 1684 1762 Se-

120 1799 323 1852 cundum
357 1799 470 1853 hinc
508 1799 606 1852 erit
652 1815 756 1869 qua
794 1798 878 1851 die
928 1798 1073 1866 ﬁlius
1108 1799 1332 1853 hominis
1374 1797 1715 1853 revelabitur

120 1888 253 1957 (Luc.
278 1904 409 1953 xm,
437 1890 529 1953 29,
549 1889 661 1960 50).
687 1889 840 1956 Quod
866 1890 1055 1945 beatus
1083 1890 1279 1945 Petrus
1305 1890 1485 1945 ﬁrmat
1505 1891 1557 1945 iu
1585 1905 1681 1945 sua
1712 1884 1758 1944 B

120 1978 332 2049 Epistola
359 1992 374 2034 :
407 1977 557 2045 Cati,
587 1980 780 2049 inquit,
809 1997 998 2051 magno
1036 1983 1229 2051 impetu
1251 1982 1526 2045 transient,
1576 1980 1686 2035 ele-

120 2082 272 2126 menta
321 2089 440 2127 tero
495 2090 527 2125 a
584 2072 761 2127 calore
823 2073 1088 2128 solventur
1121 2074 1218 2147 (II
1263 2074 1409 2130 Petr.
1454 2090 1513 2129 ιιι
1557 2074 1681 2147 10).

121 2161 206 2229 Qui
238 2172 414 2243 autem
451 2165 562 2219 sint
605 2165 729 2220 caeli
768 2166 861 2235 qui
908 2168 1208 2229 transient,
1243 2167 1404 2238 paulo
1434 2169 1684 2237 superius
1718 2164 1719 2167 “

120 2253 248 2308 idem
264 2253 549 2324 Apostolus
564 2255 747 2320 docet,
770 2256 978 2321 dicens,
1000 2257 1122 2311 (ξωιί
1148 2258 1241 2327 qui
1266 2268 1423 2312 erant
1446 2260 1617 2327 prius,
1630 2266 1687 2312 et

120 2351 249 2399 terra
271 2345 337 2399 de
352 2361 508 2416 aqua,
534 2354 589 2399 et
609 2361 705 2415 per
726 2361 921 2415 aquam
944 2346 1247 2403 consistens
1260 2349 1426 2403 verbo
1445 2349 1558 2403 Dei.
1580 2347 1686 2401 Per

119 2449 223 2504 qua
274 2435 362 2493 ille
383 2442 517 2493 tunc’
547 2438 783 2493 mundus
810 2439 994 2508 periit.
1037 2439 1173 2495 Caeli
1207 2450 1385 2496 autem
1413 2441 1504 2512 qui
1542 2456 1686 2497 nunc

119 2538 315 2586 suntet
364 2539 513 2586 terra
553 2532 740 2586 eodem
786 2532 952 2587 verbo
994 2533 1215 2603 repositi
1253 2542 1400 2599 sunt,
1436 2534 1542 2603 igni
1596 2549 1680 2589 re<

118 2622 333 2686 servati,
392 2622 451 2677 in
503 2623 588 2677 die
636 2620 845 2699 judicii.
907 2610 1173 2679 Ubi‘non
1225 2638 1319 2679 eos
1384 2624 1687 2693 intelligere

120 2713 355 2769 debemus
423 2713 621 2779 cmlos,
692 2713 746 2767 in
803 2713 1002 2783 quibus
1047 2712 1225 2769 sidera
1284 2723 1410 2769 sunt
1467 2715 1684 2785 posita,

118 2815 166 2861 et
214 2806 612 2862 ﬁrmamentum
696 2816 950 2869 vocatur;
1017 2820 1192 2875 neque
1245 2806 1443 2861 ccelum
1509 2807 1687 2861 aethe-

122 2914 285 2963 reum,
313 2898 528 2969 1017
557 2898 650 2953 sed
682 2897 877 2953 malum
915 2898 1016 2952 hoc
1056 2901 1262 2951 aerium
1307 2905 1465 2952 terrae
1506 2896 1689 2967 proxi-

119 3004 266 3051 mum,
293 3005 323 3044 a
353 3006 462 3061 quo
492 3005 622 3045 aves
657 2989 779 3045 caeli
812 2989 1086 3057 dicuntur,
1121 2990 1263 3059 quod
1303 2998 1357 3045 et
1386 3004 1526 3059 aqua
1554 2989 1690 3044 dilu-

120 3077 182 3132 vii
207 3079 328 3135 olim
352 3079 588 3151 perdidit
607 3088 662 3134 et
690 3078 1013 3149 superfudit,
1041 3078 1326 3151 ipsumque
1351 3080 1488 3148 ignis
1511 3089 1691 3135 extre-

120 3171 182 3225 mi
214 3173 431 3243 iudicii,
478 3171 719 3240 ejusdem
760 3188 1029 3227 mensurae
1076 3174 1252 3242 spatio
1298 3188 1686 3243 procresccns,

1783 603 2072 661 ferini-ibus
2109 616 2385 673 astantes,
2443 608 2696 663 deorsum
2745 608 3019 679 depressi,
3063 628 3094 667 a
3141 613 3383 673 sinistris

1783 709 1959 755 erunt.
1992 699 2130 768 Quid
2162 701 2353 755 horum
2398 701 2578 756 verius
2623 710 2695 756 snt
2722 703 3123 770 aestimandum,
3158 707 3379 767 diﬂ'erre

1783 801 2016 863 oportet,
2052 808 2122 847 ne
2154 802 2361 849 temere
2393 792 2681 847 deﬁniatur
2711 796 2854 865 quod
2883 805 3012 853 tunc
3039 799 3381 859 manifestius

1784 885 2085 955 apparebit.
2123 884 2276 953 Quod
2321 886 2364 939 si
2409 886 2548 957 ignis
2598 886 2689 941 ille
2720 889 2969 945 universa
2999 891 3052 945 in
3091 895 3380 962 superﬁcie

1786 986 1966 1043 terrae,
1986 979 2149 1033 etiam
2183 978 2445 1033 altissima
2474 982 2845 1035 concremabit
2866 991 2923 1037 et
2952 982 3135 1053 injusti
3170 1000 3379 1055 nequa-

1784 1088 1946 1143 quam
1974 1072 2040 1126 ad
2072 1071 2327 1126 sublimia
2358 1071 2789 1140 l‘uerintelevati,
2818 1083 3033 1129 constat
3059 1091 3153 1131 eos
3179 1085 3382 1149 utpote

1786 1162 1839 1217 iu
1874 1172 2018 1217 terra
2048 1162 2274 1233 positos.
2306 1160 2513 1216 Iudicis
2554 1174 2871 1232 exspectare
2905 1167 3255 1233 sententiam,
3289 1174 3386 1225 aut

1785 1253 1947 1307 etiam
1977 1253 2276 1323 excepisse.
2317 1253 2423 1307 Sed
2468 1264 2648 1307 utrum
2686 1252 2778 1307 illo
2824 1265 3052 1309 urantur
3097 1256 3243 1327 igne,
3287 1244 3383 1335 qui

1785 1353 1988 1400 aeterno
2023 1345 2203 1415 potius
2232 1356 2361 1399 sunt
2395 1346 2515 1414 igne
2561 1344 2874 1410 damnandi,
2922 1355 3052 1415 puto
3095 1364 3162 1402 ne
3213 1347 3388 1432 possit

1787 1438 1930 1501 ﬁeri,
1958 1438 2101 1508 quod
2126 1453 2287 1493 tremo
2312 1436 2667 1507 prmjudicare
2686 1438 2902 1501 amicat,
2932 1439 3035 1494 nisi
3059 1440 3148 1509 qui
3174 1440 3381 1504 dicunt,

1788 1530 1963 1584 nullas
1999 1544 2189 1598 ptenas
2224 1545 2347 1584 esse
2390 1528 2602 1583 futuras
2641 1530 3021 1600 reproborum,
3059 1530 3195 1586 alias
3220 1525 3382 1602 quam

1788 1620 2119 1689 singulorum
2153 1620 2400 1691 pr0prias
2423 1620 2808 1676 conscientias.
2837 1621 3171 1693 Augustinus
3204 1632 3386 1681 tamen

1788 1713 1842 1767 in
1875 1713 2011 1768 libro
2049 1713 2115 1767 de
2153 1711 2385 1767 Civitatc
2427 1713 2518 1765 Dci
2549 1712 2699 1777 dicit,
2739 1729 2805 1768 eo
2842 1713 2982 1784 igne,
3024 1694 3386 1784 quorumdam

1788 1807 2085 1861 electorum
2116 1805 2207 1860 Dei
2244 1805 2461 1876 1018
2491 1804 2692 1860 leviora
2723 1815 2943 1875 peccata
2976 1806 3216 1876 purgari,
3246 1805 3388 1863 sicut

1788 1908 1841 1954 et
1879 1898 2174 1969 Gregorius
2202 1914 2339 1968 papa
2373 1899 2424 1952 in
2468 1897 2719 1953 bomeliis
2758 1898 2891 1963 suis,
2931 1914 2999 1954 ex
3025 1914 3092 1953 eo
3120 1899 3263 1968 quod
3296 1897 3385 1953 di-

1788 1991 1928 2047 citur
1962 2009 1974 2044 :
2004 1989 2150 2060 Ignis
2172 2000 2293 2043 ante
2314 1989 2483 2057 ipsum
2511 1988 2739 2053 ardebit,
2764 1999 2811 2042 et
2835 1990 3184 2059 inﬂammabit
3209 1987 3388 2043 inimi-

1789 2099 1875 2136 cos
1909 2082 2023 2152 ejus
2059 2077 2231 2153 (Psal.
2264 2095 2405 2138 χαι,
2432 2079 2510 2151 '5),
2543 2091 2590 2133 et
2621 2080 2675 2133 in
2708 2081 2930 2133 circuitu
2964 2080 3078 2149 ejus
3108 2088 3387 2149 tempestas

1789 2175 1964 2230 valida
2007 2172 2180 2244 (Psal.
2211 2189 2358 2235 χιιι,
2391 2172 2468 2241 '5).
2504 2173 2930 2236 Districtionem,
2981 2171 3178 2241 inquit,
3224 2181 3388 2227 tanta:

1784 2265 2009 2335 justitiaa
2050 2251 2342 2334 tempestas
2373 2262 2620 2333 ignisque
2677 2263 3028 2327 comitantur,
3075 2263 3203 2333 quia
3254 2270 3389 2317 tem-

1789 2366 1971 2426 pestas
2001 2349 2279 2410 examinat
2333 2354 2474 2423 quod
2517 2353 2657 2424 ignis
2695 2363 2907 2407 exurat.
2939 2352 3007 2407 Et
3038 2353 3082 2408 si
3115 2352 3257 2424 ignis
3284 2348 3386 2408 iste

1790 2445 1991 2517 aliquid
2020 2445 2221 2516 poterit
2253 2457 2379 2499 tunc
2404 2444 2456 2498 in
2488 2444 2590 2498 illis
2613 2445 2703 2513 qui
2735 2445 2785 2497 in
2811 2459 2875 2499 eo
2902 2453 3029 2498 tunc
3054 2452 3215 2497 erunt
3238 2443 3383 2514 igne,
3410 2510 3415 2513 ι

1790 2539 1991 2609 cogitet
2017 2538 2245 2607 quisque
2271 2536 2399 2605 quid
2430 2534 2518 2589 ille
2560 2545 2794 2589 :etcrnns
2822 2533 3006 2600 faciet,
3045 2534 3135 2603 qui
3162 2541 3387 2603 paratus

1790 2639 1874 2685 est
1912 2629 2125 2684 diabolo
2168 2638 2225 2683 et
2255 2626 2459 2697 angelis
2506 2626 2642 2694 ejus.
2684 2624 2854 2680 Porro
2898 2624 3290 2681 manducantes
3329 2631 3389 2679 et

1790 2724 2038 2779 bibentes
2077 2736 2171 2775 eos
2208 2720 2358 2786 dicit,
2392 2720 2481 2789 qui
2522 2719 2575 2773 in
2617 2717 2965 2773 tribulatione
3010 2716 3220 2772 dierum
3270 2713 3390 2773 illo-

1792 2831 1911 2869 rum
1944 2813 1995 2867 in
2028 2813 2140 2867 suis
2161 2809 2555 2882 permanebunt
2576 2809 3051 2881 concupiscentiis,
3082 2807 3217 2863 nihil
3241 2807 3390 2863 aliud

1791 2924 1952 2979 quam
1995 2906 2060 2961 de
2103 2905 2356 2977 prmsenti
2397 2905 2505 2958 vita
2549 2904 2869 2975 cogitantes,
2926 2901 3281 2966 fornicantes,
3319 2898 3391 2957 ac

1792 2999 2023 3055 lusuriis
2044 2999 2365 3054 servientes.
2389 2994 2629 3063 Quicum
2657 2994 2885 3049 dixerint
2906 3010 3012 3064 pax
3032 3004 3080 3047 et
3102 2980 3357 3049 securitas
3372 3031 3389 3057 ,

1795 3101 1918 3146 tunc
1958 3093 2032 3146 eis
2068 3089 2364 3161 repentinus
2403 3088 2724 3161 superveniet
2772 3087 3012 3141 interitus
3041 3084 3093 3154 (1
3125 3083 3305 3139 Thess.
3334 3098 3391 3139 vv

1795 3183 1880 3256 5),
1917 3182 2120 3251 sanctis
2159 3190 2341 3236 autem
2383 3190 2437 3235 et
2479 3179 2640 3250 justis
2689 3177 2966 3234 beatitudo
3011 3184 3217 3232 aeterna
3265 3175 3393 3243 erit,

121 3262 417 3334 occupando
445 3263 737 3333 disperdat.
772 3260 904 3329 Quae
928 3263 1109 3317 omnia
1132 3262 1573 3319 manifestissime
1602 3264 1697 3317 do-

1801 3278 2054 3349 quoniam
2084 3276 2225 3331 beati
2248 3272 2339 3345 qui
2367 3273 2539 3344 parati
2567 3280 2695 3327 sunt
2712 3284 3002 3326 occurrere
3031 3268 3130 3323 illi.

122 3362 231 3407 cent
266 3356 319 3409 in
345 3355 527 3410 subito
555 3354 742 3409 venire
771 3352 957 3407 numdi
1002 3353 1429 3422 corruptionem.
1479 3352 1698 3409 Necnon

121 3452 169 3496 et
190 3461 253 3500 ex
282 3447 403 3511 hoc,
442 3445 587 3515 quod
617 3444 841 3515 angelus
871 3442 1003 3497 dicit
1030 3442 1096 3497 ad
1126 3441 1254 3497 Lot:
1279 3441 1520 3508 Festina,
1545 3456 1697 3513 ergo,

122 3550 161 3591 et
188 3540 384 3594 sulcare
402 3538 534 3604 illic,
558 3555 663 3593 non
692 3538 828 3592 enim
863 3547 1041 3607 potero
1068 3535 1241 3606 facere
1267 3537 1578 3609 quidquam,
1606 3536 1702 3590 do-

122 3645 214 3683 nec
238 3641 294 3682 tu
312 3630 615 3701 ingrediaris
644 3628 815 3699 Segor
838 3626 991 3700 (Gen.
1023 3644 1138 3694 χιχ,
1170 3627 1285 3698 ‘22).
1320 3627 1474 3683 Unde
1500 3638 1553 3683 et
1580 3625 1702 3698 qui-

121 3717 243 3772 dam
279 3722 633 3790 suspicantur,
662 3719 963 3775 secundum
991 3719 1135 3788 quod
1165 3717 1406 3774 salvatus
1442 3726 1524 3774 est
1552 3717 1655 3773 Lot
1682 3734 1696 3773 :

121 3811 191 3865 ita
233 3820 357 3869 tunc
401 3822 457 3868 et
486 3813 627 3885 ignis
668 3811 759 3867 ille
799 3826 907 3866 non
953 3810 1105 3881 prius
1145 3810 1386 3865 obtineat
1420 3808 1699 3875 mundum,

122 3918 272 3973 quam
305 3905 495 3962 salvati
522 3904 653 3975 justi
690 3902 992 3975 refulgeant
1026 3904 1165 3958 sicut
1185 3902 1285 3967 sol,
1318 3902 1370 3956 in
1396 3915 1560 3973 regno
1597 3900 1702 3955 Pa-

122 3996 213 4052 tris
257 4000 359 4064 sui,
401 3997 622 4068 quando
668 3995 922 4067 colligunt
961 3993 1135 4066 angeli
1180 3994 1248 4049 de
1289 4008 1457 4061 regno
1495 3992 1702 4048 Christi

118 4088 291 4144 omnia
331 4090 672 4145 sizaniorum
704 4087 983 4152 scandala,
1015 4095 1061 4139 et
1098 4084 1300 4139 mittent
1336 4100 1423 4138 eos
1454 4084 1511 4138 in
1540 4082 1705 4137 cami-

121 4194 235 4233 ιιαηι
262 4180 397 4251 ignis
438 4177 672 4252 (Matth.
699 4191 823 4242 xm,
849 4175 974 4244 42).
1013 4175 1351 4246 Quapropter
1386 4174 1511 4230 licet
1543 4189 1704 4244 supra

119 4271 335 4328 dixerim
386 4274 460 4328 de
506 4271 772 4327 descensu
799 4268 1002 4324 Christi
1047 4267 1115 4322 ad
1161 4275 1361 4332 terras,
1406 4266 1705 4322 secundum

120 4364 247 4431 quod
275 4363 530 4421 ascendit
554 4371 611 4418 et
645 4360 790 4417 unde
820 4356 1083 4423 ascendit,
1117 4357 1258 4428 quod
1295 4356 1368 4412 ibi
1399 4357 1477 4412 sic
1509 4356 1706 4437 debeat

120 4456 305 4524 redire,
355 4466 419 4512 ut
455 4454 665 4525 judicet
711 4455 995 4519 mundum,
1038 4452 1204 4507 nimia
1251 4452 1558 4508 obscuritas
1600 4458 1704 4517 est,

120 4542 182 4602 ibi
209 4565 276 4605 an
304 4550 464 4615 alibi,
490 4549 579 4604 vel
616 4549 733 4613 ubi,
763 4545 894 4603 illud
918 4544 1149 4602 extremi
1179 4552 1233 4601 et
1267 4544 1590 4600 universalis
1612 4543 1706 4613 ju-

1872 3368 2018 3422 Tune
2056 3367 2162 3421 duo
2195 3374 2347 3420 erunt
2387 3364 2439 3418 in
2469 3379 2616 3434 agro,
2662 3378 2798 3415 unus
2834 3368 3132 3415 assumetur
3169 3366 3218 3411 et
3256 3372 3399 3441 unus

1801 3459 2137 3529 relinquetur.
2167 3456 2302 3511 Duo:
2327 3452 2576 3509 molentes
2599 3456 2652 3507 in
2677 3450 2841 3519 mola,
2865 3468 2971 3504 una
3000 3457 3298 3504 assumatur
3344 3453 3398 3501 et

1801 3570 1906 3607 una
1957 3551 2294 3622 relinquetur.
2345 3546 2462 3600 Duo
2523 3545 2578 3599 in
2619 3542 2775 3610 lecto,
2816 3560 2952 3597 unus
3004 3549 3302 3596 assumetur
3347 3545 3401 3603 et

1801 3659 1937 3698 unus
1970 3640 2307 3711 relinquetur.
2344 3633 2606 3690 Similiter
2626 3633 2739 3705 jam
2777 3647 2941 3703 supra
2970 3630 3072 3686 tria
3100 3640 3400 3701 proposue-

1804 3743 1904 3790 rat.
1933 3732 2030 3801 Qui
2051 3731 2101 3786 in
2116 3730 2323 3796 Iudaea,
2346 3734 2401 3782 et
2425 3726 2517 3797 qui
2543 3726 2596 3780 in
2622 3728 2785 3790 tecto,
2810 3732 2865 3778 et
2888 3723 2980 3794 qui
3006 3723 3059 3776 in
3083 3734 3237 3791 agro.
3256 3717 3404 3788 Quo-

1803 3827 1948 3882 niam
1977 3840 2043 3879 ex
2074 3822 2183 3887 his,
2215 3829 2275 3875 ut
2308 3817 2526 3890 quidam
2558 3814 2765 3880 volunt,
2807 3831 2913 3869 non
2960 3811 3193 3884 amplius
3237 3823 3401 3882 quam

1806 3929 1918 3974 tres
1939 3916 2158 3972 ordines
2181 3919 2361 3977 erunt,
2386 3910 2797 3981 conjugatorum
2829 3908 2882 3962 in
2918 3906 3080 3973 lecto,
3113 3906 3404 3989 viduarum

1805 4012 1857 4068 in
1901 4007 2213 4065 molendiuo
2256 4002 2623 4060 tribulationis
2665 4010 2721 4057 et
2755 4000 3129 4071 penuriarum,
3175 3998 3230 4054 in
3271 4012 3408 4071 agro
3504 4022 3507 4023 ν

1805 4103 2091 4175 virginitas
2120 4107 2233 4157 tota
2264 4097 2475 4164 ﬂorida,
2505 4112 2626 4168 quis
2665 4094 2860 4151 candet
2899 4102 2959 4149 ut
2989 4092 3184 4150 lilium.
3213 4089 3323 4147 Sed
3347 4090 3429 4162 in,

1806 4193 2148 4259 assumendis
2176 4201 2233 4247 et
2276 4187 2649 4262 relinquendis
2696 4187 2833 4243 alius
2875 4186 3009 4243 ordo
3044 4184 3408 4256 requirendus

1806 4300 1908 4355 est,
1935 4291 1988 4345 in
2014 4289 2211 4363 quibus
2236 4286 2477 4342 futurum
2504 4284 2809 4342 descrimen
2838 4282 3164 4341 ostenditur.
3192 4281 3404 4343 Idcirco

1810 4382 1863 4437 in
1899 4396 2050 4453 agro,
2075 4379 2199 4450 jure
2226 4377 2332 4434 dno
2362 4377 2635 4441 dicuntur,
2669 4374 2723 4429 id
2751 4381 2835 4430 est
2870 4372 3190 4445 degentibus
3217 4371 3271 4426 in
3304 4371 3411 4428 hoc

1810 4472 2033 4535 mundo,
2072 4468 2208 4523 ordo
2251 4465 2491 4520 ﬁdelium
2528 4472 2582 4519 et
2612 4462 2930 4528 inﬁdelium,
2959 4461 3052 4533 qui
3089 4461 3143 4517 in
3172 4460 3276 4517 hoc
3302 4476 3407 4523 sa-

1811 4561 1953 4626 culo,
1992 4569 2249 4629 tanquam
2292 4557 2346 4611 in
2391 4569 2556 4626 opere
2603 4551 2765 4624 hujus
2800 4553 2927 4607 vitae
2958 4550 3237 4619 laborant;
3269 4563 3408 4623 quos

117 4640 228 4697 liivii
273 4642 579 4701 discrimen
628 4640 701 4697 sit
756 4640 1096 4703 habendum.
1148 4635 1234 4692 vel
1277 4636 1570 4707 quomodo.
1622 4635 1709 4692 vel
1737 4639 1786 4699 D
1813 4655 2027 4728 quando
2054 4653 2170 4708 dies
2192 4648 2403 4705 Domini
2426 4649 2562 4705 sicut
2585 4646 2671 4702 fur
2696 4646 2750 4701 in
2776 4654 2938 4703 nocte
2959 4645 3193 4710 venerit,
3217 4644 3413 4714 depre-

115 4736 363 4801 quandiu,
400 4734 496 4790 ubi
529 4732 675 4789 nulla
706 4740 1042 4788 monstratur
1071 4745 1246 4799 mora,
1278 4738 1338 4785 ut
1367 4732 1445 4785 ait
1474 4730 1707 4801 Aposto-

114 4822 206 4892 lus,
235 4826 388 4896 quod
432 4826 495 4879 ιιι
521 4825 629 4878 ictu
658 4822 819 4887 oculi,
861 4832 907 4876 et
938 4820 993 4875 in
1027 4818 1307 4874 novissima
1346 4818 1475 4873 tuba
1507 4819 1702 4874 mortui

115 4929 391 4992 resurgent
418 4918 477 4993 (ι
502 4914 628 4974 Cor.
657 4933 752 4983 xv,
785 4914 897 4987 52).
937 4914 1148 4969 Etcum
1182 4912 1343 4968 fuerit
1370 4914 1486 4984 ipsa
1514 4914 1705 4967 resur-

113 5013 271 5069 rectio
296 5012 587 5071 celebrata
612 5017 948 5068 sanctorum,
980 5005 1153 5062 sancti
1185 5004 1469 5061 confestim
1498 5003 1709 5073 rapien-

114 5112 211 5170 tur,
248 5115 398 5162 teste
448 5099 732 5175 Apostolu,
775 5099 980 5155 obviam
1016 5096 1225 5154 Christo
1248 5098 1302 5151 in
1330 5112 1474 5151 aera.
1510 5093 1710 5151 Utrum

114 5212 284 5259 autem
314 5209 377 5259 et
430 5210 566 5256 tunc
611 5197 828 5270 reprobi
868 5195 1157 5252 sublimius
1194 5210 1226 5250 a
1275 5203 1419 5249 terra
1462 5190 1710 5248 elevandi

114 5304 231 5349 sunt
253 5293 489 5351 obviam
512 5289 682 5361 iudici
707 5288 969 5345 venturo?
993 5286 1074 5342 An
1096 5285 1208 5356 jam
1236 5284 1442 5357 judicio
1468 5293 1710 5354 peracto,

113 5398 173 5443 eo
216 5388 386 5444 modo
437 5400 552 5456 quo
598 5398 761 5454 supra
799 5383 1066 5447 dixeram,
1109 5378 1248 5451 ignis
1298 5378 1583 5450 praecedet.
1632 5376 1716 5432 An

113 5481 271 5536 etiam
300 5480 413 5553 ipsi
453 5477 673 5549 reprobi
705 5476 1128 5532 ascendentibus
1162 5474 1364 5529 sanctis
1394 5471 1610 5528 obviam
1650 5470 1718 5526 ad

113 5573 391 5641 sublimia,
426 5572 508 5628 ita
536 5569 858 5642 praegravati
894 5574 1057 5624 erunt
1084 5566 1340 5622 oneribus
1365 5573 1717 5637 peccatorum

114 5664 395 5738 (quamvis
426 5661 758 5720 immortalia
788 5675 1015 5731 corpora
1046 5659 1305 5731 habeant)
1339 5667 1398 5713 ut
1422 5658 1490 5713 ad
1526 5657 1718 5712 altiora

115 5769 397 5835 nequeant
424 5756 663 5831 elevari;
693 5754 838 5810 unde
877 5755 1201 5826 przesidente
1230 5753 1459 5810 Domino
1489 5753 1555 5808 ad
1575 5750 1720 5824 judi-

116 5858 281 5927 ¢ium,
320 5852 513 5915 sancti
542 5866 574 5913 ιι
605 5852 811 5913 dextris
843 5850 961 5931 ejus
989 5852 1044 5908 in
1074 5850 1325 5909 sublimia
1355 5849 1572 5919 elevati,
1602 5850 1715 5925 glo-

1815 4745 2015 4803 hendet
2043 4741 2165 4799 illos
2193 4742 2441 4797 bibentes
2473 4747 2531 4795 et
2568 4737 2932 4802 fornicantes;
2980 4737 3116 4792 istos
3154 4749 3287 4817 vero
3331 4734 3415 4793 sic

1816 4847 2030 4895 utentes
2067 4850 2188 4907 quae
2228 4832 2413 4890 mundi
2457 4840 2602 4898 sunt,
2638 4840 2695 4886 et
2723 4830 2803 4888 sic
2837 4830 3101 4888 habentes
3135 4841 3221 4909 ea,
3252 4826 3415 4897 quasi

1817 4945 1922 4986 non
1949 4937 2186 4992 utentes,
2216 4932 2273 4980 et
2293 4938 2398 4979 non
2428 4922 2725 4989 habentes;
2753 4936 2982 4994 quorum
3006 4918 3145 4987 alter
3172 4932 3417 4977 assume-

1818 5031 1924 5089 tur,
1952 5019 2045 5090 qui
2071 5017 2268 5090 quierit
2287 5030 2351 5072 ea
2379 5031 2502 5087 qua:
2526 5014 2623 5071 Dei
2656 5022 2800 5078 sunt,
2825 5023 2880 5069 et
2913 5011 3051 5067 alter
3077 5007 3416 5083 relinquetur

1817 5114 1871 5170 in
1908 5114 2051 5186 igne,
2082 5112 2174 5183 qui
2209 5110 2408 5182 quaerit
2444 5124 2506 5165 ea
2549 5118 2759 5164 tantum
2789 5122 2909 5187 qua:
2944 5104 3131 5161 mundi
3161 5109 3306 5163 sunt.
3337 5098 3419 5186 De

1820 5202 2150 5260 molcntibus
2174 5216 2391 5272 quoque
2414 5215 2516 5271 par
2538 5199 2679 5256 ratio
2703 5206 2807 5264 est,
2840 5204 2900 5252 ut
2919 5210 3018 5267 per
3044 5193 3241 5250 molam
3272 5205 3414 5264 opus

1820 5295 1954 5367 legis
1992 5292 2341 5365 intelligatur,
2368 5307 2489 5362 quae
2530 5300 2636 5357 est,
2679 5305 2744 5344 ac
2785 5288 2831 5343 si
2882 5294 3001 5342 rota
3024 5285 3079 5340 in
3115 5291 3257 5349 rota,
3285 5280 3418 5367 dum

1822 5364 1897 5441 et_
1921 5387 2035 5456 ipsa
2071 5364 2504 5439 lcxvolubiliter
2532 5380 2781 5447 volvitur,
2828 5387 2884 5434 et
2929 5378 2982 5432 in
3028 5391 3092 5433 ea
3130 5364 3417 5461 rota

1826 5478 2159 5536 Testamenti
2191 5476 2479 5532 formatur.
2512 5473 2619 5530 Sed
2644 5474 2767 5543 quia
2798 5487 2925 5543 pars
2962 5467 3272 5527 Iudaeorum

1827 5571 2099 5643 apostolos
2124 5569 2374 5633 credidit,
2407 5576 2462 5622 et
2486 5566 2663 5620 adhuc
2690 5581 2786 5635 per
2813 5562 2984 5617 Eliam
3015 5561 3291 5618 creditura
3311 5552 3416 5633 est,
3450 5572 3454 5576 ‘

1827 5673 1882 5719 et
1905 5661 2251 5736 jnstiﬁcanda
2278 5673 2375 5730 per
2405 5658 2563 5713 ﬁdem
2586 5654 2715 5711 Jesu
2742 5652 2967 5720 Christi,
3002 5654 3123 5710 ideo
3163 5666 3266 5708 una
3293 5666 3420 5723 pars

1827 5772 2015 5813 eorum
2033 5754 2236 5809 salvata
2263 5767 2360 5823 per
2381 5749 2624 5805 eamdem
2645 5748 2801 5803 ﬁdem
2827 5747 2949 5803 boni
2972 5746 3154 5819 operis
3176 5759 3423 5805 assume-

1830 5857 1917 5906 tur
1940 5849 1994 5904 in
2024 5846 2274 5921 gloriam,
2310 5851 2366 5900 et
2402 5844 2470 5899 ad
2507 5857 2703 5923 corpus
2749 5839 3009 5907 Ecclesiae
3036 5859 3050 5901 ς
3078 5838 3253 5897 altera
3289 5851 3425 5905 vero
