4016 6354
710 316 814 372 851
1503 313 1559 369 S.
1596 311 1952 370 PASCHASH
1988 309 2336 370 RADBERTI
2373 307 2665 367 ABBATIS
2703 308 3150 369 CORBEIENSIS
3781 334 3854 392 ω

711 429 1046 485 infructuosa
1094 426 1230 500 legis
1261 443 1426 499 opera
1462 429 1743 492 scctando,
1793 430 2152 500 relinquetur,
2184 444 2293 484 mo-
2324 430 2373 490 A
2400 441 2494 481 sus
2522 441 2706 480 omnia
2747 427 3126 496 equanimiter
3158 425 3356 494 ferens,
3392 440 3564 489 cuncta
3585 446 3854 516 communiat;

669 534 674 538 ‘
710 521 828 577 lens
877 529 932 574 et
975 520 1194 576 volvens
1216 516 1508 575 incassum
1548 520 1758 590 lapidea
1801 537 1953 576 saxa.
1990 521 2204 593 1019
2233 521 2301 576 Et
2402 532 2433 572 a
2460 517 2654 572 timore
2675 519 2985 588 concipiens
3009 519 3188 574 anima
3224 530 3280 575 ut
3301 522 3529 592 spiritum
3548 529 3702 588 salutis
3718 539 3855 605 pariat,

709 615 833 684 quia
863 614 979 669 sine
1009 613 1446 683 frumentoquod
1475 612 1724 669 Christus
1751 622 1856 680 est,
1894 615 2039 670 illam
2071 614 2300 685 girando
2402 609 2532 702 Quae
2566 611 2822 666 nimirum
2859 611 3000 668 mola
3031 614 3156 668 dum
3188 615 3321 670 bene
3365 617 3567 676 inferius
3601 629 3858 702 superiusque

707 709 952 773 trahunt,
981 707 1183 762 nullam
1213 706 1455 762 caelestis
1481 706 1587 761 cibi
1619 705 1853 761 farinam
1882 705 2105 761 faciunt.
2130 705 2300 763 Porro
2402 700 2669 769 ﬁrmatur,
2702 710 2758 758 et
2803 712 2951 758 recte
2991 702 3238 772 vertitur,
3277 715 3472 763 tantum
3513 721 3565 765 ut
3595 700 3857 778 Christum—in

707 801 813 858 duo
841 801 895 856 in
926 801 1089 866 lecto,
1134 801 1379 856 eamdem
1421 801 1689 871 passionis
1730 801 2026 857 Dominicze
2058 801 2300 872 requiem
2402 811 2462 851 se
2491 796 2673 850 anima
2701 795 2942 851 ruminet
2970 805 3025 852 et
3052 805 3212 861 terat,
3239 814 3495 870 nunquam
3524 818 3553 857 a
3572 803 3715 861 fructu
3733 807 3859 868 farina

705 892 1026 963 praedicant,
1053 891 1199 946 circa
1228 907 1392 960 quam
1425 891 1606 955 ﬁdem,
1645 906 1750 944 una
1780 890 2050 947 confessio
2079 901 2163 947 est
2191 893 2300 948 haa-
2399 901 2571 942 vacua
2619 897 2822 956 manet,
2873 898 2928 944 et
2979 888 3100 944 ideo
3138 890 3256 946 talis
3297 903 3576 950 assumetur
3607 899 3764 966 anima,
3787 917 3857 960 nou

708 986 1002 1042 reticorum
1052 995 1215 1056 atque
1254 985 1682 1051 catholicorum;
1722 987 1816 1041 sed
1859 988 1985 1056 quia
2035 987 2300 1044 unitatem
2402 978 2733 1050 ubicunque.
2765 981 2860 1036 8Θά
2885 988 3008 1050 Ροει
3034 980 3245 1037 iabOl‘es
3265 983 3331 1038 δά
3352 985 3602 1055 requiem;
3629 989 3857 1051 alterum

709 1075 890 1133 Patris
932 1087 986 1133 et
1036 1077 1176 1144 Filii,
1218 1088 1273 1133 et
1313 1079 1749 1134 communionem
1796 1093 1984 1134 eorum
2038 1078 2300 1150 Spiritum
2401 1071 2526 1141 quia
2560 1072 2613 1125 in
2645 1071 2873 1127 circuitu
2920 1071 3069 1142 impii
3107 1071 3399 1139 ambulant.
3428 1074 3542 1132 licet
3564 1077 3760 1136 videatur
3785 1098 3858 1139 mo-

710 1181 981 1237 sanctum,
1011 1171 1253 1227 hmretici
1285 1188 1451 1226 unum
1476 1171 1643 1226 Deum
1667 1186 1771 1225 non
1795 1171 2045 1234 credunt,
2075 1170 2296 1237 idcirco,
2400 1161 2533 1227 iere.
2583 1164 2709 1218 dum
2763 1171 3004 1219 εθεῑειῑυτ
3043 1181 3167 1235 quae
3213 1167 3393 1222 mundi
3438 1177 3570 1234 sum.
3616 1172 3708 1227 Sine
3742 1173 3858 1231 fluctu

709 1265 836 1334 quia
871 1264 1014 1320 male
1035 1264 1284 1330 credunt,
1318 1272 1372 1318 ει
1402 1264 1554 1334 pejus
1580 1264 1795 1328 vivunt;
1825 1263 2090 1333 siquidem
2115 1261 2301 1318 call“).
2400 1267 2569 1306 vacua
2602 1252 2956 1323 relinquetur.
2993 1253 3061 1308 Εῑ
3090 1254 3210 1310 ideo
3237 1255 3358 1324 quia
3393 1256 3443 1310 in
3471 1256 3594 1313 10010
3618 1260 3748 1315 nimia
3765 1263 3859 1317 illiil-

709 1355 846 1414 licus
890 1358 944 1413 in
977 1357 1081 1412 ﬁde
1125 1366 1180 1412 et
1228 1371 1391 1426 opere
1426 1361 1769 1419 assumetur,
1801 1364 1856 1410 et
1887 1356 2022 1409 alter
2051 1354 2302 1408 videlicet
2401 1348 2592 1402 mitatc
2623 1348 2867 1418 depressi
2907 1363 3098 1404 omnes
3133 1349 3394 1420 iacemus,
3432 1351 3545 1406 dum
3570 1365 3696 1408 vacat
3717 1364 3858 1410 ettem-

708 1448 1016 1512 haereticus,
1056 1447 1183 1501 dum
1231 1447 1572 1516 requiescere
1609 1445 1826 1501 videtur
1874 1445 1925 1498 in
1963 1444 2064 1499 hac
2097 1443 2300 1499 Christi
2400 1453 2503 1509 pus
2534 1447 2637 1505 est,
2695 1439 3026 1495 invocanti!!!»
3075 1449 3161 1495 est
3205 1441 3440 1504 medicus
3477 1443 3706 1510 salutaris
3731 1447 3857 1503 nediu

708 1541 917 1612 requie,
957 1555 1020 1596 ac
1051 1541 1096 1595 si
1147 1539 1199 1593 in
1240 1538 1401 1604 lecto,
1444 1539 1568 1609 quia
1616 1538 1756 1593 male
1791 1538 1937 1601 vnvit,
1984 1546 2042 1591 ut
2083 1537 2215 1602 dixi,
2245 1545 2301 1592 et
2401 1532 2601 1588 mortui
2627 1534 2928 1603 jaceamus.
2953 1533 3314 1601 lnvocandus,
3338 1545 3396 1590 ut
3421 1536 3555 1592 dicat
3576 1537 3858 1611 nobis:Sttm

707 1633 861 1703 pejus
885 1633 1062 1699 docet,
1090 1627 1427 1702 relinquetur
1461 1633 1511 1686 in
1549 1633 1663 1688 suis
1697 1632 1972 1687 erroribus
2005 1631 2294 1686 involutus.
2399 1637 2446 1681 et
2493 1625 2614 1680 tolle
2655 1627 2932 1697 grabatum
2983 1638 3151 1689 tuum,
3210 1639 3256 1682 et
3311 1631 3432 1684 uade
3467 1632 3517 1684 in
3556 1632 3726 1685 domum
3749 1642 3854 1686 tm.

707 1723 909 1780 Probat
934 1725 1098 1796 igitur
1121 1727 1225 1781 hoc
1248 1728 1312 1781 de
1325 1725 1653 1796 agricultura
1670 1725 1794 1780 illud
1813 1724 2104 1788 Ceneseos,
2131 1741 2298 1796 quan-
2327 1787 2366 1796 _
2401 1718 2597 1791 (Marc.
2626 1735 2685 1785 tt,
2703 1720 2755 1786 9,
2777 1721 2886 1792 11).
2912 1720 3048 1788 Quia
3073 1723 3540 1792 impraesentiarum
3561 1727 3785 1781 nemosine
3803 1727 3855 1780 in-

706 1815 776 1871 do
804 1816 936 1871 Cain
954 1787 1014 1872 et
1037 1816 1148 1872 Noe
1172 1787 1590 1872 introducuntur
1614 1818 1990 1888 agricultores.
2026 1787 2131 1872 Sed
2148 1787 2296 1872 alter
2327 1787 2370 1847 Β
2400 1787 2675 1877 firmitate,
2725 1787 2884 1870 nemo
2927 1787 3045 1870 sine
3081 1787 3305 1887 grabato
3329 1818 3488 1872 vadit.
3519 1817 3610 1873 Sed
3636 1833 3742 1873 unus
3760 1833 3856 1873 assu-

705 1921 916 1972 eorum,
949 1907 1000 1962 id
1045 1916 1129 1962 est
1161 1906 1272 1962 Noe
1317 1908 1595 1978 operarius
1645 1917 1818 1973 terrae,
1870 1909 1922 1962 in
1971 1924 2103 1980 agro
2137 1909 2296 1980 hujus
2399 1904 2585 1968 mitur,
2619 1921 2742 1960 cum
2773 1906 3064 1962 miseretur
3099 1909 3342 1964 medicus
3365 1907 3530 1974 Jesus,
3559 1918 3608 1964 et
3629 1909 3735 1964 alter
3755 1909 3858 1964 relin-

706 1999 890 2052 mundi
931 2000 1280 2066 constitutus,
1325 1999 1620 2055 assumitur
1659 2016 1690 2054 a
1737 2001 1964 2057 Domino
2011 2018 2114 2056 una
2170 2018 2294 2057 cum
2398 1997 2583 2067 quitur
2611 1998 2706 2053 Dei
2734 1997 2882 2068 justo
2905 1998 3140 2068 judicio;
3169 2002 3298 2070 quia
3332 2017 3510 2058 omnes
3537 2003 3583 2057 in
3607 2017 3693 2057 uno
3716 1999 3870 2057 ιωωα

705 2092 820 2146 suis
844 2092 1309 2163 cooperatoribus,
1337 2093 1428 2162 qui
1454 2093 1570 2163 ejus
1599 2103 1758 2148 erunt
1787 2093 2022 2158 similes;
2047 2103 2100 2149 et
2129 2094 2296 2149 relin—
2397 2089 2498 2144 θυι)
2525 2105 2630 2143 una
2668 2090 2985 2146 inlirmitate
3013 2092 3332 2160 premimur.

705 2183 890 2252 quitur
919 2183 1049 2239 Cain
1077 2185 1357 2254 operarius
1387 2193 1566 2249 terrae,
1600 2201 1706 2238 una
1749 2201 1873 2239 cum
1906 2187 2018 2240 suis
2049 2187 2295 2256 sequaci-
2479 2179 2702 2252 Vigilate
2726 2199 2868 2253 ergo,
2895 2189 3019 2254 quia
3043 2187 3253 2240 nescitis
3274 2203 3376 2256 qua
3397 2188 3518 2240 liora
3537 2187 3856 2240 Dominum

705 2270 826 2328 bus.
861 2273 961 2341 Qui
991 2275 1094 2330 etsi
1140 2276 1282 2330 male
1322 2274 1540 2340 obtulit,
1581 2277 1734 2346 pejus
1761 2277 1977 2343 divisit;
2028 2281 2292 2348 peccavit,
2397 2283 2642 2327 venturus
2671 2283 2763 2328 est.
2789 2275 2989 2330 Audiat
3010 2276 3246 2332 Faustus
3269 2278 3592 2344 Manichacus,
3615 2280 3714 2350 quia
3731 2277 3855 2334 calum-

705 2378 808 2420 nec
851 2367 1054 2436 quievit
1086 2375 1144 2420 ut
1173 2376 1415 2423 cessaret
1441 2383 1690 2438 peccare.
1726 2368 1817 2424 Sic
1838 2379 1891 2424 et
1916 2369 1981 2424 de
2009 2371 2294 2428 animabus
2397 2363 2576 2419 lliallll‘
2602 2364 2842 2436 MOYStm.
2877 2382 2984 2437 quo
3023 2378 3115 2423 aut
3157 2369 3276 2439 ipse
3319 2386 3422 2425 non
3458 2371 3524 2424 Sil
3559 2371 3793 2426 locutus”
3816 2368 3856 2422 δε

707 2458 985 2514 hominum
1027 2459 1432 2530 intelligendum
1479 2460 1825 2526 molentibus,
1855 2461 1947 2530 qui
1977 2463 2127 2532 gravi
2158 2478 2292 2532 pon-
2396 2468 2474 2520 se,
2503 2456 2659 2524 quasi
2678 2456 2745 2512 de
2767 2456 2896 2523 alio,
2927 2473 3048 2527 qua:
3074 2458 3344 2529 loquitur;
3379 2469 3468 2515 aut
3490 2471 3622 2516 certe
3643 2461 3684 2514 in
3708 2472 3857 2531 perstitit

705 2548 836 2606 dere
865 2561 1204 2622 premuntur,
1245 2561 1300 2608 et
1346 2552 1398 2606 in
1434 2553 1662 2608 circuitu
1707 2553 2002 2617 ambulant,
2051 2558 2294 2624 corporis
2396 2546 2566 2618 Moysi
2595 2547 2733 2604 alius
2770 2549 2954 2604 nescio
2999 2551 3121 2620 quis
3149 2552 3408 2608 mendose
3433 2553 3654 2617 ediderit,
3683 2548 3858 2606 dixitllo-
3936 2605 3937 2634 ἶ

704 2640 960 2709 operibus
987 2641 1297 2698 obcaecaue.
1330 2641 1567 2709 Quarum
1598 2660 1704 2698 una
1740 2659 1860 2713 quae
1896 2644 2036 2699 bene
2076 2646 2296 2701 verterit
2395 2637 2578 2692 minus
2604 2638 2671 2692 ad
2700 2637 2941 2710 Moysen.
2971 2655 3094 2695 cum
3124 2642 3243 2711 ipse
3264 2643 3496 2713 profecto
3519 2644 3578 2698 de
3601 2657 3666 2707 se.
3688 2641 3795 2712 quasi
3819 2640 3858 2693 de

705 2732 848 2788 hanc
873 2734 1072 2789 molam
1113 2743 1172 2789 ut
1207 2750 1402 2804 panem
1435 2735 1688 2791 comedat
1719 2736 2019 2804 caelestem,
2047 2753 2294 2794 assume-
2396 2729 2503 2786 alio
2540 2730 2813 2801 loquatur.
2865 2732 2932 2787 Et
2974 2733 3098 2803 quia
3143 2735 3488 2806 Evangelium
3534 2735 3706 2804 recipit.
3744 2731 3858 2785 audiat

708 2832 834 2891 tur;
863 2825 1034 2880 altera
1077 2842 1210 2882 vero
1255 2842 1375 2896 quae
1416 2829 1780 2898 permanserit
1820 2846 1962 2885 mea
1998 2832 2064 2887 ad
2096 2832 2290 2888 molam
2396 2820 2684 2875 Dominum
2707 2823 2808 2877 hoc
2824 2821 2942 2878 loco
2957 2823 3023 2878 de
3047 2839 3105 2878 se
3125 2823 3437 2894 loquentem
3451 2825 3562 2881 acsi
3582 2824 3638 2880 de
3653 2818 3857 2881 abollam,

707 2915 1067 2986 relinquetur,
1096 2918 1319 2988 girando
1363 2919 1416 2973 in
1457 2935 1551 2974 sua
1590 2921 1853 2976 caecitate.
1902 2923 2152 2993 Alioquin
2207 2924 2293 2978 ille

2270 2939 2295 2978 ε
2395 2921 2456 2967 ut
2506 2913 2852 2970 manifestum
2899 2923 3004 2981 est,
3047 2930 3293 2986 presens
3323 2925 3437 2971 erat
3477 2929 3637 2971 coram
3677 2908 3856 2978 discipulis

707 3005 940 3062 Samson
972 3007 1300 3064 fortissimus
1329 3026 1601 3080 nunquam
1630 3012 1695 3066 ad
1726 3013 1868 3068 hanc
1893 3014 2090 3069 molam
2121 3016 2296 3071 venis-
2395 3019 2518 3060 cum
2545 3004 2894 3074 1000811311":
2917 3005 3057 3071 Quid
3079 3007 3294 3061 ηεδεὶιίε
3316 3006 3518 3078 quando
3543 3004 3860 3058 Dominum“

706 3105 811 3161 set,
841 3096 944 3151 nisi
975 3096 1124 3167 prius
1151 3099 1380 3168 gratiam
1411 3098 1645 3169 Spiritus
1672 3103 1860 3164 sancti,
1892 3103 2086 3158 deinde
2111 3106 2292 3161 oculos

2271 3121 2295 3161 ε
2323 3141 2368 3204 C
2400 3108 2644 3152 venturus
2683 3107 2778 3202 est.
2809 3097 2876 3152 Et
2914 3113 3020 3204 non
3067 3098 3160 3202 ait,
3203 3099 3334 3204 quiia
3381 3097 3585 3154 nescitis
3608 3092 3857 3204 quando'eto

673 3188 1048 3272 perdidisset.
1085 3190 1226 3262 Ergo
1266 3203 1321 3246 et
1363 3193 1468 3248 duo
1515 3193 1567 3247 in
1613 3194 1752 3249 lecto
1790 3196 2060 3251 dicuntur.
2093 3197 2150 3251 In
2187 3214 2256 3269 qu

2271 3214 2295 3253 ο
2323 3179 2368 3204 ν
2399 3199 2659 3243 venturus
2681 3191 2803 3254 sim,
2829 3205 2951 3244 cum
2974 3190 3041 3245 de
3061 3191 3248 3260 seipso
3271 3191 3585 3260 loqueretur.
3606 3185 3688 3254 Qui
3704 3179 3857 3255 proiecto

710 3280 900 3336 morbo
946 3281 1286 3340 inﬁrmitatis
1327 3300 1517 3340 omnes
1557 3300 1857 3342 versamur,
1909 3288 1985 3343 De
2022 3305 2129 3359 quo
2165 3307 2297 3349 sane
2401 3278 2591 3332 modus
2609 3277 2860 3348 loquendi
2885 3278 2938 3332 in
2964 3277 3266 3348 Scripturis
3287 3279 3456 3335 sacris
3477 3275 3857 3333 usitatissimusest

704 3369 847 3426 lecto
891 3370 1058 3428 David
1113 3388 1332 3444 gemens
1381 3375 1593 3431 dicebat
1626 3395 1639 3432 :
1669 3376 1878 3433 Lavabo
1923 3398 2015 3450 per
2061 3383 2296 3454 singulas
2400 3370 2658 3438 QllamViS
2690 3371 2888 3441 aliqUiS
2918 3371 3080 3426 altius
3109 3373 3258 3428 hunc
3285 3373 3461 3428 iOCtlm
3493 3370 3614 3426 velis
3642 3364 3857 3434 ίηιειιίεεην

705 3471 878 3516 noctes
923 3461 1111 3518 lectum
1156 3481 1350 3531 meum,
1393 3466 1640 3538 lacrymis
1688 3470 1817 3523 meis
1862 3481 2084 3526 stratum
2125 3491 2296 3530 meum
2399 3463 2539 3533 il“0d
2582 3463 2700 3518 ideo
2739 3463 2819 3518 Sic
2845 3464 3065 3530 dixerit.
3095 3463 3223 3532 (illia
3252 3463 3428 3519 adhuc
3456 3463 3631 3517 absens
3655 3455 3860 3523 εηιιπωί

704 3553 886 3624 rigabo
935 3554 1109 3626 (Psal.
1143 3572 1218 3622 vi,
1253 3557 1330 3627 7).
1356 3557 1424 3613 Et
1461 3559 1586 3613 alibi
1625 3560 1712 3614 cui
1746 3562 1975 3618 voluerit
2001 3582 2014 3617 :
2039 3564 2296 3621 Dominus
2399 3565 2519 3612 eral
2545 3555 2687 3611 Deus
2714 3557 2936 3611 Verbum
2981 3572 3011 3610 ³
3058 3557 3320 3613 cordibus
3351 3543 3860 3626 ἀίεεῑνιιιοτυωοιδθίηο

708 3645 974 3713 misereri,
1006 3663 1151 3718 opem
1181 3648 1316 3717 ferat
1351 3667 1508 3719 super
1536 3649 1723 3706 lectum
1763 3653 1960 3708 doloris
2003 3656 2134 3725 ejus.
2169 3655 2297 3710 Uni-
2399 3650 2757 3722 signiﬁcative
2778 3651 2979 3706 dixerit
3003 3651 3253 3708 futurum
3274 3652 3428 3708 verbi
3452 3635 3861 3707 adventumininlti

703 3751 930 3802 versum,
978 3739 1172 3810 inquit,
1216 3750 1438 3795 stratum
1472 3742 1587 3812 ejus
1630 3747 1845 3798 versasti
1891 3747 1945 3800 in
1988 3747 2294 3817 inﬁrmitate
2397 3742 2597 3798 ieCltlm
2645 3743 2852 3814 1021
2887 3743 3314 3814 ἀίεοίρυιοτιιηι,
3347 3745 3472 3815 quia
3512 3739 3714 3798 nondum
3733 3727 3860 3788 enim

703 3831 819 3900 ejus
857 3831 1028 3902 (Psal.
1066 3849 1156 3898 xc,
1184 3833 1298 3897 41).
1323 3833 1398 3889 De
1425 3850 1530 3905 qua
1555 3835 1886 3901 inﬁrmitate,
1920 3838 2022 3893 nisi
2053 3855 2149 3908 per
2172 3855 2297 3910 gra-
2397 3849 2558 3892 sensu
2589 3835 3271 3904 eorum.quemadmodum
3300 3844 3420 3892 erat
3446 3834 3657 3890 futurus.
3687 3822 3860 3895 Quoniam

704 3921 837 3976 tiam
868 3921 1068 3977 Christi
1111 3940 1270 3979 nemo
1299 3925 1558 3980 salvatur.
1596 3925 1653 3980 In
1690 3943 1797 3996 quo
1840 3929 2096 3984 nimirum
2133 3931 2291 3997 lecto,
2397 3929 2539 3984 sicut
2565 3944 2662 3998 per
2687 3929 2828 3983 hunc
2860 3928 3039 3984 locum
3079 3929 3347 3998 insinuat,
3377 3927 3606 4001 quotidie
3645 3925 3689 3980 in
3716 3914 3859 3989 vigilan-

704 4014 829 4082 quia
861 4029 1021 4070 omne
1047 4031 1216 4085 genus
1253 4017 1547 4072 humanum
1577 4016 1744 4086 jacet,
1774 4036 1914 4075 unus
1962 4032 2291 4089 assumetur,
2399 4022 2541 4078 tibus
2569 4030 2827 4092 operatur
2871 4021 3013 4077 diem
3045 4023 3319 4080 adventus
3366 4024 3470 4090 sui,
3509 4023 3623 4079 dum
3663 4018 3704 4073 in
3732 4010 3861 4067 anim?

704 4111 765 4157 ut
815 4105 1159 4160 convalescat
1213 4106 1279 4160 de
1328 4106 1644 4163 inﬁrmitate
1685 4107 1982 4178 languoris,
2037 4121 2294 4180 operante
2395 4112 2497 4166 bus
2522 4126 2708 4166 eorum
2747 4111 2839 4180 qui
2888 4109 3267 4168 illuminantur
3311 4129 3344 4168 a
3375 4113 3570 4168 lumine
3593 4102 3862 4164 veritatis.”

703 4195 1088 4267 benignissimo
1134 4198 1438 4264 Salvatore,
1485 4209 1538 4255 et
1581 4202 1720 4256 alter
1768 4202 2100 4273 relinquetur
2144 4205 2294 4276 justo
2395 4202 2496 4268 nit,
2527 4210 2583 4257 et
2610 4201 2877 4257 illuminat
2904 4217 2997 4256 eas
3022 4201 3229 4260 lumine
3255 4204 3522 4261 claritatis
3548 4216 3663 4256 suae.
3684 4183 3862 4264 ραίόίιηίά

675 4292 677 4294 ’
703 4286 798 4342 Dei
820 4287 1045 4358 judicio,
1079 4291 1133 4344 in
1182 4292 1373 4346 mortis
1403 4293 1769 4362 corruptione.
1797 4294 1873 4348 Ac
1897 4310 1994 4365 per
2013 4295 2118 4351 hoc
2138 4297 2293 4366 quid-
2396 4301 2500 4359 est,
2531 4293 2675 4362 quod
2701 4294 2947 4364 superius
2984 4293 3200 4350 dixerat
3217 4296 3288 4352 de
3321 4299 3549 4352 adventu
3569 4307 3670 4356 suo,
3690 4277 3864 4358 quod“

703 4382 832 4452 quid
861 4391 944 4437 est
976 4383 1028 4437 in
1066 4398 1216 4454 agro,
1253 4384 1468 4440 excolat
1504 4393 1559 4440 et
1607 4385 1848 4442 elaboret
1891 4402 2080 4458 agrum
2111 4405 2289 4445 suum.
2397 4394 2617 4452 cuerat;
2668 4394 2722 4441 et
2760 4401 2859 4442 cur
2901 4385 3160 4442 celaverit
3214 4389 3366 4445 diem
3395 4397 3449 4443 et
3495 4388 3665 4443 horam
3691 4378 3864 4469 adventi!

702 4470 927 4543 Agrum,
954 4472 1198 4543 inquam,
1225 4474 1279 4529 in
1305 4490 1411 4544 quo
1435 4490 1542 4530 non
1569 4484 1654 4529 est
1681 4476 1966 4534 thesaurus
1986 4479 2076 4548 qui
2108 4480 2295 4535 inven-
2319 4508 2372 4568 Β
2397 4478 2518 4543 sui,
2551 4487 2720 4534 totum
2763 4478 2852 4533 hic
2880 4467 3193 4544 concludit,
3246 4495 3372 4535 cum
3411 4479 3488 4534 ait
3513 4496 3527 4532 :
3567 4467 3865 4567 Vigilathﬂ'“

705 4571 791 4619 tus
821 4564 1036 4631 emitur,
1068 4582 1227 4636 quem
1267 4566 1542 4621 benedixit
1574 4567 1861 4634 Dominus;
1909 4585 2066 4638 quem
2113 4570 2283 4638 Isaac,
2319 4557 2365 4568 ”
2398 4571 2606 4626 nescitis
2651 4571 2791 4626 diem
2825 4579 2870 4625 et
2902 4571 3106 4625 horam.
3133 4571 3212 4626 Ac
3255 4573 3303 4628 si
3345 4572 3492 4627 dicat
3517 4585 3531 4624 :
3556 4569 3662 4624 Ideo
3683 4557 3784 4615 volui
3809 4563 3866 4604 τος

701 4671 767 4710 ac
786 4656 831 4710 si
858 4671 886 4709 a
917 4655 1073 4728 longe
1095 4672 1160 4711 ex
1183 4658 1348 4712 odore
1379 4658 1618 4713 sentiens
1641 4659 1847 4714 aiebat:
1878 4659 2014 4716 Ecce
2041 4662 2171 4716 odor
2190 4663 2290 4731 ﬁlii
2397 4662 2638 4727 nescire,
2685 4669 2743 4716 ut
2779 4675 2992 4731 semper
3017 4661 3273 4731 vigiletis,
3307 4669 3363 4717 et
3390 4674 3594 4732 semper
3627 4648 3759 4728 parati
3779 4641 3864 4701 sitit.

700 4747 803 4800 mei
831 4748 963 4800 sicut
1003 4749 1133 4801 odor
1160 4749 1278 4819 agri
1300 4747 1438 4819 pleni
1467 4747 1619 4819 (Gen.
1654 4767 1788 4816 xvn,
1821 4750 1943 4823 27);
1983 4754 2108 4823 quia
2141 4754 2196 4809 in
2223 4770 2289 4810 eo
2394 4754 2610 4824 quando
2653 4754 2912 4808 Dominus
2955 4763 3136 4810 vester
3179 4765 3449 4811 venturus
3483 4763 3596 4817 est,
3636 4762 3691 4804 ne
3714 4739 3867 4833 ιειιθδξε

702 4847 830 4895 sunt
857 4856 1045 4896 omnes
1070 4842 1310 4896 thesauri
1331 4842 1607 4911 sapientiae
1633 4853 1794 4914 atque
1832 4846 2091 4914 scientia},
2125 4865 2287 4918 quem
2395 4845 2570 4900 noctis
2596 4844 2678 4900 vel
2705 4854 2889 4914 torpor
2931 4844 3108 4899 somni
3157 4860 3254 4902 vos
3311 4847 3578 4916 subrepat.
3627 4833 3747 4904 Ωιιοά
3777 4835 3866 4882 θ⁰¹¹¹¹

707 4932 922 5004 1020
959 4933 1238 4989 benedixit
1289 4934 1566 4990 Dominus.
1625 4936 1731 4991 Sed
1773 4945 1826 4992 et
1880 4954 2069 5009 agrum
2129 4956 2286 4998 suum
2398 4936 2659 5007 apostolis
2686 4936 2838 5001 dicit.
2869 4936 3123 4992 omnibus
3143 4938 3336 5008 utique
3361 4936 3522 5001 dicit;
3552 4926 3866 4997 etneqm‘lm'“

703 5026 1073 5096 unusquisque
1102 5035 1379 5092 exerceat,
1417 5041 1484 5082 ne
1516 5027 1587 5081 illi
1617 5028 1803 5098 spinas
1851 5030 1934 5083 vel
1967 5031 2190 5087 tribulos
2219 5049 2286 5088 ex
2389 5029 2497 5094 ait,
2527 5030 2652 5098 quia
2686 5028 2958 5083 nescimus
3009 5036 3069 5082 nt
3119 5043 3178 5084 se
3229 5030 3443 5084 nescire
3491 5024 3735 5082 conﬁrmet
3766 5010 3868 5081 (δίωί

704 5117 950 5172 ubertate
978 5117 1181 5183 carnis,
1211 5118 1512 5185 luxurians,
1549 5130 1790 5190 generet.
1825 5120 1963 5188 Quia
1991 5131 2135 5178 terra
2179 5124 2288 5195 spi-
2391 5119 2628 5174 haeretici
2657 5119 2946 5174 occasione
2974 5128 3197 5190 accepta
3225 5120 3515 5191 garriunt),
3533 5117 3619 5172 sed
3645 5102 3867 5195 nesciliSrlli

705 5226 805 5266 nas
834 5211 916 5267 vel
943 5211 1166 5267 tribulos
1187 5227 1476 5283 generans,
1504 5213 1729 5284 reproba
1756 5223 1862 5279 est,
1889 5223 1944 5271 et
1980 5190 2288 5273 maledictio
2387 5228 2446 5270 se
2476 5213 2546 5268 ab
2577 5213 2659 5268 eis
2696 5212 2972 5279 dissociet,
3011 5222 3067 5269 et
3108 5190 3244 5269 eum,
3280 5215 3424 5270 scire
3474 5211 3751 5282 intelligant.
3783 5190 3867 5251 Illud

702 5301 971 5372 proxima.
1024 5301 1192 5357 Porro
1237 5304 1432 5369 anima,
1483 5319 1603 5373 qua:
1642 5306 1707 5359 ad
1741 5305 1937 5360 molam
1975 5307 2147 5376 posita
2179 5318 2281 5375 est,
2389 5316 2568 5364 autem
2597 5308 2812 5374 scitote,
2848 5309 2975 5378 quia
3015 5309 3060 5364 si
3087 5309 3242 5363 sciret
3263 5304 3657 5379 paterfamilias,
3678 5312 3758 5370 qua
3785 5291 3868 5381 ’Wf

703 5391 862 5450 debet
898 5393 998 5448 sibi
1039 5392 1367 5448 frumentum
1421 5408 1713 5465 aggregare
1754 5396 1925 5459 verbi,
1968 5375 2028 5450 ut
2069 5413 2283 5469 semper
2392 5402 2480 5472 fur
2529 5403 2755 5466 veniret,
2800 5375 3037 5473 vipilaret
3079 5375 3275 5475 utique-
3303 5412 3354 5458 et
3402 5375 3504 5458 non
3537 5400 3700 5454 sineret
3732 5375 3867 5458 ρετίοάί

702 5486 869 5540 molat
914 5486 1182 5558 faciatque
1231 5485 1482 5553 farinam,
1536 5503 1628 5542 seu
1677 5505 1871 5559 panem
1921 5491 2133 5558 salutis,
2176 5510 2282 5564 quo
2390 5496 2602 5549 domum
2632 5512 2804 5550 suam.
2857 5497 3066 5551 lnducit
3104 5497 3268 5566 igitur
3322 5493 3623 5567 parabolam
3663 5485 3806 5539 domus
3835 5476 3868 5567 ei

702 5580 850 5634 vivat
874 5591 930 5636 et
963 5580 1192 5636 satietur
1219 5581 1459 5653 quotidie
1482 5580 1709 5636 interior
1732 5581 1908 5638 homo.
1940 5583 2078 5639 Mola
2103 5595 2282 5641 autem
2391 5585 2549 5649 furis,
2583 5596 2642 5641 ut
2687 5588 3138 5658 patremfamilias
3169 5566 3361 5644 domuis
3395 5592 3618 5652 moneat
3649 5573 3814 5646 vigilare
3834 5566 3868 5612 εί

704 5687 768 5726 ac
798 5673 844 5726 si
886 5673 1094 5727 duobus
1137 5675 1304 5738 saxis,
1343 5673 1538 5728 timore
1568 5673 1772 5728 scilicet
1800 5684 2042 5729 vertatur
2072 5686 2126 5731 et
2166 5691 2278 5745 spe.
2391 5679 2664 5732 custodire
2705 5694 2801 5732 sua
2831 5695 2949 5748 qua:
2978 5681 3030 5733 in
3058 5681 3217 5736 domo
3256 5688 3403 5734 sunt.
3435 5677 3558 5745 Quae
3595 5668 3789 5744 profecti)
3807 5665 3867 5726 P"

701 5763 778 5822 Ita
800 5773 858 5819 ut
879 5781 1001 5836 spes
1024 5779 1236 5837 semper
1257 5782 1471 5822 sursum
1499 5774 1641 5836 agat,
1671 5765 1831 5821 timor
1859 5767 2109 5826 deorsum
2134 5784 2284 5839 pres-
2393 5769 2580 5825 rabola
2615 5785 2807 5825 omnes
2839 5771 3008 5842 tangit
3036 5772 3128 5842 qui
3177 5770 3300 5827 ﬁdei
3339 5770 3658 5825 sacramenta
3687 5753 3868 5827 9⁸1⁵⁸⁸4³⁸⁸
