4016 6354
106 295 208 354 835
862 300 1225 362 EXPOSITIO
1259 304 1327 360 IN
1365 304 1806 364 MATTHJEUM.
1847 308 2065 366 —LIB.
2106 308 2198 379 XI,
2239 309 2390 368 CAP.
2429 313 2614 372 XXIV.
3288 329 3395 388 854

101 421 247 478 runt,
281 415 522 470 maxime
562 421 747 469 tamen
786 415 1108 484 praepositos
1138 425 1193 472 et
1232 425 1472 474 rectores
1516 417 1703 474 Eccle—
1728 422 1780 482 Α
1807 420 2062 490 apostolis
2108 422 2210 477 ista
2241 423 2321 479 sic
2362 425 2492 480 dicit
2533 426 2810 497 Dominus,
2839 433 2992 502 quasi
3024 448 3118 492 eos
3143 437 3258 496 dies
3296 444 3394 502 ad-

99 507 327 571 siarum,
346 505 543 577 quibus
573 521 680 562 non
706 505 878 561 solum
902 522 1002 577 pro
1030 523 1104 571 se,
1124 524 1312 564 verum
1332 510 1494 565 etiam
1517 519 1572 565 et
1595 526 1696 582 pro
1804 523 1997 569 ventus
2026 513 2140 582 ejus
2165 516 2217 571 in
2257 533 2422 573 carne
2451 520 2522 575 sit
2567 521 2913 591 inventurus,
2963 535 3024 583 ut
3063 538 3190 588 tunc
3214 537 3390 604 parati

97 598 352 654 omnibus
373 597 600 669 vigilare
646 606 862 668 oportet
895 605 951 652 et
977 599 1240 674 sollicitos
1269 617 1409 657 esse.
1454 600 1591 670 Quia
1626 604 1694 659 ad
1803 603 2181 672 inveniantur,
2221 610 2311 664 sed
2353 626 2473 680 quae
2527 613 2656 668 dicit
2701 616 2952 673 omnibus
3007 620 3161 689 dicit,
3199 597 3255 681 et
3307 628 3390 686 sic

97 693 240 764 ipsos
261 692 506 763 respicit,
542 691 804 764 quidquid
842 691 1024 763 justus
1065 693 1231 764 judex
1274 695 1326 749 in
1363 695 1556 750 ovibus
1584 696 1690 752 sibi

94 781 320 838 creditis
345 782 527 838 minus
554 782 840 838 invenerit.
867 781 1074 837 Tamen
1103 784 1227 852 quia
1258 785 1509 841 omnibus
1537 787 1690 856 dicit,

92 882 307 944 oportet
339 873 524 928 animo
544 872 772 943 vigilare
801 873 1062 945 singulos,
1090 882 1145 929 et
1165 875 1449 932 sollicitius
1476 893 1691 950 semper

91 977 273 1028 mente
301 967 606 1032 intendere,
650 984 722 1024 ne
757 969 883 1023 dum
909 969 1250 1041 obtorpuerit
1293 973 1391 1027 f'ur-
1422 974 1602 1029 veniat
1633 983 1689 1030 et

91 1059 370 1119 subfodiat
393 1061 614 1116 domum
637 1061 693 1115 in
723 1060 954 1132 caligine
979 1063 1257 1119 caecitatis.
1290 1064 1686 1123 Paterfamilias

95 1163 270 1209 autem
334 1152 710 1223 unusquisque
761 1161 846 1208 est
893 1168 1005 1210 sua:
1057 1149 1267 1210 domus.
1320 1155 1521 1213 Domus
1556 1174 1686 1214 vero

91 1249 274 1297 nostra
309 1241 491 1296 anima
527 1250 581 1298 et
623 1257 861 1312 corpus,
907 1244 962 1298 in
1011 1260 1117 1316 qua
1166 1256 1476 1316 portamus,
1526 1248 1682 1318 juxta

85 1333 407 1404 Apostolum
435 1374 450 1399 ,
506 1335 811 1388 thesaurum
862 1344 1107 1391 nostrum
1159 1338 1532 1394 absconditum
1561 1381 1575 1405 ,
1627 1343 1681 1396 in

86 1430 217 1483 rasis
243 1428 370 1484 istis
394 1427 663 1497 fictilibus.
696 1427 868 1495 Quam
897 1444 1028 1484 sane
1066 1430 1282 1485 domum
1327 1430 1416 1486 fur
1442 1433 1494 1486 in
1524 1441 1680 1489 nocte

81 1519 322 1588 suffodit,
353 1537 478 1577 cum
507 1530 601 1574 aut
639 1536 837 1591 corpus
877 1522 1216 1580 extrinsecus
1258 1525 1406 1582 vitiis
1442 1541 1682 1582 corrum-

78 1612 247 1682 pitur,
288 1621 384 1667 aut
413 1613 650 1668 animam
680 1613 944 1680 interius,
991 1631 1111 1685 quae
1144 1615 1372 1686 vigilare
1398 1618 1583 1673 debuit
1624 1627 1678 1675 et

78 1704 358 1760 custodire
411 1705 674 1773 domum,
732 1708 1026 1776 semetipsa
1073 1709 1328 1766 videlicet
1379 1713 1672 1783 opprimit,

1800 695 1951 764 dicit,
1999 708 2057 754 ut
2087 716 2248 768 nemo
2277 718 2526 759 securum
2557 720 2616 760 se
2647 707 2856 763 reddat.
2892 710 3027 778 Quia
3060 715 3200 770 sicut
3232 717 3387 792 igno-

1801 798 1950 844 ratur
1974 791 2042 846 ab
2067 794 2321 851 omnibus
2349 797 2563 866 quando
2592 806 2853 855 venturus
2893 801 2964 856 sit
2993 803 3110 860 dies
3143 791 3336 875 judicii
3370 829 3384 865 :

1798 883 1870 939 ita
1909 893 1963 940 et
1996 886 2192 958 singuli
2221 890 2435 959 quando
2480 898 2740 947 venturus
2769 893 2840 948 sit
2872 895 3140 953 adventus
3195 903 3384 961 mortis

1795 995 1939 1046 suae;
1967 989 2021 1037 et
2049 981 2167 1037 ideo
2209 983 2284 1037 ait
2318 998 2332 1036 :
2365 981 2545 1038 Estote
2573 987 2770 1054 parati.
2803 987 2916 1043 Hoc
2943 998 3030 1046 est
3066 991 3268 1060 dicere,
3298 996 3383 1052 vi-

1794 1073 1959 1144 gilate
2013 1075 2272 1131 adversus
2319 1077 2544 1133 insidias
2596 1078 2796 1134 diaboli
2848 1097 2945 1150 per
2993 1083 3381 1146 abstinentiam

1792 1168 1940 1234 mali,
1987 1177 2040 1224 et
2079 1170 2484 1226 meditationem
2515 1172 2674 1239 boni;
2723 1187 2790 1228 ne
2818 1173 2959 1230 forte
3005 1175 3094 1231 fur
3124 1186 3379 1250 tanquam

1790 1260 1844 1315 in
1873 1271 2030 1316 nocte
2055 1278 2151 1318 vos
2179 1265 2603 1333 comprehendat
2628 1273 2682 1320 et
2712 1267 3140 1327 subvertat.lmo
3161 1273 3379 1345 vigilate

1789 1352 2024 1418 solliciti,
2056 1365 2114 1408 ut
2161 1354 2214 1408 in
2246 1371 2570 1426 quacunque
2601 1357 2733 1412 hora
2763 1361 2975 1415 venerit
3011 1363 3294 1433 Dominus,
3323 1375 3381 1426 et

1791 1444 2002 1516 1023
2030 1446 2324 1515 pulsaverit
2344 1463 2444 1518 per
2467 1463 2847 1520 quamcunque
2872 1454 3216 1512 occasionem
3238 1472 3380 1514 mor-

1785 1534 1878 1600 tis,
1904 1534 2190 1590 coufestim
2218 1537 2436 1608 singuli,
2484 1553 2582 1595 sua
2605 1540 2660 1595 in
2687 1539 2774 1596 die
2803 1548 2857 1597 et
2897 1541 3052 1611 hora,
3081 1548 3378 1618 gaudentes

1784 1627 2032 1699 aperiant
2058 1628 2129 1684 ei.

1857 1727 1987 1794 Quis
2010 1739 2164 1799 putas
2192 1740 2268 1784 est
2287 1730 2458 1800 fidelis
2473 1749 2649 1788 servus
2671 1743 2718 1787 et
2747 1735 2978 1805 prudens
3004 1754 3156 1808 quem
3179 1743 3374 1797 consti-

75 1795 328 1853 diabolus
355 1798 625 1867 exspoliat
653 1806 708 1854 et
735 1799 990 1870 perfodit.
1021 1799 1174 1866 Quod
1203 1802 1247 1856 si
1272 1802 1438 1858 sciret
1458 1806 1658 1872 quandi

1778 1790 2160 1875 tuit'Dominus
2189 1790 2345 1892 super
2371 1823 2630 1892 familiam
2658 1790 2831 1892 suam,
2856 1837 2915 1882 ut
2940 1790 3029 1883 del
3057 1829 3166 1886 illis
3189 1833 3364 1889 cibum

72 1886 157 1942 fur
181 1888 429 1954 veniret,
455 1888 644 1944 ultima
666 1889 919 1946 videlicet
949 1890 1064 1946 dies
1087 1891 1269 1946 obitus
1297 1893 1402 1960 sui,
1436 1894 1670 1964 vigilaret

71 1979 253 2050 utique
278 1988 328 2033 et
359 1996 464 2034 non
492 1981 686 2036 sineret
712 1981 920 2051 perfodi
944 1982 1158 2036 domum
1181 1999 1352 2037 suam.
1381 1985 1519 2052 Quid
1543 2001 1672 2058 ergo

67 2080 198 2127 est:
253 2069 383 2127 Non
431 2072 623 2127 sineret
663 2073 871 2143 perfodi
920 2074 1132 2128 domum
1177 2076 1370 2130 suam?
1419 2075 1669 2149 Nunquid

65 2163 272 2236 aliquis
298 2164 442 2220 diem
473 2164 683 2229 mortis,
708 2179 830 2236 quae
858 2173 1113 2234 tanquam
1137 2164 1223 2220 fur
1244 2166 1444 2222 dicitur
1463 2169 1667 2235 venire,

62 2255 281 2326 poterit
309 2269 569 2311 revocare
592 2270 661 2310 ne
687 2256 905 2311 veniat?
927 2257 1041 2311 Non
1064 2258 1268 2327 utique.
1294 2257 1398 2314 Sed
1420 2261 1564 2316 aliud
1585 2270 1668 2317 est

59 2346 314 2418 pulsanti
344 2348 554 2418 aperire
597 2348 818 2414 ostium,
851 2349 993 2404 aliud
1019 2365 1148 2406 vero
1187 2367 1292 2407 non
1322 2368 1421 2423 per
1468 2357 1664 2411 ostium

60 2435 220 2493 bona:
255 2437 569 2508 vigilantiae,
605 2439 698 2494 sed
726 2456 824 2510 per
858 2449 1132 2512 torporem
1159 2451 1215 2498 et
1255 2447 1664 2515 oppressionem

60 2529 416 2597 delictorum,
445 2530 621 2588 furem
655 2533 865 2604 1022
889 2534 1194 2591 admittere.
1231 2536 1368 2593 Hinc
1393 2547 1496 2605 est,
1530 2542 1664 2596 cha-

58 2623 297 2689 rissimi,
327 2624 474 2694 quod
503 2625 815 2696 aliquando,
866 2643 988 2683 cum
1034 2627 1147 2695 jam
1185 2645 1332 2686 mors
1378 2631 1556 2701 pulsat
1596 2634 1664 2689 ad

53 2712 268 2772 ostium
303 2728 373 2768 ac
416 2714 462 2768 si
502 2715 612 2782 fur,
641 2717 766 2786 quia
805 2717 957 2787 prius
986 2717 1327 2776 adversarius
1354 2720 1510 2777 bonis
1548 2737 1660 2778 coe-

53 2799 297 2863 lestibus
347 2802 745 2877 exspoliaverat
797 2823 934 2875 nos,
983 2811 1128 2880 quod
1170 2826 1288 2866 eam
1347 2821 1453 2868 tam
1509 2815 1660 2870 inviti

53 2895 416 2968 suscipimus.
438 2897 510 2952 At
535 2913 664 2955 vero
692 2899 817 2955 boni
843 2901 1011 2968 servi,
1037 2903 1248 2958 Domini
1277 2905 1359 2961 sui
1385 2905 1542 2976 longe
1571 2907 1660 2963 diu

51 2985 448 3057 przestolantes
507 2989 797 3045 adventum
823 3031 838 3058 ,
895 2991 1002 3046 laeti
1063 3008 1183 3048 cum
1242 2995 1540 3065 pulsaverit
1592 2998 1659 3052 ad

52 3083 264 3139 ostium
295 3083 580 3153 aperiunt,
628 3093 684 3140 et
709 3086 1009 3156 suscipiunt
1038 3102 1182 3142 eum.
1223 3088 1534 3160 Suscipiunt
1559 3109 1655 3148 au-

52 3185 159 3231 tem
190 3177 332 3248 quia
372 3178 549 3247 parati
580 3186 755 3233 erant.
783 3178 934 3236 Unde
963 3179 1108 3234 aliud
1151 3189 1252 3248 est,
1293 3182 1373 3237 sic
1402 3183 1652 3240 ultimum

51 3269 196 3324 diem
220 3270 538 3326 venientem
570 3270 842 3341 excipere,
893 3271 1074 3342 eique,
1105 3272 1215 3328 imo
1237 3272 1405 3342 iudici
1435 3275 1652 3332 Christo

50 3362 262 3418 ostium
288 3361 525 3431 aperire,
560 3360 705 3415 aliud
736 3361 868 3418 velis
909 3363 1136 3429 nolisve,
1163 3379 1227 3419 ac
1257 3366 1302 3419 si
1325 3367 1537 3422 hostem
1567 3368 1653 3423 vel

47 3453 234 3510 furem
293 3453 601 3510 admittere.
660 3453 794 3509 Nam
843 3455 1092 3532 Christus
1145 3457 1247 3512 nisi
1306 3474 1404 3530 per
1454 3462 1651 3517 ostiqu

45 3546 223 3602 etiam
273 3544 494 3615 pulsans
518 3561 624 3601 non
657 3547 799 3601 venit
834 3547 901 3601 ad
925 3529 1192 3613 animam;
1222 3529 1460 3606 furvero
1500 3560 1553 3605 et
1583 3553 1656 3606 la-

42 3641 130 3694 tro
164 3635 454 3700 diabolus,
473 3637 683 3694 aliunde
705 3639 1002 3694 ascendens
1029 3639 1279 3710 perfodit,
1305 3649 1359 3696 et
1387 3643 1652 3713 exspoliat

43 3742 195 3784 eam.
247 3725 362 3782 Sed
402 3736 456 3782 et
483 3728 592 3799 ipsa
631 3729 749 3785 dies
777 3729 965 3785 ultima
1014 3731 1288 3802 languenti
1328 3734 1522 3789 animae
1565 3735 1652 3790 fur

44 3830 129 3877 est
165 3829 230 3878 et
268 3819 433 3883 latro.
461 3821 663 3878 idcirco
690 3838 787 3894 per
817 3824 1017 3879 ostium
1044 3825 1198 3880 home
1228 3826 1388 3893 ﬁdei,
1431 3827 1523 3884 sed
1547 3828 1654 3883 fur-

44 3913 141 3968 tim
168 3911 340 3968 malis
365 3913 694 3968 obcaecatam
734 3913 920 3971 effodit
945 3924 999 3970 et
1023 3917 1218 3971 evertit
1238 3933 1359 3972 eam
1386 3935 1415 3974 a
1456 3935 1648 3990 corpo-

44 4019 102 4060 re
121 4047 137 4072 ,
181 4013 249 4060 et.
277 4004 480 4060 evellit.
509 4005 645 4061 Nam
674 4015 728 4062 et
767 4006 819 4062 in
852 4008 956 4062 alia
982 4010 1239 4079 parabola
1274 4011 1474 4066 dicitur
1503 4031 1514 4067 :
1544 4013 1648 4079 Qui

46 4115 145 4154 non
183 4101 363 4153 intrat
397 4115 486 4163 per
509 4099 724 4166 ostium,
750 4100 876 4171 quia
899 4101 987 4155 ille
1007 4101 1097 4171 fur
1115 4112 1190 4156 est
1228 4112 1276 4157 et
1300 4103 1435 4159 latro
1462 4104 1642 4176 (Joan.

40 4207 106 4258 ι,
138 4194 204 4262 ι).
242 4191 441 4248 Pastor
487 4204 572 4249 est
621 4202 800 4250 autem
854 4195 940 4249 cui
997 4195 1256 4252 ostiarius
1285 4199 1476 4269 aperit.
1510 4200 1644 4268 Quia

38 4281 316 4350 Dominus
345 4285 542 4341 domus
582 4284 903 4342 fiducialiter
945 4302 1044 4357 per
1066 4284 1289 4356 januam
1333 4288 1499 4345 intrat
1530 4292 1645 4362 ipse

38 4376 142 4433 sibi
168 4377 446 4434 ostiarius
469 4386 525 4434 et
546 4377 766 4444 ostium,
787 4386 848 4434 ut
872 4387 1185 4436 remaneret
1202 4380 1532 4452 vigilantem,
1551 4384 1643 4455 qui

1772 1910 1827 1963 in
1889 1912 2156 1981 tempore?
2211 1911 2388 1982 Supra
2455 1914 2670 1969 videtur
2734 1919 3063 1988 generaliter
3117 1924 3369 1982 omnibus

1773 2001 1996 2066 dixisse,
2029 2018 2174 2059 nunc
2194 2013 2375 2060 autem
2404 2007 2712 2076 specialiter
2738 2009 2805 2063 ad
2837 2013 3130 2081 apostolos,
3163 2029 3257 2071 seu
3296 2017 3366 2074 ad

1770 2105 2010 2152 rectores
2032 2098 2406 2168 ecclesiarum,
2435 2109 2490 2156 et
2516 2103 2583 2157 ad
2610 2104 2936 2173 apostolicos
2962 2107 3136 2177 viros;
3169 2110 3367 2181 quibus

1769 2187 1886 2242 haec
1919 2188 2173 2258 parabola
2222 2190 2344 2246 ideo
2384 2192 2674 2262 specialius
2718 2195 2990 2266 dirigitur,
3043 2208 3104 2254 ut
3155 2212 3364 2270 quanto

1767 2277 1889 2348 plus
1939 2280 2150 2335 cmteris
2185 2297 2243 2337 se
2291 2285 2600 2354 percepisse
2635 2287 2903 2356 gaudent,
2957 2299 3108 2346 tanto
3153 2285 3208 2348 in
3245 2295 3365 2352 red-

1768 2369 1940 2427 denda
1974 2371 2201 2434 ratione,
2233 2388 2332 2442 pro
2378 2389 2436 2428 se
2484 2384 2538 2429 et
2582 2375 2723 2442 aliis,
2758 2379 3098 2438 sollicitiores
3143 2398 3363 2454 semper

1766 2461 2020 2516 existant.
2038 2461 2192 2530 Quod
2216 2463 2408 2520 Petrus
2437 2467 2538 2522 sibi
2567 2468 2786 2538 suisque
2803 2485 3136 2541 cognoscens
3157 2476 3361 2534 dixisse

1765 2553 2129 2618 consortibus,
2155 2556 2292 2624 apud
2319 2555 2517 2612 Lucam
2537 2558 2882 2632 ,.interrogat
2902 2561 3088 2619 dicens
3116 2565 3232 2620 :Ad
3256 2583 3353 2623 nos

1764 2647 1899 2700 hanc
1928 2646 2233 2715 parabolam
2265 2649 2396 2704 dicis
2416 2692 2430 2716 ,
2463 2669 2531 2705 an
2562 2663 2609 2706 et
2644 2654 2713 2708 ad
2757 2654 2934 2709 alios?
2959 2656 3110 2727 (Luc.
3147 2674 3242 2724 xu,
3270 2660 3354 2732 4.)

1767 2739 1880 2794 Duo
1907 2739 2172 2809 siquidem
2197 2741 2250 2796 in
2272 2742 2646 2813 dispensatore
2669 2749 2916 2817 requirit,
2933 2759 2991 2804 ut
3011 2751 3186 2809 fidelis
3205 2754 3278 2810 sit
3296 2762 3356 2812 et

1760 2829 2019 2898 prudens.
2064 2827 2170 2886 Sed
2203 2839 2380 2888 tamen
2411 2833 2537 2890 licet
2574 2851 2739 2905 parva
2783 2837 3070 2896 videantur
3098 2823 3216 2900 haec
3242 2843 3352 2902 duo

1763 2921 2090 2985 temerariis,
2133 2922 2275 2976 inter
2303 2924 2499 2981 multos
2553 2927 2955 2997 dispensatores
3005 2933 3224 2990 difﬁcile
3269 2945 3354 2993 est

1764 3012 2010 3067 invenire
2041 3014 2361 3085 prudentem
2385 3016 2558 3072 virum
2600 3028 2654 3074 et
2686 3019 2919 3077 ﬁdelem.
2950 3023 3019 3079 Et
3045 3025 3186 3093 ideo,
3210 3041 3274 3084 ac
3303 3029 3351 3086 si

1681 3154 1727 3217 Ο
1761 3106 2078 3173 dubitative,
2110 3109 2282 3165 dixit:
2307 3110 2436 3176 Quis
2461 3123 2617 3180 putas
2638 3125 2712 3169 est
2733 3117 2907 3186 ﬁdelis
2927 3135 3106 3175 servus
3139 3131 3187 3176 et
3222 3139 3350 3193 pru-
3404 3107 3408 3111 ”

1757 3197 1884 3252 dens
1901 3198 1926 3250 ?
1949 3197 2084 3264 Quia
2117 3199 2392 3272 rarissime
2419 3202 2710 3259 invenitur.
2740 3205 2972 3277 Propter
2999 3211 3142 3280 quod
3165 3212 3349 3270 aiebat

1753 3288 2071 3359 Apostolus:
2107 3289 2193 3344 Ita
2219 3308 2313 3346 nos
2338 3294 2593 3349 existimet
2622 3296 2778 3351 homo
2807 3307 2862 3352 ut
2890 3299 3158 3356 ministros
3189 3301 3344 3358 Chri-

1753 3382 1843 3446 sti,
1869 3393 1915 3436 et
1960 3383 2342 3452 dispensatores
2373 3387 2740 3455 mysteriorum
2772 3388 2887 3444 Dei.
2924 3389 3023 3446 Hic
3051 3384 3168 3462 jam
3195 3411 3344 3465 quie-

1757 3473 1891 3527 ritur
1933 3475 2069 3529 inter
2105 3476 2520 3546 dispensatores,
2566 3488 2622 3531 ut
2668 3479 2840 3548 fidelis
2886 3483 3004 3552 quis
3053 3484 3348 3539 inveniatur

1757 3563 1809 3637 (Ι
1841 3563 1961 3619 Cor.
1988 3581 2063 3631 tv,
2096 3567 2150 3631 l,
2173 3567 2250 3635 2).
2278 3567 2441 3622 Multa
2474 3579 2599 3624 sunt
2617 3572 2761 3627 enim
2788 3588 2907 3643 qua:
2949 3574 3003 3629 in
3028 3576 3112 3632 his
3134 3577 3346 3634 duabus

1756 3665 2086 3712 concurrunt
2117 3657 2432 3726 virtutibus,
2459 3676 2579 3730 qua:
2606 3661 2826 3734 longum
2867 3675 2952 3720 est
2999 3681 3340 3725 enumerare.

1755 3743 1960 3800 Idcirco
1991 3761 2175 3803 eorum
2212 3756 2358 3804 tanta
2389 3752 2588 3806 raritas
2611 3752 2857 3820 habetur,
2903 3764 2961 3812 ut
2986 3758 3071 3812 vix
3100 3758 3167 3814 de
3196 3757 3337 3813 mul-

1755 3836 1826 3891 tis
1866 3851 2003 3892 unus
2050 3837 2372 3893 inveniatur.
2413 3839 2538 3895 Rari
2583 3857 2814 3914 namque
2861 3853 2988 3901 sunt
3015 3845 3106 3918 qui
3158 3847 3333 3920 magis

1753 3925 1921 3982 velint
1951 3927 2157 3982 servire
2203 3931 2482 3985 conservis
2510 3931 2645 3997 suis,
2690 3948 2851 4003 quam
2881 3936 3184 4003 dominari;
3222 3954 3339 3994 ma-

1751 4018 1939 4090 gisque
1967 4019 2224 4090 prodesse
2248 4035 2409 4091 quam
2433 4037 2684 4091 praeesse.
2712 4023 2812 4092 Qui
2837 4026 2971 4080 nihil
3000 4026 3144 4084 aliud
3171 4044 3336 4100 quam

1752 4108 1898 4165 lucra
1953 4111 2152 4176 divina,
2203 4113 2486 4167 commoda
2534 4123 2697 4185 atque
2744 4117 3005 4173 utilitates
3042 4119 3145 4175 sibi
3185 4135 3338 4175 com-

1750 4203 1902 4258 missi
1934 4204 2137 4274 populi,
2168 4213 2228 4259 ut
2259 4204 2388 4260 nulli
2438 4206 2721 4263 subtrahat
2759 4208 2939 4264 cibum
2971 4210 3025 4265 in
3073 4220 3336 4283 tempore,

1747 4295 1839 4364 qui
1870 4295 2110 4350 omnium
2136 4303 2239 4351 est.
2265 4295 2530 4364 Quoniam
2558 4298 2818 4370 quidquid
2855 4301 3019 4357 habet
3047 4303 3338 4375 episcopus

1746 4402 1855 4443 non
1888 4396 1998 4442 tam
2043 4388 2145 4444 sibi
2179 4389 2383 4446 habere
2431 4390 2626 4456 debet,
2657 4405 2820 4461 quam
2873 4393 3159 4458 omnibus;
3208 4395 3336 4465 quia

36 4481 147 4529 tam
173 4473 345 4530 laetus
371 4487 436 4528 ac
453 4473 681 4545 pervigil
724 4473 950 4546 suscipit
969 4475 1298 4531 venientem.
1325 4475 1439 4532 Fur
1462 4487 1643 4535 autem
1669 4512 1724 4574 Β
1749 4481 1989 4536 omnium
2016 4490 2098 4537 est
2127 4482 2241 4552 ipse
2267 4491 2326 4536 ut
2350 4484 2553 4538 serviat
2577 4484 2864 4540 universis.
2895 4483 3092 4541 Beatus
3119 4485 3208 4542 ille
3230 4503 3341 4543 ser-

35 4582 142 4624 uon
167 4583 283 4639 per
307 4567 612 4624 naturalem
646 4569 802 4624 bona:
844 4569 973 4626 vitae
1003 4569 1318 4640 introitum,
1349 4574 1444 4630 sed
1487 4577 1643 4648 quasi

29 4661 124 4732 qui
146 4660 281 4730 jam
307 4659 576 4716 effoderat
615 4675 736 4716 eam
768 4661 1026 4732 primum,
1056 4664 1344 4730 naturalia,
1390 4681 1485 4722 seu
1517 4667 1640 4725 ﬁdei

29 4755 288 4820 edificii,
310 4754 601 4810 destruens
629 4763 685 4809 et
709 4756 1030 4812 subvertens
1058 4755 1427 4824 fundamenta,
1459 4768 1520 4814 ut
1543 4776 1643 4831 per

29 4848 184 4920 ipsas
235 4845 585 4905 suﬁ'ossionis
633 4858 1134 4928 aperturas,'cum
1181 4853 1393 4908 venerit
1448 4854 1640 4910 ultima

28 4942 170 5010 dies,
200 4954 282 4996 ac
304 4940 351 4995 si
376 4939 494 5005 fur,
529 4941 884 5014 ingrediattu.
911 4941 1249 5014 Quapropter
1274 4959 1438 5015 quam
1478 4945 1636 5017 longa

23 5037 139 5093 vita
171 5034 466 5100 hominis,
503 5043 613 5090 tam
645 5035 803 5104 longa
850 5049 973 5093 esse
1020 5037 1179 5093 debet
1218 5047 1272 5092 et
1318 5040 1421 5095 ista
1458 5040 1640 5112 vigilia

19 5131 242 5187 noctis.
279 5128 392 5184 Sed
435 5129 561 5200 quia
615 5131 722 5185 rari
759 5138 886 5186 sunt
925 5130 1017 5202 qui
1065 5145 1164 5203 per
1204 5140 1379 5188 totum
1431 5142 1642 5204 tempus

18 5225 310 5280 continuo
337 5221 581 5294 vigilent,
603 5222 901 5278 cavendum
939 5230 1026 5278 est
1061 5230 1241 5278 tamen
1265 5222 1438 5278 modis
1463 5223 1642 5278 omni-

17 5318 151 5384 bus,
187 5331 274 5374 ne
319 5315 571 5379 ultimum
617 5325 830 5385 tempus
864 5323 1124 5386 tanquam
1176 5314 1263 5371 fur
1309 5317 1642 5374 dormientes

11 5410 313 5471 inveniat,
346 5423 484 5478 quos
512 5407 662 5479 prius
687 5408 828 5464 forte
850 5423 1011 5478 quam
1035 5423 1175 5480 saepe
1206 5417 1460 5480 tanquam
1488 5419 1635 5465 tene-

9 5503 142 5560 bris
197 5500 506 5557 obvolutos
558 5499 699 5555 male
755 5501 1060 5569 deceperat.
1118 5499 1387 5570 Ideoque,
1442 5501 1638 5571 inquit,

8 5593 223 5653 Edote
246 5593 452 5664 parati,
474 5593 599 5664 quia
625 5593 830 5647 nescitis
854 5608 962 5663 qua
995 5592 1126 5646 hora
1157 5591 1413 5647 Dominus
1455 5603 1637 5647 ventu-

8 5705 112 5746 m
139 5699 257 5744 est.
297 5686 434 5755 Quia
473 5688 561 5755 qui
597 5687 891 5756 imparatus
916 5693 998 5740 est
1025 5701 1132 5741 non
1161 5695 1337 5757 potest
1379 5694 1438 5740 ut
1465 5684 1636 5741 furem

3 5791 135 5844 non
163 5780 432 5859 patiatur
476 5780 616 5836 diem
648 5781 912 5837 adventus
962 5779 1153 5836 mortis
1182 5795 1310 5836 suae.
1345 5777 1464 5837 Non
1491 5779 1637 5836 enim

1748 4589 1840 4628 vus
1888 4589 2038 4644 quem
2091 4589 2209 4626 cum
2258 4574 2449 4627 venerit
2480 4571 2738 4628 Dominus
2767 4575 2916 4645 ejus,
2962 4576 3214 4631 invenerit
3257 4577 3334 4632 sic

1749 4665 2025 4735 facientem
2047 4704 2063 4729 ,
2112 4664 2164 4719 id
2192 4671 2274 4719 est
2303 4663 2506 4718 cibaria
2537 4663 2750 4720 Domini
2780 4666 2862 4720 sui
2889 4667 3167 4722 conservis
3219 4667 3334 4725 suis

1745 4757 2042 4827 prudenter
2083 4771 2146 4812 ac
2175 4755 2406 4811 fideliter
2432 4756 2856 4827 dispensantem.
2883 4758 2950 4812 Et
2979 4773 3046 4813 ne
3087 4760 3241 4828 quasi
3267 4759 3332 4814 li-

1742 4851 1872 4906 bera
1916 4859 2074 4904 utens
2127 4856 2392 4918 potestate
2441 4847 2656 4923 (Lucas
2707 4849 2912 4904 addidit
2967 4849 3153 4906 dicens
3197 4867 3210 4902 :
3261 4847 3331 4904 Ut

1747 4940 1832 4996 det
1872 4939 1977 4994 illis
2014 4941 2174 4994 tritici
2222 4957 2520 4996 mensuram
2546 4938 2699 5013 [Luc.
2740 4940 2988 5015 ιιι,42])
3018 4955 3087 4996 ne
3135 4950 3227 4998 aut
3254 4942 3332 4998 illi

1751 5032 1844 5087 det
1890 5032 1974 5088 cui
2020 5047 2127 5088 non
2181 5041 2431 5103 oportet,
2487 5039 2543 5087 et
2598 5041 2859 5103 quantum
2923 5051 3028 5090 non
3077 5042 3328 5106 oportet,

1750 5131 1804 5179 et
1834 5137 1899 5177 ne
1924 5122 1998 5177 illi
2029 5122 2312 5178 subtrahat
2355 5123 2498 5194 quod
2525 5125 2763 5194 expedit,
2791 5134 2847 5180 et
2874 5133 3135 5196 quantum
3166 5139 3330 5194 expe-

1748 5217 1846 5281 dit,
1895 5216 2055 5282 dare;
2095 5217 2188 5273 sed
2236 5217 2491 5274 omnibus
2527 5217 2704 5289 (quod
2751 5217 3033 5289 prudentis
3079 5216 3179 5271 viri
3225 5215 3331 5290 est)

1747 5318 1804 5366 et
1830 5309 2052 5381 singulis
2097 5310 2372 5380 propriam
2410 5310 2702 5365 distribuat
2756 5323 3090 5374 mensuram,
3115 5315 3170 5363 et
3208 5307 3330 5363 uni-

1748 5420 2030 5461 versorum
2084 5414 2342 5476 agnoscat
2370 5404 2656 5476 qualitates
2689 5418 2920 5468 morum,
2967 5411 3022 5457 et
3055 5403 3328 5474 capacita-

1751 5504 1858 5550 tem
1890 5511 2144 5551 seusuum
2182 5503 2236 5548 et
2265 5495 2602 5550 meritorum.
2645 5493 2810 5548 Amen
2846 5493 2961 5548 dico
2990 5495 3154 5561 vobis,
3190 5494 3329 5566 quod

1748 5605 1907 5658 super
1927 5593 2102 5642 omnia
2130 5587 2262 5641 bona
2284 5604 2379 5640 sua
2414 5587 2686 5639 constituet
2725 5601 2864 5638 eum.
2888 5585 3138 5642 Audeant
3166 5594 3329 5641 teme-

1749 5680 1876 5734 rarii
1907 5689 1961 5734 et
2001 5679 2371 5750 superbissimi
2406 5685 2676 5742 rectores;
2707 5676 2773 5732 de
2815 5678 3011 5749 quibus
3052 5692 3224 5748 nuper
3248 5677 3327 5733 di-

1747 5783 1894 5848 ctum
1922 5782 2006 5830 est
2031 5772 2176 5848 quod
2202 5788 2346 5829 unus
2370 5785 2559 5828 eorum
2603 5770 2820 5840 dixerit,
2844 5771 3008 5830 etiam
3033 5779 3088 5828 et
3132 5770 3188 5829 in
3213 5769 3327 5828 suis
