4016 6354
683 223 790 287 835

685 431 830 488 beati
876 429 1022 484 Petri
1087 426 1345 496 reliquias
1402 424 1570 479 Deum
1611 438 1790 486 orare,
1840 428 2272 486 czrterorumque

687 534 1025 593 sanctorum,
1051 537 1225 590 neque
1250 515 1710 587 illucdeprecandi
1736 514 1930 585 gratia,
1961 508 2269 567 etdevotio-

688 616 772 671 nis
788 614 1068 684 obsequio,
1087 613 1184 666 ire.
1211 610 1344 666 Cum
1369 609 1540 679 magis
1568 606 1739 679 possit
1758 604 1848 659 ille
1869 600 2155 658 subvenire
2181 598 2272 670 qui

688 724 831 765 nunc
856 708 1007 764 Petri
1056 715 1491 775 ccetcrorumque
1522 710 1834 758 sanctorum
1878 701 2045 757 utitur
2069 696 2275 763 ofﬁcio,

686 800 773 856 vel
822 800 973 855 sedet
1018 799 1070 852 in
1120 797 1267 859 sede,
1297 810 1460 866 quam
1510 794 1599 850 ille
1648 793 1739 863 qui
1777 808 1875 848 suo
1920 792 1974 846 in
2032 800 2277 859 tempore

688 892 891 949 Christi
919 890 1059 944 dona
1085 888 1446 959 dispensavit,
1484 888 1627 958 quod
1658 887 1760 940 iste
1782 884 1872 955 qui
1900 900 2043 939 nunc
2072 890 2174 946 est,
2206 882 2278 935 fa-

692 999 818 1040 cere
852 980 1402 1037 videtur.Temeraria
1430 978 1646 1050 quidem
1670 987 1722 1034 et
1743 993 1884 1033 caeca
1906 975 2273 1048 praesumptio.

690 1077 942 1148 Nunquid
965 1092 1071 1129 non
1097 1074 1314 1138 Petrus,
1352 1087 1461 1127 non
1488 1071 1708 1136 Paulus,
1734 1087 1838 1126 non
1861 1085 2053 1125 omnes
2081 1068 2276 1139 reliqui

686 1168 881 1229 sancti,
904 1180 1046 1220 nunc
1076 1163 1247 1233 magis
1267 1161 1557 1218 subvenire
1584 1169 1826 1231 possunt,
1853 1160 2080 1214 devictis
2110 1158 2277 1211 hosti-

687 1259 815 1321 bus,
847 1255 1070 1311 calcatis
1123 1254 1288 1318 vitiis,
1330 1253 1454 1321 quia
1502 1268 1623 1307 cum
1672 1251 1781 1305 Deo
1817 1259 2064 1322 regnant,
2116 1263 2277 1317 quam

684 1351 772 1413 isti
795 1350 888 1421 qui
913 1347 1087 1403 adhuc
1118 1346 1168 1400 in
1196 1360 1368 1417 agone
1404 1344 1704 1400 desudant?
1726 1341 1903 1403 Certe,
1920 1331 2018 1395 aut
2041 1339 2180 1396 male
2214 1340 2281 1395 de

686 1460 745 1501 se
774 1450 1200 1514 praesumentes,
1236 1438 1364 1493 victi
1409 1437 1604 1508 jaceut.
1641 1436 1852 1490 Dictum
1894 1448 2130 1503 namque
2154 1441 2277 1488 est:

688 1536 813 1594 Non
844 1551 989 1607 teque
1028 1533 1281 1605 glorietur
1318 1533 1606 1594 accinctus,
1634 1544 1780 1599 aeque
1824 1526 2112 1581 discinctus
2155 1522 2276 1598 (111

693 1629 817 1704 Reg.
851 1645 946 1694 xx,
980 1627 1091 1701 ll).
1122 1625 1262 1694 Quia
1305 1624 1462 1679 miles
1494 1624 1546 1677 in
1593 1623 1709 1677 acie
1741 1621 1919 1676 adhuc
1949 1618 2280 1699 positusp'ix

684 1719 788 1775 sibi
816 1719 1021 1777 suiﬁcit
1062 1726 1251 1773 contra
1282 1717 1501 1782 hostes;
1544 1713 1632 1769 ille
1664 1727 1795 1768 vero
1843 1711 1936 1783 qui
1958 1708 2073 1778 jam
2104 1710 2280 1764 victor

684 1813 966 1883 gloriatur,
1002 1812 1165 1867 etiam
1198 1810 1494 1865 discinctus
1514 1850 1529 1874 ,
1571 1823 1794 1863 securus
1822 1814 2037 1877 pausat.
2062 1804 2195 1859 Nam
2224 1812 2280 1858 et

685 1902 1172 1972 imprmsentiarum
1196 1898 1419 1968 quilibet
1442 1896 1694 1952 sacerdos
1708 1903 1764 1949 et
1784 1896 1994 1960 doctor,
2008 1893 2132 1964 quia
2150 1908 2281 1964 prae-

684 1993 828 2047 latus
849 1999 933 2045 est
948 1989 1180 2054 caneris,
1197 1997 1254 2043 et
1268 1988 1436 2045 multa
1455 1987 1503 2040 ei
1526 1986 1728 2041 credita
1746 1992 1873 2039 sunt
1888 1983 1954 2038 ad
1978 1998 2134 2038 nsum
2154 1999 2282 2037 con-

686 2098 992 2147 servorum,
1009 2082 1101 2137 sed
1127 2095 1231 2135 non
1256 2079 1460 2142 omnia,
1484 2093 1658 2148 neque
1689 2093 1854 2148 super
1873 2077 2053 2132 omnia
2079 2076 2282 2131 consti-

689 2183 838 2230 tutus
863 2181 967 2238 est,
984 2172 1329 2243 utpossideat
1347 2170 1527 2225 omnia
1544 2169 1684 2224 bona
1712 2168 1827 2222 Dei.
1845 2166 2184 2238 Quapropter
2206 2176 2285 2221 te.-

692 2263 984 2318 merarium
1008 2270 1090 2316 est
1104 2261 1259 2315 valde
1276 2273 1543 2323 asserere,
1558 2257 1855 2327 quemlibet
1875 2271 2054 2327 posse,
2072 2271 2169 2327 pro
2184 2270 2283 2311 suo

689 2351 893 2415 ofﬁcio,
924 2353 1066 2422 quod
1097 2350 1287 2405 Petrus
1315 2364 1421 2403 non
1448 2349 1621 2419 possit
1653 2349 1846 2404 merito
1888 2363 2010 2403 suo.
2042 2347 2097 2401 lu
2129 2348 2283 2417 cujus

692 2445 787 2515 qui
830 2445 984 2499 sedet
1027 2443 1190 2504 sede,
1244 2440 1362 2511 ejus
1422 2440 1745 2495 auctoritate
1794 2439 1969 2511 viget,
2017 2448 2285 2510 potestate

689 2534 920 2595 excellit,
950 2542 1007 2589 et
1030 2534 1131 2587 lide
1154 2531 1403 2587 ﬁrmatur
1428 2531 1566 2599 ejus,
1600 2547 1762 2602 quam
1786 2532 1901 2603 ipse
1928 2550 1956 2586 a
1992 2531 2101 2587 Deo
2125 2530 2285 2586 Patre

689 2624 876 2680 didicit
906 2638 970 2678 ac
1009 2623 1228 2688 docuit,
1262 2631 1320 2678 et
1358 2621 1620 2692 quidquid
1651 2631 1735 2678 est
1782 2621 1850 2676 de
1888 2621 2107 2676 Christo
2140 2622 2285 2691 quod

691 2716 899 2780 domuit,
936 2717 1197 2790 martyrio
1226 2715 1592 2771 conﬁrmavit.
1625 2715 1835 2771 Idcirco
1877 2716 1996 2787 pius
2026 2713 2287 2770 Dominus

692 2806 819 2865 fecit
842 2805 958 2876 jam
987 2806 1127 2877 quod
1156 2807 1441 2875 promisit,
1472 2806 1612 2861 sicut
1658 2816 1714 2860 et
1757 2804 1994 2876 reliquos
2040 2814 2282 2868 sanctos,

693 2914 832 2972 quos
859 2899 1139 2955 constituit
1162 2914 1318 2968 super
1342 2898 1519 2952 omnia
1543 2899 1677 2951 bona
1701 2914 1818 2962 sua,
1838 2898 1892 2951 id
1920 2909 2004 2952 est
2031 2897 2085 2951 in
2114 2897 2285 2968 gloria

697 2990 982 3046 collocavit
1014 2988 1143 3055 Dei,
1177 3004 1284 3060 qua
1306 2989 1440 3044 nihil
1470 2998 1555 3045 est
1591 2989 1730 3045 ultra
1766 2988 1958 3045 melius
1980 2991 2121 3059 quod
2154 3005 2284 3061 pos-

699 3080 897 3136 sideat.

771 3166 832 3226 Si
864 3179 1037 3225 autem
1066 3169 1260 3225 dixerit
1310 3168 1483 3223 malus
1537 3185 1715 3223 cerrus
1744 3168 1835 3223 ὅκα
1880 3170 1936 3223 in
1959 3168 2114 3223 corde
2140 3185 2236 3223 suo
2268 3182 2289 3223 :

698 3260 907 3316 Moram
920 3260 1045 3331 facit
1068 3261 1312 3315 dominus
1336 3277 1480 3314 meus
1512 3260 1701 3324 venire,
1733 3270 1781 3313 et
1801 3260 2006 3330 coeperit
2026 3268 2294 3330 percutere

696 3367 970 3406 conservos
999 3367 1141 3414 suos,
1180 3351 1456 3406 manducet
1479 3359 1654 3405 autem
1692 3361 1739 3404 et
1788 3351 1928 3404 bibat
1962 3368 2081 3405 cum
2127 3351 2295 3405 ebrio-

696 3442 786 3508 sis,
813 3443 979 3498 veniet
1024 3443 1267 3498 dominus
1308 3442 1446 3497 servi
1476 3441 1620 3496 illius
1649 3443 1703 3496 in
1730 3443 1815 3496 die
1835 3458 1940 3513 qua
1970 3458 2074 3496 non
2098 3452 2290 3512 sperat,

698 3547 747 3591 et
775 3537 907 3591 hara
934 3552 1092 3608 quam
1124 3536 1352 3606 ignorat,
1374 3543 1490 3613 etc.
1524 3534 1662 3589 Ecce
1689 3550 1858 3605 quare
1893 3546 2063 3589 nemo
2089 3534 2296 3605 episco-

699 3642 926 3701 porum,
990 3642 1148 3683 nemo
1193 3627 1559 3693 sacerdotum,
1612 3640 1771 3681 nemo
1822 3625 2145 3680 clericorutu
2195 3624 2291 3679 de-

701 3722 795 3777 bet
847 3718 1068 3793 gloriari
1129 3720 1272 3790 quod
1321 3720 1650 3775 constitutus
1684 3717 1857 3774 estin
1911 3718 2119 3789 gradu,
2167 3718 2296 3789 quia

704 3829 813 3868 non
862 3813 1034 3867 solum
1089 3812 1275 3867 ﬁdeles
1324 3827 1354 3865 a
1390 3810 1661 3876 Domino,
1717 3818 1777 3865 et
1831 3810 2126 3880 prudentes
2172 3823 2295 3864 con-

705 3904 1005 3957 stituuntur
1065 3917 1229 3971 super
1282 3901 1499 3956 domum
1552 3899 1711 3969 ejus,
1776 3915 1965 3955 verum
2022 3899 2184 3953 etiam
2243 3905 2296 3953 et

707 3993 831 4048 mali
864 3994 1005 4048 servi
1034 3994 1127 4064 qui
1164 3993 1349 4049 dicunt
1378 3993 1433 4046 in
1460 3992 1717 4047 cordibus
1746 3993 1890 4048 suis:
1925 3991 2133 4046 Moram
2167 3991 2297 4061 facit

704 4084 949 4140 dominus
979 4102 1123 4139 meus
1165 4084 1356 4138 venire.
1392 4081 1635 4150 Quorum
1668 4098 1808 4137 unus
1846 4098 2148 4147 servorum,
2169 4083 2299 4153 quia

714 4178 893 4233 ﬁdelis
944 4177 1046 4232 fuit
1094 4185 1149 4232 et
1212 4177 1427 4248 sapiens
1457 4217 1471 4240 ,
1548 4184 1856 4231 assumetur
1921 4178 1975 4230 in
2024 4175 2293 4247 gloriam;

709 4268 849 4323 alter
894 4282 1064 4332 vero,
1127 4267 1253 4336 quia
1310 4264 1542 4320 inﬁdelis
1572 4275 1627 4319 et
1670 4265 1971 4336 insipiens,
2024 4265 2297 4335 relinque-

711 4370 799 4415 tur
855 4360 909 4414 in
975 4358 1359 4414 contumeliam
1432 4369 1489 4413 et
1548 4356 1919 4412 confusionem
1986 4356 2298 4426 ignominia!

712 4544 874 4610 dant,
931 4560 1147 4616 qureso,
1178 4554 1420 4600 rectores
1466 4544 1550 4599 vel
1588 4545 1994 4614 dispensatores
2041 4543 2294 4599 ecclesia-

715 4650 870 4700 rum,
928 4650 1198 4706 gemmam
1252 4635 1356 4690 sibi
1405 4650 1525 4691 esse
1573 4636 1859 4692 creditam.
1924 4635 1992 4690 Et
2038 4635 2158 4690 ideo
2210 4650 2298 4691 se-

714 4725 948 4778 cundum
985 4723 1194 4794 1025
1242 4732 1527 4796 utramque
1570 4725 2031 4796 dispensationem
2082 4732 2301 4795 oportet

719 4910 913 4967 simum
954 4911 1214 4966 invenies.
1274 4910 1346 4968 Ut
1387 4920 1566 4967 autem
1617 4912 1671 4967 in
1723 4920 1964 4982 tempore
1992 4913 2082 4967 det
2122 4913 2302 4967 cibum

718 5002 1114 5074 pecuniarium,
1143 5012 1199 5059 et
1224 5003 1478 5075 pabulum
1513 5004 1664 5059 verbi
1706 5005 1898 5069 divini,
1942 5005 2305 5060 necessariam

722 5096 886 5152 habet
916 5096 1037 5167 quis
1066 5097 1287 5152 multant
1324 5098 1691 5169 prudentiam,
1718 5107 1778 5153 ut
1808 5114 1914 5153 non
1952 5098 2174 5162 adimat,
2206 5112 2308 5153 nec

723 5180 955 5254 iraudet,
999 5205 1100 5246 nec
1129 5190 1412 5246 subtrahat
1452 5190 1604 5245 cibos
1633 5191 1688 5244 in
1721 5200 1983 5259 tempore,
2031 5190 2181 5244 verbi
2228 5184 2307 5244 vi-

724 5278 951 5347 delicet,
993 5288 1153 5350 atque
1201 5296 1370 5350 panes
1421 5279 1803 5350 indigentibus.
1849 5279 1997 5351 Opus
2045 5296 2175 5349 ergo
2221 5287 2303 5336 est

725 5370 893 5427 multa
941 5371 1068 5427 ﬁde.
1112 5372 1377 5439 Quoniam
1421 5387 1611 5427 omnes
1660 5372 1899 5428 redditus
1948 5372 2299 5428 ecclesiarum

728 5464 783 5519 in
806 5462 1207 5536 dispensatione
1239 5474 1363 5521 sunt
1391 5464 1579 5521 crediti
1615 5480 1933 5536 pauperum,
1969 5474 2026 5519 ut
2057 5467 2108 5520 in
2147 5465 2308 5521 nullis

728 5554 848 5612 aiiis
873 5557 1257 5612 defraudentur
1288 5558 1475 5614 usibus
1516 5572 1681 5628 quam
1710 5556 2116 5613 ecclesiasticis.
2146 5555 2309 5611 Simi-

730 5644 853 5704 liter
903 5651 1211 5706 necessaria
1254 5658 1337 5706 est
1380 5649 1534 5705 valde
1583 5649 1888 5721 prudentia,
1922 5656 1981 5704 ut
2017 5648 2309 5720 unicuique

1488 219 1529 278 S
1586 213 1944 275 PASCHASll
1984 204 2333 267 RADBERTI
2369 202 2659 261 ABBATIS
2695 199 3149 260 CORBEIENSIS

682 338 842 396 libris
887 336 1087 406 scripta
1117 334 1429 403 reliquerit,
1474 329 1690 404 1025.
1719 328 1854 384 nihil
1902 325 2161 396 prodesse
2206 318 2273 374 ad
2301 324 2351 383 Α
2378 316 2673 372 secundum
2703 312 3125 407 uniuscujusque
3152 316 3441 403 qualitatem
3461 330 3510 378 et
3537 327 3736 401 meritum
3750 336 3835 407 mi;
3932 326 3933 335 χ

3741 222 3829 295 83$.

2378 409 2695 465 nistremus.
2751 405 2896 461 Nihil
2951 404 3205 472 cil'usius,
3253 411 3377 465 nihil
3421 416 3674 475 restrictius
3710 404 3823 493 quam

2376 509 2624 572 oportet;
2667 498 2797 553 nulli
2847 498 3050 563 minus,
3079 508 3134 553 et
3162 500 3284 555 nulli
3308 504 3517 573 amplius
3553 525 3683 579 quam
3711 530 3825 586 etpe-

2379 594 2510 649 diat.
2541 593 2726 663 Neque
2770 591 2841 646 illi
2886 592 3044 679 detur
3084 592 3170 646 cui
3218 609 3317 649 non
3355 595 3511 661 debet,
3551 615 3690 669 neque
3723 606 3830 662 aliter

2379 698 2541 754 quam
2587 682 2745 737 decet
2792 696 2855 736 ac.
2904 691 3183 752 congruat.
3229 680 3404 751 Cujus,
3448 687 3557 755 quia
3589 690 3722 744 multa
3750 695 3830 748 dili-

2380 775 2557 845 gentia
2584 783 2689 835 est,
2716 772 2882 828 multa
2910 784 2965 827 et
2993 773 3378 843 repromittitur
3400 776 3582 846 gloria:
3610 780 3734 835 Amen
3755 786 3831 838 dico

2381 864 2540 930 vobis,
2580 862 2776 935 inquit,
2806 864 2932 933 quia
2976 880 3133 933 super
3170 865 3338 917 omnia
3376 865 3496 918 bona
3520 883 3602 921 sua
3637 853 3833 926 constituet

2381 971 2518 1009 eum.
2565 954 2641 1009 Da
2683 956 2814 1009 milii
2858 954 3094 1023 aliquem
3147 970 3351 1025 regem,
3400 970 3543 1011 oume
3573 959 3751 1016 sublime
3778 980 3835 1017 re-

2380 1060 2545 1116 gnum
2588 1045 2689 1101 sub
2722 1061 2782 1100 sc
2816 1045 3131 1108 habentem,
3162 1044 3244 1098 cui
3274 1052 3393 1098 sunt
3433 1052 3596 1116 gentes
3632 1049 3781 1115 multa,
3802 1060 3838 1105 et

2382 1137 2629 1194 civitates
2658 1134 2863 1198 inultm,
2894 1143 3058 1206 atque
3090 1151 3251 1206 regna
3288 1151 3380 1191 seu
3423 1134 3529 1191 loca
3565 1137 3748 1194 diversa.
3768 1140 3839 1195 Fac

2382 1229 2548 1301 igitur
2571 1238 2631 1283 ut
2662 1228 2869 1282 dividat
2904 1226 3164 1281 militibus
3209 1226 3317 1281 suis
3349 1242 3437 1281 seu
3473 1227 3757 1297 principibus,
3780 1246 3826 1299 qu

2389 1320 2594 1391 aliquid
2618 1318 2919 1375 clarissime
2939 1314 3239 1390 gesserunt,
3262 1319 3404 1389 regni
3425 1319 3498 1373 sui
3520 1314 3842 1388 amplitudinem,‘

2387 1411 2461 1465 ita
2492 1418 2550 1465 ut
2594 1424 2785 1464 omnes
2825 1409 3120 1464 constituat
3164 1423 3321 1478 super
3346 1423 3495 1463 omne
3537 1425 3718 1480 regnum
3740 1426 3841 1465 suum

2386 1512 2441 1559 et
2456 1502 2762 1574 provincias
2792 1510 2846 1556 et
2876 1501 3143 1556 civitates.
3169 1499 3282 1555 Non
3310 1500 3532 1570 singulos
3558 1517 3693 1571 super
3708 1501 3843 1565 omnia,

2385 1595 2480 1650 sed
2508 1607 2947 1662 unumquemque
2975 1605 3163 1646 eorum
3190 1605 3350 1660 super
3370 1591 3583 1660 aliquam
3610 1596 3769 1660 partem
3796 1602 3845 1643 re-

2386 1685 2475 1756 gni
2514 1686 2617 1739 sui.
2646 1683 2716 1739 Ut
2749 1693 2876 1753 puta
2913 1683 3056 1738 hunc
3087 1698 3248 1753 super
3272 1682 3448 1737 decem
3488 1682 3711 1744 civitates,
3741 1680 3846 1734 alium

2384 1791 2549 1846 super
2578 1775 2764 1830 decem
2795 1774 3011 1837 civitas,
3042 1774 3208 1828 alium
3241 1787 3400 1843 super
3428 1773 3655 1844 quinque,
3687 1780 3731 1825 ut
3761 1771 3847 1825 alius

2383 1870 2726 1924 demonstrat
2776 1865 3140 1937 Evangelista.
3186 1865 3252 1920 Et
3287 1865 3363 1921 sic
3404 1881 3577 1927 omnes
3599 1873 3726 1920 erunt
3752 1880 3850 1935 tttptl‘

2383 1964 2559 2034 omnia
2582 1961 2716 2015 bona
2742 1979 2863 2027 sua,
2896 1962 3129 2016 maxime
3158 1962 3213 2015 in
3243 1976 3308 2016 eo
3334 1976 3510 2032 regno,
3538 1959 3617 2014 ubi
3643 1960 3851 2014 nullusln-

2383 2049 2496 2115 bet,
2527 2050 2667 2105 unde
2699 2050 2835 2104 alter
2862 2066 2966 2105 non
2998 2051 3252 2122 gaudeat.
3279 2049 3394 2120 ipse
3432 2065 3552 2105 vero
3585 2048 3681 2104 Rex
3707 2056 3746 2103 et
3766 2047 3851 2103 lieni

2385 2156 2549 2209 super
2575 2156 2763 2197 omnes
2794 2141 2939 2197 solus
2963 2141 3143 2196 omnia
3177 2151 3341 2206 tenet,
3371 2151 3424 2198 et
3446 2139 3579 2196 solus
3601 2141 3742 2196 omnia
3755 2140 3851 2210 regit

2386 2231 2511 2287 Haec
2534 2233 2736 2287 idcirco
2751 2232 3001 2296 dixerim,
3021 2240 3078 2286 nt
3102 2246 3263 2287 nemo
3284 2231 3524 2302 loquendi
3544 2246 3686 2303 genus
3701 2230 3850 2301 ignoret,

2386 2325 2529 2396 quod
2576 2325 2702 2379 dum
2739 2324 3014 2388 nescierit,
3054 2324 3322 2379 miremur
3350 2323 3598 2394 quomodo
3634 2322 3789 2377 dicatur
3814 2319 3854 2372 de

2389 2431 2716 2488 unoquoque
2767 2417 2909 2487 quod
2947 2418 3243 2472 constituet
3287 2432 3407 2473 eum
3448 2430 3590 2485 super
3622 2411 3855 2469 (tinniebant

2387 2527 2505 2566 sua.
2548 2509 2747 2564 Malum
2784 2519 2962 2564 autem
3003 2524 3225 2564 servum
3267 2508 3456 2562 dividet
3495 2523 3617 2570 eum,
3652 2510 3857 2576 partemque

2387 2608 2502 2679 ejus
2534 2617 2686 2678 ponet
2732 2623 2850 2660 cum
2895 2605 3183 2676 hypocritis
3207 2621 3226 2660 :
3254 2603 3361 2658 illic
3404 2602 3541 2659 enim
3584 2600 3664 2656 erit
3698 2598 3804 2670 ﬁth
3828 2600 3857 2647 tt

2380 2700 2586 2755 stridor
2612 2700 2885 2767 dentium,
2907 2696 2973 2752 Et
3009 2713 3183 2769 quare
3230 2698 3432 2753 dividet
3474 2694 3618 2751 eum?
3645 2691 3747 2759 Quia
3781 2680 3854 2740 inli-

2389 2790 2523 2846 delis
2554 2790 2651 2844 fuit
2690 2798 2743 2845 et
2771 2789 3103 2859 imprudens,
3139 2789 3370 2845 nescivit
3398 2786 3653 2859 providere
3678 2783 3718 2836 in
3747 2784 3859 2849 poste-

2392 2896 2545 2946 rum;
2584 2883 2885 2951 praesertim
2921 2880 3250 2950 voluptatem
3301 2891 3603 2951 praeponens
3629 2872 3749 2928 bonis
3777 2866 3860 2921 futuo

2310 1712 2357 1771 Β

2392 2971 2487 3025 ris.
2517 2972 2581 3025 Et
2614 2973 2734 3025 ideo
2761 2986 2824 3025 ac
2856 2971 2901 3025 si
2933 2987 3160 3026 securus
3198 2972 3413 3026 dicebat
3439 2969 3489 3023 in
3514 2966 3655 3023 corde
3677 2970 3861 3021 someon-

2317 3081 2363 3146 ρ
2397 3069 2644 3115 temnens
2677 3060 2847 3130 magis
2874 3075 3037 3129 quam
3067 3061 3302 3133 diligens
3332 3060 3599 3114 Dominum
3628 3066 3770 3113 suum,
3796 3044 3863 3147 lt-

2396 3167 2509 3203 ram
2549 3151 2681 3220 facit
2730 3150 2985 3206 Dominus
3024 3168 3174 3207 meus
3209 3153 3404 3207 venire.
3435 3149 3542 3205 Hoc
3566 3147 3726 3219 quippe
3758 3147 3862 3205 111³81³

2394 3260 2463 3300 ex
2494 3254 2619 3299 voto
2645 3259 2744 3300 suo
2771 3245 2902 3299 dicit
2944 3245 3116 3301 malus
3148 3261 3365 3311 servus,
3404 3243 3577 3299 volens
3610 3242 3691 3295 hoc
3715 3236 3766 3290 ita
3792 3240 3861 3285 me

2396 3341 2456 3390 ut
2495 3349 2601 3389 non
2645 3335 2754 3389 cito
2795 3335 2996 3400 veniat,
3030 3335 3112 3390 vel
3147 3350 3425 3406 nunquam
3466 3332 3657 3393 veniat,
3688 3334 3802 3398 quam
3826 3328 3864 3368 ει

2395 3425 2505 3481 ulla
2552 3426 2890 3494 praescientia
2937 3426 3082 3487 ﬁdei.
3119 3428 3208 3482 Ad
3256 3429 3361 3482 hoc
3409 3426 3581 3495 itaque
3610 3422 3755 3487 longas
3780 3423 3862 3481 ρη-

2397 3527 2569 3583 tendit
2609 3542 2813 3592 moras,
2845 3527 3031 3583 volens
3067 3528 3293 3601 1026
3336 3540 3545 3597 semper
3578 3508 3868 3601 manduca”

2396 3617 2583 3673 bibere
2627 3633 2749 3672 cum
2797 3618 3051 3683 ebriosis,
3082 3627 3139 3673 et
3182 3621 3307 3674 idco
3351 3618 3503 3690 quasi
3532 3611 3758 3670 somnians
3779 3597 3869 3690 die“;
3932 3620 3933 3690 ξ

2397 3706 2524 3776 quia
2566 3714 2689 3778 post
2734 3706 2960 3761 multum
3007 3709 3275 3778 temporis
3320 3689 3571 3763 venturus
3605 3708 3677 3756 est
3707 3689 3871 3778 Dominus

2399 3770 2584 3859 meus:
2616 3793 2783 3864 ﬁtque
2831 3795 2959 3851 illud
3010 3770 3340 3867 poeiicum:
3382 3794 3486 3863 Qui
3530 3797 3684 3847 amant
3722 3770 3873 3852 ἱριὶείθῖ
3932 3770 3933 3841 Ῐ

2398 3886 2601 3939 somnia
2626 3885 2853 3955 ﬁngunt,
2880 3886 3063 3956 itaque
3089 3886 3240 3953 talis,
3270 3901 3455 3941 moras
3487 3883 3688 3938 faciente
3715 3869 3870 3929 Domino.
3932 3910 3933 3959 Ξ

2400 3976 2632 4046 percutit
2682 3992 2979 4031 conservos
3020 3991 3172 4043 suos,
3222 3978 3520 4033 manducat
3560 3984 3608 4029 et
3647 3966 3751 4023 bibit
3780 3962 3873 4014 lum-
3932 3972 3933 4046 ξ

2402 4069 2563 4134 riose,
2590 4070 2878 4125 occasione
2907 4079 3155 4139 accepta,
3191 4067 3553 4126 ecclesiastici
3582 4055 3785 4128 obseqﬂii-
3803 4046 3875 4101 ΝΜ

2400 4167 2460 4213 ut
2498 4176 2697 4230 egenos
2739 4138 3112 4232 pauperesque
3151 4172 3208 4217 et
3238 4163 3557 4234 peregrinos
3594 4151 3819 4234 iutmdnql
3845 4138 3878 4234 ll

2401 4228 2619 4304 domum
2661 4228 2863 4317 suam;
2888 4259 2942 4305 et
2980 4228 3173 4321 pascat
3219 4228 3564 4313 esurientes,
3606 4243 3684 4300 sed
3718 4228 3882 4333 υνυξξιυτ
3931 4234 3933 4242 Α

2402 4341 2649 4409 quotidie
2694 4341 2980 4413 splendide
3033 4357 3159 4397 cum
3223 4343 3464 4398 ebriosls
3512 4347 3565 4396 et
3617 4325 3875 4391 ambronibus
3932 4325 3933 4403 ζ

711 4468 854 4519 suae,
886 4465 946 4507 ut
980 4452 1241 4523 percipiat
1273 4450 1621 4523 opprobrium
1669 4451 2081 4520 sempiternum.
2106 4449 2297 4504 Atten-

2401 4432 2640 4499 Quorum
2682 4434 2810 4489 licet
2841 4448 2979 4490 unus
3022 4434 3249 4492 dicatur
3296 4437 3445 4500 talis,
3488 4426 3884 4523 multipleﬂSl'f"

2402 4543 2604 4595 merus,
2648 4544 2785 4599 quos
2823 4530 3029 4583 utinam
3070 4544 3179 4584 non
3232 4542 3547 4592 nossemus,
3589 4520 3748 4595 quibus
3777 4505 3885 4566 ml"
3932 4574 3933 4599 ἲ

2404 4623 2623 4678 siastica
2649 4638 2781 4678 cura
2808 4622 3101 4677 commissa
3133 4631 3246 4676 est.
3282 4621 3503 4690 Quibus
3534 4614 3692 4670 veniet
3718 4600 3889 4662 Domini!
3932 4608 3933 4631 ξ

2400 4727 2592 4769 eorum
2628 4714 2680 4767 in
2708 4714 2796 4769 die
2822 4729 2926 4783 qua
2958 4713 3239 4779 nesciunt,
3266 4724 3327 4769 et
3356 4715 3494 4769 hora
3519 4724 3619 4781 qua
3644 4717 3729 4760 non

2408 4903 2588 4958 omnia
2619 4903 2758 4958 bona
2796 4918 2911 4957 sua.
2937 4900 3131 4956 Procul
3160 4901 3361 4966 diﬁio,
3400 4901 3527 4972 qu'a
3559 4878 3893 4972 oderuntsdvet

2380 5001 2523 5060 ,tum
2555 4991 2765 5045 Domini
2803 4993 2907 5045 sui.
2934 4991 3143 5058 Quibus
3179 4966 3440 5055 remotis,
3468 4966 3893 5060 constitit-1"“?

2408 5070 2595 5139 oculos
2639 5094 2855 5153 semper
2891 5047 3064 5136 bownos
3103 5090 3161 5136 et
3190 5047 3624 5152 circumspectos
3657 5074 3815 5125 δαπῶν
3842 5047 3894 5153 δῖ

2411 5177 2614 5232 miliam
2642 5150 3074 5246 ejus'diligeuter
3096 5175 3401 5247 sobrieque
3426 5150 3719 5229 tractat!“-
3932 5232 3933 5243 χ

2411 5284 2570 5333 unus,
2616 5235 2731 5339 prae
2775 5235 3047 5323 desiderio
3086 5276 3144 5324 et
3187 5235 3391 5324 ωηιξη
3436 5258 3730 5324 charltatil’i

2409 5363 2577 5433 gemit
2598 5325 2653 5415 et
2686 5360 2929 5430 suspirat
2958 5375 3082 5417 eum
3112 5361 3335 5428 venire,
3370 5360 3515 5415 alius
3544 5348 3773 5417 veni“
3793 5325 3899 5433 ναξ

3756 4690 3889 4766 pomi.
3932 4692 3933 4697 “

717 4832 812 4873 eos
865 4774 1223 4873 esse-ﬁdegs
1278 4825 1335 4871 et
1383 4774 1685 4889 pnideute;
1727 4818 1904 4883 valde,
1949 4818 2093 4888 quod
2118 4774 2304 4873 rraris.
2404 4815 2460 4863 et
2497 4806 2699 4861 dividet
2736 4819 2831 4861 eos
2859 4805 2926 4860 ab
2951 4805 3146 4860 electis
3181 4806 3330 4871 suis,
3360 4818 3500 4874 quos
3526 4795 3772 4855 constitue!
3932 4794 3933 4815 ‘

2410 5429 2603 5511 ardore
2646 5429 2978 5521 dilectionis,
3019 5456 3183 5511 citius
3230 5464 3399 5527 putat
3426 5466 3570 5517 eum,
3606 5454 3657 5504 el
3684 5439 3802 5511 ονιθί
3827 5429 3900 5527 δέ
3932 5514 3933 5523 χ

2409 5558 2717 5604 venturum.
2750 5547 2923 5603 Porro
2965 5549 3159 5604 tertius
3203 5550 3280 5604 de
3316 5550 3427 5605 hac
3458 5562 3518 5601 re
3544 5518 3901 5598 sollicitus,”

2413 5640 2654 5712 quotidie
2699 5640 2955 5711 lacrymis
2992 5648 3047 5694 et
3088 5640 3350 5710 suspiriis
3390 5630 3723 5711 ignorantiam
3752 5605 3901 5674 rem“
