4016 6354
140 267 227 329 837
842 268 1231 331 ‘EXPOSITIO
1259 271 1328 329 ΙΝ
1366 269 1804 328 MATTHASUM.
1842 302 1911 314 --
1947 272 2076 330 LIB.
2116 273 2212 342 Xl,
2246 275 2399 333 CAP.
2439 274 2608 331 XXV.

3289 271 3400 333 858

139 399 184 449 et
215 387 514 453 conﬁtetur,
540 403 767 461 gemens
788 389 935 459 quod
962 390 1171 446 neseiat
1208 390 1424 459 quando
1466 389 1537 444 sit
1574 403 1702 443 vcn-
1727 391 1774 450 Α
1805 400 1914 453 vet,
1961 391 2302 462 disciplinam
2351 392 2628 448 ctelestem
2661 390 2982 461 locupletius
3011 400 3271 459 exornet,
3311 399 3406 451 ta-

138 495 287 540 turus.
318 480 417 548 Qui
457 496 649 537 omnes
677 480 907 552 diligunt
943 481 1439 536 manifestationem
1483 480 1700 535 Domini

135 574 205 630 sui
248 572 652 636 desideranter,
699 580 755 626 et
810 571 1096 642 vigilanter
1153 580 1493 643 exSpectant.
1550 573 1702 628 Unde

135 662 373 735 quidquid
418 661 617 733 singuli
650 661 864 724 dicant.
907 662 999 718 ille
1028 663 1229 732 optime
1257 662 1391 717 dicit
1416 670 1470 718 et
1496 664 1698 733 gemit,

130 755 205 824 qui
231 752 357 809 dicit
384 753 541 809 suis:
580 751 878 824 Vigilcmus
915 761 971 808 et
1007 768 1250 818 oremus,
1277 755 1402 825 quia
1442 754 1623 809 brevis
1647 765 1702 810 et

128 846 312 902 incerta
340 853 427 899 est
453 844 556 899 ista
592 843 726 910 vita,
763 853 818 899 et
862 844 1137 900 nescimus
1181 845 1320 900 diem
1367 845 1580 912 mortis,
1610 860 1700 900 ue-

128 954 218 1007 que
238 937 454 1007 quando
482 944 743 991 venturus
774 944 858 992 est
899 935 1174 993 Dominus.
1201 937 1355 1004 Quod
1393 937 1521 1007 quia
1563 952 1700 1007 pra:-

128 1027 290 1083 videre
319 1024 495 1081 noluit
526 1024 701 1079 malus
725 1040 934 1091 servus,
963 1039 1091 1095 pars
1110 1026 1230 1097 ejus
1250 1042 1370 1081 cum
1404 1027 1700 1098 hypocritis

131 1122 455 1178 terminatur.
495 1121 826 1178 Divisionem
853 1129 1036 1177 autem
1068 1122 1227 1193 hujus
1253 1120 1515 1192 Origenes
1540 1122 1701 1177 aliter

130 1218 507 1286 interpretatur,
549 1215 704 1284 quasi
741 1215 945 1271 dividat
982 1215 1245 1270 Dominus
1292 1216 1541 1286 spiritum
1583 1217 1699 1287 ejus

130 1311 281 1371 abeo,
307 1315 363 1363 et
390 1315 698 1363 revertatur
730 1307 798 1363 ad
822 1309 992 1363 Deum
1021 1308 1115 1378 qui
1144 1308 1291 1363 dedit
1332 1323 1478 1370 cum,
1510 1309 1695 1362 anima

130 1412 239 1453 vero
258 1413 379 1455 cum
414 1410 647 1468 corpore
681 1413 779 1453 suo
812 1408 903 1452 eat
933 1398 987 1453 in
1016 1397 1338 1466 gehennam.
1366 1396 1540 1465 Quam
1567 1413 1698 1454 sane

130 1487 520 1558 intelligentiam
556 1487 798 1556 prudens
840 1487 1013 1543 lector
1040 1496 1247 1542 caveat.
1277 1486 1415 1555 Quia
1451 1488 1694 1557 spiritus,

128 1578 306 1641 anima,
333 1586 389 1634 et
423 1592 574 1643 caro,
615 1592 720 1633 non
751 1577 854 1632 nisi
889 1593 1029 1634 unus
1067 1587 1152 1634 est
1177 1579 1360 1645 homo,
1389 1587 1449 1633 ut
1474 1578 1697 1648 spiritus

126 1680 175 1724 et
208 1667 401 1729 anima,
430 1683 536 1723 uua
569 1667 642 1722 sit
680 1668 1017 1734 substantia;
1050 1668 1230 1723 anima
1268 1683 1398 1739 pars
1428 1683 1534 1737 qua
1563 1668 1699 1724 vivi-

1806 495 1932 536 men
1978 481 2210 551 idipsum
2257 482 2569 553 signiﬁcare
2616 481 2902 552 probatur,
2939 483 3091 553 quod
3131 484 3257 539 boni
3296 485 3402 541 eli-

1804 573 1965 643 gendi
1998 574 2129 638 sint,
2158 584 2215 631 et
2241 575 2367 629 mali
2398 573 2702 643 rejiciendi.
2731 574 2843 631 Cur
2868 584 3073 640 autem,
3101 586 3244 644 tunc,
3275 593 3405 648 pro.

1802 666 2044 735 posuerit
2072 666 2125 721 in
2154 666 2442 737 principio,
2470 666 2768 723 videamus.
2799 664 2968 732 Tunc,
3003 667 3200 738 inquit,
3227 670 3400 724 simile

1802 757 1922 808 crit.
1957 754 2207 821 Ostendit
2248 758 2375 826 quia
2422 757 2489 812 de
2540 754 2724 811 futuro
2766 772 2866 812 suo
2908 758 3144 813 adventu
3197 775 3293 830 per
3337 774 3399 816 se

1803 846 1953 912 dicit,
1979 857 2035 901 et
2065 863 2170 903 non
2195 849 2337 903 sicut
2366 849 2586 919 quidam
2616 848 2923 912 voluerunt,
2952 849 3017 904 de
3046 848 3150 905 isto
3176 850 3398 919 quando

1800 939 2042 1009 quotidie
2067 940 2215 995 venit
2248 940 2301 995 in
2334 939 2580 997 Ecclesia
2606 956 2725 1005 sua,
2756 948 2813 996 et
2839 941 2955 1011 ipsa
2995 941 3166 996 intrat
3192 956 3290 1011 per
3331 941 3398 998 ﬁ—

1803 1031 1922 1084 dem
1948 1030 2014 1084 ail
2045 1045 2168 1085 eum
2194 1038 2386 1086 ornata
2418 1031 2579 1087 bonis
2611 1032 2887 1102 operibus.
2920 1031 3022 1087 Ubi
3062 1032 3107 1088 si
3145 1034 3393 1103 quaedam

1802 1133 1949 1190 sunt,
1975 1140 2097 1195 quae
2127 1124 2362 1181 habeant
2392 1127 2540 1181 hunc
2569 1140 2811 1192 sensum,
2841 1142 2947 1183 non
2983 1135 3161 1183 tamen
3190 1130 3395 1196 omnia,

1802 1217 1929 1287 quia
1974 1232 2167 1283 sensus
2218 1218 2492 1288 parabolae
2536 1229 2592 1275 et
2632 1219 2864 1275 intentio
2902 1219 2971 1275 de
3017 1218 3126 1276 line
3171 1220 3394 1281 conclu-

1800 1308 1962 1363 ditur.
1994 1307 2241 1382 Regnum
2287 1311 2585 1375 coelorum,
2639 1320 2827 1367 sancta
2876 1309 2969 1366 Dei
3006 1310 3248 1367 Ecclesia
3294 1326 3396 1367 cur

1801 1398 2016 1453 dicatur
2037 1399 2151 1469 jam
2183 1399 2320 1456 satis
2357 1401 2666 1471 expositum
2711 1401 2928 1472 1028
2952 1409 3053 1457 est.
3086 1400 3195 1458 Sed
3223 1416 3397 1473 quare

1801 1490 1978 1545 decem
2019 1492 2302 1563 virginibus
2329 1503 2694 1564 comparetur,
2723 1494 2947 1550 omnino
2984 1487 3181 1550 censeo
3209 1495 3393 1566 requi-

1802 1584 2050 1639 rendum.
2082 1585 2216 1652 Quia
2265 1587 2404 1642 sicut
2449 1587 2545 1642 illa
2590 1587 2841 1657 superius
2881 1588 3016 1644 duos
3052 1588 3279 1658 populos
3320 1587 3393 1645 si-

1801 1677 2095 1748 gniﬁcant,
2141 1677 2284 1735 forte
2331 1678 2767 1735 Christianorum
2812 1687 2868 1737 et
2905 1679 3237 1745 Judteorum,
3277 1680 3396 1739 sive

128 1764 325 1827 scatur,
365 1761 592 1832 spiritus
632 1764 728 1817 seu
774 1777 929 1817 mens
967 1777 1095 1831 pars
1132 1776 1253 1832 qua:
1293 1761 1613 1833 praeeminet
1642 1762 1697 1819 in
1727 1763 1775 1824 B
1802 1769 2099 1826 electorum
2126 1779 2183 1825 et
2223 1770 2600 1841 reproborum,
2628 1771 2722 1841 qui
2765 1771 2820 1826 in
2869 1770 2973 1827 hac
3008 1770 3246 1827 Ecclesia
3295 1771 3393 1827 Dei

122 1854 341 1919 homine,
366 1868 436 1908 ex
464 1868 574 1923 qua
599 1859 744 1907 totus
772 1853 978 1922 regitur
1005 1853 1188 1915 homo.
1214 1851 1559 1922 Quapropter
1588 1853 1693 1907 iste

123 1948 279 2003 malus
310 1961 520 2011 servus,
544 1945 672 2016 quia
695 1961 916 2003 carnem
950 1946 1219 2003 dominari
1249 1948 1516 2018 permisit,
1546 1956 1692 2003 totus

122 2038 357 2094 dividitur
413 2055 445 2094 a
486 2038 644 2094 bonis
683 2049 740 2094 et
784 2039 997 2095 locatur
1040 2055 1164 2096 cum
1210 2039 1528 2111 hypocritis,
1564 2041 1692 2111 quia

120 2127 280 2184 locum
316 2127 597 2195 regiminis
646 2127 897 2186 simulate
952 2129 1166 2197 tenuit;
1217 2130 1345 2200 quia
1400 2130 1693 2187 adventura

112 2216 299 2287 jndicis
340 2219 681 2290 desperavit;
727 2221 856 2289 quia
894 2221 1164 2278 mandatis
1210 2237 1319 2276 non
1347 2221 1695 2291 obtempera-

117 2313 221 2378 vit;
259 2312 381 2383 quia
422 2313 784 2383 prtesentibus
821 2314 994 2386 magis
1035 2313 1244 2369 studuit
1273 2329 1435 2383 quam
1464 2312 1688 2378 futuris;

115 2404 232 2474 quia
269 2408 372 2459 vita
406 2403 704 2460 inﬁdelium
743 2405 913 2472 vixit;
955 2408 1080 2477 quia
1112 2407 1323 2478 1027
1347 2407 1693 2463 commissam

116 2495 204 2555 sibi
254 2495 513 2551 fatztiliam
564 2495 726 2563 fame,
758 2498 880 2565 siti,
920 2500 1176 2570 caedeque
1218 2501 1463 2565 vexavit,
1508 2500 1583 2554 ita
1633 2509 1694 2555 ut

120 2604 206 2644 nec
247 2590 297 2643 in
337 2589 537 2646 divinis
565 2605 668 2646 nec
708 2591 762 2647 in
792 2591 1044 2647 humanis
1087 2591 1263 2647 lidelis
1290 2590 1459 2648 fuisse
1488 2592 1690 2663 probe-

117 2688 213 2736 tur.
245 2682 311 2738 Et
350 2683 474 2738 ideo
498 2681 627 2752 jure
650 2698 773 2740 cum
814 2686 1118 2756 bypocritis
1147 2686 1405 2741 sociatur.
1433 2685 1555 2741 Illic
1592 2688 1693 2741 erit

114 2774 252 2841 ﬂetus
273 2786 321 2830 et
354 2776 555 2831 stridor
591 2776 846 2831 dentium.
874 2777 1010 2844 lllic,
1044 2779 1097 2833 in
1144 2778 1264 2834 loco
1292 2779 1382 2834 ubi
1423 2795 1551 2851 pars
1575 2778 1693 2848 ejus

114 2866 209 2922 erit
233 2882 352 2922 cum
389 2859 718 2938 hypocritis;
753 2869 880 2939 quia
904 2880 960 2926 et
990 2870 1091 2941 ipsi
1133 2870 1189 2925 in
1220 2871 1339 2927 loco
1372 2881 1555 2937 erunt,
1583 2889 1692 2927 non

111 2957 297 3025 passim
322 2968 379 3015 et
413 2956 806 3026 iudid‘erenter,
835 2968 897 3015 ut
932 2961 1152 3031 quidam
1185 2963 1459 3019 temerarii
1501 2963 1691 3033 dispu-

114 3056 308 3120 tatores
342 3049 485 3105 male
532 3051 806 3115 sentiunt,
854 3051 951 3109 sed
990 3052 1044 3106 in
1075 3068 1142 3107 eo
1186 3053 1310 3123 igne
1344 3054 1438 3124 qui
1466 3063 1691 3124 paratus

1796 1861 2074 1917 constituti
2138 1862 2391 1918 videntur
2438 1863 2657 1932 quidem
2705 1871 2762 1919 et
2836 1862 2939 1932 ipsi
3000 1862 3392 1934 agriculturam

1795 1950 1999 2008 Christi
2047 1967 2326 2019 exercere,
2355 1967 2516 2008 arare
2564 1959 2619 2008 et
2670 1951 2895 2007 molere.
2940 1951 3049 2008 Sed
3091 1961 3288 2009 cuncta
3335 1952 3392 2008 in

1798 2041 2106 2112 hypocrisin
2146 2041 2354 2098 faciunt
2381 2060 2393 2097 :
2435 2042 2516 2097 sic
2544 2050 2601 2098 et
2627 2057 2771 2097 nunc
2797 2042 2983 2097 decem
3010 2041 3247 2113 virgines
3277 2058 3394 2097 om-

1798 2149 1894 2190 nes
1942 2118 2194 2191 homines
2228 2134 2373 2190 infra
2424 2134 2728 2192 Ecclesium
2781 2135 3256 2206 complectuntur;
3300 2136 3395 2206 qui

1797 2224 2049 2280 videntur
2077 2224 2189 2281 Deo
2234 2225 2482 2291 credere,
2523 2234 2572 2280 et
2612 2225 2948 2296 applaudunt
2997 2225 3099 2282 sibi
3134 2227 3187 2281 in
3238 2224 3393 2281 Scri-

1796 2318 1975 2386 pturis
2009 2316 2229 2382 divinis,
2264 2326 2372 2371 tam
2403 2316 2784 2381 ecclesiastici,
2823 2332 2984 2387 quant
3010 2325 3068 2373 et
3091 2316 3262 2374 Judaei
3305 2325 3390 2373 at-

1796 2424 1902 2479 que
1948 2410 2211 2466 lueretici.
2240 2409 2344 2477 Qui
2378 2425 2572 2466 omnes
2602 2411 2799 2467 merito
2836 2410 3076 2481 virgines
3116 2409 3390 2480 appellan-

1797 2507 1907 2565 tur,
1941 2499 2067 2570 quia
2102 2501 2155 2554 in
2189 2500 2347 2555 unius
2374 2500 2469 2555 Dei
2517 2500 2710 2555 notitia
2737 2508 3028 2569 sponsatos
3050 2514 3111 2557 se
3153 2499 3391 2570 glorian-

1798 2600 1905 2657 tur,
1929 2592 2069 2647 sicut
2094 2602 2149 2646 et
2178 2592 2291 2663 ipse
2318 2592 2577 2647 Dominus
2599 2592 2676 2646 ait
2702 2606 2799 2662 per
2828 2591 3148 2661 prophetam
3172 2603 3187 2644 :
3218 2587 3393 2659 Spon-

1795 2682 1922 2739 sabo
1963 2691 2012 2737 te
2060 2681 2189 2736 mihi
2238 2683 2291 2736 in
2334 2682 2439 2751 ﬁde
2479 2691 2526 2737 et
2570 2682 2933 2737 misericordia
2983 2680 3132 2755 (Ose.
3171 2696 3244 2745 It,
3271 2678 3387 2750 20).

1796 2774 1927 2842 Quae
1959 2776 2084 2847 quia
2124 2790 2334 2846 sponsae
2372 2782 2502 2830 sunt
2535 2789 2633 2846 per
2661 2773 2847 2841 ﬁdem,
2872 2773 2997 2844 jure
3024 2772 3263 2845 virgines
3289 2787 3391 2829 vo-

1794 2874 2007 2920 cantur.
2039 2863 2149 2921 Nec
2182 2874 2362 2920 tamen
2391 2865 2606 2920 incaute
2633 2874 2694 2920 ut
2721 2865 2942 2935 quidam
2974 2863 3242 2931 fecerunt,
3270 2879 3392 2921 om~

1797 2971 1895 3012 nes
1940 2956 2190 3012 homines
2216 2970 2284 3010 ex
2319 2954 2492 3010 Adam
2540 2955 2780 3027 virgines
2812 2954 3067 3021 dicimus,
3108 2954 3205 3010 sed
3248 2954 3394 3014 solos

1793 3062 1889 3102 eos
1926 3047 2019 3118 qui
2060 3047 2224 3102 ﬁdem
2263 3045 2358 3102 Dei
2393 3047 2707 3118 percepisse
2745 3047 3012 3112 videntur,
3041 3055 3100 3102 et
3126 3062 3224 3118 per
3248 3062 3395 3103 eam-

112 3150 186 3196 est
208 3141 422 3199 diabolo
447 3149 503 3195 et
540 3141 743 3212 angelis
780 3140 917 3211 ejus.
951 3141 1028 3197 Ex
1061 3158 1187 3212 quo,
1218 3144 1346 3199 licet
1382 3144 1689 3213 qualiscun-
1714 3131 1761 3196 (Ξ
1792 3137 1916 3193 dem
1946 3138 2109 3193 ﬁdem
2152 3136 2396 3209 quolibet
2436 3146 2616 3209 pacto,
2650 3137 2911 3192 exierunt
2948 3137 3165 3195 obviam
3192 3152 3395 3208 sponso

114 3245 208 3302 que
248 3234 319 3289 sit
348 3232 442 3287 ille
479 3232 643 3303 ignis,
681 3233 847 3288 etiam
891 3241 949 3288 et
990 3249 1242 3303 corpora,
1271 3250 1391 3304 qua:
1425 3251 1533 3292 non
1582 3236 1687 3292 nisi

112 3322 161 3379 in
196 3322 309 3380 loco
350 3332 550 3388 erunt,
589 3324 1009 3394 torquebuntur,
1054 3327 1129 3380 ita
1159 3333 1219 3381 ut
1258 3326 1526 3382 strideaut
1553 3327 1687 3382 den-

112 3415 266 3481 tibus,
291 3431 413 3486 quae
438 3416 508 3471 de
533 3416 803 3473 edacitate
833 3408 975 3473 male
1001 3417 1330 3488 gaudebant,
1363 3428 1419 3474 et
1452 3418 1690 3476 deﬂeant

110 3507 264 3569 oculi.
299 3507 393 3577 qui
418 3507 509 3564 hic
537 3521 750 3579 semper
782 3509 1292 3578 concupiscibilibus
1321 3512 1688 3580 pascebantur

109 3595 269 3651 rebus
291 3598 683 3664 insatiabiliter,
710 3609 768 3655 et
791 3614 912 3670 qua:
935 3601 1223 3671 pnesentis
1243 3600 1369 3657 vita
1397 3611 1544 3669 sunt,
1568 3603 1687 3659 visu

108 3690 407 3761 rapiebant.

172 3779 323 3853 (Car.
350 3779 538 3854 XXV.)
573 3781 720 3837 Tum:
745 3782 917 3839 simile
947 3787 1047 3838 erit
1084 3800 1302 3854 regnum
1324 3791 1572 3840 calorum
1599 3790 1690 3842 de-

107 3888 211 3928 cent
248 3874 552 3945 virginibus,
593 3890 713 3946 qua
749 3875 1059 3946 accipientes
1094 3874 1364 3946 lampades
1403 3893 1551 3941 suas,
1581 3879 1693 3932 exi-

107 3978 251 4022 erunt
291 3969 496 4024 obviam
535 3984 726 4040 sponso
770 3978 819 4023 et
855 3985 1082 4041 sponsw.
1125 3967 1253 4025 Hzec
1279 3978 1363 4025 est
1398 3969 1563 4041 igitur
1598 3970 1689 4026 illa

104 4056 305 4115 famosa
341 4059 640 4116 similitudo
673 4060 1057 4131 parabolarum
1079 4100 1096 4129 ,
1139 4060 1207 4116 de
1246 4076 1354 4131 qua
1396 4061 1550 4117 multi
1579 4062 1691 4118 dis-

105 4158 373 4215 putanteS,
409 4150 570 4223 pauci
621 4158 748 4206 sunt
787 4150 880 4221 qui
923 4165 1046 4205 eam
1089 4153 1201 4206 suis
1262 4151 1507 4222 partibus
1550 4152 1690 4208 inte—

106 4255 252 4313 gram
298 4243 697 4308 reddidissent,
742 4252 803 4298 ut
845 4252 1209 4315 congruerent
1252 4243 1449 4315 singuli
1496 4259 1691 4301 sensus

107 4330 254 4401 hujus
283 4334 564 4406 parabokn
592 4334 810 4390 unitati.
840 4333 909 4389 Et
938 4335 1060 4390 ideo
1095 4333 1232 4390 nihil
1255 4334 1323 4391 de
1350 4336 1452 4391 hac
1485 4345 1690 4393 temere

102 4434 291 4479 censeo
329 4423 721 4494 iudicandum,
760 4440 830 4479 ne
862 4423 1006 4480 forte
1050 4440 1174 4481 cum
1220 4423 1495 4482 elIicacior
1525 4442 1688 4483 sensu

101 4492 421 4584 accesserit,
465 4520 639 4592 gratia
686 4518 1007 4589 locupletior
1049 4519 1163 4574 suis
1208 4534 1308 4575 nos
1349 4521 1689 4592 constringat
1716 4492 1767 4552 D

97 4609 404 4677 sententiis,
434 4617 491 4665 et
532 4610 821 4667 concludat
856 4611 1109 4683 eloquiis.
1146 4609 1530 4668 Verumtamen
1558 4614 1689 4686 quid

96 4714 156 4754 ex
201 4701 288 4759 his
346 4701 625 4758 interdum
673 4704 803 4758 mihi
856 4704 1137 4771 videatur,
1182 4712 1445 4774 quantum
1496 4714 1690 4775 potero

90 4788 331 4849 breviter
360 4809 424 4849 ac
465 4793 754 4865 diligenter
797 4810 1088 4865 exponam.
1124 4793 1258 4859 Nam
1295 4795 1510 4851 dixerat
1543 4810 1558 4849 :
1597 4794 1689 4850 Vi-

89 4880 265 4952 gilare,
297 4884 433 4957 quia
466 4886 674 4959 nescitis
702 4886 840 4941 diem
872 4903 1033 4960 neque
1060 4885 1267 4942 lteram.
1293 4886 1393 4942 Cui
1417 4886 1537 4943 loco
1566 4895 1693 4958 post

89 4971 205 5041 alia,
256 4986 321 5033 ut
371 4975 658 5033 confirmet
697 4992 762 5033 ea
799 4995 923 5049 quae
967 4979 1180 5034 dixerat
1214 4988 1271 5034 et
1316 4987 1507 5045 ornet,
1550 4980 1683 5036 sub-

79 5064 253 5140 iungit
294 5070 448 5125 hanc
486 5070 819 5141 parabolam,
860 5087 979 5142 qua:
1022 5069 1157 5127 nihil
1202 5071 1349 5127 aliud
1376 5071 1686 5145 signiﬁcare

82 5156 297 5215 videtur
343 5176 513 5233 quam
541 5177 665 5231 qua:
692 5163 836 5218 dicta
880 5172 1041 5231 sunt,
1073 5165 1141 5220 de
1170 5164 1385 5221 duobus
1433 5165 1487 5219 in
1531 5181 1683 5238 agro,

79 5257 130 5303 et
155 5251 224 5307 de
252 5253 480 5308 duabus
507 5254 575 5309 ad
606 5255 827 5322 molam,
860 5263 917 5312 et
950 5256 1017 5311 de
1042 5256 1252 5331 duobus
1280 5256 1336 5312 in
1367 5255 1532 5322 lecto,
1562 5272 1687 5312 nec-

80 5357 181 5399 non
215 5356 274 5402 et
298 5361 443 5435 gnte
474 5349 776 5419 proposuit,
802 5349 869 5405 de
896 5363 1054 5405 servo
1086 5350 1231 5405 bono
1259 5358 1316 5405 et
1350 5350 1511 5406 malo.
1542 5349 1687 5417 Quo-

78 5435 220 5492 niam
250 5455 326 5495 ex
359 5439 448 5495 his
477 5440 749 5507 omnibus,
776 5455 917 5498 unus
944 5442 1321 5498 intromittitur
1347 5444 1414 5501 ad
1437 5460 1684 5517 regnum,

78 5536 129 5583 et
157 5546 307 5587 unus
346 5531 649 5603 repellitur.
677 5533 829 5589 Sicut
855 5544 911 5589 et
937 5534 994 5589 in
1024 5535 1126 5591 hac
1156 5535 1408 5606 parabola
1441 5537 1688 5608 quamvis

75 5621 240 5681 latius
267 5633 328 5680 et
363 5623 672 5694 facundius,
702 5627 829 5699 quia
859 5627 1144 5699 splendide
1175 5628 1310 5684 satis
1336 5644 1403 5684 ac
1430 5628 1689 5684 decenter

76 5720 457 5797 componitur,
492 5728 553 5777 ut
586 5731 796 5779 mentes
825 5721 1084 5791 instruat,
1130 5722 1341 5780 animos
1375 5738 1503 5781 suos
1547 5722 1687 5781 rele-

1791 3232 2012 3289 Christo
2062 3234 2206 3299 Deo,
2255 3233 2339 3289 vel
2392 3249 2625 3305 sponsa}.
2671 3232 2809 3300 Quia
2858 3234 3057 3306 quibus
3112 3234 3257 3290 nulla
3309 3243 3397 3294 est

1792 3323 1924 3380 ﬁdes
1952 3325 2104 3380 exire
2131 3325 2372 3388 obviam,
2409 3339 2508 3379 nec
2554 3333 2779 3391 norunt,
2826 3340 2928 3381 nec
2966 3324 3257 3396 incipiunt,
3290 3326 3425 3383 scd‘

1790 3418 2128 3488 constuprati
2179 3416 2467 3480 idolis_vel
2513 3418 2851 3473 daemonibus
2898 3418 3142 3489 corrupti
3175 3419 3386 3487 iacent.

1790 3511 2029 3580 Quarum
2075 3510 2203 3580 quia
2251 3511 2490 3580 quinque
2532 3519 2660 3566 sunt
2708 3510 3004 3581 prudentes
3031 3518 3087 3566 et
3137 3511 3381 3582 quinque

1791 3605 1971 3670 fatuae,
2011 3604 2133 3658 ideo
2178 3604 2366 3659 decem
2406 3601 2645 3671 virgines
2693 3600 3047 3672 parabolitice
3086 3616 3386 3657 connume-

1793 3707 2000 3755 rantur.
2043 3696 2293 3766 Quinque
2341 3705 2522 3750 autem
2572 3694 2886 3763 prudentes,
2929 3701 2985 3749 et
3031 3694 3276 3765 quinque
3303 3691 3392 3750 fa-

1791 3799 1933 3855 tute,
1981 3797 2204 3860 propter
2246 3788 2487 3859 quinque
2540 3800 2735 3842 sensus
2782 3800 3074 3856 corporum
3129 3785 3380 3842 introdu-

1791 3888 2010 3936 cuntur.
2038 3880 2174 3947 Quia
2206 3888 2332 3934 sunt
2372 3879 2611 3949 quinque
2650 3865 2845 3935 sensus
2872 3877 2928 3932 in
2967 3891 3198 3948 corpore
3229 3885 3383 3935 exto-

1791 3973 1925 4038 rius,
1956 3988 2023 4028 ex
2068 3971 2267 4041 quibus
2292 3979 2508 4028 constat
2532 3980 2588 4028 et
2620 3970 2757 4026 vivit
2800 3967 3043 4024 exterior
3070 3967 3233 4023 homo
3261 3985 3274 4022 :
3309 3968 3388 4025 ita

1791 4072 1917 4121 sunt
1962 4063 2200 4136 quinque
2246 4063 2506 4128 interius,
2555 4061 2755 4134 quibus
2802 4059 2985 4116 anima
3032 4059 3178 4115 intus
3219 4058 3391 4126 vivit,

1792 4163 2104 4218 renovatur,
2145 4163 2200 4210 et
2232 4153 2432 4209 fruitur
2466 4154 2596 4209 Deo.
2624 4151 2868 4220 Quorum
2898 4149 2991 4206 alii
3019 4157 3234 4205 terrena
3254 4162 3389 4204 con-

1792 4248 2153 4318 cupiscentes,
2184 4248 2424 4304 fomenta
2453 4261 2562 4301 non
2592 4245 2795 4301 habent
2836 4244 2951 4301 veri
2981 4242 3223 4309 luminis,
3264 4242 3388 4313 qui-

1792 4339 1893 4396 bus
1919 4354 2018 4396 sua
2059 4339 2223 4399 corda
2256 4338 2597 4404 illuminent;
2636 4336 2728 4393 alii
2769 4334 3012 4393 caelestia
3053 4341 3112 4390 et
3147 4347 3390 4405 superna

1793 4447 2008 4503 semper
2046 4433 2192 4489 intus
2235 4431 2579 4498 desiderant,
2620 4440 2678 4488 et
2722 4445 2844 4502 qum
2890 4429 3073 4485 divina
3118 4436 3246 4484 sunt
3297 4444 3389 4486 re-

1793 4525 2035 4595 quirunt.
2068 4524 2144 4580 De
2170 4523 2366 4593 quibus
2396 4521 2637 4594 profecto
2678 4518 2951 4589 sensibus,
2981 4521 3196 4578 dicebat
3224 4534 3391 4577 evan-

1794 4614 1984 4688 gelista
2029 4622 2084 4669 et
2124 4612 2420 4684 apostolus,
2468 4614 2613 4683 quod
2664 4612 2931 4679 vidimus,
2978 4611 3125 4682 quod
3173 4610 3389 4667 audivi‘

1796 4722 1936 4771 mus,
1965 4714 2022 4762 et
2060 4720 2252 4760 manus
2291 4714 2491 4761 nostra:
2535 4706 2894 4775 palpaverunt
2936 4704 3004 4760 de
3042 4702 3209 4759 verbo
3240 4702 3386 4758 vitae.

1793 4799 1963 4856 Porro
1997 4800 2064 4855 de
2101 4810 2265 4870 gustu
2308 4799 2479 4855 David
2525 4799 2648 4853 ait:
2693 4794 2911 4853 Gustata
2953 4805 3003 4852 et
3046 4795 3213 4852 uidete
3251 4810 3390 4867 quo-

1795 4891 1939 4946 niam
1959 4891 2136 4946 suavis
2163 4899 2240 4945 est
2279 4889 2534 4945 Dominus
2564 4886 2739 4962 (Psal.
2765 4904 2963 4955 χχχιιι,
2987 4886 3066 4953 9).
3099 4888 3178 4944 De
3219 4888 3391 4944 odore

1790 4999 1920 5040 vero
1950 4984 2004 5038 in
2033 4982 2274 5039 Canticis
2294 4997 2494 5054 sponsa
2516 4983 2686 5039 dicit:
2715 4981 2787 5038 In
2809 4982 2970 5038 odore
2999 4989 3388 5053 unguentorum

1790 5087 2003 5132 tuorum
2032 5078 2292 5131 currimus
2332 5072 2510 5148 (Cant.
2541 5093 2581 5144 ι,
2609 5076 2703 5149 4);
2735 5086 2792 5134 et
2816 5074 3108 5147 Apostolus
3141 5091 3155 5128 :
3189 5073 3409 5129 Christi

1792 5168 1959 5222 bonus
1999 5168 2131 5223 odor
2157 5184 2340 5222 sumus
2368 5167 2478 5223 Deo
2505 5167 2558 5240 (Ι
2585 5167 2711 5224 Cor.
2738 5185 2799 5234 ιι,
2829 5168 2945 5238 l5).
2976 5167 3107 5235 Quae
3139 5164 3390 5237 profecto

1793 5258 2055 5330 virgines,
2085 5258 2213 5329 quia
2256 5275 2354 5330 per
2382 5260 2483 5317 bos
2518 5262 2763 5331 quinque
2806 5274 3000 5316 sensus
3039 5259 3187 5313 intus
3222 5256 3388 5315 Chri-

1793 5358 1938 5413 stum
1969 5359 2274 5416 senserunt,
2310 5359 2457 5407 recte
2487 5352 2727 5422 quinque
2766 5361 2823 5407 et
2848 5350 3144 5423 prudentes
3187 5360 3389 5405 vocan-

1794 5454 1900 5515 tur.
1935 5443 2253 5511 Prudentes,
2284 5446 2412 5515 quia
2460 5446 2527 5502 de
2566 5460 2734 5501 carne
2776 5444 2842 5499 ad
2887 5441 3156 5515 spiritalia
3205 5450 3389 5498 trans-

1792 5538 1992 5602 ierunt,
2034 5544 2088 5591 et
2127 5537 2193 5593 de
2234 5535 2622 5605 temporalibus
2657 5536 2725 5591 ad
2759 5543 2984 5591 aeterna.
3014 5533 3266 5604 Quinque
3292 5546 3407 5588 ιιι·-

1794 5637 1935 5695 tem,
1975 5628 2102 5700 quia
2153 5627 2262 5682 isto
2323 5627 2573 5696 quinario
2630 5641 2857 5682 numero
2909 5635 3036 5681 sunt
3087 5625 3198 5681 Deo
3251 5638 3403 5681 con--

1786 5719 2025 5796 juncta,
2064 5730 2123 5781 et
2156 5722 2212 5778 in
2250 5720 2460 5777 unitate
2504 5722 2750 5795 corporis
2794 5720 2999 5780 Christi
3028 5726 3401 5779 consecrata!
3436 5704 3449 5705 ί
