4016 6354
605 249 713 307 839

1429 238 1486 295 S.
1521 233 1880 292 PASCHASII
1918 229 2266 287 RADBERTI
2305 229 2596 286 ABBATIS
2635 228 3086 289 CORBEIENSIS
3691 251 3770 309 διο

605 362 744 422 Nam
779 372 833 420 et
878 363 1115 433 reliquas
1171 358 1410 428 quinque
1449 350 1896 410 irrationabiliter
1933 349 2061 404 licet
2109 347 2194 402 fa-
2220 350 2274 411 Α
2296 348 2346 403 ei
2379 349 2561 403 anima
2604 349 2856 419 quaalibet
2901 366 3001 422 per
3029 351 3190 407 ﬁdem
3211 391 3226 420 ,
3254 364 3453 424 paratus
3483 371 3554 415 est
3589 378 3768 435 sponsus

606 465 732 512 tuas
760 455 976 527 1029
1003 453 1244 524 virgines
1266 450 1526 511 dicimus,
1557 449 1682 518 quia
1709 461 1806 515 per
1833 446 1932 500 hos
1957 443 2194 514 quinque

607 563 805 608 unsus
823 590 838 614 ,
869 547 1318 618 qualitercumque
1348 543 1654 598 didicerunt
1678 539 1857 600 divina
1878 578 1892 602 ,
1917 546 1974 592 et
1996 546 2192 592 utcun-

607 656 716 716 que
741 647 1064 711 receperuut
1095 639 1320 694 verbum
1349 635 1445 690 Dei
1473 635 1587 689 sive
1613 632 1899 687 occasione
1919 671 1932 696 ,
1962 631 2074 685 sive
2099 644 2194 712 ve-

608 734 790 791 ritate.
838 733 1004 800 Quia,
1053 740 1114 786 ιιι
1157 729 1231 785 ita
1275 730 1485 791 dicam,
1531 725 1904 795 virginiﬁcatze
1944 731 2070 778 sunt
2100 737 2198 792 per

611 829 838 884 verbum
873 825 1007 889 Dei,
1039 824 1125 878 cui
1164 820 1305 877 forte
1334 819 1712 882 crediderunt,
1751 816 1878 872 licet
1923 815 2040 870 sine
2066 829 2195 885 0pc-

609 921 795 983 ribus,
825 916 911 972 vel
954 915 1178 971 credere
1209 928 1269 968 se
1311 912 1581 966 dixerunt.
1617 909 1746 963 Tale
1773 915 1858 962 est
1901 908 2045 962 enim
2078 921 2197 961 ver-

609 1009 740 1066 bum
774 1008 898 1071 Dei,
932 1014 1280 1075 tantumque,
1305 1011 1364 1056 tlt
1385 1016 1450 1058 ex
1481 1015 1574 1056 sua
1607 999 1868 1054 munditia
1895 1005 1951 1051 et
1970 998 2197 1061 virtute,

611 1097 993 1156 accommodet
1017 1094 1289 1157 omnibus,
1317 1092 1406 1162 qui
1430 1107 1551 1145 eum
1579 1089 1921 1158 receperint,
1947 1096 2002 1142 et
2030 1102 2201 1142 reces-

611 1189 786 1246 serint
809 1188 878 1242 ab
912 1185 1178 1241 idolorum
1206 1184 1420 1238 cultura
1443 1223 1456 1247 ,
1491 1181 1574 1235 vel
1595 1181 2010 1253 elementorum,
2035 1188 2091 1234 et
2113 1194 2201 1233 ac-

611 1284 896 1333 cesserunt
926 1291 989 1331 ac
1007 1275 1052 1331 si
1086 1290 1184 1346 per
1211 1273 1372 1329 ﬁdem
1393 1314 1406 1338 ,
1433 1273 1499 1328 ad
1529 1274 1696 1328 Deum
1724 1275 1928 1335 vivum,
1952 1270 2202 1341 quamvis

609 1385 718 1426 non
751 1369 952 1424 fuerint
980 1383 1144 1440 opera
1175 1366 1460 1423 subsecuta
1491 1366 1712 1436 pietatis
1734 1405 1748 1430 ,
1773 1373 1834 1418 ut
1859 1364 2100 1436 virgines
2121 1363 2202 1418 di-

610 1470 805 1537 cantur
831 1461 900 1516 ob
930 1461 1090 1515 unius
1117 1459 1214 1515 Dei
1245 1458 1494 1514 notitiam
1516 1499 1531 1523 ,
1554 1458 1640 1512 vel
1663 1457 1825 1512 ﬁdem
1850 1456 2202 1527 professionis

613 1552 731 1620 Dei;
751 1569 979 1622 quorum
995 1567 1188 1609 sensus
1204 1568 1309 1608 non
1326 1553 1391 1607 ad
1411 1552 1549 1607 idola
1565 1552 2003 1621 coinquinantur,
2028 1567 2204 1621 neque

611 1650 680 1704 ad
697 1649 960 1704 culturam
977 1646 1669 1719 constupranturfalsorum
1685 1646 1939 1709 Deorum,
1956 1644 2204 1714 quamvis

2299 440 2486 496 venire
2529 441 2742 495 obviam
2786 442 2854 496 ad
2898 443 3195 513 virginem,
3245 460 3450 517 eamque
3489 455 3707 526 suscipere
3727 461 3768 518 in

2299 549 2526 603 corpore
2549 548 2646 588 suo
2675 533 2816 605 (qua:
2836 544 2919 591 est
2945 534 3210 608 Ecclesia)
3239 535 3462 594 dulcibus
3489 545 3770 614 amplexibus.

2300 622 2478 693 (Unde
2509 624 2687 680 omnis
2715 625 2831 681 haec
2875 625 3134 694 parabola
3163 627 3230 682 de
3262 628 3341 684 his
3381 631 3549 689 melius
3572 639 3776 709 accipitur

2298 717 2628 788 virginibus,
2673 735 2792 789 qua:
2817 720 3032 775 obviam
3064 719 3279 776 Christo
3307 724 3536 792 veniunt,
3574 738 3625 784 ut
3645 735 3775 790 susci-

2298 811 2518 883 piantur
2578 811 2720 865 infra
2783 811 3106 867 Ecclesiam.
3172 811 3421 880 Quoniam
3474 832 3610 874 nemo
3663 822 3784 894 digne

2302 918 2502 974 sponso
2523 903 2638 958 sine
2661 918 2859 973 sponsa
2881 904 3119 958 occurrit
3135 945 3149 970 ,
3176 919 3340 975 neque
3363 907 3422 960 ad
3442 923 3656 977 sponsam
3673 913 3783 982 (bea-

2303 1005 2411 1050 tam
2459 995 2667 1051 scilicet
2713 996 3032 1068 Ecclesiam)
3077 997 3194 1052 sine
3222 998 3429 1054 Christo
3455 1000 3787 1072 ingreditur.Et

2303 1089 2424 1144 ideo
2469 1088 2607 1143 bene
2635 1089 2839 1143 dictum
2886 1097 3004 1154 est,
3038 1090 3166 1159 quia
3199 1090 3427 1145 exierunt
3456 1093 3630 1148 obuiam
3648 1111 3786 1165 sponse

2301 1191 2348 1236 et
2397 1198 2600 1250 sponsa:
2641 1182 2864 1252 acceptis
2913 1181 3246 1252 lampadibus
3283 1184 3388 1236 suis
3429 1183 3635 1254 (Matth.
3663 1187 3789 1261 xxv).

2303 1273 2430 1329 Haec
2460 1290 2695 1345 namque
2723 1275 2963 1345 egressio
2993 1274 3300 1329 celebratur
3325 1276 3376 1330 in
3404 1276 3500 1331 hac
3523 1277 3638 1331 hora
3657 1279 3791 1336 novis-

2305 1366 2438 1422 sima
2462 1406 2478 1432 ,
2505 1366 2676 1422 donec
2705 1375 2996 1422 occurrent
3031 1381 3221 1422 omnes
3256 1369 3309 1421 in
3340 1369 3573 1423 unitatem
3605 1369 3720 1438 ﬁdei.
3751 1369 3799 1428 Et

2305 1457 2432 1512 dum
2460 1458 2576 1513 haec
2607 1471 2758 1513 mora
2791 1458 3050 1522 tenditur,
3096 1466 3219 1528 post
3259 1469 3548 1530 perceptam
3570 1460 3722 1526 ﬁdem,
3741 1459 3797 1516 lu-

2305 1558 2429 1604 ceat
2455 1564 2675 1605 necesse
2695 1558 2781 1604 est
2799 1549 2981 1605 lumen
3006 1548 3242 1604 ﬁdelium
3267 1565 3444 1606 coram
3467 1551 3745 1618 horninibus,
3759 1562 3804 1608 ut

2307 1643 2557 1698 videntes
2579 1643 2717 1697 bona
2735 1657 2898 1713 opera
2915 1656 3126 1708 eorum,
3143 1641 3446 1712 gloriﬁcent
3461 1642 3649 1698 Patrem
3664 1644 3801 1710 Deum,

613 1737 918 1793 defraudati
965 1754 995 1793 a
1060 1713 1228 1794 verbo
1286 1739 1563 1809 sapientiae
1583 1778 1598 1804 ,
1646 1737 1794 1792 intus
1844 1713 2199 1791 infatuentur.
2231 1713 2281 1774 Β
2311 1737 2403 1806 qui
2435 1745 2519 1792 est
2560 1735 2613 1790 in
2641 1735 2814 1791 caelis.
2861 1734 2975 1790 Hoc
3001 1735 3198 1806 quippe
3226 1745 3310 1791 est
3351 1735 3519 1790 oleum
3549 1735 3806 1806 accipereiu

611 1829 681 1885 Et
726 1831 1020 1886 notandum
1068 1831 1213 1902 quod
1245 1831 1338 1901 qui
1385 1847 1548 1886 unum
1579 1829 1645 1885 de
1687 1829 1924 1898 quinque
1957 1826 2206 1882 sensibus

610 1929 1024 1992 constupratum
1056 1921 1310 1975 habuerit
1357 1922 1426 1974 ab
1467 1920 1658 1985 idolis,
1689 1933 1758 1974 ne
1783 1918 1936 1989 virgo
1970 1918 2203 1983 dicatur,

615 2031 840 2072 necesse
895 2024 982 2070 est
1033 2024 1094 2071 ut
1143 2025 1197 2071 et
1227 2016 1280 2070 in
1326 2015 1447 2070 aliis
1493 2014 1774 2080 sensibus,
1815 2028 1882 2068 ne
1923 2012 2075 2082 virgo
2104 2012 2206 2076 sit,

615 2105 1018 2177 coinquinetur.
1055 2106 1322 2184 Similiter
1339 2116 1394 2162 et
1419 2107 1512 2177 qui
1541 2123 1710 2161 unum
1743 2107 1935 2161 horum
1967 2105 2207 2175 pruden-

613 2205 726 2254 tem
766 2199 1047 2266 habuerit,
1075 2209 1136 2254 ut
1160 2208 1418 2270 operetur
1442 2200 1730 2269 diligenter
1757 2214 1877 2268 quae
1909 2197 2208 2268 prudentiae

617 2299 776 2358 sunt,
815 2308 1004 2348 omnes
1039 2292 1235 2363 reliqui
1280 2307 1476 2347 sensus
1521 2291 1815 2362 prudentes
1858 2299 2038 2344 erunt.
2072 2288 2209 2355 Quia

615 2383 758 2438 sicut
789 2382 1170 2437 irrecessibilis
1195 2391 1280 2438 est
1308 2380 1559 2437 Christus
1581 2397 1609 2434 a
1641 2381 1820 2451 seipse
1854 2400 1866 2434 :
1897 2381 1974 2436 sic
2003 2388 2058 2434 et
2085 2395 2210 2434 sen-

614 2489 708 2530 sus
736 2490 925 2530 omnes
951 2475 1249 2530 secundum
1294 2474 1612 2530 interiorem
1655 2475 1927 2529 hominem
1949 2515 1963 2540 ,
1997 2475 2106 2528 imo
2154 2473 2207 2527 in

618 2565 939 2620 alterutrum
971 2581 1029 2620 se
1057 2566 1484 2638 subsequuntur.
1515 2567 1641 2622 Ideo
1670 2567 1712 2620 si
1743 2581 1906 2620 unum
1948 2565 2013 2620 de
2037 2564 2210 2622 sensi-

615 2656 720 2714 bus
765 2659 1035 2714 introrsus
1066 2659 1322 2714 habueris
1350 2659 1706 2730 prudentem,
1754 2668 1813 2712 ut
1851 2658 2004 2726 virgo
2033 2673 2062 2711 a
2099 2658 2210 2712 Deo

613 2749 1004 2816 constituatur,
1039 2764 1263 2806 necesse
1291 2759 1375 2805 est
1403 2759 1459 2805 et
1491 2750 1544 2804 in
1574 2749 1695 2804 aliis
1719 2749 1968 2805 sensibus
1996 2749 2210 2820 sapien-

618 2841 753 2896 tiam
782 2841 1032 2896 Christus
1061 2840 1324 2897 eﬁ‘undat.
1363 2841 1657 2914 Propterea
1685 2858 1793 2896 non
1823 2853 1908 2898 est
1930 2843 2115 2897 videre
2145 2841 2212 2897 de

621 2932 864 3000 quinque
925 2929 1174 2990 sensibus
1230 2931 1284 2986 in
1343 2931 1563 3001 aliquo,
1618 2932 1908 3001 quemdam
1970 2929 2208 2996 fatuum,

619 3021 912 3092 quemdam
934 3030 1115 3076 autem
1138 3022 1498 3092 prudentem;
1526 3023 1620 3077 sed
1642 3038 1831 3078 omnes
1853 3022 2092 3092 quinque
2117 3028 2210 3076 aut

616 3113 913 3184 prudentes
942 3121 1103 3167 erunt
1130 3111 1371 3184 virgines
1393 3153 1406 3176 ,
1442 3121 1533 3166 aut
1573 3128 1702 3168 vere
1728 3112 1906 3166 fatuae.
1935 3112 2070 3178 Quia
2101 3127 2209 3180 non

619 3204 675 3260 in
706 3218 815 3258 uno
846 3203 1066 3259 homine
1093 3203 1182 3258 isti
1212 3202 1440 3258 allectus
1467 3219 1723 3258 sensuum
1751 3203 1818 3258 ab
1847 3203 2075 3257 invicem
2123 3218 2211 3258 se-

616 3304 902 3364 parantur.
933 3294 1000 3350 Et
1046 3295 1170 3350 ideo
1213 3295 1385 3361 bene,
1435 3310 1771 3365 quaecunque
1819 3295 1885 3349 ad
1917 3295 2079 3348 unius
2116 3293 2212 3350 Dei

619 3373 865 3441 notitiam
895 3386 1274 3457 pervenerint,
1303 3401 1399 3442 seu
1426 3386 1586 3442 ﬁdem
1615 3385 1819 3440 relictis
1862 3383 2023 3439 idolis
2041 3424 2056 3449 ,
2087 3398 2214 3454 per-

619 3486 914 3546 ceperunt,
951 3477 1192 3549 virgines
1228 3477 1595 3549 appellantur;
1629 3478 1756 3548 quia
1801 3492 1909 3532 non
1941 3476 2214 3532 fornican-

623 3578 714 3624 tur
741 3585 863 3628 cum
892 3571 1026 3636 diis,
1057 3586 1232 3641 neque
1259 3570 1576 3642 polluuntur
1603 3586 1724 3626 cum
1754 3570 1932 3626 idolis.
1961 3568 2068 3625 Sed
2087 3568 2214 3639 quia

621 3663 709 3733 (ut
737 3663 870 3735 dixi)
902 3663 954 3718 in
987 3664 1206 3720 homine
1249 3664 1448 3735 gemini
1493 3672 1621 3719 sunt
1668 3663 1756 3719 isti
1802 3679 2026 3730 sensus,
2055 3660 2214 3732 jure,

621 3758 730 3813 ﬁde
759 3767 1004 3829 recepta,
1035 3757 1224 3813 decem
1255 3773 1377 3814 esse
1406 3757 1660 3813 dicuntur
1683 3757 1938 3827 virgines.

697 3847 831 3914 Qua:
867 3850 1178 3920 accipientes
1224 3849 1495 3920 lampades
1542 3865 1700 3912 suas,
1747 3847 2215 3903 exicruntobviam

623 3954 815 4009 sponso
835 3948 884 3993 et
905 3955 1128 4007 sponsae.
1155 3941 1213 3994 ln
1248 3942 1351 3995 hac
1373 3941 1629 4011 parabola
1661 3956 1767 3995 non
1811 3940 1983 3996 solum
2014 3939 2215 4005 semel,

623 4030 721 4086 sed
772 4040 826 4084 et
874 4033 1111 4089 secundo
1137 4032 1288 4088 exire
1330 4033 1543 4087 obviam
1589 4048 1788 4103 sponso
1830 4032 2102 4088 dicuntur.
2153 4031 2220 4086 Et

622 4121 747 4178 ideo
790 4123 1088 4194 intelligere
1140 4126 1433 4191 debemus,
1461 4121 1619 4195 quod
1667 4124 1810 4179 aliud
1857 4126 1930 4180 sit
1978 4126 2210 4195 primum

623 4213 777 4270 exire
808 4231 906 4287 per
927 4215 1088 4272 ﬁdem
1115 4217 1330 4272 obviam
1352 4215 1572 4272 Christo
1601 4225 1656 4272 et
1679 4215 1967 4281 Ecclesiae,
1995 4224 2050 4270 et
2075 4215 2218 4269 aliud

626 4320 912 4378 resurgere
940 4308 993 4362 in
1021 4310 1548 4365 consummationem
1597 4309 1778 4365 saeculi
1799 4350 1814 4375 ,
1844 4317 1899 4364 et
1926 4323 2221 4379 properare

2307 1830 2458 1885 vasis
2487 1829 2631 1895 suis,
2663 1829 2730 1883 ad
2754 1829 3148 1884 nutrimentum
3180 1830 3369 1885 aeterni
3394 1829 3688 1894 luminis,ut
3708 1842 3806 1884 sem-

2309 1936 2407 1993 per
2433 1919 2610 1974 anima
2645 1929 2701 1975 et
2729 1936 2960 1992 corpus,
3005 1923 3131 1976 dum
3180 1922 3272 1977 hic
3318 1921 3532 1986 vivitur,
3567 1919 3810 1975 infundatur

2309 2012 2468 2068 bonis
2511 2013 2724 2068 actibus
2745 2053 2760 2078 ,
2793 2023 2853 2066 ut
2877 2012 3074 2069 habeat
3095 2012 3301 2085 iugiter
3337 2029 3514 2069 secum
3541 2012 3691 2068 oleum
3714 2010 3806 2065 lati

2311 2104 2428 2166 tiae,
2471 2112 2528 2158 et
2570 2104 2824 2175 gaudium
2856 2105 3029 2159 sancti
3076 2105 3337 2176 Spiritus.
3377 2103 3524 2172 Quod
3566 2102 3815 2170 oleumpost

2310 2206 2620 2270 perceptam
2648 2198 2876 2268 gratiam
2894 2239 2908 2263 ,
2941 2198 3161 2269 reliquae
3186 2200 3456 2271 virgines,
3479 2212 3642 2254 secum
3659 2209 3813 2251 sumere

2311 2293 2367 2346 et
2409 2290 2654 2345 enutrirc
2700 2290 2827 2359 quia
2877 2289 3198 2355 noluerunt,
3237 2290 3402 2346 fatua:
3441 2289 3685 2344 dicuntur.
3711 2286 3818 2343 Unde

2312 2381 2513 2436 dicitur
2535 2381 2661 2452 quia
2686 2396 2754 2436 ex
2785 2381 2870 2436 his
2904 2383 3144 2452 quinque
3170 2391 3334 2437 erant
3361 2381 3516 2436 fatuae
3533 2421 3548 2448 ,
3572 2389 3621 2436 et
3646 2380 3816 2449 quinque

2310 2472 2628 2542 prudentes,
2651 2487 2843 2528 omnes
2867 2481 3044 2526 tamen
3065 2473 3336 2544 virgines,
3356 2480 3568 2543 propter
3585 2477 3818 2542 perceptam

2313 2564 2437 2620 ﬁdei
2469 2567 2730 2637 gratiam;
2784 2581 2850 2621 ex
2888 2581 2996 2636 qua
3038 2582 3146 2620 uno
3177 2567 3404 2622 nomine
3453 2564 3616 2621 omnis
3644 2560 3816 2618 Ecclesia

2312 2656 2465 2727 virgo
2491 2665 2573 2711 est
2602 2656 2897 2727 appellata;
2926 2658 2992 2711 de
3027 2672 3131 2727 qua
3170 2655 3472 2728 Apostolus
3511 2656 3581 2710 ait
3607 2671 3620 2708 :
3642 2651 3822 2722 Despon-

2312 2746 2428 2802 savi
2454 2761 2551 2801 vos
2593 2747 2688 2800 uni
2732 2748 2841 2801 viro
2884 2746 3134 2817 virginem
3164 2757 3376 2802 castam
3420 2746 3640 2802 exhibere
3674 2740 3822 2796 Christo

2313 2837 2403 2910 (II
2434 2837 2554 2894 Cor.
2585 2854 2662 2903 xi,
2694 2837 2773 2910 2).
2801 2837 3058 2908 Adjunxit
3084 2840 3257 2895 etiam
3280 2850 3338 2897 et
3367 2840 3444 2895 ait
3473 2855 3487 2893 :
3519 2837 3673 2892 Timeo
3705 2841 3825 2889 autem

2315 2945 2379 2982 ne
2399 2930 2532 2983 sicut
2562 2947 2772 3000 serpens
2796 2930 2963 2985 Euam
2990 2932 3202 2986 seduxit
3221 2933 3427 2987 astutia
3448 2948 3559 2998 sua,
3579 2931 3644 2984 sic
3663 2937 3703 2983 et
3719 2923 3826 2981 vestri

2314 3035 2499 3074 sensus
2523 3029 2932 3089 corrumpantur
2957 3021 3007 3091 (Ι
3015 3021 3119 3076 bid.
3141 3063 3156 3088 ,
3182 3022 3247 3095 3)
3268 3039 3301 3078 a
3331 3023 3573 3079 castitate
3600 3016 3828 3091 quaestio

2316 3111 2552 3166 Christo.
2581 3110 2648 3165 Et
2675 3111 2796 3166 ideo
2819 3127 2926 3166 non
2951 3111 3017 3167 de
3037 3113 3169 3168 solis
3189 3114 3529 3186 virginibus,
3552 3127 3670 3183 quas
3685 3104 3829 3164 sancti-

2313 3203 2580 3258 moniales
2607 3219 2898 3270 vocamus,
2946 3206 3048 3261 hac
3078 3207 3351 3277 parabola
3379 3209 3647 3279 ﬁguratur,
3685 3201 3757 3258 sed
3786 3195 3830 3252 de

2314 3296 2461 3350 omni
2489 3295 2763 3363 Ecclesia;
2792 3312 2916 3351 nam
2965 3298 3018 3352 in
3065 3314 3303 3371 corpore
3351 3300 3689 3372 virginitatem
3723 3289 3829 3365 pauci

2315 3385 2550 3450 habent,
2604 3387 2662 3442 in
2708 3389 2874 3444 corde
2903 3398 3084 3445 autem
3127 3407 3332 3449 omnes
3363 3393 3559 3449 habere
3594 3390 3766 3446 debent.
3787 3381 3834 3439 Εῑ

2316 3476 2438 3533 ideo
2466 3494 2562 3549 per
2599 3495 2789 3536 omnes
2818 3482 3056 3553 quinque
3083 3498 3287 3541 sensus
3318 3485 3526 3557 1031
3557 3480 3757 3552 corporis
3772 3477 3832 3531 ab-

2317 3571 2574 3626 stinentia
2604 3573 2743 3628 bona
2790 3584 2904 3640 est,
2939 3585 2997 3630 ut
3027 3579 3095 3632 ab
3122 3579 3392 3635 omnibus
3418 3595 3480 3635 se
3506 3576 3687 3634 illicitis
3722 3569 3833 3627 absti-

2317 3671 2444 3717 neat
2470 3678 2624 3719 mens
2654 3665 2909 3720 humana.
2939 3666 3093 3723 Unde
3118 3668 3421 3741 virginitas
3445 3684 3630 3725 nomen
3661 3661 3832 3732 accep“.

2317 3765 2373 3812 et
2399 3773 2497 3828 per
2531 3759 2671 3814 hanc
2719 3759 3182 3830 incorruptionem
3214 3765 3407 3820 omnis
3451 3760 3674 3818 Ecclesia
3695 3748 3835 3812 Christi

2317 3849 2472 3920 virgo
2501 3850 2703 3905 dicitur
2729 3859 2786 3906 et
2814 3866 3034 3922 sponsa.
3065 3853 3133 3908 Et
3163 3871 3279 3911 non
3314 3855 3684 3927 qualiscunque
3710 3848 3836 3914 vitio,

2320 3939 2415 3995 sed
2441 3940 2711 4009 prudens;
2737 3941 2809 3995 ita
2839 3950 3018 3997 tamen
3043 3943 3087 3998 si
3115 3942 3242 4012 ejus
3271 3945 3598 4002 abstinentia
3623 3958 3650 3998 a
3679 3934 3837 3994 vitiisin

2320 4030 2533 4087 laudem
2567 4033 2661 4088 Dei
2692 4035 2942 4090 reniteat.
2969 4036 3233 4108 Alioquin
3266 4041 3312 4094 si
3338 4050 3561 4112 propter
3583 4034 3839 4099 aliumqu-

2321 4143 2536 4198 cunque
2572 4130 2785 4184 videtur
2806 4131 2945 4185 bona
2966 4145 3150 4202 agere,
3171 4131 3330 4190 inter
3355 4134 3535 4190 fatuas
3558 4125 3840 4204 deputabitur.

2322 4236 2387 4276 eo
2413 4221 2555 4291 quod
2587 4222 2756 4277 salem
2785 4223 3067 4294 sapientia:
3093 4241 3204 4280 non
3237 4227 3466 4282 habeat.
3503 4225 3581 4282 0b
3608 4238 3740 4295 quam
3758 4229 3846 4272 αα*

2323 4327 2437 4369 sam
2471 4313 2615 4368 fatua
2655 4315 2948 4380 invenitur,
2980 4317 3106 4387 quia
3133 4317 3332 4388 plures
3358 4320 3610 4376 videntur
3634 4304 3852 4374 babereﬁ-

627 4397 844 4493 obviam
861 4406 1074 4493 aeterno
1089 4400 1265 4493 judici
1287 4442 1302 4467 ,
1324 4410 1385 4455 ut
1404 4401 1631 4493 recipiat
1653 4401 2027 4472 unusquisque
2057 4408 2220 4472 prout
2244 4433 2298 4493 Ι)
2325 4409 2446 4465 dem
2495 4412 2611 4466 sine
2645 4413 2936 4482 operibus;
2970 4413 3248 4470 nonnulla:
3298 4431 3436 4472 vero
3462 4417 3618 4472 etiam
3644 4409 3850 4467 abstinea-

628 4488 815 4560 gessit.
861 4486 994 4543 Nam
1034 4491 1266 4560 primum
1318 4493 1469 4548 exire
1503 4492 1719 4548 obviam
1765 4493 1849 4558 ei,
1897 4501 1981 4549 est
2028 4495 2081 4547 in
2118 4493 2220 4548 hac

627 4577 764 4636 hora
794 4579 1091 4635 novissima
1111 4621 1126 4648 ,
1162 4594 1261 4652 per
1287 4597 1448 4638 omne
1482 4592 1696 4654 tempus
1723 4584 1792 4639 ab
1821 4584 1978 4639 initio
2011 4583 2224 4654 1030

630 4675 1025 4732 incarnationis
1049 4675 1284 4747 Christi,
1309 4679 1527 4748 quando
1548 4693 1782 4750 sponsus
1811 4687 1866 4734 et
1892 4693 2088 4748 Sponsa
2116 4678 2224 4732 duo

629 4768 838 4823 suntin
868 4783 1030 4823 carne
1059 4784 1196 4835 una;
1228 4770 1444 4839 quando
1487 4770 1745 4826 Dominus
1781 4779 1967 4826 noster
2010 4771 2063 4824 in
2100 4785 2225 4826 cor-

629 4873 794 4933 pore,
825 4859 967 4914 Deus
993 4858 1170 4915 factus
1215 4868 1299 4915 est
1344 4861 1525 4915 homo.
1558 4860 1636 4917 Ac
1661 4875 1760 4931 per
1784 4861 1889 4916 hoc
1915 4869 1973 4914 ut
1998 4860 2223 4931 spiritus

632 4951 782 5006 carni
813 4965 1075 5022 sponsus,
1109 4953 1181 5008 ita
1212 4954 1426 5024 spiritui
1464 4969 1594 5009 caro
1626 4969 1822 5024 sponsa
1854 4962 1958 5010 est.
1993 4954 2090 5010 Cui
2118 4955 2216 5009 ob-

632 5043 775 5097 viam
805 5044 1029 5098 veniunt
1054 5045 1384 5114 accipientes
1428 5061 1626 5116 organa
1659 5061 1753 5101 sua
1794 5045 2094 5110 naturalia,
2126 5044 2222 5102 de-

633 5151 754 5192 cem
787 5137 1020 5220 virgines
1041 5177 1057 5204 ,
1089 5138 1144 5194 id
1173 5148 1260 5194 est
1279 5154 1470 5196 omnes
1492 5142 1688 5196 animae
1717 5158 1839 5197 cum
1867 5143 2104 5212 primum
2137 5158 2222 5197 re-

635 5241 898 5302 ceperunt
919 5233 1103 5287 tubam
1126 5233 1418 5289 salutarem
1438 5235 1777 5291 insonantem
1793 5237 1944 5293 verbi
1968 5229 2072 5293 Dei
2084 5253 2224 5308 pra:-

635 5323 874 5386 conium,
899 5337 997 5393 per
1020 5324 1201 5380 ﬁdem.
1224 5325 1590 5398 Egrediuntur
1610 5329 1826 5398 quidem
1854 5330 1921 5385 de
1950 5331 2152 5387 mundo
2175 5341 2230 5388 et

635 5412 703 5468 de
767 5416 1045 5472 erroribus
1107 5418 1334 5474 deorum
1376 5421 1715 5488 multorum,
1769 5424 1958 5494 sicque
2007 5427 2232 5482 veniunt

636 5517 838 5574 sponso
867 5506 1084 5562 obviam
1115 5517 1170 5564 et
1204 5526 1418 5581 sponsa:
1441 5552 1456 5577 ,
1499 5529 1597 5583 per
1637 5516 1867 5585 gratiam
1893 5532 2045 5572 nova:
2073 5533 2230 5590 rege-

638 5597 938 5654 nerationis
960 5640 973 5663 ,
1005 5609 1061 5654 ut
1110 5603 1286 5656 omnis
1318 5603 1698 5674 ingrediantur
1722 5607 1787 5660 ad
1817 5623 1968 5679 spem
1994 5610 2228 5680 primum

2331 4505 2459 4558 tiam
2491 4504 2559 4558 ab
2593 4504 2795 4559 illicitis
2819 4515 2873 4560 et
2901 4506 3018 4576 ipsa
3041 4523 3210 4577 opera
3237 4510 3392 4566 bona
3417 4552 3432 4577 ,
3459 4511 3555 4567 sed
3580 4522 3676 4564 non
3694 4506 3853 4575 proli)“

2329 4598 2499 4653 Deum
2555 4597 2864 4664 sinceriter,
2919 4600 3167 4670 quamvis
3226 4603 3532 4660 laudabilia
3587 4602 3852 4657 censeantur.

2330 4687 2483 4744 Unde
2527 4697 2582 4743 et
2621 4689 2858 4759 quinque
2899 4691 3294 4762 admittuntur,
3341 4697 3478 4767 quia
3513 4683 3859 4767 prudentesin-

2330 4787 2475 4844 rant,
2520 4789 2576 4835 et
2618 4781 2858 4853 quinque
2901 4783 3275 4854 repelluntur,
3329 4790 3463 4860 quia
3511 4787 3676 4842 fatuae.
3727 4778 3861 4833 Fam

2331 4882 2538 4938 autem,
2586 4874 2714 4943 quia
2770 4877 2992 4945 acceptis
3041 4875 3425 4948 lampadibus,
3463 4895 3568 4934 non
3609 4871 3861 4944 sumpserunt

2325 4963 2498 5018 oleum
2577 4982 2787 5033 secum;
2864 4968 3145 5038 prudentes
3200 4988 3336 5027 vero
3399 4977 3694 5042 acceperunt
3746 4961 3864 5016 old"

2323 5055 2378 5111 in
2432 5059 2568 5112 vasis
2609 5076 2728 5114 cum
2781 5060 3132 5133 lampadibus.
3190 5064 3401 5121 Oleum
3457 5074 3682 5133 namque
3718 5054 3867 5111 fructus

2326 5155 2412 5202 est
2463 5148 2707 5218 spiritus.
2761 5151 2902 5209 Vasa
2953 5169 3085 5210 vero
3132 5154 3269 5212 licet
3313 5157 3539 5220 ﬁctilia,
3589 5161 3748 5209 nostra
3785 5147 3870 5198 sum

2327 5254 2588 5310 corpora.
2649 5243 2790 5301 intra
2863 5261 3094 5317 quorum
3163 5250 3392 5308 viscera
3448 5242 3786 5307 recondendus
3818 5237 3873 5289 es!

2335 5331 2480 5387 idem
2523 5333 2733 5390 fructus
2772 5336 2900 5392 boni
2944 5339 3146 5409 operis.
3200 5339 3390 5398 Porro
3437 5329 3874 5412 lampadesaninu'

2336 5442 2457 5481 rum
2484 5427 2882 5497 splendentium
2915 5431 3094 5488 lumen
3122 5441 3206 5489 est
3225 5475 3240 5500 ,
3306 5449 3438 5506 qua:
3469 5432 3778 5490 sacramento
3799 5417 3872 5471 nbi-

2333 5521 2603 5592 ptismatis
2685 5521 2918 5589 indutae,
2989 5526 3416 5597 splenduerunt.
3481 5527 3619 5582 Ecce
3674 5520 3804 5575 fatua:
3840 5512 3878 5559 ει

2333 5615 2573 5686 virgines
2619 5616 2895 5683 dicuntur,
2937 5628 2993 5673 et
3031 5619 3321 5691 lampades
3362 5619 3671 5690 accepisse,
3704 5617 3750 5666 ei
3778 5600 3878 5659 €15“

636 5682 816 5744 beatae
839 5689 1279 5750 immortalitatis.
1299 5694 1565 5764 Quoniam
1593 5706 1651 5753 ut
1673 5698 1906 5770 primum
1928 5705 2235 5762 occurrerit
2335 5682 2456 5762 runt
2523 5709 2723 5765 obviam
2793 5727 2986 5782 sponso
3048 5682 3100 5768 et
3143 5682 3416 5784 sponsae,
3491 5682 3612 5770 cum
3665 5691 3862 5779 Ρωάωιί
