4016 6354
189 368 274 430 ιιι

189 487 294 542 bus.
325 482 467 553 Quid
508 498 640 558 ergo
687 482 918 556 amplius
961 483 1346 556 requirendum
1385 483 1629 554 iudicas,
1667 483 1772 540 nisi
1801 489 1850 548 Α

188 577 316 651 quod
341 577 523 634 oleum
546 592 655 634 non
682 587 1035 649 sumpserunt
1059 592 1245 634 secum
1263 617 1281 644 ,
1307 592 1377 634 ne
1399 576 1658 634 deﬁceret
1685 577 1768 632 lu-
1822 605 1834 634 t

189 684 295 728 tuen
309 669 687 742 lampadarum
703 670 1032 726 accensum?
1047 668 1128 726 0b
1152 685 1314 740 quam
1331 685 1552 727 causam
1572 670 1772 727 solum-

188 763 333 821 modo
355 761 524 820 fatuae
567 764 844 821 dicuntur.
878 763 956 819 Et
991 763 1112 820 ideo
1141 762 1423 820 sciendum
1443 805 1458 830 ,
1491 765 1614 835 quia
1657 781 1773 820 ma-

186 875 335 933 gnum
355 859 563 932 aliquid
585 859 855 933 signiﬁcat
877 860 983 916 hoc
1003 857 1208 923 oleum,
1231 867 1287 914 et
1307 858 1461 914 valde
1491 874 1767 930 magnum.

186 951 302 1010 Oleo
332 967 575 1024 namque
621 952 981 1025 perungimur
1022 951 1079 1008 in
1119 952 1479 1023 baptismate,
1519 959 1581 1005 ut
1609 949 1768 1006 Chri-

183 1047 332 1104 stiani
356 1046 628 1103 dicamur.
655 1046 788 1104 Oleo
809 1054 866 1101 et
882 1054 1179 1117 perunctus
1199 1055 1279 1102 est
1308 1044 1559 1102 Salvator
1584 1052 1773 1100 noster

181 1135 440 1195 Christus.
474 1139 552 1194 De
579 1153 687 1209 qua
713 1137 969 1193 unctione
999 1137 1255 1193 canimus
1281 1136 1336 1191 in
1366 1134 1588 1191 Psalmo
1618 1151 1633 1189 :
1665 1131 1773 1190 Un-

179 1233 246 1286 xit
282 1241 334 1288 te
364 1231 530 1297 Deus,
567 1229 711 1288 Deus
741 1241 863 1285 tuus
906 1229 1022 1285 oleo
1065 1229 1270 1285 latitius
1300 1244 1412 1300 pra:
1439 1225 1770 1284 consortibus

180 1325 289 1380 tuis.
317 1322 436 1379 Hoc
458 1322 658 1394 quippe
685 1321 863 1379 oleum
887 1363 902 1390 ,
943 1322 1124 1378 oleum
1154 1321 1545 1377 exsultationis
1567 1329 1685 1386 est,
1712 1328 1769 1376 et

177 1414 385 1481 latitia,
401 1430 502 1486 pro
525 1430 633 1486 quo
656 1414 848 1480 David,
865 1415 991 1486 quia
1016 1423 1362 1486 peccaverat,
1391 1422 1515 1469 orat
1542 1413 1728 1469 dicens
1752 1431 1766 1466 :

179 1505 346 1564 Redde
371 1507 501 1563 mihi
527 1506 768 1562 laetitiam
803 1505 1061 1563 salutaris
1086 1507 1164 1562 tui
1188 1517 1236 1562 et
1266 1507 1456 1578 spiritu
1489 1504 1770 1577 principali

176 1598 422 1669 confirma
445 1615 526 1654 me
549 1597 722 1672 (Psal.
750 1615 814 1664 ι,
847 1597 961 1667 14).
991 1597 1156 1656 Forte
1180 1613 1312 1670 ergo
1338 1599 1442 1654 hoc
1465 1597 1645 1653 oleum
1675 1611 1768 1653 ex-

177 1688 476 1746 sultationis
504 1698 560 1745 et
588 1689 791 1746 laetitia:
811 1689 1052 1760 Spiritus
1076 1699 1302 1746 sanctus
1333 1697 1450 1755 est;
1484 1703 1646 1760 quem
1673 1689 1765 1759 qui

173 1796 270 1838 non
315 1781 486 1838 habet
537 1782 627 1838 hic
673 1797 781 1837 non
825 1790 912 1838 est
954 1779 1190 1846 Christi,
1236 1795 1414 1852 neque
1442 1780 1765 1836 cbaritatem

171 1874 367 1931 Christi
400 1876 584 1931 habet.
619 1875 888 1943 Quoniam
909 1916 925 1941 ,
955 1871 1206 1929 Charitas
1249 1873 1345 1928 Dei
1375 1873 1574 1943 di/I‘usa
1608 1883 1682 1927 est
1710 1873 1767 1927 in
1795 1883 1844 1945 Β

166 1967 407 2024 cordibus
451 1968 680 2034 nostris,
724 1985 817 2039 per
863 1966 1125 2036 Spiritum
1167 1974 1446 2031 sanctum,
1479 1965 1567 2036 qui
1609 1965 1767 2019 datus

167 2069 234 2114 est
264 2058 418 2114 nobis
447 2058 627 2130 (Rom.
652 2075 706 2124 v,
750 2058 828 2130 5).
856 2059 989 2114 Sine
1017 2073 1120 2129 qua
1141 2099 1156 2124 ,
1190 2058 1333 2114 sicut
1372 2057 1661 2128 Apostolus
1693 2058 1770 2112 ait

164 2148 214 2221 (1
240 2149 367 2206 Cor.
401 2166 537 2216 xm,
581 2149 674 2223 5),
719 2149 983 2220 quidquid
1024 2149 1281 2206 habuerit
1326 2148 1522 2214 homo,
1554 2147 1688 2202 nihil
1716 2148 1764 2203 ei

161 2244 410 2314 prodest.
444 2245 573 2313 Quae
623 2243 881 2300 nimirum
927 2242 1168 2299 charilas
1210 2241 1408 2298 merito
1447 2257 1543 2312 per
1587 2241 1764 2297 oleum

160 2335 525 2409 signiﬁcatur.
559 2337 696 2405 Quia
722 2337 865 2392 sicut
893 2334 1073 2390 oleum
1114 2334 1368 2390 omnibus
1399 2333 1770 2404 supereminet

166 2425 512 2498 liquoribus:
553 2427 625 2482 ita
652 2435 707 2483 et
733 2426 976 2483 cbaritas
1017 2426 1296 2482 universis
1330 2424 1648 2479 virtutibus.
1699 2424 1769 2479 Et

159 2517 278 2573 ideo
305 2519 375 2575 de
404 2517 495 2573 illa
523 2518 656 2574 dicit
694 2517 837 2574 idem
879 2517 1172 2589 Apostolus
1202 2515 1434 2581 Paulus,
1463 2515 1766 2586 superemi-

157 2609 463 2665 nentiorem
489 2608 700 2681 1032
721 2608 858 2662 viam
873 2608 1175 2662 demonstro
1196 2607 1356 2662 vobis.
1373 2606 1504 2673 Quae
1519 2607 1764 2677 profecto

157 2697 234 2754 via
265 2713 367 2771 per
414 2699 740 2755 cbaritalem
790 2699 880 2754 hic
923 2698 1415 2769 imprzesentiarum
1445 2707 1672 2769 paratur
1710 2707 1766 2754 et

153 2790 559 2859 praesternitur,
606 2799 664 2844 ut
705 2789 943 2860 prudens
977 2789 1132 2860 virgo
1160 2788 1300 2844 ferat
1326 2788 1507 2843 oleum
1539 2805 1723 2844 secum
1745 2831 1759 2854 ,

151 2888 204 2936 et
226 2879 411 2936 lumen
439 2882 584 2952 quod
609 2880 787 2936 luceat
805 2881 857 2935 in
883 2891 1225 2952 perpetuum.
1253 2879 1601 2950 Quapropter
1623 2881 1760 2936 bene

150 2985 242 3044 per
267 2972 460 3028 oleum
492 2986 602 3041 quo
626 2972 867 3027 charitas
894 2971 1170 3026 enutritur
1189 2979 1246 3026 et
1267 2969 1607 3034 diffunditur,
1638 2970 1761 3041 Spi-

146 3064 284 3121 ritus
330 3073 570 3120 sanctus
614 3063 970 3136 signiﬁcatur,
1018 3080 1126 3134 quo
1168 3063 1548 3119 exbilarantur
1592 3065 1757 3120 corda

147 3159 525 3219 credentium,
562 3165 618 3212 et
656 3157 837 3211 omnia
865 3157 1132 3210 virtutum
1175 3171 1338 3227 opera
1369 3155 1751 3228 pinguescunt.

145 3248 210 3307 Et
237 3251 366 3308 ideo
396 3251 679 3316 cbaritas,
703 3266 825 3322 quae
853 3249 1093 3320 Spiritus
1124 3251 1299 3306 sancti
1332 3251 1604 3322 pinguedo
1639 3259 1757 3316 est,
1787 3245 1834 3311 C

144 3361 434 3418 nunquam
463 3342 699 3407 excidit;
727 3358 890 3414 quam
917 3342 1009 3414 qui
1053 3343 1339 3408 amiserit,
1374 3354 1495 3412 post
1537 3358 1761 3416 percep-

144 3445 250 3492 tam
276 3435 689 3509 gratiam,licet
713 3434 964 3490 videatur
985 3434 1188 3490 exiisse
1216 3449 1313 3505 per
1343 3432 1506 3490 ﬁdem
1538 3435 1758 3490 obviam

139 3544 350 3600 sponso
379 3545 449 3584 ac
474 3544 718 3601 sponsa,
771 3535 953 3583 tamen
991 3526 1135 3581 inter
1175 3524 1355 3581 fatuas
1385 3524 1755 3596 deputabitur.

139 3617 202 3674 ln
249 3620 366 3675 ﬁde
409 3636 647 3691 namque
688 3635 879 3676 omnes
907 3620 1098 3675 decem
1136 3619 1438 3690 junguntur
1484 3618 1757 3690 virgines,

134 3726 268 3781 quae
295 3726 404 3782 per
431 3713 780 3783 sponsionem
820 3711 944 3768 ﬁdei
975 3725 1167 3766 omnes
1194 3719 1463 3766 conantur
1488 3711 1642 3766 exire
1669 3709 1761 3765 ob-

135 3802 283 3858 viam
316 3819 527 3874 sponso
550 3844 566 3869 ,
621 3811 678 3859 et
725 3803 879 3874 quasi
932 3801 1097 3857 corde
1123 3808 1439 3872 cx5pectare
1468 3800 1758 3855 adventum

134 3894 285 3963 ejus;
317 3897 423 3952 sed
451 3896 584 3965 quia
614 3895 893 3966 uegligunt
918 3908 1141 3949 servare
1165 3899 1479 3963 perceptam
1504 3891 1756 3962 gratiam,

134 3998 191 4043 et
217 3991 483 4044 enutrirc
508 4005 573 4042 ac
596 4003 812 4044 sumere
834 4002 1018 4043 secum
1052 3987 1199 4042 intus
1221 3986 1274 4040 in
1300 3985 1484 4040 animo
1503 4025 1518 4050 ,
1545 3985 1613 4040 ad
1641 3984 1756 4054 glo-

131 4083 273 4137 riam
305 4083 407 4140 Dei
438 4082 652 4146 Patris,
686 4081 863 4136 oleum
895 4079 1205 4145 charitatis,
1236 4079 1595 4133 infatuantur.
1623 4076 1760 4132 Pru-

132 4179 326 4236 dentcs
358 4194 505 4235 vero
531 4192 640 4234 non
669 4176 841 4232 solum
866 4184 1156 4232 servarunt
1189 4182 1500 4244 perceptam
1526 4171 1759 4244 gratiam

130 4272 182 4326 in
212 4269 567 4344 corporibus
588 4268 735 4333 suis,
775 4283 964 4323 verum
989 4266 1154 4322 etiam
1177 4262 1383 4335 iugiter
1409 4271 1761 4335 sumpserunt

129 4363 348 4431 oleum,
402 4373 469 4420 et
518 4368 983 4419 coacervaverunt
1023 4359 1125 4416 sibi
1169 4374 1240 4414 ex
1289 4358 1432 4414 dono
1473 4357 1760 4414 charitatis

124 4457 376 4518 fructum
411 4456 697 4528 Spiritus,
743 4464 799 4511 et
831 4455 950 4510 ideo
978 4451 1311 4524 computruit
1331 4452 1521 4524 jugum
1551 4451 1759 4524 peccati

125 4567 152 4605 a
178 4550 326 4608 facie
354 4550 507 4606 olei.
539 4548 677 4617 Quia
703 4548 758 4603 in
789 4547 996 4619 Spiritu
1041 4555 1270 4613 sancto,
1309 4562 1415 4602 non
1449 4546 1625 4602 solum
1668 4563 1755 4602 re-

957 365 1318 428 EXPOSITIO
1350 362 1420 427 ΙΝ
1458 370 1898 429 ΜΑΤΤΗίΕυΜ.
1937 403 2003 414 -
2032 368 2161 430 LIB.
2189 374 2280 442 XI,
2321 374 2472 434 CAP.
2515 374 2680 431 XXV.

3365 377 3476 438 842

1877 485 2120 555 padibus.
2146 485 2522 558 Acceperunt,
2549 501 2618 541 ex
2653 485 2796 542 dono
2822 485 3040 554 gratiae,
3068 494 3124 544 et
3152 489 3474 544 recondide'

1878 587 2006 634 runt
2035 579 2090 634 iu
2117 579 2262 635 vasis
2291 579 2405 636 suis
2428 595 2599 650 usque
2625 579 2692 635 ad
2720 587 2932 651 tempus
2962 595 3074 637 suae
3097 581 3469 653 inspectionis.

1875 668 1944 724 Et
1974 668 2098 725 ideo
2123 670 2419 740 prudentes
2447 670 2726 736 dicuntur,
2757 669 2884 741 quia
2911 686 3076 742 porro
3103 672 3476 743 praeviderunt

1876 759 1930 813 in
1972 769 2284 830 posterum,
2330 761 2477 832 quod
2521 778 2589 817 ex
2630 762 2774 818 dono
2818 763 3007 835 gratiae
3038 765 3306 822 rationem
3343 772 3475 823 sunt

1877 848 2186 914 redditura.
2235 851 2307 906 At
2333 866 2464 908 vero
2491 867 2598 908 non
2624 852 2703 908 sic
2731 852 2925 920 fatuae,
2958 854 3085 924 quia
3123 853 3278 924 juxta
3307 855 3467 914 Salo-

1876 957 2091 999 mouem
2120 942 2320 1016 (Eccle.
2354 961 2421 1011 ι,
2449 945 2503 1015 1)
2522 986 2537 1012 ,
2567 943 2766 1002 Musca:
2794 947 3074 1002 morientes
3103 949 3476 1008 exterminant

1875 1039 2200 1096 suavitatem
2249 1039 2388 1107 olei,
2441 1041 2496 1096 id
2534 1049 2619 1097 est
2676 1041 2990 1098 unctionem
3036 1059 3144 1114 qua
3191 1053 3472 1117 peronem

1874 1141 2002 1189 sunt
2065 1149 2098 1189 a
2163 1134 2371 1206 Spiritu
2420 1144 2631 1192 sancto.
2679 1133 2817 1192 Nam
2861 1137 3204 1213 χρηστότητα
3243 1136 3470 1196 Gmcus

1873 1241 2086 1292 sermo,
2119 1235 2174 1283 et
2219 1227 2548 1284 suavitatem
2576 1226 2846 1301 signiﬁcat
2874 1238 2930 1284 et
2960 1230 3298 1297 unctionem,
3335 1246 3464 1288 nec-

1873 1334 1982 1376 non
2009 1319 2306 1376 bonitatem
2334 1329 2391 1377 et
2417 1319 2732 1389 lenitatem,
2781 1337 2903 1393 quae
2929 1322 3112 1379 omnia
3155 1337 3255 1394 per
3299 1321 3473 1393 Spiri-

1873 1417 1988 1466 tum
2041 1419 2290 1468 sanctum
2345 1412 2682 1468 tribuuntur.
2753 1412 2928 1481 Quem
2985 1414 3116 1484 quia
3178 1413 3475 1470 noluerunt

1878 1502 2090 1576 1033
2133 1505 2418 1576 accipere,
2464 1520 2644 1575 neque
2707 1516 2994 1577 acceptum
3065 1521 3321 1574 servare,
3371 1507 3470 1564 sed

1871 1593 2218 1664 projecerunt
2241 1595 2432 1651 intima
2456 1611 2553 1651 sua
2577 1604 2698 1668 post
2722 1611 2891 1653 vanas
2931 1596 3121 1654 laudes
3160 1598 3468 1662 hominum,

1873 1682 2198 1757 favorcsque
2227 1685 2403 1757 vulgi,
2430 1701 2616 1742 vacuae
2637 1697 3017 1744 remanserunt
3045 1689 3114 1743 ab
3135 1688 3285 1744 omni
3309 1688 3470 1744 clari-

1873 1782 1982 1829 tate
2009 1774 2228 1832 lumiuis
2247 1817 2263 1843 ,
2288 1786 2343 1832 et
2370 1777 2439 1832 ab
2467 1777 2616 1834 omni
2645 1778 2826 1835 virore
2855 1779 3162 1836 charitatis.

1943 1866 2154 1923 Moram
2169 1879 2343 1924 autem
2365 1870 2589 1942 faciente
2612 1889 2827 1942 sponso,
2850 1874 3266 1930 dormitaverunt
3289 1892 3468 1931 omnes

1872 1971 1920 2016 et
1947 1961 2293 2016 dormierunt.
2322 1962 2460 2030 Quid
2495 1965 2748 2035 estquod
2777 1965 2909 2021 dicit
2935 1968 3154 2022 omnes?
3185 1968 3471 2039 Sapientes

1873 2053 2085 2110 scilicet
2117 2062 2175 2110 et
2205 2054 2384 2110 fatu-.12.
2417 2056 2483 2112 Et
2522 2057 2651 2126 quid
2681 2067 2765 2114 est
2793 2059 2995 2125 dicere,
3043 2059 3471 2114 Dormitarerunt

1871 2156 1919 2200 et
1941 2146 2312 2202 dormierunt?
2351 2146 2604 2218 Nunquid
2638 2150 3074 2206 dormitaverunt
3100 2159 3205 2218 est,
3251 2162 3312 2206 ut
3351 2152 3474 2223 qui-

1871 2241 1996 2296 dam
2026 2242 2122 2306 ait,
2164 2252 2291 2297 ante
2334 2253 2564 2298 mortem
2611 2227 2997 2315 languescere?
3043 2244 3140 2300 Vel
3169 2246 3346 2316 qualis
3385 2255 3472 2303 est

1873 2347 2098 2388 somnus
2127 2334 2270 2390 iste?
2308 2333 2385 2389 Ne
2421 2335 2565 2391 forte
2607 2338 2854 2392 tardante
2893 2352 3094 2407 sponso
3123 2336 3271 2408 (quia
3300 2339 3472 2394 abun-

1871 2425 1964 2480 dat
1997 2425 2278 2498 imquitas)
2330 2426 2631 2498 refrigescit
2676 2428 2917 2484 cliaritas
2965 2445 3154 2485 eorum
3201 2430 3466 2486 omnium.

1871 2514 2034 2571 Sicne
2074 2517 2403 2574 intellecturi
2433 2535 2621 2575 sumus
2642 2535 2891 2576 somnum
2922 2520 3122 2576 istum?
3150 2521 3219 2575 Et
3245 2522 3346 2576 hoc
3375 2521 3466 2586 sit,

1869 2608 1996 2677 quia
2027 2609 2388 2682 clanguerunt
2422 2613 2574 2683 prius
2607 2613 2692 2669 vel
2740 2613 3197 2681 dormitaverunt,
3244 2616 3297 2670 in
3329 2632 3470 2671 mor-

1868 2710 1977 2754 tem
2009 2700 2106 2763 ire,
2148 2703 2292 2773 quod
2333 2712 2416 2759 est
2471 2705 2653 2760 dicere
2693 2705 3049 2762 dormierunt.
3081 2707 3257 2774 Absit,
3289 2718 3348 2762 ut
3388 2708 3464 2763 ita

1867 2792 2200 2864 intelligatur
2246 2796 2374 2866 quia
2423 2807 2550 2852 sunt
2596 2797 2668 2852 ibi
2708 2799 3022 2869 prudentes.
3075 2797 3210 2852 Nam
3251 2800 3468 2870 quando

1866 2887 2006 2943 dixit
2051 2888 2313 2944 Dominus
2342 2907 2355 2944 :
2386 2890 2650 2956 Quoniam
2691 2891 2979 2946 abundavit
3012 2891 3284 2963 iniquitas,
3320 2890 3470 2960 refri-

1863 2980 2022 3050 gescit
2049 2981 2281 3036 charitas
2319 2981 2598 3036 multorum
2626 2965 3021 3054 (Matthixxw,
3053 2983 3168 3054 12),
3203 2985 3348 3055 quod
3379 2992 3465 3038 est

1851 3069 2049 3129 dieere
2075 3075 2272 3130 defecit
2298 3075 2477 3131 oleum
2505 3075 2819 3142 multorum,
2849 3077 3110 3132 continuo
3141 3077 3371 3149 subjecit
3409 3085 3467 3131 et

1863 3169 1980 3223 ait:
2011 3167 2116 3234 Qui
2168 3179 2346 3224 autem
2394 3169 2797 3238 perseveraverit
2838 3185 3002 3241 usque
3049 3171 3105 3223 in
3153 3169 3334 3238 ﬁnem,
3385 3169 3469 3223 hic

1865 3259 2043 3315 salvus
2069 3261 2186 3314 erit.
2219 3259 2562 3332 Quapropter
2589 3261 2886 3330 prudentes
2912 3259 3133 3316 fuerunt
3164 3261 3282 3316 ista:
3307 3261 3470 3334 virgi-

1866 3366 1984 3416 nes,
2018 3367 2140 3422 quae
2185 3360 2517 3422 acceperunt
2555 3351 2734 3406 oleum
2769 3350 2822 3405 in
2857 3352 3003 3407 vasis
3029 3353 3163 3417 suis,
3197 3360 3253 3406 et
3285 3366 3470 3406 serva-

1863 3453 2083 3508 verunt,
2119 3460 2185 3500 ac
2224 3453 2641 3514 permanserunt
2681 3459 2853 3515 usque
2903 3447 2954 3500 in
3003 3445 3196 3512 ﬁnem;
3250 3455 3304 3501 et
3343 3447 3466 3502 ideo

1863 3551 2088 3606 prorsus
2113 3535 2476 3590 admittuntur
2499 3536 2664 3600 intro,
2693 3536 2820 3606 quia
2845 3547 3048 3606 parata:
3081 3538 3319 3594 fuerunt.
3345 3537 3464 3594 Non

1864 3644 1994 3698 ergo
2024 3628 2104 3684 eis
2131 3629 2376 3700 obrepsit
2420 3628 2589 3699 frigus
2622 3629 2878 3700 tor-poris,
2925 3646 3100 3702 neque
3129 3630 3375 3702 refriguit
3407 3631 3461 3686 in

1864 3717 1944 3773 cis
1980 3719 2241 3784 cbaritas,
2286 3719 2382 3773 sed
2412 3717 2667 3776 efferbuit
2704 3735 2883 3790 usque
2924 3720 2977 3774 in
3011 3720 3208 3786 finem;
3243 3731 3298 3775 et
3343 3722 3464 3777 idco

1863 3810 2046 3880 sponsi
2071 3807 2272 3878 janum,
2304 3817 2361 3862 ιιι
2392 3809 2703 3875 introirent,
2737 3810 2907 3865 libere
2933 3818 3243 3880 patuerunt.
3280 3811 3345 3864 Et
3381 3814 3464 3864 di-

1863 3913 2010 3958 ctum
2047 3913 2132 3960 cst
2158 3905 2257 3966 eis,
2292 3905 2434 3960 sicut
2480 3905 2555 3959 illi
2603 3905 2808 3976 optimo
2833 3921 3016 3972 servo,
3060 3905 3214 3959 Intra
3251 3907 3306 3959 in
3335 3924 3465 3977 gau-

1863 3997 2010 4050 dium
2048 3996 2266 4052 Domini
2311 3998 2410 4052 tui.
2442 3997 2580 4065 Quid
2620 4007 2704 4053 est
2749 4014 2878 4070 ergo
2927 4013 3027 4069 per
3063 4000 3199 4052 hanc
3228 4015 3459 4063 moram,

1863 4088 2036 4142 donec
2092 4087 2269 4144 tardat
2325 4104 2557 4159 sponsus
2606 4089 2814 4154 venire,
2856 4090 2983 4161 quia
3025 4091 3466 4146 dormitaverunt

1861 4194 2055 4234 omnes
2078 4187 2135 4234 et
2155 4179 2530 4235 dormierunt?
2561 4179 2764 4235 Moram
2794 4192 2975 4236 autem
3003 4196 3033 4235 a
3061 4181 3330 4252 principio
3363 4197 3462 4237 vo-

1863 4268 2095 4324 cationis
2124 4269 2386 4325 Ecclesiae
2431 4285 2600 4339 usque
2626 4270 2692 4324 ad
2721 4269 2883 4325 ﬁnem
2917 4270 3100 4327 saeculi
3145 4279 3291 4327 recte
3318 4271 3465 4326 acci-

1861 4359 2059 4430 pimus,
2095 4361 2263 4415 douec
2289 4360 2419 4416 liora
2445 4361 2737 4416 novissima
2779 4363 3080 4434 peragitur,
3113 4363 3168 4417 in
3203 4379 3308 4434 qua
3340 4379 3459 4419 om-

1865 4466 1959 4506 nes
2003 4450 2195 4506 mortis
2238 4466 2429 4507 somno
2471 4452 2773 4521 sopiuntur,
2825 4469 2990 4523 quam
3038 4468 3200 4509 nemo
3241 4455 3458 4520 evadit;

1864 4556 2024 4596 nemo
2054 4541 2270 4606 doctus,
2323 4557 2484 4597 nemo
2524 4542 2809 4607 indoctus;
2850 4559 2958 4598 non
3002 4545 3240 4615 prudens
3285 4561 3462 4616 neque

120 4645 473 4704 missionem
525 4657 689 4713 quam
730 4649 1092 4712 perceperant
1145 4647 1534 4704 servaverunt,
1569 4654 1757 4694 verum
1789 4647 1839 4708 ι)
1865 4633 2066 4698 fatuus,
2091 4634 2186 4689 sed
2208 4648 2400 4689 onmes
2432 4634 2646 4688 interim
2677 4634 2850 4690 donec
2877 4636 3065 4692 veniat
3091 4653 3322 4708 sponsus
3353 4654 3461 4693 uno

119 4738 288 4792 etiam
320 4735 573 4809 egregia
602 4734 860 4789 virtutum
889 4733 992 4789 sibi
1040 4748 1231 4803 opera,
1261 4740 1322 4786 ut
1347 4731 1594 4787 lucereut
1621 4746 1686 4786 ac
1717 4731 1763 4786 si

115 4830 427 4904 lampades
484 4827 782 4894 ardentes,
815 4827 928 4882 suis
957 4826 1012 4881 in
1040 4827 1185 4882 vasis
1220 4825 1600 4882 condiderunt.
1633 4826 1763 4894 Quae

116 4922 398 4978 nimirum
427 4935 574 4975 vasa
597 4918 761 4974 etiam
790 4915 894 4988 ipsi
917 4916 1156 4988 quinque
1176 4931 1371 4973 sensus
1396 4917 1643 4988 corporis
1673 4934 1762 4973 ac-

111 5016 222 5086 cipi
255 5020 566 5088 possunt,
590 5010 646 5066 in
673 5009 873 5082 quibus
898 5008 1261 5065 condiderunt
1290 5009 1599 5082 largitatem
1622 5010 1725 5066 olei
1747 5047 1762 5074 ,

112 5124 283 5179 quam
318 5110 401 5163 de
438 5105 610 5160 ﬁrma
637 5113 1116 5176 petra.suxerant;
1153 5104 1226 5158 ita
1252 5111 1386 5160 utet
1413 5104 1514 5174 ipsi
1537 5119 1762 5170 sensus,

109 5200 234 5256 oleo
259 5196 547 5271 perfusi,
581 5197 649 5252 ad
688 5196 957 5268 spiritalia
1001 5195 1319 5252 transirent.
1371 5195 1481 5251 Nec
1528 5197 1765 5268 proiece-

111 5301 244 5346 runt
275 5292 514 5347 intima
545 5303 644 5342 sua
669 5287 946 5353 exterius,
974 5288 1070 5343 sed
1098 5287 1244 5343 intus
1270 5287 1373 5343 sibi
1399 5288 1452 5342 in
1481 5289 1764 5344 conscien-

106 5389 182 5442 tia
216 5381 681 5443 abscomlcrunt
725 5391 944 5438 aeterna:
985 5381 1113 5436 vitae
1159 5395 1405 5436 munera.
1451 5381 1530 5437 De
1572 5381 1768 5452 quibus

104 5477 378 5548 profecto
416 5473 788 5538 muneribus,
834 5473 964 5544 quia
1020 5472 1110 5528 hic
1149 5471 1473 5540 doluerunt,
1523 5473 1772 5530 Exsulta-

100 5572 238 5628 bunt
281 5573 352 5626 in
401 5567 601 5641 gloria
628 5577 676 5622 et
699 5565 1025 5621 lwtabuntur
1052 5567 1111 5620 in
1151 5565 1409 5622 cubilibus
1446 5569 1556 5623 suis
1584 5565 1758 5639 (Psal.

98 5681 318 5732 ειμι,
379 5663 452 5734 5)
478 5701 499 5726 ,
554 5659 607 5716 id
651 5669 734 5716 est
777 5659 1153 5731 unusquisque
1196 5674 1387 5716 eorum
1435 5661 1502 5717 de
1545 5662 1762 5733 propria

96 5757 525 5819 conscientia.
552 5751 616 5808 Et
651 5752 950 5810 notandum
982 5753 1128 5824 quod
1155 5753 1356 5809 dicitur
1379 5752 1503 5825 quia
1534 5753 1765 5825 pruden-

95 5873 172 5912 tes
201 5854 479 5928 uirgines
533 5858 839 5920 acceperunt
868 5846 1042 5905 oleum
1066 5846 1123 5903 in
1142 5847 1281 5903 vasis
1311 5847 1421 5902 suis
1439 5887 1452 5912 ,
1485 5862 1604 5902 cum
1629 5845 1760 5902 lant-

646 5941 923 6002 Psrnoc.
979 5940 1184 6006 CXX.

1868 4728 1974 4783 ﬁne
2000 4728 2193 4782 mortis
2216 4727 2553 4783 claudentur.
2589 4728 2768 4797 Quare
2797 4737 2977 4786 autem
3007 4731 3340 4786 dormientes
3369 4747 3460 4785 vo-

1864 4821 2096 4878 cantur?
2122 4820 2257 4888 Quia
2281 4835 2471 4878 omnes
2500 4821 2556 4876 in
2583 4823 2668 4878 die
2697 4838 2796 4878 suo
2826 4823 3124 4879 novissimo
3164 4824 3458 4880 resuscita-

1865 4915 2068 4970 buntur
2097 4914 2251 4984 quasi
2297 4928 2327 4967 a
2365 4930 2555 4971 somno
2603 4915 2944 4985 quotidiano,
2991 4925 3047 4971 et
3086 4915 3222 4971 vivae
3268 4931 3460 4970 omnes

1865 5007 2229 5063 invenientur.
2271 5006 2424 5063 Licet
2453 5009 2689 5079 prudens
2720 5009 2790 5064 sit
2815 5009 2990 5081 virgo,
3026 5008 3099 5064 sit
3134 5007 3308 5076 fatua,
3341 5026 3462 5065 om-

1869 5115 1965 5154 nes
2011 5109 2191 5156 tamen
2236 5100 2432 5157 mortis
2483 5116 2733 5157 somnum
2782 5103 3082 5174 patientur;
3139 5101 3234 5158 sed
3285 5102 3463 5160 oleum

1869 5193 2214 5263 prudentium
2243 5195 2297 5249 in
2324 5196 2471 5251 vasis
2495 5197 2640 5268 quod
2668 5207 2948 5266 acceptum
2978 5205 3063 5252 est
3086 5203 3141 5252 et
3162 5206 3459 5260 servatum,

1871 5287 1924 5341 in
1951 5297 2125 5343 morte
2157 5303 2266 5343 non
2298 5288 2516 5359 peribit.
2547 5288 2701 5356 Quod
2734 5298 2915 5343 autem
2939 5288 3093 5353 dicit,
3133 5287 3463 5343 Dormitare-

1871 5391 1991 5434 runt
2048 5396 2226 5435 omnes
2268 5389 2317 5436 et
2371 5380 2723 5444 dormierunt,
2775 5395 2929 5434 more
2957 5388 3144 5435 nostro
3185 5377 3459 5448 loquitur;

1871 5472 1997 5542 quia
2039 5471 2182 5526 sicut
2209 5485 2371 5526 nemo
2401 5470 2509 5525 nisi
2557 5483 2748 5524 somno
2777 5479 3168 5542 prargravatus,
3215 5469 3458 5526 dormit:

1875 5565 1947 5619 ita
1980 5579 2142 5620 nemo
2181 5563 2286 5618 nisi
2313 5580 2378 5619 ex
2427 5561 2744 5619 inﬁrmitate
2781 5571 3074 5634 occupatus
3114 5563 3368 5630 moritur,
3407 5571 3465 5621 et

1873 5657 1976 5711 hoc
2001 5657 2073 5712 sit
2095 5656 2409 5722 dormitare,
2441 5655 2586 5725 quod
2613 5663 2698 5710 est
2723 5654 3039 5712 inﬁrmitate
3071 5655 3325 5726 deprimi.
3355 5652 3464 5710 Sed

1873 5749 2065 5805 melius
2112 5750 2245 5823 mibi
2295 5749 2532 5815 videtur,
2574 5749 2703 5819 quia
2751 5748 3000 5816 dixerat,
3047 5748 3461 5804 dormitaverunt

1873 5858 2070 5913 omnes,
2127 5831 2687 5924 utintelligeremus,
2725 5845 2851 5914 quia
2905 5843 2969 5900 de
3027 5853 3218 5898 mortis
3270 5852 3464 5896 somno

2189 5985 2258 6001 Ὧς
