4016 6354
578 284 687 342 848

1373 283 1433 340 S.
1475 279 1838 339 PASCHASII
1881 280 2231 338 BADBI'ZRTI
2270 277 2562 336 ABBATIS
2595 271 3050 334 CORBEIENSIS
3667 287 3742 343 su

585 401 801 478 103‘.
824 402 1170 474 loquebatur,
1219 402 1340 457 ideo
1383 403 1650 472 reperisse
1688 401 2046 456 dormierunt.
2096 400 2176 455 Ac
2203 407 2254 468 Α
2282 398 2402 454 ideo
2428 397 2737 468 implebitur
2767 403 2892 450 tunc
2924 391 3051 450 illud
3077 393 3444 472 propheticum,
3468 395 3581 463 Quia
3603 401 3746 459 turbati

580 498 628 554 si
656 496 881 566 diceret,
910 496 1031 552 ideo
1066 493 1408 551 dormierunt
1435 495 1562 565 quia
1597 508 1747 561 mox,
1775 502 1834 548 ut
1864 492 2070 548 clamor
2095 490 2177 546 fa-

581 599 705 646 ctus
735 598 839 655 est,
880 596 1238 645 surrexerunt
1283 602 1475 644 omnes
1513 602 1578 643 ac
1622 588 1688 643 de
1717 600 1928 642 somno.
1964 583 2028 639 Et
2062 585 2178 640 lucc

581 692 667 742 est
699 698 864 740 causa
909 697 1082 754 quare
1129 681 1350 750 dixerit,
1386 680 1852 748 dormitaverunt;
1883 678 2008 750 quia
2055 685 2180 750 post

582 777 780 850 mortis
819 791 1096 844 somnum,
1143 791 1335 830 omnes
1364 782 1721 830 surrexerunt
1749 773 1816 827 ad
1855 786 2045 827 vocem
2081 771 2176 827 Dei

579 867 836 936 viventis,
875 877 930 924 et
955 865 1023 922 ad
1057 868 1239 922 tubam
1271 864 1618 937 archangeli;
1664 865 1755 921 ubi
1784 853 2072 919 manifeste
2097 864 2177 918 in-

581 959 762 1016 sinuat
784 959 924 1030 quod
949 975 1110 1014 nemo
1131 971 1214 1014 est
1245 959 1337 1030 qui
1365 959 1532 1024 vivat,
1565 959 1657 1029 qui
1692 973 1796 1012 non
1822 958 2005 1012 videat
2035 971 2177 1012 mor-

580 1062 712 1110 tem.
753 1052 822 1108 Et
851 1053 972 1107 ideo
1015 1051 1133 1106 ait:
1171 1052 1593 1106 Dormitarerunt
1627 1068 1824 1115 omnes,
1857 1061 1907 1106 et
1949 1051 2178 1105 dormie-

581 1152 725 1199 runt.
756 1141 1060 1198 Prudentes
1106 1141 1320 1197 scilicet
1357 1151 1413 1196 et
1457 1139 1658 1206 fatuae,
1707 1156 1897 1197 omnes
1937 1141 2174 1197 dormie-

579 1243 728 1291 runt.
773 1233 909 1288 Ecce
935 1234 1108 1288 media
1155 1244 1303 1288 nocte
1343 1231 1544 1286 clamor
1567 1233 1738 1302 [actus
1781 1244 1877 1288 est.
1923 1232 2061 1301 Quid
2093 1243 2178 1290 est

582 1328 757 1384 media
775 1327 968 1383 nocte?
983 1305 1288 1398 improvide
1303 1327 1523 1396 quando
1539 1341 1645 1380 non
1669 1341 1824 1396 spera
1835 1335 1942 1392 tur,
1960 1326 2178 1398 quando

577 1419 802 1476 omnino
835 1435 941 1475 non
973 1419 1236 1474 creditur.
1269 1416 1494 1473 Noctem
1525 1433 1655 1489 ergo
1687 1419 1868 1488 posuit
1903 1435 2002 1490 pro
2032 1421 2178 1490 igno-

579 1513 778 1578 rantia,
807 1513 936 1585 quia
967 1513 1148 1568 subito
1179 1511 1305 1578 erit,
1337 1521 1392 1566 et
1424 1511 1580 1582 quasi
1623 1511 1946 1582 intempesta
1994 1520 2172 1579 nocte,

577 1605 798 1676 quando
835 1605 1191 1682 gravissimus
1232 1620 1397 1676 sopor
1425 1612 1511 1658 est
1552 1605 1762 1660 securis
1803 1603 2077 1670 onmibus,
2119 1613 2178 1658 ut

571 1695 687 1769 jam
720 1713 884 1769 supra
913 1697 1118 1753 dictum
1165 1706 1269 1751 cst.
1305 1696 1460 1752 'l‘uuc
1486 1712 1584 1768 per
1625 1695 1942 1767 angelorum
1974 1695 2176 1752 clamo-

2280 498 2400 544 sunt
2437 505 2614 543 omnes
2652 487 2953 560 insipientes
2991 484 3148 540 corde
3185 483 3347 555 (Psal.
3375 503 3514 553 Lxxv,
3553 489 3616 554 6).
3647 491 3750 552 Etsi

2279 593 2552 648 quaareres
2574 577 2786 648 quare?
2814 575 2940 648 quia
2963 573 3098 630 nihil
3119 575 3401 632 invenerunt
3430 593 3579 634 omnes
3603 583 3679 637 viri
3693 585 3756 640 di-

2279 672 2523 726 vitiarum
2559 672 2613 726 in
2642 671 2886 727 manibus
2915 669 3025 724 suis
3058 667 3265 741 (Ibid.),
3293 671 3406 742 quia
3438 672 3586 730 nullas
3613 676 3756 752 horum

2278 779 2502 835 operum
2529 763 2780 819 lucernas
2819 762 2871 817 in
2919 759 3170 816 manibus
3197 761 3495 818 habuerunt.
3536 764 3665 834 Unde
3687 767 3765 825 bo»

2280 855 2498 912 minus:
2529 853 2646 911 Sint
2693 853 2858 909 lumbi
2901 854 3061 909 vestri
3101 854 3386 924 prmeincti,
3422 865 3466 911 et
3493 855 3678 914 lucerna:
3701 879 3764 915 ar-

2281 951 2460 1005 dentes
2488 952 2540 1004 in
2573 951 2813 1006 manibus
2842 949 2994 1024 (Luc.
3026 965 3122 1015 xu,
3154 949 3263 1022 35).
3303 951 3604 1024 Quapropter
3623 956 3657 1012 si
3681 958 3768 1026 quis

2283 1044 2451 1098 habet
2481 1044 2720 1098 animam
2755 1041 3094 1113 virginalem,
3133 1051 3188 1098 et
3211 1053 3408 1100 amator
3431 1054 3506 1101 est
3527 1051 3768 1104 aeternitati-

2287 1145 2375 1199 tae,
2409 1149 2514 1189 non
2539 1133 2906 1189 mediocribus
2949 1133 3021 1188 sit
3048 1142 3348 1198 contentus,
3385 1149 3495 1204 qua:
3520 1135 3611 1191 cito
3641 1135 3773 1192 exole—

2284 1240 2436 1286 scant
2456 1231 2734 1302 operibus,
2768 1244 2836 1284 ne
2863 1227 3001 1284 forte
3024 1244 3146 1300 quae
3169 1228 3407 1284 videntur
3423 1228 3549 1284 bona
3574 1246 3664 1300 pra:
3683 1247 3773 1286 cau-

2285 1332 2430 1378 mate
2476 1332 2748 1402 arescant.
2781 1323 2851 1378 Et
2899 1339 3022 1378 cum
3052 1323 3282 1396 cmperit
3317 1321 3472 1394 judex
3517 1325 3777 1397 singulorum

2283 1415 2558 1472 discutere
2578 1415 2967 1482 conscientias,
3002 1415 3279 1486 lampades
3297 1428 3412 1486 quae
3439 1415 3706 1474 videbantur
3723 1415 3781 1471 lu-

2281 1525 2426 1575 cere,
2455 1509 2637 1565 subito
2665 1509 3103 1581 exstinguuntur.
3133 1508 3268 1579 Quia
3295 1519 3414 1580 post
3444 1509 3782 1564 resurrectionis

2282 1601 2446 1666 diem,
2485 1600 2633 1656 nulla
2657 1601 2763 1656 erit
2787 1600 2900 1672 jam
2924 1603 3269 1674 promerendi
3296 1599 3530 1666 facultas,
3552 1599 3640 1656 nisi
3658 1601 3780 1671 quod-

2282 1709 2494 1765 cunque
2531 1694 2884 1749 seminaverit
2911 1694 3074 1752 homo
3103 1695 3157 1753 in
3189 1693 3292 1750 hac
3331 1694 3458 1758 vita,
3488 1703 3602 1748 tunc
3627 1701 3672 1748 et
3704 1708 3783 1746 me-

576 1805 694 1845 rem
718 1799 774 1845 et
799 1789 956 1844 tubas
981 1787 1402 1860 przecedentium
1429 1789 1691 1843 virtutum
1721 1787 1928 1843 Christi
1954 1803 2176 1844 resona-
2204 1780 2255 1840 Β
2284 1795 2362 1840 tet
2397 1785 2450 1839 in
2485 1784 2594 1840 illa.
2623 1785 2688 1840 Et
2713 1785 2832 1842 ideo
2877 1784 3280 1858 responderunt
3306 1783 3578 1864 prudentes
3603 1788 3648 1836 et
3673 1781 3783 1834 dixe-

529 1948 540 1960 ,
578 1885 673 1940 bat
698 1884 982 1939 adventus.
1019 1882 1135 1938 Hoc
1174 1898 1412 1952 namque
1442 1881 1561 1937 loco
1597 1883 1789 1937 beatus
1816 1880 2180 1953 Hieronymus

578 1991 700 2032 esse
751 1975 1100 2031 traditionem
1143 1973 1455 2030 Iudaeorum
1501 1976 1633 2030 dicit
1667 1974 1945 2030 Christum
2001 1973 2178 2030 media

583 2076 746 2123 nocte
767 2076 1058 2122 venturum
1086 2067 1139 2120 in
1167 2067 1582 2122 similitudinem
1615 2065 1858 2142 [Egyptii
1892 2066 2176 2137 temporis,

581 2161 799 2232 quando
835 2170 964 2216 tunc
991 2155 1202 2217 Pascha
1245 2160 1582 2216 celebratum
1620 2169 1727 2227 est,
1763 2169 1819 2215 et
1847 2159 2180 2215 extermina-

579 2261 669 2309 tor
707 2253 891 2309 omnia
935 2255 1207 2328 percussit
1248 2253 1609 2325 primogenita
1652 2251 2066 2325 Egyptiorum,
2123 2261 2180 2308 et

580 2345 878 2416 pertransit
915 2344 1182 2402 Dominus
1219 2344 1569 2400 tabernacula
1593 2360 1714 2415 qua:
1751 2343 1875 2414 agni
1913 2345 2180 2415 sanguine

578 2436 798 2495 fuerant
839 2450 1180 2498 consecrata.
1214 2438 1367 2495 Unde
1391 2439 1628 2494 aestimat
1658 2437 1800 2493 idem
1832 2437 2026 2492 doctor
2065 2437 2181 2491 exi.

579 2531 740 2597 mius,
772 2547 839 2586 ex
875 2531 1170 2587 traditione
1221 2531 1519 2601 apostolica
1564 2529 1914 2585 descendisse
1946 2544 2010 2584 ac
2048 2544 2179 2600 pcr-

581 2623 847 2678 mansisse
869 2623 955 2678 die
981 2621 1289 2695 vigiliarum
1318 2621 1561 2685 Pascha),
1595 2627 1653 2674 ut
1700 2635 1805 2674 non
1837 2628 1964 2673 ante
2003 2618 2180 2672 noctis

582 2713 818 2767 medium
849 2713 1105 2784 populum
1139 2713 1416 2768 dimittere
1448 2711 1629 2776 liceat,
1673 2719 2056 2782 exspectantes
2086 2708 2181 2764 ad-

582 2812 805 2857 ventum
841 2802 1065 2870 Christi,
1107 2813 1168 2858 ut
1213 2813 1498 2874 postquam
1532 2801 1662 2857 illud
1707 2810 1919 2872 tempus
1955 2800 2183 2855 transic-

582 2891 678 2957 rit,
717 2893 964 2949 securius
1009 2893 1192 2948 cuncti
1249 2903 1581 2964 praesumant
1627 2893 1768 2946 diem
1816 2891 2009 2946 festum
2049 2905 2206 2962 per-~

580 2998 766 3056 agere.
802 2983 958 3042 Unde
987 2994 1044 3040 et
1069 2984 1356 3040 Psalmista
1396 2986 1611 3040 dicebat
1637 2999 1651 3038 :
1684 2984 1861 3038 Media
1887 2993 2034 3037 nocte
2062 2998 2181 3036 sur-

578 3077 762 3148 gebam
785 3076 854 3130 ad
885 3077 1240 3146 conﬁtendum
1268 3076 1362 3131 tibi
1388 3075 1560 3148 (Psal.
1590 3090 1778 3136 cxvm,
1816 3074 1928 3144 62).

2285 1888 2411 1934 runt
2436 1898 2446 1932 :
2478 1877 2561 1934 Ne
2580 1879 2715 1950 forte
2735 1896 2837 1934 non
2857 1879 3078 1951 sufﬁciat
3104 1879 3252 1934 nobis
3274 1889 3323 1934 et
3344 1876 3498 1944 vobis,
3517 1874 3727 1946 itepotius
3743 1873 3789 1926 ad

2283 1973 2583 2036 uendentes,
2606 1984 2653 2026 et
2688 1973 2842 2027 emite
2871 1972 3034 2028 vobis.
3062 1973 3408 2044 Nequaquam
3445 1969 3594 2044 igitur
3617 1966 3792 2039 virgines

2285 2067 2404 2120 ist-ae
2444 2064 2796 2120 mediocriter
2833 2064 3129 2135 prudentes
3176 2062 3502 2121 aestimanda;
3531 2068 3670 2125 sunt;
3701 2073 3794 2128 quo-

2285 2158 2434 2212 niam
2466 2156 2550 2212 ltte
2595 2165 2722 2212 sunt
2748 2173 2868 2227 qum
2893 2166 3260 2228 opportunum
3289 2166 3491 2228 tempus
3521 2149 3735 2226 operandi
3757 2149 3794 2204 in

2284 2251 2593 2324 semetipsis
2632 2258 3024 2318 servaverunt',
3065 2250 3284 2322 quando
3333 2249 3386 2303 in
3426 2247 3589 2320 primo
3628 2255 3797 2302 occursu

2283 2341 2550 2397 Dominici
2595 2340 2900 2408 adventus,
2947 2340 3175 2396 multtnn
3218 2339 3321 2396 sibi
3374 2339 3541 2396 oleum
3583 2331 3797 2392 cliaritatis

2284 2441 2746 2490 coacervaverunt
2786 2432 2839 2487 in
2885 2433 3208 2504 corporibus
3255 2432 3390 2500 suis,
3437 2441 3490 2488 et
3531 2441 3798 2506 parpar-ave-

2285 2537 2414 2582 runt
2436 2533 2621 2583 secum
2655 2543 2890 2600 semper,
2917 2542 3039 2598 quae
3065 2527 3402 2600 sempiterna
3431 2536 3570 2598 sunt,
3609 2532 3656 2578 et
3683 2519 3799 2576 cule-

2285 2618 2390 2673 stia
2413 2627 2772 2685 amaverunt;
2797 2628 2854 2673 et
2881 2635 3009 2684 non,
3037 2618 3180 2673 sicut
3206 2619 3391 2684 fatum,
3418 2615 3657 2672 dissolute
3673 2622 3715 2668 et
3735 2625 3798 2665 ne-

2285 2712 2550 2784 gligentes
2581 2714 2858 2782 vixerunt,
2887 2727 3008 2782 qua:
3038 2721 3252 2768 tantum
3293 2709 3620 2784 przesentium
3654 2704 3800 2760 sollici-

2287 2803 2525 2858 tudinem
2555 2803 2860 2858 habuerunt
2889 2810 2944 2859 et
2975 2818 3191 2870 curam,
3219 2803 3559 2858 immemores
3575 2796 3804 2870 promisso.

2286 2913 2406 2952 miti
2445 2897 2575 2962 Dei,
2616 2898 2668 2954 in
2705 2896 2905 2956 nullam
2937 2911 2996 2952 se
3043 2897 3468 2953 resurrectionis
3497 2909 3630 2964 spem
3668 2898 3805 2945 exten-

2286 2990 2501 3046 derunt.
2531 2989 2599 3044 Et
2627 2999 2806 3046 tamen
2855 3005 2962 3069 nec
2991 2991 3128 3046 adeo
3153 2989 3529 3061 imprudentes
3553 2991 3699 3044 erant,
3719 2979 3808 3034 licet

2286 3089 2344 3136 et
2373 3079 2535 3136 fatua:
2575 3091 2776 3144 essent,
2816 3090 2875 3136 ut
2914 3097 3020 3138 non
3056 3081 3431 3156 intelligerent
3455 3077 3684 3152 quoniam
3721 3084 3806 3126 cum

657 3165 803 3224 Tunc
833 3180 1174 3224 surrexerunt
1221 3187 1398 3225 omnes
1440 3171 1664 3242 uirgines
1704 3169 1831 3236 illa’,
1872 3178 1922 3224 et
1959 3185 2178 3224 ornaue-
2205 3153 2256 3220 α
2287 3170 2490 3227 lumine
2505 3173 2772 3228 bonorum
2790 3189 3016 3245 operum
3031 3153 3304 3228 debebant
3327 3175 3404 3228 ire
3426 3171 3624 3227 obviam
3643 3175 3809 3238 sponsor

583 3271 704 3318 runt
741 3261 1010 3334 lampades
1055 3279 1199 3318 suas.
1232 3262 1535 3336 Lampades
1576 3273 1756 3318 autem
1797 3280 1824 3317 a
1861 3263 2052 3318 Graeco
2091 3261 2178 3318 di-

587 3360 808 3418 cuntur,
847 3353 990 3424 quod
1016 3363 1122 3420 est,
1144 3354 1366 3428 λάμψαι,
1398 3355 1450 3410 id
1481 3365 1584 3421 est,
1615 3364 1700 3410 est
1725 3373 1755 3410 a
1781 3354 2068 3427 splendore
2096 3352 2183 3411 vel

585 3440 816 3518 fulgore.
869 3445 1023 3502 Unde
1062 3447 1356 3518 Apostolus
1388 3447 1472 3519 (Il
1515 3447 1638 3504 Cor.
1693 3451 1789 3522 tv).
1841 3447 1902 3503 ‘0
1933 3453 2090 3506 εἰπὼν
2121 3452 2181 3507 in

583 3541 800 3600 a'xdrwt'
832 3546 937 3613 φῶς
974 3538 1199 3613 λάμψαι,
1239 3539 1290 3595 id
1332 3548 1415 3596 est
1443 3538 1671 3613 fulgere.
1714 3539 1917 3597 Omnes
1960 3541 2180 3612 quidem

582 3641 961 3696 surrexerunt,
997 3632 1089 3686 sed
1119 3631 1222 3687 illm
1248 3641 1458 3687 tantum
1495 3645 1811 3688 ornaverunt
1841 3635 2052 3708 fulgore
2081 3649 2180 3690 suo

583 3721 859 3792 lampades
885 3739 1034 3790 suas,
1073 3739 1195 3796 quae
1219 3723 1398 3780 oleum
1431 3740 1616 3780 secum
1645 3735 1937 3798 antequam
1979 3727 2180 3782 dormi-

585 3821 706 3866 rent
728 3823 1056 3884 acceperant
1085 3817 1137 3870 in
1169 3816 1330 3872 vasis.
1365 3816 1446 3872 Ex
1466 3833 1575 3888 quo
1598 3817 1776 3874 nitore
1799 3818 1988 3890 gratizr
2013 3836 2179 3874 orna-

582 3914 778 3959 verunt
800 3905 1028 3978 singula:
1049 3923 1277 3979 qumque
1304 3924 1500 3966 sensus
1521 3927 1671 3978 suos,
1700 3913 1754 3966 in
1779 3912 1978 3983 quibus
1998 3913 2179 3968 oleum

582 3995 826 4054 scientiae
855 3999 971 4062 Dei,
996 4009 1052 4056 et
1079 4017 1246 4073 opera
1275 4003 1562 4060 charitatis
1589 4005 1968 4071 reconderant,
1999 4015 2058 4059 ut
2087 4007 2182 4060 ha-

581 4089 772 4144 berent
803 4105 968 4160 opera
999 4090 1262 4148 virtutum
1294 4092 1348 4146 iu
1390 4093 1640 4148 manibus
1667 4095 1801 4158 suis,
1834 4093 2033 4164 quibus
2055 4106 2181 4150 ante

581 4188 843 4236 aeternum
878 4183 1119 4254 judicent
1150 4183 1514 4257 refulgerent;
1549 4185 1794 4255 quinimo
1841 4187 1908 4240 ab
1953 4202 2019 4241 eo
2057 4202 2181 4256 per-

585 4284 844 4344 ceperunt
894 4275 1237 4346 splendorem
1293 4277 1517 4346 glorite,
1567 4277 1652 4332 cui
1705 4279 2182 4334 commendaverat

582 4368 724 4424 bona
759 4368 903 4424 facta
951 4385 1068 4424 sua.
1113 4373 1180 4425 Et
1222 4371 1342 4426 ideo
1389 4370 1722 4442 singulorum
1770 4371 2016 4441 deposita
2049 4380 2179 4428 tunc

583 4462 834 4518 restituet
863 4477 1026 4518 verus
1065 4461 1262 4529 Iudex,
1305 4463 1445 4534 apud
1473 4479 1632 4533 quem
1674 4478 1782 4517 non
1811 4473 1898 4518 est
1931 4463 2181 4520 exinani-

2286 3271 2340 3320 et
2357 3279 2548 3319 omnes
2573 3264 2850 3336 lampades
2872 3280 2998 3320 suas
3014 3265 3222 3320 habere
3247 3263 3592 3318 illmninatas.
3615 3255 3812 3316 Videbam

2283 3358 2432 3418 enim
2461 3359 2719 3430 quoniam
2772 3358 2952 3415 minus
2986 3358 3270 3416 habebant
3305 3357 3482 3428 oleum
3512 3353 3625 3412 boui
3663 3347 3810 3421 operit.

2285 3451 2412 3522 quia
2438 3465 2504 3505 ex
2535 3450 2620 3506 his
2650 3467 2760 3506 non
2797 3459 3055 3506 curarent
3084 3451 3218 3506 dum
3270 3460 3486 3523 tempus
3519 3447 3627 3502 fuit.
3653 3444 3704 3500 Et
3729 3440 3814 3496 ideo

2276 3543 2390 3615 jam
2424 3541 2914 3616 propinquantibus
2946 3542 3214 3611 tenebris,
3248 3534 3530 3616 lampades
3557 3554 3661 3612 qute
3684 3535 3813 3590 lucere

2284 3636 2437 3707 prius
2470 3633 2815 3702 videbantur,
2847 3633 2958 3690 suis
2984 3632 3051 3689 ad
3083 3643 3310 3707 tempus
3339 3633 3548 3708 gaudiis
3581 3629 3813 3685 illustrant.

2283 3726 2750 3792 obscurabantur,
2802 3725 2927 3796 quia
2983 3725 3284 3783 deﬁciebat
3318 3727 3499 3782 oleum
3532 3712 3814 3794 iucunditatis

2284 3827 2337 3872 et
2387 3816 2625 3884 lmtitite;
2665 3815 2954 3888 oleumque
3000 3818 3324 3888 peccatoris
3381 3833 3488 3873 non
3520 3807 3817 3888 permulcebat

2283 3926 2394 3972 eas,
2448 3923 2624 3979 neque
2672 3907 2869 3964 alienis
2900 3907 3152 3964 laudibus
3194 3918 3420 3964 mentes
3459 3920 3634 3963 eorum
3662 3891 3818 3972 1036

2287 3997 2778 4072 impinguebantur.
2860 3999 2968 4055 Sed
3031 4000 3346 4071 prudentes
3413 3999 3540 4072 quia
3598 3993 3818 4078 prudentes

2283 4104 2461 4160 erant,
2511 4097 2673 4150 etiam
2723 4095 3018 4166 prudenter
3050 4095 3184 4149 dant
3219 4108 3550 4166 responsum
3577 4109 3591 4145 :
3624 4087 3691 4144 Nc
3723 4083 3814 4156 {om

2286 4204 2388 4242 non
2431 4188 2652 4262 sufﬁciat
2689 4188 2836 4247 nobis
2874 4199 2922 4244 et
2972 4189 3136 4244 vobis.
3173 4189 3320 4258 Quia
3372 4190 3427 4245 in
3483 4187 3572 4243 illo
3612 4174 3820 4239 tremendo

2285 4281 2536 4336 examine
2560 4297 2722 4336 nemo
2745 4280 3071 4354 gloriabitur
3091 4297 3150 4336 se
3175 4292 3401 4338 castum
3427 4298 3526 4338 cor
3550 4279 3738 4338 habere,
3753 4280 3824 4324 nec

2286 4375 2400 4430 suis
2437 4373 2539 4428 sibi
2587 4372 2836 4429 suﬂicere
2876 4373 3108 4439 meritis,
3143 4388 3364 4446 quanto
3403 4373 3576 4446 magis
3601 4367 3706 4424 aliis
3737 4363 3829 4416 dare

2285 4467 2500 4533 debeat,
2535 4467 2660 4536 quia
2709 4483 2815 4522 non
2855 4466 2963 4522 erit
2996 4467 3136 4522 forte
3171 4468 3328 4540 quod
3374 4464 3622 4522 omnibus
3665 4449 3825 4512 satism-

583 4562 699 4610 tum
722 4554 901 4610 oleum
928 4569 1140 4619 eorum,
1171 4556 1264 4627 qui
1293 4556 1342 4610 ei
1377 4555 1764 4610 commiserant
1798 4554 2055 4610 virtutum
2087 4571 2178 4610 or-
2207 4531 2259 4590 D
2283 4559 2597 4631 intelligunt
2629 4573 2865 4631 namque
2890 4558 2944 4613 in
2991 4557 3082 4614 illo
3125 4559 3400 4616 examine
3429 4556 3616 4612 alienis
3637 4541 3832 4620 operiiv"s

582 4655 862 4704 namenta.
891 4647 967 4703 Ex
1005 4649 1201 4718 quibus
1242 4649 1474 4720 receptis
1509 4665 1539 4703 a
1573 4647 1799 4704 Domino
1827 4665 1948 4704 cum
1997 4665 2180 4715 resurg-

579 4751 708 4812 gent
735 4743 1007 4797 ornabunt
1027 4757 1086 4800 se
1116 4743 1260 4798 intus
1291 4743 1344 4798 in
1376 4743 1706 4798 conscientia
1733 4759 2033 4814 sensusque
2062 4745 2179 4800 ani-

583 4846 686 4887 mae
727 4831 1011 4888 sustollent
1036 4833 1105 4888 ad
1155 4833 1244 4888 illa
1273 4842 1478 4888 :nterna
1513 4834 1730 4902 gaudia.
1763 4836 1889 4904 quia
1919 4835 2181 4891 videbunt

581 4930 857 4994 gestorum
904 4937 1091 4992 opera,
1125 4937 1246 4992 quae
1287 4938 1316 4974 a
1366 4921 1592 4977 Domino
1623 4923 1751 4978 olim
1793 4925 2181 4981 commiserant

582 5023 876 5087 antequam
909 5015 960 5070 in
993 5025 1222 5070 mortem
1249 5014 1408 5069 irent.
1444 5016 1507 5070 At
1533 5033 1650 5071 vero
1681 5017 1844 5088 fama:
1865 5017 2077 5090 1035
2092 5036 2180 5074 sa-

580 5107 842 5180 pientibus
874 5108 1166 5163 dixerunt:
1203 5107 1338 5162 Date
1368 5109 1514 5163 nobis
1553 5109 1617 5162 de
1660 5107 1774 5164 oleo
1822 5119 2008 5174 vestro,
2054 5109 2181 5180 quia

581 5198 853 5271 lampades
880 5211 1073 5254 nostra:
1111 5201 1534 5270 exstinguuntur.
1560 5197 1733 5254 Porro
1753 5214 1876 5269 quae
1904 5199 2182 5269 lampades

583 5308 712 5348 suas
757 5303 1065 5364 queruntur
1109 5293 1410 5364 exstingui,
1439 5292 1735 5347 ostendunt
1776 5307 1871 5347 eas
1921 5306 2180 5347 accensas

582 5383 860 5452 habuisse,
911 5396 966 5440 et
1017 5385 1373 5448 illuminatas,
1415 5393 1471 5437 et
1511 5399 1578 5437 ex
1606 5392 1764 5453 parte
1813 5397 1908 5440 eas
1952 5383 2174 5439 luxisse.

585 5473 693 5530 Sed
745 5477 870 5547 quia
917 5491 1022 5531 non
1074 5476 1386 5531 habuerunt
1435 5489 1601 5546 opera
1649 5484 1928 5545 perpetua,
1981 5475 2034 5530 id
2096 5485 2181 5530 est

584 5581 748 5638 opera
771 5569 1056 5625 cbaritatis
1078 5579 1317 5630 aeternae,
1356 5585 1457 5624 nec
1480 5568 1799 5624 indeliciens
1822 5568 2027 5635 lumen,
2057 5569 2178 5625 ideo

584 5659 1038 5732 exstinguuntur,
1085 5662 1214 5732 quia
1265 5661 1638 5734 temporaliter
1679 5668 1936 5734 egerunt,
1986 5669 2042 5718 et
2094 5677 2177 5718 re-

583 5747 979 5829 splenduerunt
1023 5754 1074 5807 in
1130 5755 1326 5810 sat-mdo
1373 5756 1632 5826 operibus
1681 5753 2057 5811 infructuosis.
2109 5753 2176 5810 Et

2283 4666 2346 4706 ac
2377 4649 2590 4705 meritis
2646 4648 2918 4705 nemiuem
2963 4647 3384 4718 adjuvandum;
3432 4645 3560 4718 quia
3607 4633 3832 4701 unicuique

2283 4743 2549 4814 lampadis
2591 4758 2702 4799 suae
2728 4741 2906 4798 oleum
2953 4741 3156 4797 habere
3188 4757 3438 4811 necesse
3467 4747 3570 4796 est.
3600 4737 3724 4804 Quas
3741 4727 3835 4782 hor-

2285 4844 2468 4892 tantur
2506 4844 2565 4889 ut
2601 4843 2729 4890 eant
2777 4834 2843 4890 ad
2886 4833 3198 4898 emendum,
3233 4834 3283 4888 si
3331 4832 3418 4887 vel
3465 4845 3587 4887 sero
3628 4821 3835 4893 iuniorum

2287 4928 2496 4984 meritis
2543 4936 2879 4993 sanctorum,
2908 4927 3002 4998 qui
3035 4935 3462 4984 consueverant
3501 4919 3738 4997 pecunias
3767 4908 3840 4963 00'

2288 5020 2418 5075 mini
2451 5020 2806 5086 distribuere,
2837 5020 2904 5074 ad
2935 5018 3085 5074 lucra
3125 5019 3451 5075 animarum
3486 5015 3683 5100 possint
3713 5008 3838 5074 impc'

2287 5121 2452 5179 trare,
2497 5112 2756 5182 deinceps
2783 5113 3071 5183 praeceptis
3101 5111 3198 5168 Dei
3236 5111 3625 5184 obsequendo,
3667 5111 3714 5158 ul
3754 5106 3844 5192 cui“

2285 5205 2598 5274 lampadum
2641 5203 2762 5262 luce
2803 5205 2986 5276 sponsi
3045 5205 3225 5276 digna:
3268 5203 3590 5259 efﬁciantur
3624 5199 3842 5251 oceurSlll-

2284 5293 2434 5350 Alias
2461 5304 2640 5350 autem
2665 5295 2876 5350 illarum
2917 5295 3184 5366 virginum
3213 5293 3539 5366 lampades,
3567 5305 3668 5345 non
3691 5277 3848 5368 exstin-

2286 5390 2590 5460 guebantur
2630 5396 2921 5459 antequam
2971 5387 3304 5452 dormirent,
3361 5386 3494 5458 quia
3541 5397 3644 5439 non
3670 5372 3846 5432 deerat“

2286 5481 2474 5538 laudes
2504 5481 2802 5538 hominum.
2839 5481 2944 5536 Sed
2971 5481 3096 5550 quia
3146 5495 3278 5534 cum
3329 5475 3694 5535 surrexerint,
3729 5470 3848 5521 ηειιιο

2284 5564 2369 5632 eSt
2401 5575 2493 5647 qui
2525 5575 2707 5630 laudet
2733 5590 2844 5642 eas,
2875 5571 3053 5628 omnis
3087 5572 3236 5629 enim
3287 5573 3464 5648 homo
3494 5579 3705 5626 causam
3730 5563 3846 5649 ειιιιιξ

2285 5665 2628 5724 solummodo
2658 5675 2783 5722 tunc
2813 5665 3188 5738 pertractabit.
3222 5661 3410 5720 Nemo
3443 5663 3628 5734 itaque
3645 5653 3756 5713 erit.
3782 5656 3850 5738 ίῐξιι

2288 5768 2414 5814 tunc
2442 5757 2507 5813 de
2545 5773 2602 5813 se
2654 5773 2758 5813 non
2807 5729 3027 5838 cogitet,
3069 5771 3229 5812 inemo
3253 5756 3354 5826 qui
3400 5729 3584 5810 oleum
3627 5729 3848 5802 adulando

3932 1693 3933 1710 ι

3931 1835 3933 1864 l

3931 2129 3933 2154 l

3931 2221 3933 2238 l
