4016 6354
142 264 232 327 845

901 258 1269 328 Exposmo'
1299 270 1367 327 1N
1406 272 1843 331 MAT'I‘HIEUM.
1868 304 1938 316 —
1972 274 2097 331 LIB.
2140 277 2228 340 χι,
2270 274 2421 333 CAP.
2462 274 2628 335 xxv.

3314 283 3422 339 846

142 388 341 445 vendat.
370 388 439 443 Et
483 386 607 443 ideo
634 398 921 459 cmperunt
955 390 1233 461 lampades
1271 390 1504 446 deiicere
1538 407 1605 446 ne
1634 391 1718 445 lu-
1744 400 1793 456 Α
1821 393 2092 461 quomodo
2152 394 2406 451 Christus
2460 412 2725 467 sponsus,
2776 409 2830 455 et
2887 398 3133 456 Ecclesia
3178 417 3322 471 uxor
3368 412 3428 460 et

147 491 329 540 eerent.
382 478 649 551 Tuncque
687 480 853 551 fatuae
898 491 1223 537 convertunt
1270 498 1329 538 se
1362 482 1430 537 ad
1480 483 1721 553 quinque

147 576 454 650 prudentes:
485 574 619 628 Date
654 574 802 630 nobis
827 576 891 630 de
932 575 1055 630 oleo.
1076 586 1265 631 uestro.
1298 577 1412 633 Hoc
1444 587 1714 647 quaerunt,

148 667 269 738 quod
310 673 713 729 consueverant
761 666 941 721 alieno
972 666 1094 721 oleo
1120 667 1325 733 lucere,
1371 677 1427 723 et
1470 685 1579 723 non
1621 685 1718 724 sua

148 756 340 829 propria
385 756 745 821 conscientia,
776 756 1089 826 alienasque
1114 758 1311 836 laudes
1340 775 1603 829 quaerere.
1635 760 1719 815 Ite

148 851 319 922 potius,
347 848 624 919 inquiunt,
671 848 742 903 ad
778 848 1077 917 uendentes,
1108 860 1155 905 et
1194 852 1347 908 emite
1388 853 1551 907 vobis.
1599 852 1716 908 Non

150 938 523 999 consulentium
556 940 696 996 forte
728 955 829 996 vox
851 949 937 999 est
964 943 1090 1010 ista,
1119 946 1214 1000 sed
1243 946 1586 1003 irridentium
1609 959 1714 1003 est.

148 1031 268 1100 Quia
310 1030 572 1102 sapientia
610 1039 734 1088 erat
768 1032 823 1087 in
868 1032 976 1088 illis
1030 1034 1354 1105 virginibus,
1391 1046 1447 1091 et
1498 1037 1620 1092 ideo
1665 1039 1718 1093 in

148 1122 329 1181 eisdem
359 1122 475 1193 ipsa
498 1122 824 1193 loquebatur
849 1125 1140 1194 sapientia,
1165 1143 1288 1197 quae
1310 1126 1474 1183 aliubi
1497 1128 1566 1183 de
1588 1130 1721 1185 stul-

149 1215 209 1269 tis
251 1213 465 1279 fatetur,
515 1212 631 1285 Ego
677 1215 734 1270 in
786 1215 1001 1271 interitu
1036 1228 1204 1272 uestro
1257 1218 1434 1273 ridebo
1468 1218 1650 1292 (Prov.
1677 1239 1714 1288 ι,

148 1308 247 1379 26).
270 1308 401 1375 Quid
428 1307 597 1380 igitur
625 1308 825 1365 mirum
851 1309 898 1365 si
919 1312 1197 1381 sapientes
1225 1312 1491 1369 irrideant
1518 1314 1713 1382 fatuas,

148 1422 257 1461 eum
283 1415 335 1461 et
361 1405 477 1477 ipsa
505 1406 771 1477 sapientia
811 1407 1148 1464 subsannare
1177 1425 1274 1465 eas
1306 1410 1718 1480 fatetur‘iQuid

150 1510 223 1556 est
247 1515 367 1570 ergo
390 1500 595 1564 dicere,
628 1498 712 1554 Ite
738 1500 809 1555 ad
847 1501 1162 1557 uendentes?
1186 1503 1310 1570 nisi,
1357 1506 1483 1575 quia
1528 1507 1606 1562 sic
1638 1507 1715 1563 fa~

148 1608 262 1650 cere
296 1594 671 1659 eonsuevistis,
699 1602 757 1649 et
797 1594 921 1649 ideo
956 1609 1062 1650 non
1092 1596 1307 1664 damus,
1355 1615 1419 1653 ne
1450 1599 1586 1669 forte
1613 1617 1716 1655 non

149 1686 349 1757 sufficiat
385 1686 534 1741 nobis
577 1696 626 1741 et
671 1686 833 1741 uobis.
876 1685 1266 1744 Verumtamen
1292 1692 1421 1746 etsi
1456 1691 1511 1745 in
1561 1701 1718 1763 parte

1823 500 2019 556 sponsa
2050 497 2291 542 vocetur.
2339 488 2475 555 Quia
2508 491 2613 546 etsi
2666 492 2849 547 vocari
2898 508 3187 563 possumus
3229 494 3429 554 fratres

1825 578 2059 644 Christi,
2089 588 2255 650 atque
2283 580 2377 636 lilii
2407 584 2521 647 Dei,
2541 599 2634 639 seu
2665 585 2718 639 in
2750 586 2981 641 invicem
3009 593 3065 641 et
3098 587 3198 658 ipsi
3229 587 3430 647 fratres

1824 687 1891 726 ex
1925 672 2036 727 Deo
2085 670 2265 729 Patre.
2307 674 2477 729 Nemo
2515 684 2703 739 tamen
2724 677 2863 733 alter
2888 693 3126 750 sponsus
3171 680 3431 740 Ecclesia

1824 780 1989 834 quam
2023 765 2183 823 Jesus
2216 766 2490 824 Christus.
2521 770 2672 826 Unde
2710 780 2767 826 et
2789 770 3031 828 Joannes
3061 773 3191 829 licet
3217 776 3431 833 amicus

1823 858 2009 927 sponsi
2034 858 2263 928 sit,.nou
2295 868 2470 915 tamen
2502 877 2757 933 sponsus,
2786 879 2887 920 nec
2911 864 3050 920 ullus
3083 875 3421 924 sanctorum.

1823 947 1891 1003 Et
1919 950 2041 1005 ideo
2084 952 2240 1007 valde
2282 955 2552 1010 occultum
2602 965 2709 1022 est,
2758 967 2813 1013 et
2852 957 3071 1016 diﬁicile
3117 962 3186 1015 ad
3227 962 3427 1021 intelli-

1822 1040 2056 1109 gendum
2098 1045 2371 1113 quomodo
2418 1047 2596 1103 anima
2637 1049 2872 1104 lmmana
2901 1052 3070 1107 verbo
3109 1053 3204 1109 Dei
3262 1069 3441 1128 copu-v

1821 1128 1963 1187 letnr
1988 1142 2047 1188 ut
2092 1149 2288 1204 sponsa
2325 1138 2415 1202 sit,
2453 1138 2539 1195 vel
2567 1142 2839 1210 quomodo
2866 1145 3303 1202 commisceatur.
3357 1148 3430 1205 Et

1826 1231 2007 1299 tamen
2037 1224 2103 1279 ad
2139 1227 2239 1283 has
2288 1230 2507 1299 nuptias
2534 1248 2693 1287 nemo
2733 1234 2835 1289 nisi
2862 1250 3063 1305 sponsa
3092 1236 3423 1308 ingreditur.

1821 1312 1962 1380 Quid
1989 1316 2135 1372 enim
2176 1318 2482 1377 mirabilius
2531 1338 2653 1377 eum
2699 1324 2771 1380 sit
2809 1325 2939 1381 illud
2970 1327 3131 1395 Deus,
3165 1332 3431 1404 quidquid

1820 1417 1907 1462 est
1928 1407 2216 1478 Christus;
2263 1413 2338 1468 sit
2366 1413 2455 1468 ille
2490 1414 2719 1472 Creator
2745 1427 2803 1474 et
2826 1418 2917 1473 illa
2949 1424 3219 1487 creatura,
3257 1434 3313 1480 et
3342 1438 3455 1485 se'.

1825 1500 2062 1556 cundum
2096 1503 2201 1558 hoe
2245 1503 2338 1561 ille
2366 1521 2599 1575 sponsus
2626 1518 2681 1563 et
2726 1509 2814 1564 illa
2867 1527 3100 1581 sponsa;
3133 1516 3218 1570 vel
3266 1518 3433 1575 viret

1824 1611 1964 1651 uxor
2010 1595 2259 1654 Christus
2301 1610 2357 1655 et
2393 1602 2655 1659 Ecclesia.
2693 1604 2849 1662 Unde
2884 1608 3325 1680 Apostolus-ait;
3363 1614 3431 1671 Et

1824 1695 1975 1741 erunt
2002 1687 2110 1742 duo
2140 1688 2195 1743 in
2225 1706 2385 1745 carne
2403 1709 2510 1747 una
2538 1692 2601 1763 (I
2631 1693 2751 1750 Cor.
2781 1714 2835 1754 vr
2854 1738 2869 1763 ,
2900 1698 3030 1768 16);
3060 1702 3207 1767 hoc,
3230 1705 3445 1776 inquit,

150 1778 212 1833 de
244 1778 349 1833 istis
375 1777 480 1833 dici
518 1786 746 1847 possunt
778 1778 906 1843 ista,
943 1794 1065 1849 quae
1090 1794 1306 1852 semper
1334 1781 1518 1838 laudes
1534 1760 1797 1839 amula-'B
1825 1793 2075 1846 magnum
2104 1788 2179 1835 est
2203 1791 2613 1851 sacramentum,
2643 1802 2738 1855 ego
2774 1798 2950 1844 autem
2980 1791 3101 1846 dico
3127 1794 3186 1847 in
3215 1793 3427 1852 Christo

148 1869 275 1924 torio
296 1870 462 1940 magis
497 1885 660 1939 quam
686 1884 816 1927 vere
846 1870 1049 1925 habere
1080 1872 1362 1927 hominum
1386 1873 1717 1941 maluerunt,

147 1961 298 2017 multa
331 1963 436 2017 alia
479 1974 608 2019 sunt
645 1965 931 2035 praesentis
965 1966 1091 2021 vita:
1126 1970 1436 2034 commoda,
1482 1985 1628 2025 cura:
1657 1986 1723 2027 ac

148 2056 542 2122 sollicitudines,
593 2073 695 2128 pro
736 2059 934 2128 quibus
979 2059 1328 2132 negliguntur
1349 2073 1569 2119 πίει-ηαξ
1598 2065 1722 2122 vita:

146 2147 369 2215 praemia,
402 2149 469 2203 ad
502 2163 641 2218 quas
686 2163 1074 2222 nonnunquam
1126 2153 1495 2211 interveniunt
1538 2167 1724 2227 torpor

145 2247 193 2294 et
217 2240 447 2311 ignavia.
496 2240 653 2299 [inde
680 2243 866 2309 credo,
903 2244 1050 2315 quod
1098 2261 1204 2301 non
1239 2247 1308 2302 de
1351 2249 1722 2307 adulatoribus

142 2332 304 2389 solum
349 2334 505 2400 dicat,
535 2350 724 2390 verum
751 2336 915 2391 etiam
944 2345 999 2392 et
1044 2338 1113 2394 de
1139 2340 1411 2405 omnibus,
1446 2342 1537 2413 qui
1578 2344 1721 2399 aliud

144 2427 321 2482 sectati
364 2435 511 2482 sunt.
559 2427 768 2496 Quibus
822 2429 1040 2496 dicitur,
1083 2432 1157 2487 ite
1197 2433 1381 2502 potius
1432 2435 1500 2489 ad
1543 2444 1720 2491 vestra

144 2515 378 2573 humanm
403 2519 533 2574 vita:
552 2529 813 2575 consueta
845 2521 1083 2594 negotia,
1110 2525 1163 2578 in
1193 2524 1392 2594 quibus
1428 2526 1609 2582 vivere
1632 2542 1720 2583 as-

145 2612 412 2677 suevistis,
464 2612 672 2668 idcirco
712 2615 993 2670 vobiscum
1044 2616 1226 2672 oleum
1268 2616 1504 2690 Spiritus
1548 2622 1721 2676 sancti

144 2716 235 2757 non
267 2703 487 2759 tulistis.
525 2703 891 2770 Quamobrem
923 2722 1029 2762 non
1071 2712 1284 2774 damus,
1328 2725 1397 2764 ne
1426 2708 1565 2764 forte
1613 2727 1720 2766 non

146 2791 353 2849 sulliciat
374 2794 538 2850 nobis
562 2805 614 2849 et
649 2796 822 2861 vobis,
851 2796 964 2867 jam
999 2800 1219 2868 quando
1249 2809 1462 2870 tempus
1492 2818 1599 2858 non
1637 2812 1725 2858 est

144 2884 414 2953 praestandi
449 2901 553 2942 nec
574 2888 786 2942 emendi
814 2888 928 2942 ulli.
956 2889 1023 2943 Et
1057 2890 1178 2944 ideo
1199 2891 1326 2945 dum
1354 2901 1487 2947 eunt
1515 2907 1717 2961 emere,

148 2974 337 3046 1037
364 2977 581 3033 eniendi
614 2977 728 3032 ulli.
760 2978 828 3033 Et
864 2979 985 3034 ideo
1014 2981 1142 3034 dum
1174 2991 1306 3036 eunt
1333 2998 1538 3049 emere,
1572 2986 1722 3040 venit

145 3077 388 3132 sponsus;
419 3066 474 3122 id
503 3077 607 3131 est.
632 3069 757 3125 dum
781 3080 1030 3139 quaerunt
1054 3087 1178 3129 sero
1202 3087 1386 3128 emere
1413 3075 1554 3144 quod
1571 3076 1723 3145 prius

142 3170 315 3225 parare
334 3160 725 3235 neglexerant;
759 3178 882 3219 eum
916 3177 1167 3234 quairnnt
1206 3183 1235 3221 a
1270 3168 1468 3238 quibus
1498 3168 1723 3224 lauden-

147 3256 241 3316 tur,
262 3253 400 3311 vela
420 3254 624 3326 quibus
653 3255 1025 3323 consolentur,
1063 3267 1116 3313 et
1150 3274 1255 3313 non
1288 3260 1601 3326 inveniunt,
1635 3276 1726 3315 ve-

143 3343 213 3401 nit
241 3360 504 3415 spousus,
546 3357 602 3403 et
639 3364 759 3419 qua:
801 3360 1003 3419 paratae
1041 3361 1199 3407 erant
1232 3352 1573 3409 intraverunt
1599 3370 1724 3410 cum

142 3448 201 3493 es
215 3438 279 3495 ad
300 3439 539 3509 nuptias,
561 3440 688 3509 quia
709 3441 789 3499 eis
816 3451 1002 3512 aperta
1030 3452 1116 3499 est
1132 3444 1315 3514 jauua.
1342 3446 1409 3500 Et
1430 3446 1724 3501 notandum

141 3529 273 3596 quod
292 3530 390 3596 ait,
415 3531 544 3601 quia
576 3533 710 3586 uenit
732 3550 978 3604 sponsus.
1010 3532 1145 3593 Nam
1184 3552 1367 3607 supra,
1399 3538 1587 3593 decem
1616 3539 1726 3593 vir-

143 3620 291 3690 gines
321 3627 566 3681 exierunt
594 3626 808 3683 obviam
839 3643 1039 3699 sponso
1069 3638 1124 3685 et
1160 3642 1397 3700 Sponsae,
1429 3630 1517 3685 hic
1543 3639 1723 3685 autem
1760 3668 1763 3673 ς

140 3714 281 3777 solus
316 3719 460 3777 seuit
508 3736 760 3791 sponsus.
801 3721 940 3789 Quid
972 3738 1103 3795 ergo
1145 3724 1272 3779 est?
1310 3725 1392 3779 vel
1440 3740 1549 3795 quo
1591 3725 1763 3780 abiit:

142 3820 344 3878 sponsa,
398 3828 521 3882 qua:
572 3816 726 3885 prius
769 3815 824 3875 in
876 3816 1062 3871 decem
1128 3818 1248 3872 istis
1305 3819 1544 3874 occurrit
1601 3834 1764 3873 cum.

142 3905 367 3970 δῃοηωῖ
406 3904 766 3978 Nequaquam
815 3917 970 3964 vacat
1017 3925 1046 3963 a
1102 3911 1384 3982 mysterio,
1423 3912 1567 3982 quod
1600 3922 1726 3966 tune
1759 3971 1763 3975 ,

142 3995 273 4050 venit
296 4013 421 4055 cum
455 4014 541 4061 eo,
579 4009 634 4055 et
683 4016 825 4057 nunc
873 4018 1052 4057 serum
1106 4004 1319 4058 divinus
1350 4014 1489 4059 tacet
1524 4006 1589 4059 de
1638 4019 1721 4072 ea.

140 4083 247 4142 Non
275 4091 461 4162 utique
486 4100 650 4155 tacet,
677 4092 772 4147 sed
798 4104 984 4164 aperte
1010 4095 1249 4165 loquitur
1277 4099 1344 4152 de
1372 4097 1463 4151 illa
1492 4100 1679 4155 dicens
1708 4113 1721 4150 :

140 4177 200 4233 Et
223 4198 334 4251 qut:
365 4194 579 4255 parata:
608 4196 758 4241 erant
796 4188 1123 4243 intrauerunt
1156 4206 1276 4244 cum
1308 4208 1369 4245 eo
1391 4192 1721 4262 altnuptias,
1758 4232 1769 4242 ι

138 4277 373 4341 quoniam
428 4278 549 4345 ipsa
574 4286 661 4334 est
686 4294 906 4349 sponsa,
939 4298 1060 4350 qute
1099 4283 1267 4337 intrat
1312 4299 1432 4338 cum
1464 4301 1553 4349 eo,
1585 4296 1721 4356 quo-
1764 4314 1771 4321 -

140 4365 266 4420 niam
288 4379 489 4438 parata
511 4377 655 4434 erat,
686 4379 740 4426 et
760 4387 871 4442 pne
895 4373 1063 4429 nimio
1088 4390 1273 4429 amore
1300 4378 1585 4432 eharitatis
1602 4394 1727 4448 per-

1824 1880 1873 1923 et
1911 1870 1969 1924 in
2015 1868 2257 1926 Ecclesia
2296 1872 2524 1943 (Ephes.
2551 1892 2610 1941 v,
2636 1878 2758 1949 52).
2789 1879 2903 1937 [loc
2942 1884 3144 1954 quippe
3171 1902 3424 1957 magnum

1826 1970 2249 2028 sacramentum,
2267 1979 2493 2036 magnus
2517 1967 2648 2023 dicit
2669 1970 2983 2040 Apostolus,
3000 1984 3054 2029 et
3075 1976 3196 2031 ideo
3214 1978 3432 2052 1088

1824 2067 1934 2107 non
1965 2052 2198 2124 quisque
2221 2057 2483 2113 continuo
2515 2060 2697 2130 novit,
2719 2076 2880 2131 quam
2908 2080 3167 2137 magnum
3197 2070 3267 2124 sit
3288 2073 3430 2140 quod

1824 2142 1977 2198 dicit.
2002 2142 2137 2199 Nam
2162 2161 2268 2216 qua
2296 2150 2625 2220 cognatione.
2644 2151 2755 2207 sint
2797 2154 2994 2212 fratres
3019 2156 3223 2215 Christi
3242 2176 3434 2221 omnes

1825 2235 2023 2300 sancti,
2054 2236 2309 2293 novimus
2357 2239 2482 2308 quia
2524 2257 2632 2297 non
2690 2249 3165 2319 consanguinitate
3192 2262 3430 2323 terrena,

1825 2329 1918 2380 sed
1965 2340 2031 2380 ex
2079 2328 2256 2398 gratia
2287 2330 2490 2395 divina,
2525 2333 2653 2402 quia
2690 2334 2908 2395 Patrem
2952 2339 3121 2396 Deum
3167 2345 3433 2405 habemus

1826 2433 1990 2473 unum
2015 2419 2070 2474 in
2099 2421 2272 2478 etelis.
2307 2424 2585 2490 Quamvis
2610 2429 2758 2485 enim
2783 2430 2876 2488 ille
2914 2433 2987 2489 sit
3026 2437 3279 2506 proprius
3329 2441 3425 2498 Dei

1824 2507 2017 2577 Filius,
2042 2519 2221 2570 tamen
2250 2530 2348 2585 per
2386 2518 2619 2588 gratiam
2661 2522 2989 2593 adoptionis,
3019 2543 3211 2587 omnes
3250 2536 3425 2591 sancti
3459 2526 3471 2538 ’

1825 2598 2024 2658 fratres
2053 2614 2200 2671 sunt,
2229 2608 2356 2677 quia
2389 2610 2493 2679 ipsi
2543 2622 2671 2669 sunt
2701 2614 2820 2671 filii.
2865 2615 3019 2676 Unde
3049 2636 3148 2692 per
3174 2627 3427 2684 eamdem

1826 2696 2055 2765 gratiam
2086 2699 2155 2753 ad
2210 2699 2442 2759 invicem
2490 2715 2618 2762 sunt
2668 2717 2725 2764 et
2774 2709 2877 2781 ipsi
2922 2712 3160 2784 fratres;
3196 2733 3430 2789 sponsus

1827 2796 2008 2843 autem
2056 2800 2377 2859 ceterorum
2420 2794 2565 2853 illius
2619 2800 2927 2871 societatis,
2974 2806 3154 2865 nullus
3215 2810 3427 2868 illorum

1825 2885 1932 2945 est,
1956 2892 2132 2971 neque
2163 2881 2267 2941 diei
2307 2892 2504 2953 potest.
2536 2886 2772 2948 Proinde
2804 2894 3083 2953 Christum
3128 2916 3290 2971 quam
3326 2918 3414 2959 ex-

1827 2966 2211 3035 cellentissime
2236 2971 2468 3041 justitiae
2509 2986 2670 3050 atque
2717 2983 2998 3055 sapientia:
3036 2966 3294 3061 sponsum
3333 3010 3424 3050 eo-

1828 3071 2053 3131 gnoscat
2081 3071 2136 3118 et
2164 3065 2490 3129 confiteatur
2517 3070 2779 3141 Ecclesia,
2808 3076 3132 3136 altissimum
3154 3094 3237 3139 est
3262 3085 3425 3142 scire.
3454 3100 3461 3103 ‘

1832 3151 1899 3205 Et
1947 3153 2387 3222 ideo_.i,eremias
2426 3161 2680 3231 dicebat,
2725 3174 2781 3222 et
2828 3168 2991 3226 homo
3038 3181 3159 3240 est,
3207 3188 3264 3232 et
3303 3181 3428 3249 quis
3516 3199 3521 3205 '

1830 3260 2121 3318 cognoscet
2151 3253 2315 3309 etim?
2348 3253 2493 3325 Ergo
2521 3258 2685 3314 homo
2712 3268 2828 3329 est,
2864 3272 2919 3318 et
2954 3265 3081 3323 inde
3119 3272 3428 3329 ostenditur

1829 3340 1956 3411 quia
1994 3340 2164 3405 frater
2192 3354 2279 3401 est
2322 3362 2389 3403 ac
2428 3352 2792 3419 cognoscitur.
2839 3354 2948 3412 Sed
2981 3360 3110 3429 quid
3158 3373 3243 3417 est
3278 3368 3424 3435 quod

1828 3431 1977 3496 dicit,
2027 3442 2081 3491 et
2134 3437 2259 3505 quis
2301 3451 2597 3509 cognoscet
2656 3446 2829 3501 enin?
2871 3447 3231 3521 Cognoscitur
3293 3431 3439 3513 vero

1827 3525 1957 3594 quia
2002 3526 2167 3585 homo
2216 3539 2342 3596 est,
2406 3544 2462 3589 et
2510 3535 2636 3605 quia
2697 3537 2905 3607 frater,
2973 3551 3029 3599 et
3082 3548 3208 3617 quia
3285 3550 3427 3608 Deus

1828 3626 1931 3683 est,
1997 3625 2095 3695 sed
2168 3624 2446 3681 occultum
2491 3639 2575 3684 est
2628 3631 2785 3689 valde
2852 3641 3127 3705 quomodo
3183 3657 3418 3712 sponsus

1826 3719 1934 3778 est,
1981 3713 2107 3784 quia
2136 3732 2390 3788 magnum
2417 3730 2501 3776 est
2545 3736 2946 3785 sacramentum
2974 3747 2988 3797 ;
3021 3742 3076 3789 et
3124 3742 3302 3807 tamen
3336 3738 3425 3796 ille

1828 3819 2082 3874 sponsus,
2107 3817 2161 3879 et
2183 3809 2272 3866 illa
2313 3828 2472 3869 uxor.
2524 3814 2675 3874 Unde
2716 3818 2956 3881 Joannes
3003 3827 3058 3883 in
3099 3828 3424 3904 Apocalypsi

1828 3911 1924 3959 sua
1961 3898 2134 3955 dicit:
2176 3900 2315 3968 Quia
2355 3919 2602 3964 uenerunt
2655 3915 2852 3983 nuptiis
2901 3920 3026 3989 agni
3064 3898 3259 3993 (Apoc.
3305 3898 3422 3993 six,

1831 3987 1917 4057 7),
1949 3990 2015 4045 de
2038 3993 2235 4060 quibus
2264 4012 2412 4054 nunc
2432 3999 2634 4057 dicitur
2658 4022 2671 4056 :
2700 4005 2767 4060 Et
2798 4024 2919 4078 qua:
2939 3987 3152 4081 pareite
3174 4030 3323 4074 erant
3345 3987 3427 4076 in;

1828 4093 2096 4142 tmuerunt
2150 4106 2268 4144 cum
2315 4107 2375 4146 eo
2421 4094 2493 4147 ad
2522 4099 2778 4167 nuptias;
2809 4106 3067 4174 quoniam
3101 4109 3157 4164 in
3189 4111 3276 4167 bis
3300 4128 3423 4169 om-

1829 4177 1989 4255 nibus
2008 4191 2127 4235 erat
2140 4198 2246 4238 una
2262 4182 2506 4242 Ecclesia
2537 4189 2729 4256 electa,
2755 4209 2861 4252 una
2878 4198 3126 4256 columba
3156 4205 3421 4274 speciosa,

1827 4286 2025 4341 sponsa
2054 4290 2157 4330 una
2183 4276 2441 4345 formosa,
2464 4281 2516 4336 in
2544 4287 2807 4357 sanguine
2830 4293 3014 4360 sponsi
3041 4294 3122 4349 sui
3152 4295 3421 4353 dealbata.

1828 4364 1960 4432 Quae
1988 4368 2114 4423 dum
2160 4369 2322 4428 fatua:
2350 4374 2528 4431 oleum
2556 4389 2617 4434 ut
2656 4380 2869 4438 luceant
2909 4388 3187 4459 lampades
3212 4407 3422 4463 earum,

138 4459 245 4529 ἤδη
290 4477 537 4533 semper,
582 4476 640 4518 et
664 4475 990 4533 pernoctans
1038 4467 1092 4521 in
1125 4469 1458 4529 orationibus
1495 4471 1721 4527 sollicita
1752 4504 1802 4580 ἰ)
1825 4456 1936 4528 iam
1962 4474 2085 4517 δεΓο
2105 4474 2236 4519 θηηῑ
2258 4480 2463 4535 emere.
2493 4471 2608 4539 ipsa
2644 4489 2767 4529 cum
2805 4479 3077 4538 universis
3106 4484 3218 4540 suis
3246 4502 3415 4542 mem-

140 4554 333 4580 ίηιιι-ᾹΑ
369 4555 584 4580 ..Α-ιε--.
645 4571 870 4580 ---ι-...----
950 4574 1059 4580 ..μμ
1088 4569 1129 4580 ι-
1151 4569 1196 4580 ι-
1250 4561 1352 4580 1-4
1376 4562 1499 4580 1,.-_
1568 4578 1578 4580 μ
1631 4565 1644 4580 ι
1831 4553 1941 4580 ιιηελ.
1972 4555 2134 4580 2.......ι
2178 4556 2243 4580 ,Δ
2275 4562 2482 4580 ---....εΑ-
2559 4564 2599 4580 n
2644 4565 2657 4577 α
3089 4577 3100 4580 -
3287 4578 3293 4580 _

140 4554 335 4615 (pta-do
369 4555 587 4611 veniret
644 4571 892 4626 sponsus,
944 4574 1062 4629 quae
1088 4569 1203 4614 toto
1241 4561 1527 4617 desiderio
1558 4565 1724 4621 anhe—

1830 4553 1944 4608 bris
1972 4555 2136 4637 intrat
2176 4556 2243 4611 ad
2275 4562 2510 4628 nuptias.
2556 4564 2692 4630 Quia
2720 4582 2883 4639 supra
2920 4577 3138 4643 quando
3179 4578 3429 4634 veniebat

138 4637 264 4707 laus,
291 4645 361 4699 ad
389 4660 525 4707 eum
554 4646 770 4705 amabat
788 4649 993 4704 venire.
1024 4648 1156 4703 Nam
1192 4651 1344 4719 prius
1374 4661 1431 4705 nt
1471 4652 1609 4708 filios
1637 4670 1728 4725 ge-

136 4745 335 4790 πει-πει
368 4738 496 4808 ipsa
523 4754 647 4793 cum
675 4754 875 4808 sponso
902 4742 1073 4806 venit,
1114 4750 1174 4796 ut
1204 4758 1298 4797 eos
1336 4744 1546 4813 genitos
1587 4747 1725 4800 infra

138 4831 331 4879 uterum
361 4828 698 4898 susciperet,
728 4839 943 4899 pareret
971 4840 1026 4886 et
1053 4833 1303 4888 nutriret.
1354 4834 1503 4889 Nunc
1545 4849 1724 4892 autem

137 4926 413 4988 resurgens
451 4936 484 4972 τι
522 4923 772 4993 mortuis,
803 4922 931 4977 dum
962 4924 1009 4978 ei
1050 4922 1217 4992 janna
1245 4927 1369 4981 vita:
1404 4940 1589 5005 aperta
1620 4938 1721 4991 est,

141 5000 351 5071 festinat
388 5013 520 5077 iiPia
534 5028 829 5077 occurrere
846 5032 1063 5086 Sponeo,
1096 5028 1145 5071 et
1177 5000 1726 5090 eumenen-nuptias,

134 5112 229 5166 quo
252 5101 418 5175 longe
452 5106 548 5167 diu
596 5107 820 5164 invitata
872 5109 1069 5171 fuerat.
1121 5112 1347 5168 intrare.
1393 5116 1461 5170 At
1484 5132 1610 5171 vero
1639 5118 1724 5172 illa

132 5204 238 5259 quas
262 5197 451 5259 minus
483 5211 785 5267 amaverat,
818 5220 939 5271 qum
963 5205 1106 5259 aliud
1134 5208 1256 5277 plus
1295 5208 1576 5271 dilexerat.
1607 5229 1727 5283 qua:

135 5282 299 5345 oleum
327 5290 629 5353 cliaritatis
654 5307 761 5348 non
808 5295 1090 5363 habuerat,
1123 5312 1243 5368 qua:
1289 5300 1340 5355 in
1373 5303 1558 5358 multis
1586 5282 1725 5359 solli-

134 5376 251 5445 cita,
295 5399 471 5443 unum
526 5389 970 5455 pnetermiserat,
1006 5391 1133 5446 dum
1182 5408 1304 5449 sero
1346 5399 1539 5466 quaerit
1584 5399 1636 5453 in
1666 5416 1724 5456 se

130 5463 313 5541 frigida
348 5479 641 5537 remansit.
686 5482 749 5535 Et
776 5483 898 5537 ideo
932 5500 1038 5540 non
1077 5487 1277 5542 dicitur
1301 5492 1447 5560 quod
1494 5495 1727 5549 emerint

130 5574 213 5632 aut
252 5572 577 5641 acceperint
602 5574 779 5631 oleum
826 5577 1078 5647 perfecta:
1106 5582 1425 5651 charitatis;
1459 5587 1584 5655 quia
1625 5602 1725 5642 nec

131 5651 232 5722 ipsa
278 5660 574 5732 inquisitio
620 5667 809 5737 procul
836 5670 1001 5726 dubio
1046 5687 1111 5727 ex
1164 5662 1358 5730 affectu
1405 5651 1572 5733 castae
1598 5679 1727 5733 dile-

129 5749 316 5811 CIionis
349 5754 481 5810 fuit.
517 5757 659 5830 Ergo
696 5760 913 5818 difficile
958 5774 1011 5817 et
1044 5781 1072 5819 a
1123 5770 1314 5835 paucis
1360 5771 1719 5839 cognoscitur,

1831 4661 1953 4699 cum
2008 4661 2228 4716 sponso,
2278 4650 2365 4704 cui
2419 4667 2777 4711 occurrerunt
2823 4660 3041 4718 obviam
3070 4664 3189 4719 istae
3234 4668 3420 4723 decem

1833 4736 2089 4807 virgines,
2122 4740 2261 4793 miro
2292 4743 2455 4797 modo
2472 4742 2585 4812 jam
2611 4761 2810 4816 sponsa
2859 4762 2980 4809 erat
3009 4763 3063 4809 et
3111 4757 3284 4829 virgo,
3311 4761 3424 4830 jam

1831 4829 2011 4884 dotem
2061 4833 2432 4900 sponsalitatis
2467 4852 2599 4901 sum,
2631 4849 2688 4895 et
2727 4842 2923 4915 pignus
2972 4860 3259 4919 acceperat
3305 4829 3427 4922 Spi-

1830 4921 1995 4975 ritum
2043 4934 2313 4980 sanctum.
2375 4926 2539 4985 Tunc-
2576 4932 2794 5002 quidem
2845 4938 3043 4995 divinis
3098 4944 3424 5001 subarrhata

1834 5017 2167 5085 muneribus,
2190 5037 2335 5078 nunc
2361 5039 2491 5079 vero
2508 5026 2640 5097 jam,
2679 5031 2821 5088 dono
2854 5034 3277 5094 immortalitatis
3306 5056 3429 5111 per-

1830 5117 2007 5177 cepto,
2038 5112 2179 5179 qum]
2228 5114 2382 5183 prius
2409 5132 2516 5171 non
2559 5129 2793 5188 poterat,
2817 5126 3057 5196 gaudens
3085 5128 3152 5183 ad
3198 5130 3422 5184 immor-

1830 5202 1967 5259 tales
2016 5205 2318 5275 ingreditur
2366 5212 2602 5281 nuptias.
2638 5215 2706 5270 Et
2757 5217 2938 5274 clausa
2965 5231 3043 5276 est
3070 5222 3263 5293 janua.
3306 5224 3351 5281 Ο
3375 5226 3422 5283 si

1828 5317 2020 5371 sapere
2066 5305 2337 5374 possimus
2394 5311 2573 5365 curdis
2612 5313 2822 5381 palato,
2874 5317 3033 5386 quale
3060 5322 3425 5389 ‘quantumve

1829 5398 2083 5468 gaudium
2105 5402 2226 5466 erit,
2257 5404 2733 5473 quamjucundum
2756 5419 2812 5464 et
2835 5426 2999 5481 quam
3026 5413 3266 5483 beatum,
3301 5418 3424 5489 quia

1830 5489 2056 5553 intrant,
2099 5500 2154 5545 et
2179 5508 2340 5562 quam
2371 5512 2615 5550 amarum
2658 5499 2789 5555 foris
2826 5506 3251 5573 remanentibus,
3300 5495 3471 5579 quia”

1832 5581 1983 5643 dicit,
2013 5582 2081 5636 Et
2103 5584 2284 5640 clausa
2313 5597 2387 5640 est
2402 5588 2601 5657 janua,
2627 5592 2715 5645 ubi
2745 5592 3001 5667 deinceps
3024 5600 3428 5657 nemointrabit

1833 5677 2019 5741 miser,
2062 5687 2119 5731 ut
2151 5680 2342 5735 beatus
2390 5680 2516 5736 fiat:
2548 5684 2613 5739 de
2643 5702 2746 5756 qua
2780 5702 2941 5745 nemo
2980 5693 3148 5749 exibit
3195 5695 3427 5752 ulterius

1826 5770 1963 5840 jam,
1996 5782 2052 5826 ut
2084 5782 2234 5828 extra
2269 5774 2592 5831 inveniatur.
2629 5778 2894 5844 Quoniam
2920 5785 3233 5855 confortauit
3276 5804 3423 5844 seras
