4016 6354
526 4467 537 4519 l.

527 4525 537 4590 ἱ

523 4639 539 4674 ι

605 323 709 387 8U

1435 319 1492 380 S.
1534 324 1893 382 PASCHASll
1929 321 2277 381 RADBEBTI
2316 320 2607 379 ABBATIS
2639 315 3089 380 COBBEIENSIS

3697 331 3774 390 ω

605 454 878 516 partarum
911 437 1097 510 (Psal.
1141 453 1341 504 cxcvn,
1395 439 1496 510 15)
1533 437 1676 495 illius
1721 439 1975 505 civitatis,
2034 441 2196 496 hene-
2225 444 2274 504 A
2300 448 2559 496 consuete
2610 437 2855 504 diceret;
2883 437 3024 493 sicut
3069 435 3228 493 homo
3275 433 3588 508 proﬁciscens
3619 448 3781 505 vocavit

601 536 741 594 dixit
761 548 952 591 omnes
987 533 1041 588 in
1070 547 1155 597 ea,
1187 541 1243 586 et
1289 531 1468 601 posuit
1505 547 1604 602 per
1631 547 1822 589 omnes
1870 532 2005 590 ﬁnes
2034 533 2152 604 ejus
2181 551 2196 601 ;

603 628 661 684 in
697 641 806 700 qua
854 639 1018 681 nemo
1064 622 1272 679 esuriet
1303 622 1480 689 ultra,
1528 624 1759 680 satiatus
1803 639 1870 680 ex
1902 625 2058 697 adipe
2087 626 2197 680 fru-

603 720 795 786 menti,
833 727 890 775 et
933 719 1112 776 omnis
1155 717 1433 775 beatitudo
1482 729 1698 774 aeternae
1727 719 1851 776 vitae
1877 719 2198 792 circumple-

601 814 769 870 ctitur
788 827 902 868 eos.

676 904 974 962 Novissime
1013 914 1189 960 autem
1235 904 1466 971 veniunt,
1497 915 1548 959 et
1583 903 1798 975 reliqua:
1846 905 2070 976 virgines
2114 905 2194 960 di-

601 1009 774 1056 centes
803 1014 822 1053 :
856 998 1101 1064 Domine,
1136 998 1377 1061 Domine,
1423 1000 1570 1068 aperi
1601 998 1768 1052 nobis.
1797 998 2010 1070 1039
2030 999 2192 1065 Ecce,

598 1105 662 1153 ut
689 1096 963 1160 dixeram,
995 1091 1158 1148 fatua:
1187 1093 1428 1162 virgines
1456 1108 1578 1163 qua:
1614 1094 1953 1148 transmissa:
1982 1091 2196 1147 fuerant

597 1187 667 1244 ad
690 1188 870 1244 oleum
892 1187 1344 1258 comparandum,
1382 1200 1488 1240 non
1532 1183 1844 1240 referuntur
1870 1184 2069 1239 emisse
2109 1184 2194 1240 vel

595 1281 893 1352 accepisse.
927 1280 1132 1336 Verum
1164 1278 1269 1334 hoc
1294 1277 1396 1333 sub
1417 1276 1635 1332 silentio
1654 1275 2042 1346 praetermisso,
2065 1276 2194 1346 quia

587 1371 708 1442 jam
758 1371 964 1428 nullum
1005 1379 1128 1426 erat
1175 1378 1388 1440 tempus
1431 1367 1669 1434 emendi,
1701 1368 1906 1423 dictum
1933 1375 2038 1432 est,
2068 1368 2192 1436 quia

590 1474 718 1537 post
736 1467 987 1531 veniunt,
1019 1479 1142 1520 cum
1171 1463 1440 1534 potuisset
1471 1462 1676 1526 dicere,
1706 1469 1892 1531 postea
1926 1469 2194 1515 venerunt

591 1567 816 1630 accepto
843 1558 984 1622 oleo,
1025 1557 1110 1613 vel
1139 1564 1475 1628 comparato.
1519 1553 1626 1609 Sed
1655 1554 1784 1624 quia
1816 1569 1922 1608 non
1966 1553 2190 1609 invene-

590 1657 738 1714 rant,
764 1647 1154 1704 convenienter
1177 1647 1309 1702 illud
1339 1645 1507 1707 siluit,
1536 1659 1606 1699 ne
1631 1641 1960 1698 habentibus
1987 1640 2188 1706 oleum,

587 1741 675 1798 vel
703 1743 757 1797 in
784 1749 1031 1798 extremo
1055 1739 1380 1796 ornantibus
1417 1736 1693 1806 lampades
1742 1751 1892 1801 suas,
1941 1735 2184 1791 diceret:

2303 546 2489 588 servos
2536 547 2665 588 suos
2691 549 2703 586 :
2752 530 2826 586 ita
2852 541 2908 586 et
2948 530 3091 587 ﬁlius
3115 528 3362 598 nominis,
3391 543 3473 586 aut
3494 545 3635 600 certe,
3666 537 3722 592 ita
3743 553 3780 596 et

2301 640 2419 694 ego,
2449 625 2703 696 quoniam
2727 623 2845 694 ipse
2881 632 2965 679 est
3017 625 3176 679 homo
3219 625 3590 696 paterfamilias,
3628 633 3702 703 qui
3733 638 3781 694 ad

2297 716 2518 772 Patrem
2565 725 2690 788 post
2729 716 3185 774 resurrectionem
3239 720 3406 776 victor
3452 725 3679 791 ascendit,
3717 729 3783 797 qui

2298 807 2508 864 vocatis
2559 807 2731 864 servis
2779 808 2916 872 suis,
2948 807 3003 864 id
3051 815 3140 864 est
3179 810 3441 880 apostolis,
3485 813 3673 870 tradidit
3712 817 3786 874 illis

2298 897 2600 952 doctrinam
2629 896 3025 967 evangelicam,
3065 907 3122 953 et
3171 899 3440 970 pecuniam
3483 904 3612 958 verbi
3647 905 3785 962 divini.

2298 987 2417 1042 Alia
2447 1003 2575 1042 vero
2601 987 2932 1060 exemplaria
2956 988 3177 1053 habent,
3205 989 3340 1044 sicut
3373 990 3504 1045 enim
3543 992 3676 1048 homo
3705 1011 3789 1065 per-

2298 1092 2428 1148 egre
2479 1077 2714 1144 futurus,
2758 1079 2973 1134 vocavit
3007 1094 3195 1134 servos
3237 1094 3378 1136 suos.
3418 1080 3621 1155 Peregre
3641 1095 3789 1150 autem.

2296 1170 2420 1240 quia
2438 1171 2801 1242 captivitatem
2826 1180 3065 1226 nostram
3089 1187 3188 1226 sua
3208 1171 3357 1228 duxit
3377 1174 3642 1240 virtute,ac
3659 1177 3692 1230 si
3709 1193 3792 1248 per-

2297 1264 2614 1335 egrinando,
2631 1265 2917 1335 captivam.
2938 1264 3043 1321 Sed
3069 1265 3410 1336 quaerendum
3433 1268 3666 1338 quomodo
3682 1272 3792 1340 quasi

2297 1355 2617 1427 peregrinus
2646 1357 2823 1411 abiit?
2873 1355 3006 1412 Cum
3051 1357 3166 1427 ipse
3197 1358 3261 1413 de
3289 1373 3347 1414 se
3392 1359 3498 1414 suis
3537 1362 3794 1431 repromiuit

2294 1445 2594 1516 discipulis,
2625 1445 2737 1518 Ego
2767 1447 3031 1501 uobiscum
3061 1463 3178 1500 sum
3208 1447 3438 1503 omnibus
3473 1449 3648 1514 diebus,
3682 1467 3796 1520 usque

2293 1537 2363 1591 ad
2412 1538 2915 1592 consummationem
2971 1538 3154 1593 saeculi
3185 1537 3410 1609 (Matth.
3443 1556 3583 1605 xvtn,
3624 1540 3720 1608 20).
3754 1540 3800 1594 Et

2293 1629 2424 1687 illud
2456 1650 2469 1686 :
2501 1630 2605 1686 Ubi
2631 1631 2826 1702 fuerint
2870 1632 2975 1686 duo
3027 1632 3106 1686 rel
3133 1643 3238 1688 tres
3279 1635 3557 1705 congregati
3580 1634 3627 1687 in
3649 1634 3797 1688 nomine

2292 1739 2428 1788 meo,
2473 1723 2546 1776 ibi
2569 1739 2687 1777 sum
2715 1740 2807 1794 ego
2837 1724 2891 1778 in
2919 1724 3091 1778 medio
3117 1740 3319 1778 eorum.
3350 1724 3416 1780 Et
3446 1723 3571 1778 illud
3597 1723 3797 1779 lcannis:

589 1833 784 1890 Nescio
807 1852 920 1898 vos,
951 1850 1073 1904 qua:
1107 1833 1258 1889 estis.
1287 1830 1400 1887 Nec
1430 1831 1575 1886 enim
1607 1830 1866 1886 scribitur
1892 1830 2183 1900 quodcum

2295 1813 2504 1869 Medius
2535 1825 2760 1869 vestrum
2789 1824 2892 1869 stat
2932 1831 3085 1885 quem
3115 1832 3202 1870 vos
3233 1816 3438 1870 nescitis
3465 1814 3634 1887 (Ἱοαη.
3665 1811 3796 1880 1,26).

587 1926 800 1982 ornatis
856 1924 1200 1996 lampadibus
1251 1923 1544 1988 venerint;
1577 1922 1704 1993 quia
1755 1921 1940 1977 nescio
1988 1922 2032 1977 si
2066 1922 2181 1978 ﬁeri

584 2025 793 2087 posset,
825 2025 887 2072 ut
907 2031 1146 2085 unquam
1170 2015 1378 2070 diceret
1403 2031 1417 2068 :
1460 2013 1652 2068 Nescio
1681 2030 1788 2080 ros,
1841 2014 1970 2084 quia
1998 2014 2181 2069 chari-

587 2117 673 2166 tas
696 2109 839 2166 Deus
880 2109 1071 2180 plenas
1097 2109 1368 2164 charitate
1407 2108 1646 2179 virgines
1696 2123 1971 2176 nunquam
2027 2124 2184 2178 repu-

587 2200 812 2267 diasset,
855 2216 1032 2271 neque
1062 2215 1122 2256 se
1157 2200 1411 2272 ignorare
1445 2199 1692 2254 dixisset.
1735 2197 2058 2254 Novitcuim
2081 2198 2186 2254 Do-

587 2296 767 2351 minus
818 2310 914 2351 eos
969 2302 1178 2350 tantum
1233 2294 1325 2364 qui
1356 2303 1485 2349 sunt
1513 2291 1668 2361 ejus;
1699 2307 1794 2347 eos
1836 2302 2014 2347 autem
2046 2308 2184 2362 quos

586 2386 844 2460 reprobat
871 2387 1058 2457 utique
1093 2387 1347 2458 ignorat;
1379 2385 1505 2454 quia
1534 2394 1590 2440 et
1631 2385 1731 2456 ipsi
1776 2384 2065 2440 noluerunt
2124 2397 2185 2441 ut

587 2481 787 2546 decuit,
809 2494 1138 2550 cognoscere
1171 2479 1359 2534 Deum.
1391 2477 1457 2532 Et
1481 2477 1603 2533 ideo
1629 2477 1834 2532 dictmn
1863 2485 1968 2542 est,
1991 2478 2034 2532 si
2059 2477 2182 2548 quis

581 2574 799 2644 ignorat
836 2572 1193 2644 ignorabitur.
1228 2568 1408 2625 Nescit
1435 2569 1579 2624 enim
1612 2569 1872 2624 Dominus
1900 2571 2182 2638 operarios

585 2663 909 2736 iniquitatis,
941 2679 1045 2719 nec
1071 2662 1336 2734 approbat
1371 2659 1650 2732 reprobos.
1682 2659 1891 2715 Idcirco
1921 2659 2046 2715 licet
2072 2661 2181 2714 vir-

579 2757 734 2828 gines
756 2757 884 2818 sint,
923 2757 1088 2812 etiam
1131 2755 1427 2812 secundum
1460 2768 1702 2816 carnem,
1747 2753 1820 2807 ita
1859 2763 1918 2807 nt
1945 2753 2013 2809 de
2051 2769 2179 2808 cor-

577 2849 731 2922 poris
755 2850 1014 2920 puritate,
1041 2864 1143 2903 nec
1160 2864 1264 2903 non
1283 2856 1338 2902 et
1357 2846 1478 2901 ﬁdei
1503 2843 1842 2900 confessione
1858 2845 2176 2915 glorientur,

582 2949 765 2996 tamen
801 2940 927 3011 quia
957 2939 1137 2995 oleum
1176 2956 1280 2995 non
1333 2938 1537 2994 habent
1573 2937 1814 2994 scientia:
1841 2938 1934 2992 Dei
1965 2945 2021 2992 ct
2049 2938 2180 2993 cha-

578 3032 780 3098 ritatis,
811 3030 1010 3087 sufﬁcit
1055 3031 1135 3086 eis
1182 3031 1248 3086 ad
1291 3045 1506 3101 penam
1551 3029 1694 3100 quod
1735 3030 2059 3099 ignorantur
2108 3031 2176 3085 ab

579 3139 801 3198 sponso.
829 3125 899 3180 Et
926 3125 1048 3180 ideo
1073 3124 1127 3178 in
1160 3124 1264 3179 hac
1290 3122 1572 3194 parabola,
1613 3121 1736 3176 linis
1766 3121 1911 3176 verbi
1945 3122 2047 3177 iste
2069 3130 2176 3186 est,

2290 1907 2444 1975 Quod
2474 1909 2516 1962 si
2558 1922 2772 1978 semper
2801 1908 3054 1962 onmihus
3080 1909 3192 1963 suis
3216 1918 3306 1964 est
3332 1922 3574 1980 praesens,
3594 1906 3798 1976 quomodo

2293 1999 2642 2056 introducunt
2663 2017 2786 2058 eum
2809 2000 3081 2072 parabolae
3120 2003 3548 2072 proﬁciscentem
3585 2000 3656 2054 vel
3687 2013 3795 2068 pere-

2291 2093 2643 2163 grinantem?
2671 2093 2784 2148 Nisi
2809 2094 2935 2164 quia
2967 2095 3270 2149 secundum
3299 2095 3442 2165 quod
3472 2091 3802 2163 unigenituscst

2290 2183 2386 2238 Dei
2409 2183 2582 2240 Filius
2605 2202 2672 2241 ex
2696 2194 2889 2240 natura
2915 2185 3096 2241 Patris
3119 2183 3358 2241 Verbum
3383 2194 3437 2240 et
3458 2183 3799 2254 Sapientia,uon

2289 2293 2554 2349 corporeo
2583 2279 2787 2335 ambitu
2838 2280 3312 2348 circumcluditur,
3365 2280 3456 2337 sed
3495 2279 3669 2350 ubique
3707 2287 3803 2331 totus

2287 2380 2342 2427 et
2372 2388 2633 2443 praesens,
2682 2375 2736 2430 in
2783 2391 2888 2445 qua
2941 2390 3222 2447 nunquam
3267 2375 3621 2447 peregrinatur
3646 2381 3800 2426 natura.

2287 2464 2674 2538 Peregrinatur
2703 2476 2882 2522 autem
2932 2468 3237 2524 secundum
3269 2465 3692 2538 dispensationem
3723 2476 3804 2516 cor-

2283 2560 2433 2629 poris
2459 2569 2513 2615 et
2557 2562 2944 2632 proliciscitur,
2978 2578 3101 2619 cum
3159 2563 3309 2618 Deus
3359 2561 3587 2630 homo,in
3616 2557 3737 2614 ctelis
3758 2553 3803 2608 ad

2286 2650 2567 2707 dexteram
2619 2651 2796 2709 Patris
2843 2654 3158 2710 collocatur.
3204 2654 3324 2711 Nec
3372 2655 3450 2710 sic
3493 2649 3805 2708 introducimus

2285 2745 2420 2800 duas
2449 2763 2726 2818 personas,
2760 2758 2819 2803 ut
2845 2748 3120 2805 Feliciana
3145 2749 3374 2807 haeresis
3407 2748 3528 2812 vult,
3547 2743 3803 2815 nequedum

2283 2836 2549 2904 Christus,
2569 2849 2664 2895 aut
2699 2841 2835 2896 duos
2864 2841 3025 2905 ﬁlios,
3056 2841 3149 2898 sed
3180 2858 3355 2897 unum
3384 2840 3560 2896 Iesum
3581 2837 3804 2897 Christum,

2283 2943 2558 2999 unumque
2598 2930 2693 2986 Dei
2724 2941 2779 2986 et
2809 2933 3044 2989 hominis
3064 2934 3266 3001 lilium,
3297 2933 3582 2989 secundum
3619 2927 3804 2985 div-inita.

2282 3031 2391 3078 tem
2431 3033 2606 3090 suam,
2635 3021 2835 3097 uh'ique
2869 3037 3215 3097 praesentem,
3254 3037 3313 3084 et
3362 3025 3639 3083 secundum
3663 3023 3800 3076 huma-

2283 3115 2508 3170 nitatem
2531 3118 2597 3172 ad
2620 3116 2835 3173 Patrem
2849 3120 3263 3176 ascendentem.
3288 3119 3400 3177 Nec
3419 3121 3588 3190 itaque
3612 3114 3804 3171 solvimus

586 3181 814 3288 iigilate
843 3215 1038 3287 itaque,
1068 3213 1194 3284 quia
1224 3181 1435 3268 nescitis
1462 3211 1601 3265 diem
1631 3227 1794 3282 neque
1827 3211 2031 3265 horam.
2061 3209 2178 3266 Hoc
2205 3181 2251 3245 C
2284 3207 2559 3264 hominem
2589 3226 2619 3264 a
2647 3209 2774 3275 Deo,
2811 3227 2986 3282 neque
3015 3211 3257 3268 Verbum
3281 3231 3311 3269 a
3356 3181 3535 3270 carne.
3566 3208 3681 3278 Quia
3723 3201 3807 3257 Ver-

577 3319 663 3366 est
682 3308 826 3380 quod
857 3323 1019 3379 supra
1041 3306 1156 3376 jam
1187 3306 1422 3372 dixerat,
1471 3315 1530 3360 ut
1577 3313 1800 3377 paratus
1845 3305 1915 3360 sit
1960 3320 2178 3376 semper

580 3400 975 3472 unusquisque.
1017 3398 1153 3466 Quia
1187 3398 1254 3453 ad
1288 3399 1392 3454 hoc
1437 3413 1537 3453 nos
1581 3398 1796 3454 nescire
1821 3395 1992 3452 voluit
2031 3396 2173 3451 diem

580 3493 760 3549 exitus
807 3491 1001 3556 nostri,
1034 3499 1094 3545 ut
1119 3491 1406 3562 vigilemus
1453 3490 1657 3555 animo,
1709 3497 1764 3545 et
1799 3489 1972 3560 parati
2004 3487 2176 3543 simus

579 3594 872 3657 antequam
894 3583 1180 3640 claudatur
1199 3581 1390 3651 janua.
1419 3582 1559 3638 Ecce
1579 3583 1648 3638 de
1669 3581 1775 3636 ﬁne
1791 3581 1994 3645 saeculi,
2010 3590 2175 3651 (piam

575 3677 808 3734 diversae
837 3675 1258 3733 introducuntur
1282 3674 1574 3746 parabolae.
1623 3673 1758 3730 Nam
1805 3691 1968 3746 supra
1997 3671 2173 3744 angeli

575 3769 867 3827 mittuntur
892 3768 986 3841 qui
1011 3766 1266 3839 colligant
1313 3766 1581 3822 zizaniam
1608 3782 1675 3822 ex
1717 3781 1849 3837 agro
1888 3765 2174 3838 przesentis

577 3864 852 3927 Ecclesiae,
881 3871 939 3920 et
975 3863 1191 3919 tradant
1221 3863 1331 3934 igni
1363 3863 1431 3918 ad
1458 3864 1906 3928 comburendum,
1933 3863 2171 3918 triticum

574 3970 791 4027 quoque
813 3964 1142 4028 congregent
1169 3954 1224 4009 in
1248 3954 1505 4010 horreum
1526 3953 1758 4009 Domini.
1789 3953 1886 4010 Hic
1915 3969 2046 4010 vero
2072 3953 2172 4008 sub

572 4047 678 4102 alia
728 4045 902 4118 ﬁgura
955 4047 1142 4103 decem
1187 4056 1566 4117 proponuntur
1618 4047 1879 4118 virgines,
1935 4047 2173 4118 quinque

575 4139 738 4198 fature
785 4149 842 4196 et
889 4141 1131 4213 quinque
1178 4140 1494 4210 prudentes.
1526 4138 1634 4195 Sed
1675 4139 1775 4195 sub
1814 4139 1918 4194 alia
1967 4141 2171 4210 specie,

575 4235 816 4310 quinque
847 4233 1168 4299 clamantes,
1219 4232 1465 4296 Domine,
1521 4231 1769 4297 Domine,
1816 4231 2168 4304 repelluntur,

575 4336 633 4383 et
662 4311 902 4399 quinque
949 4325 1159 4382 ornatis
1208 4325 1548 4395 lampadibus
1601 4324 1984 4380 admittuntur.
2018 4324 2174 4381 Sicut

573 4427 631 4474 et
664 4419 719 4475 in
744 4418 866 4474 aliis
893 4418 1066 4474 tribus
1085 4417 1360 4488 parabolis
1389 4425 1558 4484 retro,
1591 4415 1720 4473 licet
1764 4416 2002 4482 brevius,
2036 4417 2169 4473 nihil

2281 3301 2402 3357 bum
2438 3320 2563 3358 caro
2591 3305 2793 3376 factum
2828 3316 2904 3361 est
2958 3307 3154 3378 (Joan.
3188 3325 3237 3374 ι,
3274 3308 3402 3378 14),
3446 3303 3674 3376 quoniam
3710 3295 3804 3353 scri-

2280 3406 2432 3468 ptum
2455 3407 2540 3453 est
2583 3401 2725 3471 apud
2777 3399 3041 3456 Joannem
3076 3419 3089 3456 :
3123 3400 3317 3458 Omnis
3360 3401 3568 3472 spiritus
3609 3389 3808 3468 quisolrit

2280 3489 2483 3556 Iesum,
2509 3507 2612 3546 non
2636 3502 2712 3546 est
2749 3509 2815 3547 ea:
2847 3491 2954 3548 Deo
2985 3493 3049 3565 (Ι
3077 3492 3248 3549 Joan.
3284 3511 3359 3558 tv,
3398 3493 3491 3565 5);
3517 3501 3567 3547 et
3592 3491 3690 3544 ideo
3709 3485 3806 3538 Deus

2279 3590 2333 3637 et
2369 3583 2530 3637 homo
2558 3599 2698 3640 unus
2727 3595 2808 3639 est
2833 3584 3104 3641 Christus.
3135 3583 3338 3642 Unitas
3359 3596 3536 3642 autem
3563 3579 3805 3640 divisionem

2281 3690 2386 3730 non
2425 3676 2615 3748 recipit
2661 3694 2838 3750 neque
2895 3679 3249 3747 solutionem,
3295 3681 3524 3750 ideoque
3565 3677 3612 3732 in
3650 3670 3804 3729 Christo

2279 3784 2535 3839 magnum
2587 3780 2673 3825 est
2715 3780 3142 3826 sacramentum.
3201 3773 3350 3842 Quia
3399 3781 3458 3826 et
3487 3770 3650 3825 unitas
3674 3765 3716 3821 in
3749 3773 3805 3821 θον

2277 3878 2548 3934 personas,
2608 3864 2915 3919 veneranda
2974 3873 3078 3930 est,
3115 3875 3170 3920 et
3221 3865 3520 3934 unicuique
3563 3851 3807 3916 substantia

2276 3956 3000 4027 proprietasconservanda.
3050 3957 3108 4013 Si
3146 3966 3342 4015 autem
3384 3955 3559 4013 omnis
3594 3954 3726 4008 homo
3747 3942 3808 4014 qui

2275 4047 2626 4121 conjungitur
2644 4049 2896 4114 Domino,
2926 4066 3068 4106 unus
3099 4051 3334 4120 spiritus
3364 4053 3668 4118 est,quanto
3686 4036 3804 4105 magis

2275 4141 2438 4197 homo
2469 4141 2579 4210 ille,
2633 4158 2797 4214 quem
2842 4143 3138 4199 secundum
3176 4141 3637 4215 dispensationem
3681 4127 3806 4188 carris

2272 4232 2524 4291 Christus
2583 4236 2866 4308 suscepit,
2930 4251 3038 4291 non
3094 4245 3180 4292 est
3242 4235 3544 4292 solvendus
3583 4218 3810 4290 aheolllli

2273 4327 2513 4398 suscepit
2571 4343 2716 4392 eum,
2768 4343 2867 4383 nec
2907 4327 3047 4384 alter
3086 4327 3402 4384 dicendus?
3444 4323 3688 4395 Quoniam
3722 4313 3812 4369 Ver-

2272 4415 2392 4470 bum
2438 4434 2561 4473 caro
2591 4418 2790 4489 factum
2837 4429 2934 4486 est,
2963 4418 3202 4475 uniendo
3232 4419 3342 4475 sibi
3371 4435 3495 4474 eam
3529 4417 3704 4472 virtute
3726 4419 3809 4464 sua.

572 4521 755 4570 tamen
789 4528 983 4570 sensus
1005 4511 1311 4568 futurarum
1339 4497 1519 4567 rerum
1552 4511 1872 4582 inaequalius
1901 4513 2163 4567 variatur.
2192 4547 2246 4608 Β
2277 4506 2484 4581 1041
2515 4516 2571 4565 et
2601 4509 2722 4564 ideo
2746 4526 2885 4565 unus
2923 4517 3006 4566 est
3046 4509 3328 4578 Christus,
3361 4523 3604 4584 unusque
3632 4503 3711 4559 Dei
3747 4495 3810 4554 Fi-

571 4603 775 4660 Deinde
815 4603 870 4659 in
900 4604 1003 4659 hac
1049 4602 1327 4674 parabola,
1378 4619 1541 4674 quam
1584 4602 1745 4674 paulo
1791 4612 1912 4675 post
1948 4604 2163 4674 exposi-

530 4699 534 4740 l
570 4694 681 4750 turi
736 4709 946 4760 sumus,
989 4693 1149 4766 longe
1187 4692 1294 4748 alia
1336 4693 1603 4750 formatur
1627 4702 1684 4749 et
1722 4696 2076 4751 adumbratur
2101 4695 2163 4750 ﬁ-

570 4803 724 4862 gura,
757 4787 1006 4860 quamvis
1035 4785 1378 4844 manifestior
1414 4787 1683 4843 videatur.
1735 4787 1792 4842 lu
1824 4789 2018 4858 quibus
2047 4804 2157 4844 om«

570 4883 751 4947 nibus,
781 4898 889 4938 non
937 4881 1148 4938 diversa
1191 4880 1608 4936 introducantur
1632 4879 1858 4949 judicia,
1889 4881 1983 4937 sed
2024 4897 2162 4938 unus

569 4991 640 5031 ex
667 4974 918 5030 omnibus
965 4975 1055 5028 vix
1113 4972 1437 5043 exprimitur
1476 4972 1700 5028 terroris
1751 4973 1886 5037 dies,
1937 4981 1992 5028 et
2025 4973 2159 5027 tanti

570 5067 899 5123 discriminis
925 5081 1112 5122 causa.
1143 5067 1209 5120 Et
1247 5066 1370 5120 ideo
1407 5067 1583 5121 adhuc
1615 5067 1716 5120 alia
1748 5067 1900 5137 quasi
1931 5067 1997 5121 de
2022 5083 2162 5138 prte-

569 5160 718 5226 latis,
763 5161 961 5232 quibus
1011 5161 1219 5216 credita
1266 5169 1395 5216 sunt
1439 5159 1653 5229 eloquia
1692 5160 1808 5227 Dei,
1847 5163 2168 5231 proponitur

572 5252 941 5324 comparatio;
959 5260 1018 5306 ut
1036 5250 1197 5307 simul
1218 5265 1408 5306 omnes
1431 5258 1538 5305 tam
1556 5259 1796 5306 rectores
1817 5268 1979 5321 quam
1995 5252 2163 5324 plebs,

568 5344 696 5415 quia
745 5343 1024 5416 ignoratur
1058 5343 1273 5416 ι,οω
1307 5342 1502 5414 judicii
1535 5343 1672 5410 dies,
1725 5342 1956 5399 sollicite
2011 5345 2166 5402 nobis

569 5433 753 5490 lumen
770 5443 824 5489 et
838 5434 1049 5491 lucrum
1074 5433 1338 5490 bonorum
1365 5450 1590 5505 operum
1614 5449 2005 5506 praeparemus,
2039 5451 2164 5493 nec-

569 5527 699 5584 dum
743 5527 1017 5584 nescimus
1063 5526 1225 5597 judex
1274 5528 1474 5584 veniat.
1516 5525 1673 5584 Unde
1699 5527 1980 5598 sequitur:
2015 5527 2160 5584 Sicut

567 5620 710 5674 enim
733 5620 888 5676 homo
909 5635 1120 5691 peregre
1140 5619 1495 5690 proficiscens,
1527 5619 1724 5675 vocarit
1743 5635 1919 5675 servos
1943 5635 2090 5686 suos,
2112 5631 2160 5674 et

571 5710 791 5766 tradidit
817 5710 921 5767 illis
957 5711 1093 5766 bona
1119 5728 1238 5766 sua.
1269 5710 1414 5767 Nova
1442 5710 1659 5783 quidem
1689 5719 1746 5768 et
1774 5710 2028 5767 inusitata
2080 5711 2158 5766 lo-

571 5801 735 5857 cutio.
772 5801 883 5860 Nec
911 5804 1051 5860 enim
1097 5802 1304 5860 reddita
1350 5803 1565 5859 videtur
1594 5805 1862 5861 sermonis
1904 5805 2061 5872 ratio,
2101 5813 2158 5858 ut

2273 4601 2396 4667 lius,
2435 4617 2572 4656 unus
2588 4611 2643 4657 et
2668 4603 2903 4658 hominis
2943 4603 3103 4659 ﬁlius.
3139 4603 3244 4672 Qui
3276 4604 3549 4676 profecto,
3578 4596 3809 4658 secundum

2270 4693 2412 4763 quod
2453 4694 2690 4750 hominis
2731 4694 2889 4761 ﬁlius,
2933 4711 3159 4769 peregre
3187 4697 3576 4767 proﬁciscens,
3611 4691 3689 4748 uni
3711 4681 3816 4743 dedit

2269 4783 2508 4855 quinque
2557 4785 2777 4852 talenta,
2824 4786 2914 4842 alii
2948 4796 3130 4842 autem
3176 4789 3312 4855 duo,
3369 4789 3464 4845 alii
3511 4803 3633 4843 vero
3671 4791 3811 4837 unum.

2271 4879 2581 4961 unicuique.
2613 4890 2793 4936 autem
2825 4883 3121 4938 secundum
3170 4884 3468 4955 propriam
3519 4878 3817 4938 virtutem,“

2270 4970 2544 5041 profectus
2565 4979 2650 5026 est
2677 4971 2883 5027 statim.
2915 4971 3041 5028 Hrec
3063 4981 3147 5029 est
3169 4976 3405 5044 probata
3434 4972 3650 5045 pecunia
3675 4962 3813 5021 Verbi.

2271 5064 2335 5117 de
2361 5078 2466 5132 qua
2507 5062 2702 5118 dicitur
2734 5063 2788 5118 in
2811 5062 3040 5119 Psalmis
3071 5082 3084 5118 :
3117 5062 3354 5133 Eloquia
3385 5063 3618 5128 Domini,
3657 5051 3814 5128 οιοᾳιὶο

2268 5162 2414 5205 casta
2441 5193 2454 5216 ,
2493 5163 2767 5223 argentum
2813 5155 2930 5226 igne
2975 5156 3372 5225 examinatum,
3418 5157 3817 5228 probatumttrm

2269 5255 2546 5315 purgatum
2575 5246 2868 5318 septnplum
2896 5245 3069 5320 (Psal.
3094 5265 3165 5314 XI.
3197 5251 3276 5320 7).
3305 5250 3581 5319 Quoniam
3611 5233 3817 5319 ριιίἀσιιιίά

2272 5336 2325 5391 in
2352 5352 2417 5393 eo
2440 5337 2610 5394 estde
2638 5338 2843 5410 Spiritu
2868 5349 3078 5407 sancto,
3102 5351 3185 5398 est
3215 5345 3632 5416 conﬂagratum,
3663 5344 3710 5390 et
3730 5333 3816 5387 ideo

2267 5433 2448 5487 omnia
2488 5432 2542 5487 in
2592 5448 2656 5488 eo
2694 5435 2930 5505 pretiosa
2977 5443 3107 5492 sunt
3133 5445 3191 5492 et
3237 5437 3537 5507 prmclara.
3573 5427 3816 5496 Unicui'lue

2269 5526 2592 5598 autem,qui
2637 5527 2784 5584 vires
2833 5530 3099 5601 conspicit
3151 5529 3524 5602 singulorum,
3574 5520 3813 5583 secundum

2267 5620 2542 5691 pr0priam
2595 5636 2906 5678 mensuram
2953 5623 3261 5694 dispertivit
3297 5622 3588 5694 pecuniam
3636 5613 3815 5672 talento-

2270 5729 2410 5781 rum,
2455 5723 2512 5770 et
2548 5731 2654 5772 non
2703 5717 2999 5774 secundum
3047 5718 3264 5783 merita,
3296 5727 3361 5773 ut
3388 5717 3569 5774 nullus
3606 5727 3660 5769 se
3684 5701 3814 5781 ροεδίί

2265 5820 2528 5866 excusare
2566 5826 2592 5864 a
2623 5809 2794 5875 lucro,
2837 5812 2988 5882 quasi
3033 5827 3140 5870 non
3171 5811 3377 5869 habeat
3404 5805 3656 5882 operaudi
3678 5805 3794 5860 mala
