4016 6354
615 448 713 511 851

1413 449 1472 509 s.
1512 438 1871 509 pascens"
1913 447 2262 509 RADBERTI
2300 444 2594 509 aestus
2631 449 3084 509 CORBEIENSIS
3716 459 3790 517 ua

615 569 750 626 abiit
777 568 830 625 in
864 568 1239 640 semetipsum,
1265 578 1322 624 et
1350 568 1417 624 ad
1446 570 1681 642 gratiam
1711 569 2038 640 evangelicae
2067 585 2207 640 ιιι-ω-
2239 573 2285 631 Α
2315 569 2660 634 distribuere,
2708 577 2766 624 ut
2814 578 2910 656 aut
2959 569 3059 640 ipsi
3107 579 3200 622 aut
3253 570 3422 626 caeteri
3463 570 3793 645 itttelligattt,td

615 661 904 716 dicationis
933 676 1098 731 quam
1144 659 1405 732 percepit.
1438 657 1495 714 ln
1528 676 1635 732 qua
1669 671 1833 726 recte,
1871 661 2026 731 juxta
2068 661 2210 730 quod

615 769 780 824 supra
812 753 946 821 dixi,
975 753 1157 809 omnia
1184 770 1304 826 qua!
1349 753 1633 824 subiacent
1678 755 1917 826 quinque
1963 754 2213 809 sensibus

615 843 943 916 duplicavit;
977 861 1100 902 cum
1151 853 1207 902 ct
1255 846 1354 901 ista
1400 862 1521 918 qua:
1555 846 2044 918 imprtescntiarnm
2089 861 2214 901 sen-

617 939 846 1002 tiuntur,
879 938 946 993 ad
971 937 1064 994 Dei
1099 935 1274 994 Patris
1303 940 1486 994 retulit
1522 939 1784 1010 gloriam;
1818 949 1874 995 et
1897 955 1960 995 ex
1989 940 2104 995 istis
2133 937 2214 992 iu-

615 1038 801 1086 cratus
835 1038 918 1085 est
966 1029 1072 1085 alia
1127 1030 1367 1100 quinque
1399 1030 1650 1096 interius,
1685 1039 1744 1085 ut
1788 1039 1935 1085 totus
1986 1030 2214 1085 interior

615 1121 780 1176 honto
825 1121 944 1177 istis
991 1122 1230 1193 quinque
1282 1123 1529 1178 sensibus
1580 1119 2122 1196 lou'convcrsns
2147 1123 2214 1177 ad

619 1208 810 1279 Deum,
845 1213 1155 1284 perfruatur
1179 1215 1418 1269 :eternis.
1446 1215 1542 1270 Cui
1567 1215 1692 1286 quia
1731 1217 1947 1270 luerunt
1975 1216 2214 1287 quinque

621 1306 912 1361 commissa
949 1303 1168 1361 domino
1200 1307 1457 1362 redeunte
1489 1308 1554 1362 de
1583 1309 1824 1380 quinque
1851 1309 2036 1364 decem
2063 1310 2219 1362 obtu-

619 1393 704 1463 lit,
737 1395 861 1468 quia
889 1413 1012 1468 qum
1042 1395 1172 1470 legis
1199 1407 1327 1454 Sunt
1369 1398 1687 1470 duplicavit,
1735 1401 1864 1455 dum
1890 1411 1945 1456 et
1977 1399 2218 1470 quinque

620 1487 785 1546 verba
839 1489 972 1547 Novi
1013 1493 1365 1555 Tes‘tamenti,
1412 1491 1566 1564 juxta
1605 1491 1832 1548 Paulum
1879 1492 2217 1564 apostolum,

621 1571 906 1654 spiritalia,
937 1585 1233 1642 secundum
1271 1585 1585 1642 interiorem
1619 1587 1894 1641 hominem
1937 1594 2090 1640 extra
2126 1584 2224 1638 hos

625 1676 864 1746 quinque
913 1691 1129 1744 sensus,
1190 1678 1510 1750 spiritaliter
1557 1677 1762 1751 magis,
1817 1692 1985 1748 quam
2038 1677 2225 1730 decem

622 1767 792 1824 millia
822 1771 1138 1834 verborum,
1169 1771 1316 1842 loqui
1350 1773 1402 1825 in
1437 1771 1678 1826 Ecclesia
1723 1771 1947 1834 didicit;
1980 1777 2035 1825 et
2057 1770 2225 1840 quin-

622 1877 727 1934 que
751 1863 1014 1920 librorum
1046 1865 1213 1938 Moysi
1256 1867 1500 1933 oracula,
1534 1866 1839 1922 obediendo
1865 1882 1962 1937 per
1987 1865 2225 1936 gratiam

2319 661 2461 733 quod
2488 661 2654 717 creati
2686 669 2831 716 sunt.
2882 661 3034 715 (inde
3071 659 3269 715 dicitur
3297 675 3311 713 :
3349 659 3504 716 Homo
3531 680 3628 717 cum
3657 659 3702 720 in
3729 661 3795 722 lto-

2318 772 2442 810 nore
2464 740 2611 816 esset,
2651 772 2754 809 non
2779 753 3034 808 intellexit
3061 750 3235 825 (Psal.
3269 769 3440 815 xum.
3474 754 3581 824 13);
3605 758 3705 827 quia
3736 768 3794 813 ta-

2318 845 2461 904 lento
2501 847 2724 903 rationis
2755 862 2859 900 non
2910 842 3304 916 dispensatorie
3341 860 3460 901 usus
3485 855 3574 909 ρει,
3601 855 3648 900 ιιι
3679 847 3797 902 sciret

2317 941 2458 1012 quod
2487 940 2552 994 ad
2585 940 2676 994 Dei
2706 948 2924 994 creatus
2963 946 3108 992 esset
3157 937 3458 1005 imaginem,
3485 937 3567 992 sed
3590 937 3803 994 abscondit

2320 1043 2490 1088 totum
2518 1035 2662 1103 quod
2693 1040 2984 1102 acceperat
3031 1031 3085 1084 iu
3120 1030 3350 1085 terrenis
3390 1027 3598 1092 actibus,
3618 1038 3662 1084 et
3697 1029 3803 1083 volu-

2317 1135 2465 1200 ptate
2512 1127 2716 1190 carnis,
2756 1124 3107 1194 semetipsum
3156 1121 3438 1177 carnaliter
3481 1137 3686 1185 servans,
3716 1121 3806 1176 dum

2321 1221 2412 1276 Dei
2442 1228 2709 1291 praecepta
2741 1217 2964 1288 implere
3009 1215 3265 1287 neglexit.
3309 1213 3440 1270 liinc
3478 1213 3600 1268 alius
3632 1228 3805 1283 evange-

2319 1313 2442 1370 lista
2473 1313 2570 1378 ait,
2597 1313 2738 1384 quod
2776 1313 2828 1368 in
2869 1312 3086 1366 sudario
3132 1311 3410 1382 pecuniam
3451 1307 3626 1363 domini
3659 1308 3808 1362 snite-

2322 1407 2608 1479 ligav'crat,
2664 1407 2788 1478 quia
2835 1405 3139 1460 doctrinam
3187 1401 3590 1476 patrisfamilias,
3643 1400 3811 1460 molliet

2324 1509 2380 1556 et
2413 1501 2640 1556 delicate
2666 1501 2913 1563 vivendo,
2944 1499 3130 1554 timide
3160 1498 3294 1552 satis
3313 1494 3586 1551 enervavit.
3609 1492 3662 1548 Et
3683 1491 3812 1576 omnia

2326 1608 2447 1663 qua:
2474 1593 2682 1658 didicit,
2708 1608 2768 1647 ac
2799 1591 2845 1646 si
2885 1589 2938 1646 in
2971 1591 3192 1646 sudario
3227 1587 3483 1660 religavit,
3516 1602 3622 1640 cum
3652 1597 3808 1638 omnem

2330 1686 2592 1742 rationem
2621 1700 2772 1739 suam
2801 1699 2865 1738 ac
2886 1683 3232 1754 prudentiam
3286 1681 3338 1735 in
3368 1678 3646 1735 carnalibus
3669 1665 3840 1730 actibns’

2333 1775 2664 1844 intplicavit;
2719 1773 2784 1829 de
2835 1789 2943 1844 qua
2991 1772 3213 1840 dicitur,
3251 1771 3375 1844 quia
3415 1767 3664 1842 prudentia
3695 1766 3816 1820 caruit

2334 1885 2474 1923 mort
2509 1878 2582 1922 est
2620 1866 2798 1937 (Rom.
2832 1882 2952 1932 vttt,
2983 1866 3062 1936 6).

623 1958 954 2029 evangelica:
990 1957 1402 2027 jttstilicationis
1459 1961 1792 2032 adimplet-it.
1845 1959 2108 2016 Similiter
2165 1970 2222 2016 et
2253 1949 2301 2010 Β
2403 1958 2530 2012 Post
2559 1957 2781 2012 multant
2806 1975 2926 2012 vero
2961 1956 3243 2028 temporis,
3287 1953 3418 2012 venit
3449 1952 3662 2007 dominus
3689 1963 3813 2002 ωηο·

625 2063 723 2120 per
744 2066 867 2104 eum
899 2051 991 2122 qui
1038 2049 1144 2105 duo
1191 2064 1500 2124 acceperat,
1547 2055 1785 2125 gentium
1819 2053 2048 2124 populus
2075 2053 2222 2108 desi-

624 2144 843 2221 gnatdr,
883 2141 974 2211 qui
1003 2141 1146 2212 quod
1175 2141 1339 2198 'corde
1381 2143 1615 2198 credidit
1668 2138 1734 2199 ad
1782 2145 2076 2216 justitiam,
2129 2161 2224 2201 ore

627 2230 912 2288 conlcSSus
943 2241 1026 2288 est
1049 2232 1103 2290 in
1141 2235 1394 2290 salutem.
1433 2235 1550 2305 Ipse
1596 2235 1760 2307 igitur
1787 2237 2017 2308 populus
2037 2235 2222 2292 Jesum

626 2322 902 2379 Christum
919 2323 1087 2381 Deum
1110 2333 1165 2381 et
1188 2326 1462 2381 hominem
1476 2331 1798 2393 comitetur;
1829 2343 1995 2384 unum
2021 2329 2224 2383 media-

627 2421 825 2481 torem’,
851 2413 936 2470 cui
970 2425 1095 2470 sunt
1128 2417 1180 2471 in
1207 2415 1329 2472 fidei
1357 2417 1696 2474 confessione
1722 2421 1828 2474 duo
1851 2420 2050 2474 talenta
2077 2437 2226 2475 com—

629 2507 816 2571 missa,
850 2515 908 2562 ut
951 2509 1148 2564 habeat
1173 2509 1225 2564 in
1257 2509 1424 2566 Deum
1455 2510 1599 2582 quod
1631 2512 1914 2585 intelligat,
1943 2521 1999 2567 et
2047 2513 2099 2567 in
2129 2514 2225 2568 ho-

630 2597 776 2654 mine
805 2595 1068 2655 imitando
1093 2601 1237 2672 quod
1278 2612 1550 2672 operetur.
1606 2601 1682 2658 Ac
1715 2620 1811 2672 per
1837 2605 1938 2658 hoc
1966 2603 2226 2674 quidquid

629 2689 918 2746 actualiter
942 2704 1200 2762 operatur
1221 2710 1315 2764 per
1337 2693 1684 2751 dilectionem
1717 2695 1972 2751 transfert
1995 2695 2049 2748 in
2080 2695 2228 2749 theo-

631 2782 790 2836 riam.
845 2781 913 2838 Et
951 2784 1212 2858 quidquid
1251 2788 1651 2860 contemplatur
1679 2803 1773 2858 per
1805 2789 1984 2852 iidem,
2019 2787 2228 2843 intelle-

629 2875 884 2931 ctuaiitcr
911 2882 1082 2931 totam
1135 2875 1333 2934 referat
1361 2881 1428 2936 ad
1457 2895 1582 2935 eum
1623 2881 1675 2934 in
1709 2895 1790 2944 se,
1826 2897 1989 2950 quem
2015 2871 2080 2934 ex
2117 2887 2229 2934 toto

633 2963 858 3037 diligere
901 2975 1136 3036 oportet.
1173 2965 1324 3026 Unde
1364 2985 1465 3026 nec
1493 2967 1787 3034 immerito,
1822 2984 1918 3040 per
1960 2971 2065 3024 duo
2114 2970 2228 3024 luee

633 3054 836 3114 talenta
866 3053 1172 3116 intellectus
1195 3071 1252 3117 et
1272 3063 1516 3133 operatio
1539 3063 1878 3134 designatur,
1903 3069 1958 3118 et
1979 3061 2093 3119 inec
2121 3063 2228 3117 duo

633 3150 860 3225 veniunt
896 3152 949 3207 in
978 3152 1208 3219 lucrum,
1243 3165 1297 3211 et
1333 3155 1613 3228 proximus
1638 3155 1898 3228 perfecte,
1932 3167 1990 3212 ut
2026 3173 2224 3228 praece-

633 3247 787 3308 ptum
816 3251 900 3297 est
927 3243 1186 3316 diligitur.
1218 3245 1297 3300 Ac
1325 3261 1422 3318 per
1446 3247 1571 3314 hoc,
1599 3245 1745 3316 ipsas
1767 3248 2096 3318 easdemque
2122 3248 2230 3302 vir-

2330 2070 2446 2107 runt
2478 2052 2711 2118 illorum,
2755 2062 2803 2108 et
2850 2052 3021 2123 posuit
3071 2053 3330 2106 rationem
3378 2065 3490 2103 runt
3537 2046 3620 2100 eis.
3659 2041 3820 2097 Multum

2329 2162 2459 2216 ergo
2489 2153 2702 2214 tempus
2728 2151 2808 2199 est
2837 2144 2916 2197 ab‘
2949 2144 3269 2197 ascensione
3307 2138 3501 2197 Christi
3529 2151 3673 2220 usque
3693 2133 3743 2187 ad
3761 2131 3822 2187 ad-

2330 2250 2549 2294 ventum
2603 2239 2753 2309 ejus,
2805 2238 3024 2307 quando
3077 2245 3345 2293 venturus
3393 2243 3472 2288 est
3516 2233 3575 2286 ad
3613 2227 3819 2297 judicium.

2331 2329 2514 2386 Utitur
2537 2331 2681 2386 enim
2707 2345 2857 2385 more
2885 2328 3295 2399 Seripturarnm
3332 2333 3620 2382 sanctarum
3641 2315 3818 2392 praeteri-

2333 2433 2444 2476 tutn
2477 2438 2575 2492 pro
2605 2421 2808 2486 futuro,
2857 2420 3077 2490 quando
3127 2419 3180 2474 in
3227 2419 3439 2474 ratione
3464 2404 3824 2487 ponendajndicii

2330 2529 2557 2568 examen
2586 2512 2992 2568 demonstratur
3016 2529 3030 2578 ;
3059 2512 3322 2582 quoniaut
3367 2507 3589 2566 ccelcstis
3611 2502 3727 2558 verbi
3763 2512 3826 2550 ne-

2331 2605 2554 2675 gotiatio
2601 2605 2965 2674 reposccnda,
3009 2612 3064 2659 et
3114 2603 3366 2659 redditus
3412 2597 3673 2670 dispensati
3704 2585 3827 2646 taitatti

2331 2697 2542 2754 lucrum
2592 2698 2843 2769 reposcit.
2884 2697 3030 2752 Tunc
3075 2697 3295 2752 accessit
3336 2696 3424 2768 qui
3468 2693 3668 2774 quinque
3696 2683 3830 2738 επιηιια

2330 2801 2601 2862 acceperat
2653 2791 2866 2846 domino
2913 2807 3152 2854 reverso,
3201 2800 3251 2844 et
3309 2777 3490 2844 obtulit
3529 2785 3622 2840 alia
3655 2777 3829 2850 quinque.

2336 2883 2440 2944 Pro
2470 2899 2536 2940 eo
2565 2883 2711 2954 quod
2747 2881 2987 2937 futurum
3033 2893 3137 2948 est,
3163 2883 3276 2954 jam
3325 2882 3510 2938 fecisse
3535 2873 3714 2932 dicitur.
3739 2865 3831 2936 Qui:

2332 2979 2472 3048 apud
2509 2978 2785 3034 dominum
2818 2975 3154 3031 Immutabile
3185 2984 3269 3030 est
3305 2971 3556 3045 quidquid
3585 2961 3829 3039 pnedicitttr.

2331 3083 2384 3130 et
2416 3074 2537 3130 ideo
2558 3072 2684 3144 jure
2711 3077 2866 3143 quasi
2896 3070 3096 3126 factum
3123 3071 3236 3141 jam
3259 3069 3522 3124 creditur.
3556 3061 3615 3116 Et
3636 3053 3832 3144 accedent.

2337 3166 2532 3237 inquit,
2560 3139 2675 3237 ‘qui
2727 3139 2955 3237 quinque
2999 3139 3202 3218 talenta
3243 3171 3538 3231 acceperat,
3575 3139 3836 3245 obtulit-Aelia.

2334 3259 2584 3330 quinque,
2633 3259 2854 3312 dicens:
2883 3256 3130 3321 Domine,
3173 3255 3410 3325 quinque
3452 3238 3835 3330 talenttttradiditti

634 3345 805 3402 tutes,
834 3351 972 3407 quas
1005 3338 1255 3395 habuerit
1275 3341 1499 3410 quilibet
1530 3341 1684 3406 inse,
1709 3341 1938 3396 alterum
1965 3337 2226 3404 docendo,
2257 3318 2303 3380 Β
2337 3318 2487 3419 ξηειιες
2528 3318 2644 3409 δέρε
2677 3352 2784 3408 πιθα
2810 3351 3042 3424 quinque
3080 3318 3481 3422 φρένιηέταιη,
3525 3356 3644 3396 sum,
3667 3326 3835 3391 Accessit

642 3431 875 3502 acquirit
917 3439 973 3488 et
1023 3431 1260 3504 duplicat
1296 3435 1348 3488 in
1379 3428 1571 3500 altero,
1623 3431 1828 3487 faciens
1875 3445 1998 3486 eum
2031 3427 2232 3486 habere

637 3541 743 3580 una
773 3541 896 3581 cum
920 3525 1093 3597 gratia
1125 3527 1217 3582 Dei
1242 3541 1364 3597 qua:
1387 3534 1442 3582 et
1469 3526 1584 3598 ipse
1607 3525 1862 3580 virtutem
1896 3523 2147 3579 habuerit
2177 3523 2229 3578 in

630 3607 711 3675 tie.
747 3617 812 3674 Et
841 3619 1128 3692 propterea
1153 3617 1308 3688 juxta
1341 3616 1629 3690 titramqne
1664 3615 2105 3690 intelligentiam,
2138 3616 2232 3688 qui

631 3701 870 3782 quinque
915 3705 1126 3776 habuit,
1165 3719 1259 3766 aut
1303 3710 1394 3782 qui
1446 3706 1576 3776 duo,
1617 3719 1724 3765 nun
1784 3707 2018 3778 amplius
2070 3721 2232 3776 quant

607 3799 854 3872 duplum
907 3801 1206 3872 acquisisse
1251 3802 1470 3856 dicitur.
1500 3799 1769 3868 Quoniam
1814 3797 1949 3853 nihil
1998 3795 2233 3866 amplius

631 3909 893 3970 pmstare
918 3908 1098 3970 potest
1125 3899 1207 3955 vel
1228 3899 1445 3962 docere,
1470 3915 1630 3970 quam
1666 3913 1788 3968 qute
1835 3897 2006 3959 novit,
2038 3903 2091 3950 et
2119 3896 2235 3964 ipse

633 3986 818 4046 habet.
843 3986 909 4045 Et
941 3991 1062 4047 ideo
1085 3991 1313 4062 quilibet
1335 3993 1524 4046 doctor
1549 3992 1706 4045 debet
1734 3989 1787 4044 in
1823 3997 2004 4044 mente
2033 3987 2234 4042 habere

632 4083 836 4138 talenta
864 4095 985 4155 qua:
1013 4085 1244 4153 accepit,
1282 4083 1516 4139 maxime
1560 4082 1687 4153 quia
1728 4081 1875 4136 misit
1915 4097 2136 4135 manum
2177 4079 2231 4134 in

637 4176 843 4240 aratro,
877 4173 931 4229 id
971 4182 1058 4230 est
1106 4173 1172 4229 ad
1223 4173 1524 4229 docendum
1562 4172 1863 4227 doctrinam
1895 4169 2120 4232 Christi,
2168 4184 2234 4223 ne

638 4267 778 4324 furte
814 4277 1166 4323 convertatur
1188 4275 1506 4330 retrorsum,
1533 4265 1795 4337 autpiger
1818 4263 2130 4319 inveniatur
2165 4262 2232 4314 ad

636 4356 963 4423 docendum,
990 4357 1082 4427 qui
1109 4357 1271 4411 verbo
1296 4355 1557 4410 doctrina:
1585 4354 1795 4409 animas
1821 4365 2051 4409 exarare
2074 4351 2234 4406 debet

613 4445 926 4514 instanter,
945 4459 1269 4522 opportune,
1292 4450 1600 4519 importune
1617 4467 1631 4514 ;
1649 4457 1708 4502 ut
1723 4458 1846 4520 post
1861 4447 1962 4502 hoc
1979 4453 2233 4516 suscepto

635 4540 841 4600 semine
853 4539 1029 4608 Verbi,
1052 4553 1105 4598 et
1129 4543 1227 4613 ipsi
1244 4541 1480 4598 fructum
1506 4541 1715 4606 ferant;
1742 4539 1815 4594 ita
1831 4548 1890 4594 ut
1909 4538 1976 4592 de
2001 4533 2234 4592 terrenis

634 4632 904 4697 sensibus.
941 4637 1246 4692 caelestium
1280 4635 1378 4691 sibi
1415 4635 1692 4705 duplicent
1729 4631 2054 4693 scientiam,
2085 4640 2141 4683 et
2166 4643 2234 4684 ex

635 4724 904 4785 creaturis
943 4727 1244 4800 intelligant
1293 4727 1630 4792 Creatorem,
1662 4735 1718 4781 et
1745 4740 1815 4782 ex
1855 4721 2232 4793 corporalibus

639 4817 928 4891 acquirunt
943 4813 1324 4891 incorporalia,
1340 4827 1474 4874 etex
1495 4817 1804 4875 visibilibus
1828 4813 2119 4871 invisibilia
2137 4827 2234 4884 ap-

640 4915 1004 4983 prehendant,
1034 4923 1088 4969 et
1113 4927 1178 4968 ex
1207 4911 1594 4982 temporalibus
1613 4917 1838 4968 aeterna.
1887 4911 1950 4964 At
1981 4925 2102 4964 vero
2141 4907 2233 4980 qui

639 5007 801 5059 imum
824 5015 1112 5076 acceperat,
1141 5005 1318 5060 obiens
1343 5005 1474 5073 fodit
1502 5005 1556 5058 in
1587 5015 1747 5070 terra,
1772 5014 1819 5058 et
1849 5003 2120 5058 abscondit
2145 5018 2232 5072 pe-

635 5098 848 5152 cuniam
883 5096 1084 5152 domini
1111 5099 1211 5152 sui.
1234 5096 1464 5164 Quidam
1480 5098 1620 5152 hunc
1649 5112 1866 5152 servum
1897 5093 2083 5150 volunt
2109 5111 2231 5149 esse

619 5181 890 5256 ‘pztpulum
907 5185 1239 5252 .ludteorum,
1260 5187 1314 5242 in
1332 5188 1450 5258 lege
1472 5195 1898 5258 permanentem,
1931 5185 2230 5241 carnaliter

636 5278 914 5344 stolidum,
940 5281 1141 5336 etnibil
1161 5279 1405 5350 spiritale
1427 5277 1834 5350 intelligentem.
1853 5279 1952 5346 Qui
1975 5279 2228 5334 virtutem

638 5371 851 5446 1045
867 5374 1189 5444 evangelicm
1212 5371 1613 5444 praedicationis
1636 5372 1807 5427 noluit
1835 5373 2102 5444 accipere,
2135 5375 2229 5430 sed

635 5477 860 5537 propter
885 5467 1145 5521 invidiam
1175 5467 1227 5520 in
1252 5475 1395 5522 terra
1429 5464 1686 5520 ladentnm
1715 5466 1998 5521 abscondit
2026 5466 2233 5522 notitia:

635 5556 1068 5631 Scripturarum,
1101 5579 1166 5616 ne
1189 5561 1440 5617 Christus
1475 5562 1525 5616 in
1562 5562 1645 5617 eis
1675 5569 2096 5632 agnosceretur;
2129 5577 2222 5616 ne-

631 5665 738 5721 que
768 5655 882 5722 ipse
913 5661 1090 5716 utens,
1121 5667 1296 5722 neque
1325 5653 1392 5708 ad
1429 5654 1689 5708 utendum
1718 5651 1839 5708 aliis
1871 5652 2224 5722 dispensavit.

632 5739 1020 5799 Verumtamen
1051 5743 1176 5799 licet
1214 5743 1304 5808 hic
1331 5743 1553 5798 evidens
1601 5745 1847 5798 videatur
1869 5759 2083 5808 sensus,
2116 5759 2227 5798 me-

630 5833 738 5889 lius
780 5843 960 5892 tanten
993 5839 1060 5892 de
1103 5837 1358 5891 omnibus
1386 5835 1706 5906 intelligitur
1751 5839 1841 5905 qui
1876 5836 2226 5891 rationabiles

629 5931 805 6010 creati
832 5937 979 5998 sunt,
1018 5937 1074 5985 et
1111 5929 1304 5985 nolunt
1333 5930 1544 5985 ratione
1571 5929 1672 5998 uti,
1705 5941 1882 6006 neque
1905 5930 1974 5986 ad
2009 5927 2222 5988 lucrum

2333 3467 2464 3523 ergo
2494 3443 2703 3522 primus
2731 3462 2854 3502 cum
2882 3445 3048 3501 multa
3079 3444 3310 3510 ﬁducia,
3341 3452 3396 3498 et
3421 3437 3564 3510 quasi
3591 3448 3671 3490 sua
3692 3431 3839 3523 spumet

2333 3519 2572 3614 eovqu—od
2601 3541 2835 3598 lldeliter
2863 3548 3121 3610 operatus
3151 3548 3237 3594 est
3265 3547 3330 3592 et
3351 3537 3594 3591 lucratus.
3621 3525 3729 3581 Nam
3759 3519 3833 3587 ίΡ³²

2335 3639 2469 3695 lucri
2518 3636 2734 3700 fiducia,
2768 3649 2832 3690 ac
2860 3631 2905 3690 si
2939 3633 3093 3687 bona:
3123 3632 3237 3702 spei
3269 3625 3596 3686 conﬁdentia
3638 3617 3739 3675 fecit
3759 3621 3839 3665 cum

2337 3733 2536 3785 aulcre
2573 3739 2632 3784 ut
2668 3729 2736 3784 ad
2775 3727 3058 3783 dominum
3093 3740 3251 3780 suum
3277 3722 3444 3795 quasi
3475 3715 3686 3792 gaudens
3703 3723 3751 3762 ac
3771 3704 3838 3807 de-

2337 3835 2494 3880 votus
2543 3824 2861 3887 accederet,
2913 3822 3117 3876 faceret
3165 3831 3484 3873 sermonem
3531 3812 3592 3867 de
3634 3805 3844 3862 οοιιιωῖεεθ

2339 3919 2562 3974 talento.
2595 3917 2675 3972 Ad
2699 3931 2859 3988 quem
2891 3914 3148 3970 dominus
3187 3927 3321 3966 mox
3373 3899 3679 3979 deproml’s“
3708 3898 3838 3988 Ῠῗθθω

2337 3993 2589 4066 omnibus
2640 4008 2802 4064 bonis
2867 4001 3357 4077 dispensatoribus
3401 3998 3552 4054 valde
3604 3981 3842 4079 οιιωδίὲθξνς

2341 4101 2506 4171 Euge,
2537 4098 2729 4170 inquit,
2751 4113 2894 4152 terve
2917 4071 3046 4150 bone
3071 4104 3118 4150 et
3141 4091 3344 4163 fidelis,
3371 4092 3496 4163 quia
3517 4088 3568 4142 in
3585 4093 3725 4156 pauca
3742 4071 3840 4171 fuit“

2307 4161 2530 4262 ,ﬁdelis,
2567 4161 2726 4261 supra
2764 4187 2928 4242 multa
2951 4198 2998 4241 te
3034 4161 3391 4248 constituant,
3425 4184 3563 4237 intra
3599 4177 3646 4228 in
3671 4161 3847 4262 gaudii?

2338 4241 2530 4262 ιτπ---Ἶ
3371 4241 3381 4248 -
3780 4252 3789 4262 ,

2338 4284 2541 4340 domini
2576 4286 2673 4338 tui.
2707 4281 2981 4338 Fortassis
3011 4279 3176 4351 igitur
3205 4291 3312 4331 vox
3346 4277 3470 4337 ista,
3503 4268 3582 4324 vel
3610 4241 3848 4351 sensnsriel

2341 4335 3061 4448 ltil'ivti'est,qualis
3077 4379 3131 4426 et
3150 4370 3215 4423 de
3237 4335 3520 4423 Abraham
3547 4357 3732 4449 dicitur,
3755 4335 3851 4449 ξιυίξὶ

2340 4443 2589 4526 crediti—if
2603 4443 2868 4522 A—b'raltant
2898 4443 3034 4527 ibeo,
3084 4473 3129 4517 et
3160 4469 3470 4532 reputatum
3512 4464 3582 4510 est
3605 4450 3646 4504 ei
3679 4443 3851 4540 aditi!"

2339 4565 2468 4616 tiam
2499 4560 2642 4632 (Cal.
2678 4575 2760 4623 Ill,
2791 4557 2866 4629 6).
2903 4555 2996 4612 Sic
3041 4555 3242 4625 quippe
3289 4553 3432 4608 ﬁdes
3481 4551 3730 4604 servorum

2343 4671 2460 4710 rtun
2487 4621 2554 4708 ad
2588 4621 2859 4720 justitiam
2903 4621 3154 4720 repntata
3178 4621 3280 4700 test
3327 4645 3433 4708 eis,
3463 4638 3584 4712 quia
3631 4635 3675 4729 in

2337 4747 2488 4802 fuere
2541 4745 2746 4800 ﬁdeles.
2780 4736 2986 4798 Modica
3016 4749 3196 4795 autem
3247 4747 3382 4794 sunt
3419 4733 3597 4790 omnia
3626 4721 3856 4809 vitatistttts

2337 4839 2404 4893 ad
2426 4836 2888 4908 comparationem
2912 4831 3240 4894 futurorum,
3265 4845 3366 4886 seu
3390 4829 3462 4882 sit
3491 4817 3714 4879 doctrinil
3732 4802 3852 4908 “ibi:

2338 4945 2430 4984 seu
2467 4901 2694 4983 scientia
2726 4921 3160 4994 Scripturarum,
3207 4936 3301 4975 seu
3353 4914 3582 4972 facultas
3607 4901 3856 4994 rertunﬁﬂi

2336 5019 2598 5092 quidquid
2630 5018 2681 5072 itt
2723 5017 2934 5071 lucrum
2973 5015 3159 5069 venire
3189 5019 3390 5083 potest.
3425 5001 3677 5076 Quoniatn
3701 4985 3857 5092 ςιιρτξξί

2339 5083 2614 5169 attentius
2665 5110 2910 5165 omnium
2967 5105 3387 5180 przesentiarnm
3437 5103 3599 5161 bona,
3638 5098 3686 5149 cl
3713 5083 3858 5184 Ill-3’59:

2337 5209 2474 5262 rium
2535 5203 2953 5262 resurrectionis
3005 5203 3071 5258 ad
3123 5187 3616 5257 inunortalitatctn.
3664 5168 3857 5257 qllititl"ill

2334 5309 2420 5355 est
2472 5296 2614 5368 quod
2677 5293 2822 5350 ﬁniri
2884 5295 3103 5366 poterit.
3151 5292 3303 5360 Quod
3353 5289 3399 5348 si
3459 5285 3597 5344 scire
3645 5275 3859 5368 petisti“us

2333 5361 2532 5464 quanio
2574 5401 2626 5446 et
2672 5389 2850 5462 qualia
2885 5361 3031 5444 sunt
3069 5402 3189 5458 qua)
3237 5384 3392 5448 dicit,
3447 5395 3570 5438 cum
3616 5373 3716 5429 ait:
3750 5361 3858 5464 In!"-i

2333 5486 2386 5538 in
2411 5467 2662 5555 gaudium
2707 5480 3030 5544 dominitui,
3056 5479 3319 5534 sciremus
3359 5476 3550 5544 utique
3573 5477 3715 5555 quant
3737 5461 3857 5551 9"“?

2335 5583 2456 5633 sunt
2487 5576 2666 5629 omnia
2702 5591 2822 5645 qua:
2867 5571 3355 5643 impraesentiarum
3403 5567 3600 5622 habere
3639 5551 3711 5612 vel

2335 5669 2462 5723 dere
2489 5667 2757 5722 videmur.
2783 5665 2838 5720 in
2871 5665 3067 5736 quibus
3095 5665 3220 5735 quia
3259 5660 3556 5718 commissa
3587 5658 3698 5710 sunt
3728 5639 3854 5739 ιιηιιξξ

2334 5772 2384 5815 et
2414 5762 2479 5816 ad
2524 5759 2733 5814 lucrum
2788 5757 3186 5820 commendata,
3230 5751 3483 5827 quisquis
3525 5745 3684 5804 ﬁdelis
3721 5731 3856 5791 fuci“:

2333 5853 2597 5926 percipiet.
2628 5868 2746 5922 quae
2784 5867 2873 5904 nec
2895 5847 3082 5902 oculus
3111 5850 3256 5906 cidit.
3285 5864 3381 5900 nec
3406 5842 3553 5898 auris
3583 5830 3770 5926 audiuit.

2329 5923 2428 6007 oue
2457 5923 2510 6004 in
2541 5961 2632 6000 cor
2662 5941 2888 5996 ltumittts
2911 5943 3143 5998 ascendit
3184 5941 3230 6016 (1
3257 5939 3382 5994 L'or.
3423 5954 3484 6002 tt,
3519 5927 3592 6004 9),
3637 5923 3738 6000 (ιυιί-
3761 5925 3855 5995 ρη-
