  <div class='ocr_page' id='page_1' title='image "/cluster/home/n/w/nwhite01/storage/ocr_20150623/120/hvd.32044015466923/432.png"; bbox 0 0 4016 6354; ppageno 0'>
   <div class='ocr_carea' id='block_1_1' title="bbox 244 348 341 405">
    <p class='ocr_par' dir='ltr' id='par_1_1' title="bbox 244 348 341 405">
     <span class='ocr_line' id='line_1_1' title="bbox 244 348 341 405; baseline -0.01 -1"><span class='ocrx_word' id='word_1_1' title='bbox 244 348 341 405; x_wconf 77' lang='lat'><strong>853</strong></span> 
     </span>
    </p>
   </div>
   <div class='ocr_carea' id='block_1_2' title="bbox 1022 345 2774 461">
    <p class='ocr_par' dir='ltr' id='par_1_2' title="bbox 1022 345 2774 461">
     <span class='ocr_line' id='line_1_2' title="bbox 1022 345 2774 461; baseline 0 -56"><span class='ocrx_word' id='word_1_2' title='bbox 1022 345 1383 407; x_wconf 78' lang='lat' dir='ltr'><strong>EXPOSITIO</strong></span> <span class='ocrx_word' id='word_1_3' title='bbox 1420 348 1488 404; x_wconf 78' lang='lat' dir='ltr'><strong>IN</strong></span> <span class='ocrx_word' id='word_1_4' title='bbox 1529 345 1968 404; x_wconf 56' lang='lat' dir='ltr'><strong>MATTHIEUM.</strong></span> <span class='ocrx_word' id='word_1_5' title='bbox 2008 378 2073 387; x_wconf 89' lang='lat'><strong>--</strong></span> <span class='ocrx_word' id='word_1_6' title='bbox 2114 348 2242 403; x_wconf 86' lang='lat' dir='ltr'><strong>LIB.</strong></span> <span class='ocrx_word' id='word_1_7' title='bbox 2282 348 2372 415; x_wconf 75' lang='lat' dir='ltr'><strong>XI,</strong></span> <span class='ocrx_word' id='word_1_8' title='bbox 2415 348 2564 461; x_wconf 57' lang='lat' dir='ltr'><strong>EAP.</strong></span> <span class='ocrx_word' id='word_1_9' title='bbox 2608 348 2774 405; x_wconf 74' lang='lat' dir='ltr'><strong>XXV.</strong></span> 
     </span>
    </p>
   </div>
   <div class='ocr_carea' id='block_1_3' title="bbox 3411 357 3511 415">
    <p class='ocr_par' dir='ltr' id='par_1_3' title="bbox 3411 357 3511 415">
     <span class='ocr_line' id='line_1_3' title="bbox 3411 357 3511 415; baseline 0.02 -2"><span class='ocrx_word' id='word_1_10' title='bbox 3411 357 3511 415; x_wconf 72' lang='grc'><strong>854</strong></span> 
     </span>
    </p>
   </div>
   <div class='ocr_carea' id='block_1_4' title="bbox 227 460 3518 539">
    <p class='ocr_par' dir='ltr' id='par_1_4' title="bbox 227 460 3518 539">
     <span class='ocr_line' id='line_1_4' title="bbox 227 460 3518 539; baseline 0.002 -22"><span class='ocrx_word' id='word_1_11' title='bbox 227 471 423 534; x_wconf 82' lang='lat' dir='ltr'><strong>parata</strong></span> <span class='ocrx_word' id='word_1_12' title='bbox 477 463 604 517; x_wconf 84' lang='lat' dir='ltr'><strong>sunt</strong></span> <span class='ocrx_word' id='word_1_13' title='bbox 651 462 897 519; x_wconf 69' lang='lat' dir='ltr'><strong>ﬁdeiibus</strong></span> <span class='ocrx_word' id='word_1_14' title='bbox 949 472 1005 518; x_wconf 89' lang='lat' dir='ltr'><strong>et</strong></span> <span class='ocrx_word' id='word_1_15' title='bbox 1062 463 1411 536; x_wconf 80' lang='lat' dir='ltr'><strong>diligentibus</strong></span> <span class='ocrx_word' id='word_1_16' title='bbox 1470 464 1661 519; x_wconf 89' lang='lat' dir='ltr'><strong>Deum.</strong></span> <span class='ocrx_word' id='word_1_17' title='bbox 1711 462 1814 517; x_wconf 90' lang='lat' dir='ltr'><strong>Sed</strong></span> <span class='ocrx_word' id='word_1_18' title='bbox 1847 465 1894 525; x_wconf 77' lang='grc' dir='ltr'><strong>Α</strong></span> <span class='ocrx_word' id='word_1_19' title='bbox 1923 471 1971 516; x_wconf 87' lang='lat' dir='ltr'><strong>et</strong></span> <span class='ocrx_word' id='word_1_20' title='bbox 2001 460 2252 516; x_wconf 78' lang='lat' dir='ltr'><strong>abscondi</strong></span> <span class='ocrx_word' id='word_1_21' title='bbox 2282 460 2537 518; x_wconf 77' lang='lat' dir='ltr'><strong>talentum</strong></span> <span class='ocrx_word' id='word_1_22' title='bbox 2562 473 2709 518; x_wconf 77' lang='lat' dir='ltr'><strong>litum</strong></span> <span class='ocrx_word' id='word_1_23' title='bbox 2743 464 2799 519; x_wconf 82' lang='lat' dir='ltr'><strong>in</strong></span> <span class='ocrx_word' id='word_1_24' title='bbox 2834 472 3001 529; x_wconf 85' lang='lat' dir='ltr'><strong>terra,</strong></span> <span class='ocrx_word' id='word_1_25' title='bbox 3035 480 3151 520; x_wconf 77' lang='lat' dir='ltr'><strong>ecce</strong></span> <span class='ocrx_word' id='word_1_26' title='bbox 3190 463 3349 521; x_wconf 83' lang='lat' dir='ltr'><strong>habes</strong></span> <span class='ocrx_word' id='word_1_27' title='bbox 3374 469 3518 539; x_wconf 76' lang='lat' dir='ltr'><strong>quod</strong></span> 
     </span>
    </p>
   </div>
   <div class='ocr_carea' id='block_1_5' title="bbox 236 554 1873 629">
    <p class='ocr_par' dir='ltr' id='par_1_5' title="bbox 236 554 1873 629">
     <span class='ocr_line' id='line_1_5' title="bbox 236 554 1873 629; baseline 0.001 -19"><span class='ocrx_word' id='word_1_28' title='bbox 236 559 585 629; x_wconf 80' lang='lat' dir='ltr'><strong>qtuercndum</strong></span> <span class='ocrx_word' id='word_1_29' title='bbox 635 556 765 628; x_wconf 86' lang='lat' dir='ltr'><strong>quid</strong></span> <span class='ocrx_word' id='word_1_30' title='bbox 795 558 866 613; x_wconf 89' lang='lat' dir='ltr'><strong>sit</strong></span> <span class='ocrx_word' id='word_1_31' title='bbox 914 557 1057 627; x_wconf 88' lang='lat' dir='ltr'><strong>quod</strong></span> <span class='ocrx_word' id='word_1_32' title='bbox 1099 574 1207 612; x_wconf 90' lang='lat' dir='ltr'><strong>una</strong></span> <span class='ocrx_word' id='word_1_33' title='bbox 1249 557 1595 628; x_wconf 86' lang='lat' dir='ltr'><strong>repromissio</strong></span> <span class='ocrx_word' id='word_1_34' title='bbox 1644 565 1729 613; x_wconf 89' lang='lat' dir='ltr'><strong>est</strong></span> <span class='ocrx_word' id='word_1_35' title='bbox 1770 564 1824 612; x_wconf 91' lang='lat' dir='ltr'><strong>et</strong></span> <span class='ocrx_word' id='word_1_36' title='bbox 1870 554 1873 559; x_wconf 87' lang='grc'><em>’</em></span> 
     </span>
    </p>
   </div>
   <div class='ocr_carea' id='block_1_6' title="bbox 235 648 1821 721">
    <p class='ocr_par' dir='ltr' id='par_1_6' title="bbox 235 648 1821 721">
     <span class='ocr_line' id='line_1_6' title="bbox 235 648 1821 721; baseline 0 -16"><span class='ocrx_word' id='word_1_37' title='bbox 235 649 313 706; x_wconf 84' lang='lat' dir='ltr'><strong>eis</strong></span> <span class='ocrx_word' id='word_1_38' title='bbox 344 648 437 719; x_wconf 86' lang='lat' dir='ltr'><strong>qui</strong></span> <span class='ocrx_word' id='word_1_39' title='bbox 462 650 705 720; x_wconf 86' lang='lat' dir='ltr'><strong>quinque</strong></span> <span class='ocrx_word' id='word_1_40' title='bbox 731 650 784 704; x_wconf 92' lang='lat' dir='ltr'><strong>in</strong></span> <span class='ocrx_word' id='word_1_41' title='bbox 806 650 995 706; x_wconf 80' lang='lat' dir='ltr'><strong>deeem</strong></span> <span class='ocrx_word' id='word_1_42' title='bbox 1027 650 1284 715; x_wconf 82' lang='lat' dir='ltr'><strong>oﬁ‘erunt,</strong></span> <span class='ocrx_word' id='word_1_43' title='bbox 1315 658 1371 706; x_wconf 89' lang='lat' dir='ltr'><strong>et</strong></span> <span class='ocrx_word' id='word_1_44' title='bbox 1399 651 1480 705; x_wconf 88' lang='lat' dir='ltr'><strong>eis</strong></span> <span class='ocrx_word' id='word_1_45' title='bbox 1507 651 1598 721; x_wconf 87' lang='lat' dir='ltr'><strong>qui</strong></span> <span class='ocrx_word' id='word_1_46' title='bbox 1626 651 1735 706; x_wconf 89' lang='lat' dir='ltr'><strong>duo</strong></span> <span class='ocrx_word' id='word_1_47' title='bbox 1766 650 1821 705; x_wconf 90' lang='lat' dir='ltr'><strong>in</strong></span> 
     </span>
    </p>
   </div>
   <div class='ocr_carea' id='block_1_7' title="bbox 232 741 1825 815">
    <p class='ocr_par' dir='ltr' id='par_1_7' title="bbox 232 741 1825 815">
     <span class='ocr_line' id='line_1_7' title="bbox 232 741 1825 815; baseline 0.002 -19"><span class='ocrx_word' id='word_1_48' title='bbox 232 751 485 815; x_wconf 75' lang='lat' dir='ltr'><strong>quatuor.</strong></span> <span class='ocrx_word' id='word_1_49' title='bbox 515 741 755 811; x_wconf 89' lang='lat' dir='ltr'><strong>Uterque</strong></span> <span class='ocrx_word' id='word_1_50' title='bbox 784 758 974 799; x_wconf 89' lang='lat' dir='ltr'><strong>eorum</strong></span> <span class='ocrx_word' id='word_1_51' title='bbox 1003 750 1058 798; x_wconf 90' lang='lat' dir='ltr'><strong>et</strong></span> <span class='ocrx_word' id='word_1_52' title='bbox 1088 743 1181 814; x_wconf 89' lang='lat' dir='ltr'><strong>qui</strong></span> <span class='ocrx_word' id='word_1_53' title='bbox 1225 744 1331 798; x_wconf 89' lang='lat' dir='ltr'><strong>duo</strong></span> <span class='ocrx_word' id='word_1_54' title='bbox 1354 752 1410 798; x_wconf 90' lang='lat' dir='ltr'><strong>et</strong></span> <span class='ocrx_word' id='word_1_55' title='bbox 1450 744 1543 814; x_wconf 89' lang='lat' dir='ltr'><strong>qui</strong></span> <span class='ocrx_word' id='word_1_56' title='bbox 1586 744 1825 813; x_wconf 88' lang='lat' dir='ltr'><strong>quinque</strong></span> 
     </span>
    </p>
   </div>
   <div class='ocr_carea' id='block_1_8' title="bbox 210 835 1824 909">
    <p class='ocr_par' dir='ltr' id='par_1_8' title="bbox 210 835 1824 909">
     <span class='ocr_line' id='line_1_8' title="bbox 210 835 1824 909; baseline 0.002 -19"><span class='ocrx_word' id='word_1_57' title='bbox 210 845 540 907; x_wconf 65' lang='lat' dir='ltr'><strong>acceperat,</strong></span> <span class='ocrx_word' id='word_1_58' title='bbox 566 836 895 907; x_wconf 76' lang='lat' dir='ltr'><strong>duplicatum</strong></span> <span class='ocrx_word' id='word_1_59' title='bbox 939 844 1221 907; x_wconf 87' lang='lat' dir='ltr'><strong>reportant</strong></span> <span class='ocrx_word' id='word_1_60' title='bbox 1244 837 1551 908; x_wconf 86' lang='lat' dir='ltr'><strong>pecuniam.</strong></span> <span class='ocrx_word' id='word_1_61' title='bbox 1587 835 1824 909; x_wconf 90' lang='lat' dir='ltr'><strong>Uterque</strong></span> 
     </span>
    </p>
   </div>
   <div class='ocr_carea' id='block_1_9' title="bbox 230 926 1824 994">
    <p class='ocr_par' dir='ltr' id='par_1_9' title="bbox 230 926 1824 994">
     <span class='ocr_line' id='line_1_9' title="bbox 230 926 1824 994; baseline 0.003 -13"><span class='ocrx_word' id='word_1_62' title='bbox 230 926 557 984; x_wconf 86' lang='lat' dir='ltr'><strong>ﬁducialiter</strong></span> <span class='ocrx_word' id='word_1_63' title='bbox 615 928 848 984; x_wconf 86' lang='lat' dir='ltr'><strong>devotus</strong></span> <span class='ocrx_word' id='word_1_64' title='bbox 895 930 1143 994; x_wconf 90' lang='lat' dir='ltr'><strong>accedit,</strong></span> <span class='ocrx_word' id='word_1_65' title='bbox 1196 946 1318 984; x_wconf 90' lang='lat' dir='ltr'><strong>cum</strong></span> <span class='ocrx_word' id='word_1_66' title='bbox 1365 930 1560 985; x_wconf 87' lang='lat' dir='ltr'><strong>transit</strong></span> <span class='ocrx_word' id='word_1_67' title='bbox 1607 930 1675 985; x_wconf 89' lang='lat' dir='ltr'><strong>de</strong></span> <span class='ocrx_word' id='word_1_68' title='bbox 1722 931 1824 986; x_wconf 90' lang='lat' dir='ltr'><strong>hoc</strong></span> 
     </span>
    </p>
   </div>
   <div class='ocr_carea' id='block_1_10' title="bbox 227 1020 1824 1093">
    <p class='ocr_par' dir='ltr' id='par_1_10' title="bbox 227 1020 1824 1093">
     <span class='ocr_line' id='line_1_10' title="bbox 227 1020 1824 1093; baseline 0.002 -19"><span class='ocrx_word' id='word_1_69' title='bbox 227 1028 357 1075; x_wconf 84' lang='lat' dir='ltr'><strong>unm</strong></span> <span class='ocrx_word' id='word_1_70' title='bbox 380 1021 433 1075; x_wconf 77' lang='lat' dir='ltr'><strong>lo</strong></span> <span class='ocrx_word' id='word_1_71' title='bbox 462 1022 531 1075; x_wconf 88' lang='lat' dir='ltr'><strong>ad</strong></span> <span class='ocrx_word' id='word_1_72' title='bbox 554 1020 745 1075; x_wconf 87' lang='lat' dir='ltr'><strong>Deum.</strong></span> <span class='ocrx_word' id='word_1_73' title='bbox 788 1020 1043 1093; x_wconf 80' lang='lat' dir='ltr'><strong>Utrisque</strong></span> <span class='ocrx_word' id='word_1_74' title='bbox 1069 1022 1214 1076; x_wconf 88' lang='lat' dir='ltr'><strong>enim</strong></span> <span class='ocrx_word' id='word_1_75' title='bbox 1263 1038 1369 1076; x_wconf 90' lang='lat' dir='ltr'><strong>una</strong></span> <span class='ocrx_word' id='word_1_76' title='bbox 1401 1038 1501 1077; x_wconf 82' lang='lat' dir='ltr'><strong>vox</strong></span> <span class='ocrx_word' id='word_1_77' title='bbox 1544 1037 1572 1076; x_wconf 88' lang='lat' dir='ltr'><strong>a</strong></span> <span class='ocrx_word' id='word_1_78' title='bbox 1605 1022 1824 1077; x_wconf 88' lang='lat' dir='ltr'><strong>domino</strong></span> 
     </span>
    </p>
   </div>
   <div class='ocr_carea' id='block_1_11' title="bbox 226 1110 1822 1189">
    <p class='ocr_par' dir='ltr' id='par_1_11' title="bbox 226 1110 1822 1189">
     <span class='ocr_line' id='line_1_11' title="bbox 226 1110 1822 1189; baseline 0.004 -25"><span class='ocrx_word' id='word_1_79' title='bbox 226 1111 529 1180; x_wconf 65' lang='lat' dir='ltr'><strong>proftartur,</strong></span> <span class='ocrx_word' id='word_1_80' title='bbox 560 1126 665 1165; x_wconf 89' lang='lat' dir='ltr'><strong>una</strong></span> <span class='ocrx_word' id='word_1_81' title='bbox 713 1111 851 1177; x_wconf 87' lang='lat' dir='ltr'><strong>laus,</strong></span> <span class='ocrx_word' id='word_1_82' title='bbox 882 1127 1097 1189; x_wconf 82' lang='lat' dir='ltr'><strong>unaque</strong></span> <span class='ocrx_word' id='word_1_83' title='bbox 1140 1129 1350 1169; x_wconf 84' lang='lat' dir='ltr'><strong>merces</strong></span> <span class='ocrx_word' id='word_1_84' title='bbox 1384 1110 1647 1169; x_wconf 81' lang='lat' dir='ltr'><strong>redditur.</strong></span> <span class='ocrx_word' id='word_1_85' title='bbox 1679 1114 1822 1186; x_wconf 85' lang='lat' dir='ltr'><strong>Ergo</strong></span> 
     </span>
    </p>
   </div>
   <div class='ocr_carea' id='block_1_12' title="bbox 224 1204 1818 1277">
    <p class='ocr_par' dir='ltr' id='par_1_12' title="bbox 224 1204 1818 1277">
     <span class='ocr_line' id='line_1_12' title="bbox 224 1204 1818 1277; baseline 0.003 -19"><span class='ocrx_word' id='word_1_86' title='bbox 224 1204 445 1274; x_wconf 79' lang='lat' dir='ltr'><strong>utrique</strong></span> <span class='ocrx_word' id='word_1_87' title='bbox 473 1218 662 1258; x_wconf 89' lang='lat' dir='ltr'><strong>eorum</strong></span> <span class='ocrx_word' id='word_1_88' title='bbox 690 1205 930 1259; x_wconf 83' lang='lat' dir='ltr'><strong>dicitur:</strong></span> <span class='ocrx_word' id='word_1_89' title='bbox 972 1206 1139 1276; x_wconf 82' lang='lat' dir='ltr'><strong>Euge,</strong></span> <span class='ocrx_word' id='word_1_90' title='bbox 1185 1222 1326 1261; x_wconf 73' lang='lat' dir='ltr'><strong>serue</strong></span> <span class='ocrx_word' id='word_1_91' title='bbox 1369 1209 1500 1263; x_wconf 82' lang='lat' dir='ltr'><strong>boue</strong></span> <span class='ocrx_word' id='word_1_92' title='bbox 1539 1216 1586 1262; x_wconf 88' lang='lat' dir='ltr'><strong>et</strong></span> <span class='ocrx_word' id='word_1_93' title='bbox 1626 1208 1818 1277; x_wconf 78' lang='lat' dir='ltr'><strong>ﬁdelis,</strong></span> 
     </span>
    </p>
   </div>
   <div class='ocr_carea' id='block_1_13' title="bbox 220 1296 1820 1370">
    <p class='ocr_par' dir='ltr' id='par_1_13' title="bbox 220 1296 1820 1370">
     <span class='ocr_line' id='line_1_13' title="bbox 220 1296 1820 1370; baseline 0.004 -22"><span class='ocrx_word' id='word_1_94' title='bbox 220 1298 345 1370; x_wconf 81' lang='lat' dir='ltr'><strong>quia</strong></span> <span class='ocrx_word' id='word_1_95' title='bbox 368 1297 426 1351; x_wconf 82' lang='lat' dir='ltr'><strong>in</strong></span> <span class='ocrx_word' id='word_1_96' title='bbox 457 1296 662 1351; x_wconf 81' lang='lat' dir='ltr'><strong>modico</strong></span> <span class='ocrx_word' id='word_1_97' title='bbox 696 1296 846 1365; x_wconf 76' lang='lat' dir='ltr'><strong>fuisti</strong></span> <span class='ocrx_word' id='word_1_98' title='bbox 887 1297 1083 1367; x_wconf 72' lang='lat' dir='ltr'><strong>ﬁdelis,</strong></span> <span class='ocrx_word' id='word_1_99' title='bbox 1128 1314 1287 1368; x_wconf 81' lang='lat' dir='ltr'><strong>supra</strong></span> <span class='ocrx_word' id='word_1_100' title='bbox 1337 1299 1506 1354; x_wconf 83' lang='lat' dir='ltr'><strong>multa</strong></span> <span class='ocrx_word' id='word_1_101' title='bbox 1551 1308 1599 1354; x_wconf 87' lang='lat' dir='ltr'><strong>te</strong></span> <span class='ocrx_word' id='word_1_102' title='bbox 1628 1301 1820 1354; x_wconf 84' lang='lat' dir='ltr'><strong>consti-</strong></span> 
     </span>
    </p>
   </div>
   <div class='ocr_carea' id='block_1_14' title="bbox 222 1391 1820 1464">
    <p class='ocr_par' dir='ltr' id='par_1_14' title="bbox 222 1391 1820 1464">
     <span class='ocr_line' id='line_1_14' title="bbox 222 1391 1820 1464; baseline 0.003 -20"><span class='ocrx_word' id='word_1_103' title='bbox 222 1401 372 1445; x_wconf 85' lang='lat' dir='ltr'><strong>tuam</strong></span> <span class='ocrx_word' id='word_1_104' title='bbox 418 1404 438 1443; x_wconf 91' lang='lat'><strong><em>:</em></strong></span> <span class='ocrx_word' id='word_1_105' title='bbox 462 1391 603 1445; x_wconf 86' lang='lat' dir='ltr'><strong>intra</strong></span> <span class='ocrx_word' id='word_1_106' title='bbox 630 1392 685 1444; x_wconf 83' lang='lat' dir='ltr'><strong>in</strong></span> <span class='ocrx_word' id='word_1_107' title='bbox 714 1392 967 1461; x_wconf 80' lang='lat' dir='ltr'><strong>gaudium</strong></span> <span class='ocrx_word' id='word_1_108' title='bbox 1009 1391 1209 1446; x_wconf 82' lang='lat' dir='ltr'><strong>domini</strong></span> <span class='ocrx_word' id='word_1_109' title='bbox 1250 1393 1349 1447; x_wconf 85' lang='lat' dir='ltr'><strong>tui.</strong></span> <span class='ocrx_word' id='word_1_110' title='bbox 1386 1392 1500 1448; x_wconf 87' lang='lat' dir='ltr'><strong>Una</strong></span> <span class='ocrx_word' id='word_1_111' title='bbox 1534 1393 1697 1464; x_wconf 82' lang='lat' dir='ltr'><strong>igitur</strong></span> <span class='ocrx_word' id='word_1_112' title='bbox 1720 1408 1820 1448; x_wconf 86' lang='lat' dir='ltr'><strong>vox</strong></span> 
     </span>
    </p>
   </div>
   <div class='ocr_carea' id='block_1_15' title="bbox 220 1482 1820 1557">
    <p class='ocr_par' dir='ltr' id='par_1_15' title="bbox 220 1482 1820 1557">
     <span class='ocr_line' id='line_1_15' title="bbox 220 1482 1820 1557; baseline 0.004 -20"><span class='ocrx_word' id='word_1_113' title='bbox 220 1482 549 1539; x_wconf 80' lang='lat' dir='ltr'><strong>exsultantis</strong></span> <span class='ocrx_word' id='word_1_114' title='bbox 579 1491 664 1539; x_wconf 89' lang='lat' dir='ltr'><strong>est</strong></span> <span class='ocrx_word' id='word_1_115' title='bbox 682 1499 808 1539; x_wconf 89' lang='lat' dir='ltr'><strong>cum</strong></span> <span class='ocrx_word' id='word_1_116' title='bbox 843 1484 1044 1540; x_wconf 87' lang='lat' dir='ltr'><strong>dicitur</strong></span> <span class='ocrx_word' id='word_1_117' title='bbox 1067 1501 1217 1552; x_wconf 79' lang='lat' dir='ltr'><strong>euge,</strong></span> <span class='ocrx_word' id='word_1_118' title='bbox 1250 1494 1357 1541; x_wconf 84' lang='lat' dir='ltr'><strong>una</strong></span> <span class='ocrx_word' id='word_1_119' title='bbox 1391 1485 1533 1553; x_wconf 89' lang='lat' dir='ltr'><strong>laus,</strong></span> <span class='ocrx_word' id='word_1_120' title='bbox 1566 1490 1693 1557; x_wconf 86' lang='lat' dir='ltr'><strong>quia</strong></span> <span class='ocrx_word' id='word_1_121' title='bbox 1720 1489 1820 1543; x_wconf 83' lang='lat' dir='ltr'><strong>bo-</strong></span> 
     </span>
    </p>
   </div>
   <div class='ocr_carea' id='block_1_16' title="bbox 224 1576 1819 1650">
    <p class='ocr_par' dir='ltr' id='par_1_16' title="bbox 224 1576 1819 1650">
     <span class='ocr_line' id='line_1_16' title="bbox 224 1576 1819 1650; baseline 0.004 -21"><span class='ocrx_word' id='word_1_122' title='bbox 224 1592 323 1630; x_wconf 83' lang='lat' dir='ltr'><strong>nus</strong></span> <span class='ocrx_word' id='word_1_123' title='bbox 352 1583 410 1630; x_wconf 89' lang='lat' dir='ltr'><strong>et</strong></span> <span class='ocrx_word' id='word_1_124' title='bbox 451 1576 625 1631; x_wconf 87' lang='lat' dir='ltr'><strong>ﬁdeli&#39;s</strong></span> <span class='ocrx_word' id='word_1_125' title='bbox 653 1584 883 1648; x_wconf 87' lang='lat' dir='ltr'><strong>uterque</strong></span> <span class='ocrx_word' id='word_1_126' title='bbox 912 1588 1159 1632; x_wconf 82' lang='lat' dir='ltr'><strong>vocatur.</strong></span> <span class='ocrx_word' id='word_1_127' title='bbox 1204 1577 1437 1645; x_wconf 78' lang='lat' dir='ltr'><strong>Idcirco,</strong></span> <span class='ocrx_word' id='word_1_128' title='bbox 1470 1580 1595 1650; x_wconf 90' lang='lat' dir='ltr'><strong>quia</strong></span> <span class='ocrx_word' id='word_1_129' title='bbox 1629 1581 1819 1635; x_wconf 89' lang='lat' dir='ltr'><strong>eadem</strong></span> 
     </span>
    </p>
   </div>
   <div class='ocr_carea' id='block_1_17' title="bbox 225 1665 1818 1741">
    <p class='ocr_par' dir='ltr' id='par_1_17' title="bbox 225 1665 1818 1741">
     <span class='ocr_line' id='line_1_17' title="bbox 225 1665 1818 1741; baseline 0.006 -26"><span class='ocrx_word' id='word_1_130' title='bbox 225 1665 363 1720; x_wconf 85' lang='lat' dir='ltr'><strong>dicta</strong></span> <span class='ocrx_word' id='word_1_131' title='bbox 391 1674 523 1720; x_wconf 80' lang='lat' dir='ltr'><strong>sunt</strong></span> <span class='ocrx_word' id='word_1_132' title='bbox 573 1667 858 1731; x_wconf 79' lang='lat' dir='ltr'><strong>ainbobus,</strong></span> <span class='ocrx_word' id='word_1_133' title='bbox 906 1677 1052 1723; x_wconf 85' lang='lat' dir='ltr'><strong>recte</strong></span> <span class='ocrx_word' id='word_1_134' title='bbox 1099 1666 1380 1737; x_wconf 67' lang='lat' dir='ltr'><strong>quaeritur,</strong></span> <span class='ocrx_word' id='word_1_135' title='bbox 1433 1680 1501 1724; x_wconf 88' lang='lat' dir='ltr'><strong>ne</strong></span> <span class='ocrx_word' id='word_1_136' title='bbox 1541 1668 1682 1725; x_wconf 80' lang='lat' dir='ltr'><strong>forte</strong></span> <span class='ocrx_word' id='word_1_137' title='bbox 1726 1670 1818 1741; x_wconf 90' lang='lat' dir='ltr'><strong>qui</strong></span> 
     </span>
    </p>
   </div>
   <div class='ocr_carea' id='block_1_18' title="bbox 220 1755 1818 1830">
    <p class='ocr_par' dir='ltr' id='par_1_18' title="bbox 220 1755 1818 1830">
     <span class='ocr_line' id='line_1_18' title="bbox 220 1755 1818 1830; baseline 0.004 -22"><span class='ocrx_word' id='word_1_138' title='bbox 220 1755 489 1810; x_wconf 80' lang='lat' dir='ltr'><strong>minorem</strong></span> <span class='ocrx_word' id='word_1_139' title='bbox 517 1757 705 1812; x_wconf 82' lang='lat' dir='ltr'><strong>habuit</strong></span> <span class='ocrx_word' id='word_1_140' title='bbox 730 1758 1008 1823; x_wconf 84' lang='lat' dir='ltr'><strong>virtutem,</strong></span> <span class='ocrx_word' id='word_1_141' title='bbox 1057 1768 1109 1813; x_wconf 88' lang='lat' dir='ltr'><strong>et</strong></span> <span class='ocrx_word' id='word_1_142' title='bbox 1137 1768 1304 1814; x_wconf 89' lang='lat' dir='ltr'><strong>totam</strong></span> <span class='ocrx_word' id='word_1_143' title='bbox 1353 1760 1499 1815; x_wconf 82' lang='lat' dir='ltr'><strong>illam</strong></span> <span class='ocrx_word' id='word_1_144' title='bbox 1532 1772 1694 1830; x_wconf 87' lang='lat' dir='ltr'><strong>quam</strong></span> <span class='ocrx_word' id='word_1_145' title='bbox 1722 1759 1818 1816; x_wconf 89' lang='lat' dir='ltr'><strong>ba-</strong></span> 
     </span>
    </p>
   </div>
   <div class='ocr_carea' id='block_1_19' title="bbox 1929 556 3519 629">
    <p class='ocr_par' dir='ltr' id='par_1_19' title="bbox 1929 556 3519 629">
     <span class='ocr_line' id='line_1_19' title="bbox 1929 556 3519 629; baseline 0.003 -20"><span class='ocrx_word' id='word_1_146' title='bbox 1929 566 2078 610; x_wconf 87' lang='lat' dir='ltr'><strong>tuum</strong></span> <span class='ocrx_word' id='word_1_147' title='bbox 2115 566 2209 610; x_wconf 85' lang='lat' dir='ltr'><strong>est.</strong></span> <span class='ocrx_word' id='word_1_148' title='bbox 2238 556 2460 612; x_wconf 82' lang='lat' dir='ltr'><strong>Accedit</strong></span> <span class='ocrx_word' id='word_1_149' title='bbox 2492 568 2694 621; x_wconf 89' lang='lat' dir='ltr'><strong>autem,</strong></span> <span class='ocrx_word' id='word_1_150' title='bbox 2743 573 2840 629; x_wconf 90' lang='lat' dir='ltr'><strong>per</strong></span> <span class='ocrx_word' id='word_1_151' title='bbox 2865 559 3344 625; x_wconf 89' lang='lat' dir='ltr'><strong>resurrectionem,</strong></span> <span class='ocrx_word' id='word_1_152' title='bbox 3369 560 3519 617; x_wconf 82' lang='lat' dir='ltr'><strong>sicut</strong></span> 
     </span>
    </p>
   </div>
   <div class='ocr_carea' id='block_1_20' title="bbox 1927 653 3516 733">
    <p class='ocr_par' dir='ltr' id='par_1_20' title="bbox 1927 653 3516 733">
     <span class='ocr_line' id='line_1_20' title="bbox 1927 653 3516 733; baseline 0.003 -28"><span class='ocrx_word' id='word_1_153' title='bbox 1927 664 1984 706; x_wconf 90' lang='lat' dir='ltr'><strong>et</strong></span> <span class='ocrx_word' id='word_1_154' title='bbox 2013 653 2145 733; x_wconf 80' lang='lat' dir='ltr'><strong>abiit</strong></span> <span class='ocrx_word' id='word_1_155' title='bbox 2174 653 2321 722; x_wconf 88' lang='lat' dir='ltr'><strong>prius</strong></span> <span class='ocrx_word' id='word_1_156' title='bbox 2354 669 2450 724; x_wconf 87' lang='lat' dir='ltr'><strong>per</strong></span> <span class='ocrx_word' id='word_1_157' title='bbox 2476 653 2782 708; x_wconf 87' lang='lat' dir='ltr'><strong>libertatem</strong></span> <span class='ocrx_word' id='word_1_158' title='bbox 2812 654 3053 719; x_wconf 81' lang='lat' dir='ltr'><strong>arbitrii;</strong></span> <span class='ocrx_word' id='word_1_159' title='bbox 3092 669 3199 709; x_wconf 89' lang='lat' dir='ltr'><strong>non</strong></span> <span class='ocrx_word' id='word_1_160' title='bbox 3241 665 3302 710; x_wconf 87' lang='lat' dir='ltr'><strong>ut</strong></span> <span class='ocrx_word' id='word_1_161' title='bbox 3330 670 3516 712; x_wconf 86' lang='lat' dir='ltr'><strong>secum</strong></span> 
     </span>
    </p>
   </div>
   <div class='ocr_carea' id='block_1_21' title="bbox 1928 734 3514 817">
    <p class='ocr_par' dir='ltr' id='par_1_21' title="bbox 1928 734 3514 817">
     <span class='ocr_line' id='line_1_21' title="bbox 1928 734 3514 817; baseline 0.002 -17"><span class='ocrx_word' id='word_1_162' title='bbox 1928 761 2051 800; x_wconf 91' lang='lat' dir='ltr'><strong>cum</strong></span> <span class='ocrx_word' id='word_1_163' title='bbox 2093 747 2267 817; x_wconf 87' lang='lat' dir='ltr'><strong>gratia</strong></span> <span class='ocrx_word' id='word_1_164' title='bbox 2311 762 2472 817; x_wconf 88' lang='lat' dir='ltr'><strong>quam</strong></span> <span class='ocrx_word' id='word_1_165' title='bbox 2522 756 2859 816; x_wconf 79' lang='lat' dir='ltr'><strong>perceperat,</strong></span> <span class='ocrx_word' id='word_1_166' title='bbox 2918 734 3216 813; x_wconf 75' lang='lat' dir='ltr'><strong>laboraret,</strong></span> <span class='ocrx_word' id='word_1_167' title='bbox 3258 748 3353 803; x_wconf 90' lang='lat' dir='ltr'><strong>sed</strong></span> <span class='ocrx_word' id='word_1_168' title='bbox 3374 747 3514 803; x_wconf 83' lang='lat' dir='ltr'><strong>utin</strong></span> 
     </span>
    </p>
   </div>
   <div class='ocr_carea' id='block_1_22' title="bbox 1927 838 3487 909">
    <p class='ocr_par' dir='ltr' id='par_1_22' title="bbox 1927 838 3487 909">
     <span class='ocr_line' id='line_1_22' title="bbox 1927 838 3487 909; baseline 0.002 -17"><span class='ocrx_word' id='word_1_169' title='bbox 1927 853 2022 892; x_wconf 86' lang='lat' dir='ltr'><strong>sua</strong></span> <span class='ocrx_word' id='word_1_170' title='bbox 2046 838 2257 909; x_wconf 80' lang='lat' dir='ltr'><strong>ignavia</strong></span> <span class='ocrx_word' id='word_1_171' title='bbox 2308 847 2363 892; x_wconf 88' lang='lat' dir='ltr'><strong>et</strong></span> <span class='ocrx_word' id='word_1_172' title='bbox 2404 849 2621 908; x_wconf 87' lang='lat' dir='ltr'><strong>torpore</strong></span> <span class='ocrx_word' id='word_1_173' title='bbox 2648 839 2980 908; x_wconf 88' lang='lat' dir='ltr'><strong>quiesceret,</strong></span> <span class='ocrx_word' id='word_1_174' title='bbox 3021 839 3134 894; x_wconf 88' lang='lat' dir='ltr'><strong>suis</strong></span> <span class='ocrx_word' id='word_1_175' title='bbox 3160 840 3391 896; x_wconf 87' lang='lat' dir='ltr'><strong>abutens</strong></span> <span class='ocrx_word' id='word_1_176' title='bbox 3429 854 3487 895; x_wconf 90' lang='lat' dir='ltr'><strong>re</strong></span> 
     </span>
    </p>
   </div>
   <div class='ocr_carea' id='block_1_23' title="bbox 1924 929 3514 1003">
    <p class='ocr_par' dir='ltr' id='par_1_23' title="bbox 1924 929 3514 1003">
     <span class='ocr_line' id='line_1_23' title="bbox 1924 929 3514 1003; baseline 0.003 -20"><span class='ocrx_word' id='word_1_177' title='bbox 1924 930 2048 985; x_wconf 87' lang='lat' dir='ltr'><strong>bus.</strong></span> <span class='ocrx_word' id='word_1_178' title='bbox 2082 929 2234 985; x_wconf 86' lang='lat' dir='ltr'><strong>Unde</strong></span> <span class='ocrx_word' id='word_1_179' title='bbox 2276 941 2329 984; x_wconf 86' lang='lat' dir='ltr'><strong>et</strong></span> <span class='ocrx_word' id='word_1_180' title='bbox 2358 946 2499 985; x_wconf 88' lang='lat' dir='ltr'><strong>nunc</strong></span> <span class='ocrx_word' id='word_1_181' title='bbox 2531 931 2742 986; x_wconf 85' lang='lat' dir='ltr'><strong>accedit</strong></span> <span class='ocrx_word' id='word_1_182' title='bbox 2770 946 2878 986; x_wconf 88' lang='lat' dir='ltr'><strong>non</strong></span> <span class='ocrx_word' id='word_1_183' title='bbox 2928 931 3156 987; x_wconf 88' lang='lat' dir='ltr'><strong>devotus</strong></span> <span class='ocrx_word' id='word_1_184' title='bbox 3183 942 3238 988; x_wconf 90' lang='lat' dir='ltr'><strong>et</strong></span> <span class='ocrx_word' id='word_1_185' title='bbox 3289 932 3514 1003; x_wconf 83' lang='lat' dir='ltr'><strong>supplex</strong></span> 
     </span>
    </p>
   </div>
   <div class='ocr_carea' id='block_1_24' title="bbox 1924 1021 3515 1093">
    <p class='ocr_par' dir='ltr' id='par_1_24' title="bbox 1924 1021 3515 1093">
     <span class='ocr_line' id='line_1_24' title="bbox 1924 1021 3515 1093; baseline 0.001 -17"><span class='ocrx_word' id='word_1_186' title='bbox 1924 1037 2023 1092; x_wconf 83' lang='lat' dir='ltr'><strong>pro</strong></span> <span class='ocrx_word' id='word_1_187' title='bbox 2045 1023 2224 1087; x_wconf 82' lang='lat' dir='ltr'><strong>venia,</strong></span> <span class='ocrx_word' id='word_1_188' title='bbox 2261 1021 2354 1078; x_wconf 91' lang='lat' dir='ltr'><strong>sed</strong></span> <span class='ocrx_word' id='word_1_189' title='bbox 2379 1023 2617 1093; x_wconf 83' lang='lat' dir='ltr'><strong>ingratus</strong></span> <span class='ocrx_word' id='word_1_190' title='bbox 2643 1023 3003 1078; x_wconf 88' lang='lat' dir='ltr'><strong>calumniator</strong></span> <span class='ocrx_word' id='word_1_191' title='bbox 3035 1024 3372 1093; x_wconf 78' lang='lat' dir='ltr'><strong>exprobrans</strong></span> <span class='ocrx_word' id='word_1_192' title='bbox 3391 1039 3515 1079; x_wconf 88' lang='lat' dir='ltr'><strong>eum</strong></span> 
     </span>
    </p>
   </div>
   <div class='ocr_carea' id='block_1_25' title="bbox 1926 1113 3517 1187">
    <p class='ocr_par' dir='ltr' id='par_1_25' title="bbox 1926 1113 3517 1187">
     <span class='ocr_line' id='line_1_25' title="bbox 1926 1113 3517 1187; baseline 0.002 -18"><span class='ocrx_word' id='word_1_193' title='bbox 1926 1129 2085 1185; x_wconf 88' lang='lat' dir='ltr'><strong>quem</strong></span> <span class='ocrx_word' id='word_1_194' title='bbox 2109 1115 2396 1185; x_wconf 84' lang='lat' dir='ltr'><strong>benignum</strong></span> <span class='ocrx_word' id='word_1_195' title='bbox 2443 1113 2691 1170; x_wconf 88' lang='lat' dir='ltr'><strong>conﬁteri</strong></span> <span class='ocrx_word' id='word_1_196' title='bbox 2725 1116 2969 1178; x_wconf 85' lang='lat' dir='ltr'><strong>deberet,</strong></span> <span class='ocrx_word' id='word_1_197' title='bbox 3017 1116 3191 1187; x_wconf 84' lang='lat' dir='ltr'><strong>utqui</strong></span> <span class='ocrx_word' id='word_1_198' title='bbox 3238 1116 3291 1171; x_wconf 92' lang='lat' dir='ltr'><strong>in</strong></span> <span class='ocrx_word' id='word_1_199' title='bbox 3338 1115 3517 1172; x_wconf 86' lang='lat' dir='ltr'><strong>sordi-</strong></span> 
     </span>
    </p>
   </div>
   <div class='ocr_carea' id='block_1_26' title="bbox 1922 1207 3517 1279">
    <p class='ocr_par' dir='ltr' id='par_1_26' title="bbox 1922 1207 3517 1279">
     <span class='ocr_line' id='line_1_26' title="bbox 1922 1207 3517 1279; baseline 0.001 -17"><span class='ocrx_word' id='word_1_200' title='bbox 1922 1208 2025 1262; x_wconf 86' lang='lat' dir='ltr'><strong>bus</strong></span> <span class='ocrx_word' id='word_1_201' title='bbox 2060 1216 2179 1262; x_wconf 89' lang='lat' dir='ltr'><strong>erat</strong></span> <span class='ocrx_word' id='word_1_202' title='bbox 2205 1207 2434 1277; x_wconf 88' lang='lat' dir='ltr'><strong>peccati,</strong></span> <span class='ocrx_word' id='word_1_203' title='bbox 2458 1208 2636 1263; x_wconf 91' lang='lat' dir='ltr'><strong>adhuc</strong></span> <span class='ocrx_word' id='word_1_204' title='bbox 2667 1207 3024 1269; x_wconf 85' lang='lat' dir='ltr'><strong>sordesceret,</strong></span> <span class='ocrx_word' id='word_1_205' title='bbox 3048 1208 3203 1277; x_wconf 84' lang='lat' dir='ltr'><strong>juxta</strong></span> <span class='ocrx_word' id='word_1_206' title='bbox 3232 1208 3361 1263; x_wconf 90' lang='lat' dir='ltr'><strong>illud</strong></span> <span class='ocrx_word' id='word_1_207' title='bbox 3391 1223 3517 1279; x_wconf 82' lang='lat' dir='ltr'><strong>pro-</strong></span> 
     </span>
    </p>
   </div>
   <div class='ocr_carea' id='block_1_27' title="bbox 1923 1300 3516 1372">
    <p class='ocr_par' dir='ltr' id='par_1_27' title="bbox 1923 1300 3516 1372">
     <span class='ocr_line' id='line_1_27' title="bbox 1923 1300 3516 1372; baseline 0.001 -18"><span class='ocrx_word' id='word_1_208' title='bbox 1923 1300 2220 1370; x_wconf 88' lang='lat' dir='ltr'><strong>pbeticutn,</strong></span> <span class='ocrx_word' id='word_1_209' title='bbox 2278 1300 2348 1354; x_wconf 85' lang='lat' dir='ltr'><strong>ad</strong></span> <span class='ocrx_word' id='word_1_210' title='bbox 2388 1301 2719 1355; x_wconf 68' lang='lat' dir='ltr'><strong>excusandas</strong></span> <span class='ocrx_word' id='word_1_211' title='bbox 2781 1302 3145 1357; x_wconf 73' lang='lat' dir='ltr'><strong>excusationes</strong></span> <span class='ocrx_word' id='word_1_212' title='bbox 3193 1302 3249 1356; x_wconf 88' lang='lat' dir='ltr'><strong>in</strong></span> <span class='ocrx_word' id='word_1_213' title='bbox 3287 1301 3516 1372; x_wconf 76' lang='lat' dir='ltr'><strong>peccatis</strong></span> 
     </span>
    </p>
   </div>
   <div class='ocr_carea' id='block_1_28' title="bbox 1880 1388 3519 1465">
    <p class='ocr_par' dir='ltr' id='par_1_28' title="bbox 1880 1388 3519 1465">
     <span class='ocr_line' id='line_1_28' title="bbox 1880 1388 3519 1465; baseline 0.005 -24"><span class='ocrx_word' id='word_1_214' title='bbox 1880 1436 1887 1441; x_wconf 88' lang='lat'>_</span> <span class='ocrx_word' id='word_1_215' title='bbox 1924 1392 2097 1465; x_wconf 63' lang='lat' dir='ltr'><strong>(Paul.</strong></span> <span class='ocrx_word' id='word_1_216' title='bbox 2138 1408 2262 1457; x_wconf 76' lang='lat' dir='ltr'><strong>CXL,</strong></span> <span class='ocrx_word' id='word_1_217' title='bbox 2290 1392 2367 1458; x_wconf 71' lang='grc'><strong>4).</strong></span> <span class='ocrx_word' id='word_1_218' title='bbox 2416 1392 2517 1459; x_wconf 92' lang='lat' dir='ltr'><strong>Qui</strong></span> <span class='ocrx_word' id='word_1_219' title='bbox 2543 1393 2689 1447; x_wconf 90' lang='lat' dir='ltr'><strong>enim</strong></span> <span class='ocrx_word' id='word_1_220' title='bbox 2726 1392 2912 1449; x_wconf 88' lang='lat' dir='ltr'><strong>debuit</strong></span> <span class='ocrx_word' id='word_1_221' title='bbox 2948 1408 3104 1449; x_wconf 87' lang='lat' dir='ltr'><strong>suam</strong></span> <span class='ocrx_word' id='word_1_222' title='bbox 3150 1394 3422 1464; x_wconf 83' lang='lat' dir='ltr'><strong>ignaviam</strong></span> <span class='ocrx_word' id='word_1_223' title='bbox 3463 1388 3519 1451; x_wconf 74' lang='lat' dir='ltr'><strong>et</strong></span> 
     </span>
    </p>
   </div>
   <div class='ocr_carea' id='block_1_29' title="bbox 1922 1482 3517 1555">
    <p class='ocr_par' dir='ltr' id='par_1_29' title="bbox 1922 1482 3517 1555">
     <span class='ocr_line' id='line_1_29' title="bbox 1922 1482 3517 1555; baseline 0.003 -17"><span class='ocrx_word' id='word_1_224' title='bbox 1922 1484 2172 1538; x_wconf 85' lang='lat' dir='ltr'><strong>inertiam</strong></span> <span class='ocrx_word' id='word_1_225' title='bbox 2219 1482 2490 1549; x_wconf 88' lang='lat' dir='ltr'><strong>conﬁteri,</strong></span> <span class='ocrx_word' id='word_1_226' title='bbox 2533 1490 2587 1538; x_wconf 89' lang='lat' dir='ltr'><strong>et</strong></span> <span class='ocrx_word' id='word_1_227' title='bbox 2622 1498 2782 1538; x_wconf 88' lang='lat' dir='ltr'><strong>orare</strong></span> <span class='ocrx_word' id='word_1_228' title='bbox 2826 1483 3295 1555; x_wconf 76' lang='lat' dir='ltr'><strong>patremfamilias,</strong></span> <span class='ocrx_word' id='word_1_229' title='bbox 3326 1500 3358 1542; x_wconf 91' lang='lat' dir='ltr'><strong>e</strong></span> <span class='ocrx_word' id='word_1_230' title='bbox 3384 1500 3517 1541; x_wconf 89' lang='lat' dir='ltr'><strong>con-</strong></span> 
     </span>
    </p>
   </div>
   <div class='ocr_carea' id='block_1_30' title="bbox 1926 1575 3512 1644">
    <p class='ocr_par' dir='ltr' id='par_1_30' title="bbox 1926 1575 3512 1644">
     <span class='ocr_line' id='line_1_30' title="bbox 1926 1575 3512 1644; baseline 0.004 -16"><span class='ocrx_word' id='word_1_231' title='bbox 1926 1575 2112 1641; x_wconf 89' lang='lat' dir='ltr'><strong>trario,</strong></span> <span class='ocrx_word' id='word_1_232' title='bbox 2168 1575 2362 1630; x_wconf 87' lang='lat' dir='ltr'><strong>durum</strong></span> <span class='ocrx_word' id='word_1_233' title='bbox 2391 1591 2515 1632; x_wconf 90' lang='lat' dir='ltr'><strong>eum</strong></span> <span class='ocrx_word' id='word_1_234' title='bbox 2546 1585 2708 1631; x_wconf 88' lang='lat' dir='ltr'><strong>vocat</strong></span> <span class='ocrx_word' id='word_1_235' title='bbox 2752 1576 3054 1644; x_wconf 88' lang='lat' dir='ltr'><strong>dominum,</strong></span> <span class='ocrx_word' id='word_1_236' title='bbox 3103 1577 3512 1634; x_wconf 88' lang='lat' dir='ltr'><strong>calumniando.</strong></span> 
     </span>
    </p>
   </div>
   <div class='ocr_carea' id='block_1_31' title="bbox 1923 1666 3520 1743">
    <p class='ocr_par' dir='ltr' id='par_1_31' title="bbox 1923 1666 3520 1743">
     <span class='ocr_line' id='line_1_31' title="bbox 1923 1666 3520 1743; baseline 0.004 -22"><span class='ocrx_word' id='word_1_237' title='bbox 1923 1666 2102 1737; x_wconf 87' lang='lat' dir='ltr'><strong>Seque</strong></span> <span class='ocrx_word' id='word_1_238' title='bbox 2129 1668 2382 1738; x_wconf 87' lang='lat' dir='ltr'><strong>prudenti</strong></span> <span class='ocrx_word' id='word_1_239' title='bbox 2422 1669 2653 1724; x_wconf 89' lang='lat' dir='ltr'><strong>consilio</strong></span> <span class='ocrx_word' id='word_1_240' title='bbox 2682 1669 2899 1737; x_wconf 83' lang='lat' dir='ltr'><strong>fecisse,</strong></span> <span class='ocrx_word' id='word_1_241' title='bbox 2929 1685 2997 1724; x_wconf 90' lang='lat' dir='ltr'><strong>ne</strong></span> <span class='ocrx_word' id='word_1_242' title='bbox 3025 1671 3152 1725; x_wconf 89' lang='lat' dir='ltr'><strong>dum</strong></span> <span class='ocrx_word' id='word_1_243' title='bbox 3194 1671 3344 1727; x_wconf 88' lang='lat' dir='ltr'><strong>lucra</strong></span> <span class='ocrx_word' id='word_1_244' title='bbox 3375 1687 3520 1743; x_wconf 63' lang='lat' dir='ltr'><strong>quai-</strong></span> 
     </span>
    </p>
   </div>
   <div class='ocr_carea' id='block_1_32' title="bbox 1926 1761 3515 1829">
    <p class='ocr_par' dir='ltr' id='par_1_32' title="bbox 1926 1761 3515 1829">
     <span class='ocr_line' id='line_1_32' title="bbox 1926 1761 3515 1829; baseline 0.004 -16"><span class='ocrx_word' id='word_1_245' title='bbox 1926 1770 2071 1814; x_wconf 87' lang='lat' dir='ltr'><strong>reret</strong></span> <span class='ocrx_word' id='word_1_246' title='bbox 2098 1761 2471 1829; x_wconf 88' lang='lat' dir='ltr'><strong>pecuniarum,</strong></span> <span class='ocrx_word' id='word_1_247' title='bbox 2513 1762 2677 1816; x_wconf 87' lang='lat' dir='ltr'><strong>etiam</strong></span> <span class='ocrx_word' id='word_1_248' title='bbox 2725 1763 2792 1818; x_wconf 88' lang='lat' dir='ltr'><strong>de</strong></span> <span class='ocrx_word' id='word_1_249' title='bbox 2824 1763 3027 1818; x_wconf 87' lang='lat' dir='ltr'><strong>talento</strong></span> <span class='ocrx_word' id='word_1_250' title='bbox 3057 1762 3197 1821; x_wconf 86' lang='lat' dir='ltr'><strong>forte</strong></span> <span class='ocrx_word' id='word_1_251' title='bbox 3232 1764 3335 1821; x_wconf 88' lang='lat' dir='ltr'><strong>sibi</strong></span> <span class='ocrx_word' id='word_1_252' title='bbox 3362 1781 3515 1820; x_wconf 85' lang='lat' dir='ltr'><strong>com-</strong></span> 
     </span>
    </p>
   </div>
   <div class='ocr_carea' id='block_1_33' title="bbox 216 1837 3515 1928">
    <p class='ocr_par' dir='ltr' id='par_1_33' title="bbox 216 1837 3515 1928">
     <span class='ocr_line' id='line_1_33' title="bbox 216 1837 3515 1928; baseline 0.004 -28"><span class='ocrx_word' id='word_1_253' title='bbox 216 1848 334 1904; x_wconf 88' lang='lat' dir='ltr'><strong>buit</strong></span> <span class='ocrx_word' id='word_1_254' title='bbox 374 1850 677 1905; x_wconf 82' lang='lat' dir='ltr'><strong>secundum</strong></span> <span class='ocrx_word' id='word_1_255' title='bbox 724 1852 868 1923; x_wconf 82' lang='lat' dir='ltr'><strong>quod</strong></span> <span class='ocrx_word' id='word_1_256' title='bbox 913 1854 1173 1923; x_wconf 77' lang='lat' dir='ltr'><strong>oportuit,</strong></span> <span class='ocrx_word' id='word_1_257' title='bbox 1206 1868 1327 1909; x_wconf 75' lang='lat' dir='ltr'><strong>eam</strong></span> <span class='ocrx_word' id='word_1_258' title='bbox 1371 1855 1639 1918; x_wconf 66' lang='lat' dir='ltr'><strong>exercuit,</strong></span> <span class='ocrx_word' id='word_1_259' title='bbox 1681 1854 1814 1910; x_wconf 71' lang='lat' dir='ltr'><strong>nihil</strong></span> <span class='ocrx_word' id='word_1_260' title='bbox 1844 1837 1891 1900; x_wconf 86' lang='grc' dir='ltr'><strong>Β</strong></span> <span class='ocrx_word' id='word_1_261' title='bbox 1921 1851 2086 1906; x_wconf 82' lang='lat' dir='ltr'><strong>misso</strong></span> <span class='ocrx_word' id='word_1_262' title='bbox 2116 1852 2536 1921; x_wconf 81' lang='lat' dir='ltr'><strong>periclitaretur.</strong></span> <span class='ocrx_word' id='word_1_263' title='bbox 2570 1852 2703 1928; x_wconf 47' lang='lat' dir='ltr'><strong>ﬁam</strong></span> <span class='ocrx_word' id='word_1_264' title='bbox 2730 1869 2911 1910; x_wconf 89' lang='lat' dir='ltr'><strong>rerum</strong></span> <span class='ocrx_word' id='word_1_265' title='bbox 2938 1856 3288 1926; x_wconf 64' lang='lat' dir='ltr'><strong>praesentium</strong></span> <span class='ocrx_word' id='word_1_266' title='bbox 3318 1866 3515 1912; x_wconf 84' lang='lat' dir='ltr'><strong>natura</strong></span> 
     </span>
    </p>
   </div>
   <div class='ocr_carea' id='block_1_34' title="bbox 176 1943 1819 2019">
    <p class='ocr_par' dir='ltr' id='par_1_34' title="bbox 176 1943 1819 2019">
     <span class='ocr_line' id='line_1_34' title="bbox 176 1943 1819 2019; baseline 0.003 -21"><span class='ocrx_word' id='word_1_267' title='bbox 176 2004 181 2007; x_wconf 89' lang='lat'>_</span> <span class='ocrx_word' id='word_1_268' title='bbox 214 1943 399 1998; x_wconf 89' lang='lat' dir='ltr'><strong>minus</strong></span> <span class='ocrx_word' id='word_1_269' title='bbox 429 1943 716 1999; x_wconf 86' lang='lat' dir='ltr'><strong>habiturus</strong></span> <span class='ocrx_word' id='word_1_270' title='bbox 746 1945 816 2000; x_wconf 88' lang='lat' dir='ltr'><strong>sit</strong></span> <span class='ocrx_word' id='word_1_271' title='bbox 839 1947 980 2015; x_wconf 88' lang='lat' dir='ltr'><strong>apud</strong></span> <span class='ocrx_word' id='word_1_272' title='bbox 1020 1947 1208 2012; x_wconf 90' lang='lat' dir='ltr'><strong>Deum,</strong></span> <span class='ocrx_word' id='word_1_273' title='bbox 1243 1962 1405 2019; x_wconf 89' lang='lat' dir='ltr'><strong>quam</strong></span> <span class='ocrx_word' id='word_1_274' title='bbox 1449 1948 1540 2003; x_wconf 92' lang='lat' dir='ltr'><strong>ille</strong></span> <span class='ocrx_word' id='word_1_275' title='bbox 1589 1948 1681 2019; x_wconf 89' lang='lat' dir='ltr'><strong>qui</strong></span> <span class='ocrx_word' id='word_1_276' title='bbox 1709 1964 1819 2003; x_wconf 83' lang='lat' dir='ltr'><strong>ma-</strong></span> 
     </span>
    </p>
   </div>
   <div class='ocr_carea' id='block_1_35' title="bbox 213 2036 1813 2110">
    <p class='ocr_par' dir='ltr' id='par_1_35' title="bbox 213 2036 1813 2110">
     <span class='ocr_line' id='line_1_35' title="bbox 213 2036 1813 2110; baseline 0.005 -20"><span class='ocrx_word' id='word_1_277' title='bbox 213 2036 299 2108; x_wconf 83' lang='lat' dir='ltr'><strong>jus</strong></span> <span class='ocrx_word' id='word_1_278' title='bbox 334 2039 568 2109; x_wconf 85' lang='lat' dir='ltr'><strong>accepit,</strong></span> <span class='ocrx_word' id='word_1_279' title='bbox 619 2049 671 2093; x_wconf 89' lang='lat' dir='ltr'><strong>et</strong></span> <span class='ocrx_word' id='word_1_280' title='bbox 712 2038 832 2109; x_wconf 87' lang='lat' dir='ltr'><strong>plus</strong></span> <span class='ocrx_word' id='word_1_281' title='bbox 879 2041 933 2094; x_wconf 92' lang='lat' dir='ltr'><strong>in</strong></span> <span class='ocrx_word' id='word_1_282' title='bbox 983 2040 1172 2110; x_wconf 84' lang='lat' dir='ltr'><strong>majori</strong></span> <span class='ocrx_word' id='word_1_283' title='bbox 1217 2041 1417 2096; x_wconf 84' lang='lat' dir='ltr'><strong>virtute</strong></span> <span class='ocrx_word' id='word_1_284' title='bbox 1464 2042 1813 2109; x_wconf 87' lang='lat' dir='ltr'><strong>constitutus,</strong></span> 
     </span>
    </p>
   </div>
   <div class='ocr_carea' id='block_1_36' title="bbox 215 2128 1814 2204">
    <p class='ocr_par' dir='ltr' id='par_1_36' title="bbox 215 2128 1814 2204">
     <span class='ocr_line' id='line_1_36' title="bbox 215 2128 1814 2204; baseline 0.006 -25"><span class='ocrx_word' id='word_1_285' title='bbox 215 2128 530 2197; x_wconf 89' lang='lat' dir='ltr'><strong>acquisivit.</strong></span> <span class='ocrx_word' id='word_1_286' title='bbox 579 2128 930 2201; x_wconf 82' lang='lat' dir='ltr'><strong>Nequaquam</strong></span> <span class='ocrx_word' id='word_1_287' title='bbox 988 2132 1153 2203; x_wconf 83' lang='lat' dir='ltr'><strong>igitur</strong></span> <span class='ocrx_word' id='word_1_288' title='bbox 1205 2132 1309 2187; x_wconf 84' lang='lat' dir='ltr'><strong>hoc</strong></span> <span class='ocrx_word' id='word_1_289' title='bbox 1365 2130 1631 2199; x_wconf 75' lang='lat' dir='ltr'><strong>dixerim;</strong></span> <span class='ocrx_word' id='word_1_290' title='bbox 1687 2135 1814 2204; x_wconf 83' lang='lat' dir='ltr'><strong>quia</strong></span> 
     </span>
    </p>
   </div>
   <div class='ocr_carea' id='block_1_37' title="bbox 216 2220 1816 2297">
    <p class='ocr_par' dir='ltr' id='par_1_37' title="bbox 216 2220 1816 2297">
     <span class='ocr_line' id='line_1_37' title="bbox 216 2220 1816 2297; baseline 0.006 -26"><span class='ocrx_word' id='word_1_291' title='bbox 216 2221 614 2289; x_wconf 85' lang='lat' dir='ltr'><strong>unusquisque,</strong></span> <span class='ocrx_word' id='word_1_292' title='bbox 672 2220 798 2276; x_wconf 85' lang='lat' dir='ltr'><strong>licet</strong></span> <span class='ocrx_word' id='word_1_293' title='bbox 854 2234 1020 2278; x_wconf 84' lang='lat' dir='ltr'><strong>utmm</strong></span> <span class='ocrx_word' id='word_1_294' title='bbox 1069 2224 1139 2279; x_wconf 85' lang='lat' dir='ltr'><strong>sit</strong></span> <span class='ocrx_word' id='word_1_295' title='bbox 1186 2224 1438 2295; x_wconf 82' lang='lat' dir='ltr'><strong>gaudium</strong></span> <span class='ocrx_word' id='word_1_296' title='bbox 1492 2226 1634 2296; x_wconf 88' lang='lat' dir='ltr'><strong>quod</strong></span> <span class='ocrx_word' id='word_1_297' title='bbox 1691 2240 1816 2297; x_wconf 87' lang='lat' dir='ltr'><strong>per-</strong></span> 
     </span>
    </p>
   </div>
   <div class='ocr_carea' id='block_1_38' title="bbox 217 2310 1813 2384">
    <p class='ocr_par' dir='ltr' id='par_1_38' title="bbox 217 2310 1813 2384">
     <span class='ocr_line' id='line_1_38' title="bbox 217 2310 1813 2384; baseline 0.006 -21"><span class='ocrx_word' id='word_1_298' title='bbox 217 2310 452 2379; x_wconf 85' lang='lat' dir='ltr'><strong>cipiunt,</strong></span> <span class='ocrx_word' id='word_1_299' title='bbox 485 2326 699 2384; x_wconf 87' lang='lat' dir='ltr'><strong>unaque</strong></span> <span class='ocrx_word' id='word_1_300' title='bbox 742 2315 852 2369; x_wconf 81' lang='lat' dir='ltr'><strong>vita</strong></span> <span class='ocrx_word' id='word_1_301' title='bbox 890 2324 946 2381; x_wconf 79' lang='lat' dir='ltr'><strong>et</strong></span> <span class='ocrx_word' id='word_1_302' title='bbox 984 2317 1282 2382; x_wconf 74' lang='lat' dir='ltr'><strong>zeternitas,</strong></span> <span class='ocrx_word' id='word_1_303' title='bbox 1317 2324 1493 2371; x_wconf 87' lang='lat' dir='ltr'><strong>tamen</strong></span> <span class='ocrx_word' id='word_1_304' title='bbox 1525 2318 1577 2370; x_wconf 90' lang='lat' dir='ltr'><strong>in</strong></span> <span class='ocrx_word' id='word_1_305' title='bbox 1626 2318 1813 2373; x_wconf 88' lang='lat' dir='ltr'><strong>eodem</strong></span> 
     </span>
    </p>
   </div>
   <div class='ocr_carea' id='block_1_39' title="bbox 213 2403 1811 2482">
    <p class='ocr_par' dir='ltr' id='par_1_39' title="bbox 213 2403 1811 2482">
     <span class='ocr_line' id='line_1_39' title="bbox 213 2403 1811 2482; baseline 0.007 -27"><span class='ocrx_word' id='word_1_306' title='bbox 213 2403 419 2473; x_wconf 87' lang='lat' dir='ltr'><strong>gaudio</strong></span> <span class='ocrx_word' id='word_1_307' title='bbox 439 2416 492 2458; x_wconf 90' lang='lat' dir='ltr'><strong>et</strong></span> <span class='ocrx_word' id='word_1_308' title='bbox 522 2405 575 2459; x_wconf 90' lang='lat' dir='ltr'><strong>in</strong></span> <span class='ocrx_word' id='word_1_309' title='bbox 618 2406 805 2461; x_wconf 88' lang='lat' dir='ltr'><strong>eadem</strong></span> <span class='ocrx_word' id='word_1_310' title='bbox 834 2408 966 2473; x_wconf 84' lang='lat' dir='ltr'><strong>vita,</strong></span> <span class='ocrx_word' id='word_1_311' title='bbox 1000 2410 1299 2465; x_wconf 89' lang='lat' dir='ltr'><strong>secundum</strong></span> <span class='ocrx_word' id='word_1_312' title='bbox 1333 2410 1608 2482; x_wconf 89' lang='lat' dir='ltr'><strong>proprium</strong></span> <span class='ocrx_word' id='word_1_313' title='bbox 1658 2411 1811 2466; x_wconf 81' lang='lat' dir='ltr'><strong>labo-</strong></span> 
     </span>
    </p>
   </div>
   <div class='ocr_carea' id='block_1_40' title="bbox 214 2498 1817 2572">
    <p class='ocr_par' dir='ltr' id='par_1_40' title="bbox 214 2498 1817 2572">
     <span class='ocr_line' id='line_1_40' title="bbox 214 2498 1817 2572; baseline 0.006 -22"><span class='ocrx_word' id='word_1_314' title='bbox 214 2510 337 2552; x_wconf 83' lang='lat' dir='ltr'><strong>rem</strong></span> <span class='ocrx_word' id='word_1_315' title='bbox 364 2512 463 2551; x_wconf 89' lang='lat' dir='ltr'><strong>sua</strong></span> <span class='ocrx_word' id='word_1_316' title='bbox 495 2498 692 2570; x_wconf 70' lang='lat' dir='ltr'><strong>singuli</strong></span> <span class='ocrx_word' id='word_1_317' title='bbox 741 2501 1007 2570; x_wconf 78' lang='lat' dir='ltr'><strong>recipient</strong></span> <span class='ocrx_word' id='word_1_318' title='bbox 1055 2502 1324 2572; x_wconf 87' lang='lat' dir='ltr'><strong>stipendia</strong></span> <span class='ocrx_word' id='word_1_319' title='bbox 1376 2504 1708 2557; x_wconf 82' lang='lat' dir='ltr'><strong>meritorum.</strong></span> <span class='ocrx_word' id='word_1_320' title='bbox 1752 2505 1817 2559; x_wconf 83' lang='lat' dir='ltr'><strong>Et</strong></span> 
     </span>
    </p>
   </div>
   <div class='ocr_carea' id='block_1_41' title="bbox 213 2588 1815 2660">
    <p class='ocr_par' dir='ltr' id='par_1_41' title="bbox 213 2588 1815 2660">
     <span class='ocr_line' id='line_1_41' title="bbox 213 2588 1815 2660; baseline 0.006 -19"><span class='ocrx_word' id='word_1_321' title='bbox 213 2603 326 2643; x_wconf 89' lang='lat' dir='ltr'><strong>non</strong></span> <span class='ocrx_word' id='word_1_322' title='bbox 360 2588 503 2643; x_wconf 86' lang='lat' dir='ltr'><strong>sicut</strong></span> <span class='ocrx_word' id='word_1_323' title='bbox 528 2589 752 2660; x_wconf 83' lang='lat' dir='ltr'><strong>quidam</strong></span> <span class='ocrx_word' id='word_1_324' title='bbox 783 2592 992 2658; x_wconf 80' lang='lat' dir='ltr'><strong>volunt,</strong></span> <span class='ocrx_word' id='word_1_325' title='bbox 1033 2596 1089 2647; x_wconf 89' lang='lat' dir='ltr'><strong>ul</strong></span> <span class='ocrx_word' id='word_1_326' title='bbox 1111 2610 1218 2648; x_wconf 88' lang='lat' dir='ltr'><strong>una</strong></span> <span class='ocrx_word' id='word_1_327' title='bbox 1249 2594 1319 2648; x_wconf 88' lang='lat' dir='ltr'><strong>sit</strong></span> <span class='ocrx_word' id='word_1_328' title='bbox 1349 2593 1591 2657; x_wconf 71' lang='lat' dir='ltr'><strong>Claritas,</strong></span> <span class='ocrx_word' id='word_1_329' title='bbox 1626 2604 1677 2648; x_wconf 90' lang='lat' dir='ltr'><strong>ct</strong></span> <span class='ocrx_word' id='word_1_330' title='bbox 1710 2611 1815 2650; x_wconf 85' lang='lat' dir='ltr'><strong>una</strong></span> 
     </span>
    </p>
   </div>
   <div class='ocr_carea' id='block_1_42' title="bbox 212 2679 1815 2756">
    <p class='ocr_par' dir='ltr' id='par_1_42' title="bbox 212 2679 1815 2756">
     <span class='ocr_line' id='line_1_42' title="bbox 212 2679 1815 2756; baseline 0.005 -23"><span class='ocrx_word' id='word_1_331' title='bbox 212 2679 390 2750; x_wconf 83' lang='lat' dir='ltr'><strong>gloria</strong></span> <span class='ocrx_word' id='word_1_332' title='bbox 436 2682 713 2747; x_wconf 88' lang='lat' dir='ltr'><strong>omnibus,</strong></span> <span class='ocrx_word' id='word_1_333' title='bbox 752 2681 907 2752; x_wconf 89' lang='lat' dir='ltr'><strong>juxta</strong></span> <span class='ocrx_word' id='word_1_334' title='bbox 943 2684 1073 2741; x_wconf 87' lang='lat' dir='ltr'><strong>illud</strong></span> <span class='ocrx_word' id='word_1_335' title='bbox 1110 2685 1202 2756; x_wconf 88' lang='lat' dir='ltr'><strong>qui</strong></span> <span class='ocrx_word' id='word_1_336' title='bbox 1256 2685 1528 2742; x_wconf 88' lang='lat' dir='ltr'><strong>modicum</strong></span> <span class='ocrx_word' id='word_1_337' title='bbox 1578 2703 1682 2741; x_wconf 90' lang='lat' dir='ltr'><strong>non</strong></span> <span class='ocrx_word' id='word_1_338' title='bbox 1715 2689 1815 2742; x_wconf 89' lang='lat' dir='ltr'><strong>mi-</strong></span> 
     </span>
    </p>
   </div>
   <div class='ocr_carea' id='block_1_43' title="bbox 208 2773 1812 2866">
    <p class='ocr_par' dir='ltr' id='par_1_43' title="bbox 208 2773 1812 2866">
     <span class='ocr_line' id='line_1_43' title="bbox 208 2773 1812 2866; baseline 0.004 -37"><span class='ocrx_word' id='word_1_339' title='bbox 208 2773 460 2839; x_wconf 76' lang='lat' dir='ltr'><strong>noravit,</strong></span> <span class='ocrx_word' id='word_1_340' title='bbox 495 2783 553 2831; x_wconf 90' lang='lat' dir='ltr'><strong>et</strong></span> <span class='ocrx_word' id='word_1_341' title='bbox 581 2776 673 2847; x_wconf 86' lang='lat' dir='ltr'><strong>qui</strong></span> <span class='ocrx_word' id='word_1_342' title='bbox 697 2776 925 2866; x_wconf 67' lang='lat' dir='ltr'><strong>multum</strong></span> <span class='ocrx_word' id='word_1_343' title='bbox 957 2794 1062 2834; x_wconf 90' lang='lat' dir='ltr'><strong>non</strong></span> <span class='ocrx_word' id='word_1_344' title='bbox 1088 2780 1400 2836; x_wconf 80' lang='lat' dir='ltr'><strong>abundavit.</strong></span> <span class='ocrx_word' id='word_1_345' title='bbox 1442 2781 1639 2837; x_wconf 82' lang='lat' dir='ltr'><strong>Volunt</strong></span> <span class='ocrx_word' id='word_1_346' title='bbox 1667 2783 1812 2837; x_wconf 88' lang='lat' dir='ltr'><strong>enim</strong></span> 
     </span>
    </p>
   </div>
   <div class='ocr_carea' id='block_1_44' title="bbox 214 2866 1810 2945">
    <p class='ocr_par' dir='ltr' id='par_1_44' title="bbox 214 2866 1810 2945">
     <span class='ocr_line' id='line_1_44' title="bbox 214 2866 1810 2945; baseline 0.004 -24"><span class='ocrx_word' id='word_1_347' title='bbox 214 2866 597 2935; x_wconf 71' lang='lat' dir='ltr'><strong>dogmatizare</strong></span> <span class='ocrx_word' id='word_1_348' title='bbox 627 2878 683 2925; x_wconf 88' lang='lat' dir='ltr'><strong>et</strong></span> <span class='ocrx_word' id='word_1_349' title='bbox 723 2870 1010 2928; x_wconf 72' lang='lat' dir='ltr'><strong>(tetendere</strong></span> <span class='ocrx_word' id='word_1_350' title='bbox 1047 2888 1113 2928; x_wconf 86' lang='lat' dir='ltr'><strong>ex</strong></span> <span class='ocrx_word' id='word_1_351' title='bbox 1161 2886 1228 2928; x_wconf 88' lang='lat' dir='ltr'><strong>eo</strong></span> <span class='ocrx_word' id='word_1_352' title='bbox 1263 2874 1405 2945; x_wconf 88' lang='lat' dir='ltr'><strong>quod</strong></span> <span class='ocrx_word' id='word_1_353' title='bbox 1456 2875 1662 2929; x_wconf 88' lang='lat' dir='ltr'><strong>dictum</strong></span> <span class='ocrx_word' id='word_1_354' title='bbox 1706 2881 1810 2930; x_wconf 83' lang='lat' dir='ltr'><strong>est.</strong></span> 
     </span>
    </p>
   </div>
   <div class='ocr_carea' id='block_1_45' title="bbox 212 2955 1815 3032">
    <p class='ocr_par' dir='ltr' id='par_1_45' title="bbox 212 2955 1815 3032">
     <span class='ocr_line' id='line_1_45' title="bbox 212 2955 1815 3032; baseline 0.006 -21"><span class='ocrx_word' id='word_1_355' title='bbox 212 2955 424 3031; x_wconf 76' lang='lat' dir='ltr'><strong>Diliges</strong></span> <span class='ocrx_word' id='word_1_356' title='bbox 463 2959 752 3017; x_wconf 79' lang='lat' dir='ltr'><strong>Domitium</strong></span> <span class='ocrx_word' id='word_1_357' title='bbox 792 2962 961 3019; x_wconf 69' lang='lat' dir='ltr'><strong>Deum</strong></span> <span class='ocrx_word' id='word_1_358' title='bbox 1005 2974 1177 3032; x_wconf 87' lang='lat' dir='ltr'><strong>tuum,</strong></span> <span class='ocrx_word' id='word_1_359' title='bbox 1202 2982 1266 3021; x_wconf 80' lang='lat' dir='ltr'><strong>ea:</strong></span> <span class='ocrx_word' id='word_1_360' title='bbox 1293 2976 1399 3022; x_wconf 85' lang='lat' dir='ltr'><strong>toto</strong></span> <span class='ocrx_word' id='word_1_361' title='bbox 1429 2967 1586 3021; x_wconf 85' lang='lat' dir='ltr'><strong>corde</strong></span> <span class='ocrx_word' id='word_1_362' title='bbox 1623 2976 1732 3032; x_wconf 83' lang='lat' dir='ltr'><strong>tuo,</strong></span> <span class='ocrx_word' id='word_1_363' title='bbox 1765 2977 1815 3021; x_wconf 86' lang='lat' dir='ltr'><strong>et</strong></span> 
     </span>
    </p>
   </div>
   <div class='ocr_carea' id='block_1_46' title="bbox 214 3056 1811 3131">
    <p class='ocr_par' dir='ltr' id='par_1_46' title="bbox 214 3056 1811 3131">
     <span class='ocr_line' id='line_1_46' title="bbox 214 3056 1811 3131; baseline 0.004 -22"><span class='ocrx_word' id='word_1_364' title='bbox 214 3068 276 3109; x_wconf 75' lang='lat' dir='ltr'><strong>ea:</strong></span> <span class='ocrx_word' id='word_1_365' title='bbox 295 3063 415 3107; x_wconf 82' lang='lat' dir='ltr'><strong>tota</strong></span> <span class='ocrx_word' id='word_1_366' title='bbox 446 3056 627 3110; x_wconf 79' lang='lat' dir='ltr'><strong>animo</strong></span> <span class='ocrx_word' id='word_1_367' title='bbox 651 3067 762 3125; x_wconf 77' lang='lat' dir='ltr'><strong>tua,</strong></span> <span class='ocrx_word' id='word_1_368' title='bbox 790 3068 837 3112; x_wconf 82' lang='lat' dir='ltr'><strong>et</strong></span> <span class='ocrx_word' id='word_1_369' title='bbox 864 3072 930 3115; x_wconf 71' lang='lat' dir='ltr'><strong>ea:</strong></span> <span class='ocrx_word' id='word_1_370' title='bbox 971 3068 1079 3114; x_wconf 84' lang='lat' dir='ltr'><strong>tota</strong></span> <span class='ocrx_word' id='word_1_371' title='bbox 1108 3072 1281 3116; x_wconf 81' lang='lat' dir='ltr'><strong>mente</strong></span> <span class='ocrx_word' id='word_1_372' title='bbox 1325 3066 1437 3124; x_wconf 84' lang='lat' dir='ltr'><strong>tua,</strong></span> <span class='ocrx_word' id='word_1_373' title='bbox 1478 3060 1623 3131; x_wconf 88' lang='lat' dir='ltr'><strong>quod</strong></span> <span class='ocrx_word' id='word_1_374' title='bbox 1652 3061 1811 3115; x_wconf 90' lang='lat' dir='ltr'><strong>talem</strong></span> 
     </span>
    </p>
   </div>
   <div class='ocr_carea' id='block_1_47' title="bbox 213 3146 1809 3226">
    <p class='ocr_par' dir='ltr' id='par_1_47' title="bbox 213 3146 1809 3226">
     <span class='ocr_line' id='line_1_47' title="bbox 213 3146 1809 3226; baseline 0.008 -26"><span class='ocrx_word' id='word_1_375' title='bbox 213 3146 527 3204; x_wconf 85' lang='lat' dir='ltr'><strong>dilectionis</strong></span> <span class='ocrx_word' id='word_1_376' title='bbox 553 3147 749 3205; x_wconf 85' lang='lat' dir='ltr'><strong>habeat</strong></span> <span class='ocrx_word' id='word_1_377' title='bbox 794 3154 1123 3218; x_wconf 87' lang='lat' dir='ltr'><strong>mercedem,</strong></span> <span class='ocrx_word' id='word_1_378' title='bbox 1163 3153 1255 3224; x_wconf 89' lang='lat' dir='ltr'><strong>qui</strong></span> <span class='ocrx_word' id='word_1_379' title='bbox 1285 3154 1551 3208; x_wconf 86' lang='lat' dir='ltr'><strong>minorem</strong></span> <span class='ocrx_word' id='word_1_380' title='bbox 1598 3152 1809 3226; x_wconf 65' lang='grc'>1047</span> 
     </span>
    </p>
   </div>
   <div class='ocr_carea' id='block_1_48' title="bbox 1921 1943 3514 2013">
    <p class='ocr_par' dir='ltr' id='par_1_48' title="bbox 1921 1943 3514 2013">
     <span class='ocr_line' id='line_1_48' title="bbox 1921 1943 3514 2013; baseline 0.004 -17"><span class='ocrx_word' id='word_1_381' title='bbox 1921 1958 2026 1996; x_wconf 87' lang='lat' dir='ltr'><strong>non</strong></span> <span class='ocrx_word' id='word_1_382' title='bbox 2051 1943 2217 1999; x_wconf 82' lang='lat' dir='ltr'><strong>habet</strong></span> <span class='ocrx_word' id='word_1_383' title='bbox 2239 1943 2381 2013; x_wconf 87' lang='lat' dir='ltr'><strong>quod</strong></span> <span class='ocrx_word' id='word_1_384' title='bbox 2413 1944 2462 1997; x_wconf 89' lang='lat' dir='ltr'><strong>ei</strong></span> <span class='ocrx_word' id='word_1_385' title='bbox 2488 1944 2673 2010; x_wconf 84' lang='lat' dir='ltr'><strong>infert,</strong></span> <span class='ocrx_word' id='word_1_386' title='bbox 2702 1954 2757 2000; x_wconf 90' lang='lat' dir='ltr'><strong>et</strong></span> <span class='ocrx_word' id='word_1_387' title='bbox 2782 1946 2913 2001; x_wconf 88' lang='lat' dir='ltr'><strong>dicit</strong></span> <span class='ocrx_word' id='word_1_388' title='bbox 2942 1966 2956 2000; x_wconf 88' lang='lat'><strong>:</strong></span> <span class='ocrx_word' id='word_1_389' title='bbox 2991 1946 3043 2000; x_wconf 82' lang='grc' dir='ltr'><em>Μ</em></span> <span class='ocrx_word' id='word_1_390' title='bbox 3052 1947 3144 2002; x_wconf 85' lang='lat' dir='ltr'><strong>etis</strong></span> <span class='ocrx_word' id='word_1_391' title='bbox 3176 1948 3266 2002; x_wconf 79' lang='lat' dir='ltr'><strong>ubi</strong></span> <span class='ocrx_word' id='word_1_392' title='bbox 3295 1965 3401 2004; x_wconf 84' lang='lat' dir='ltr'><strong>non</strong></span> <span class='ocrx_word' id='word_1_393' title='bbox 3428 1965 3514 2004; x_wconf 79' lang='lat' dir='ltr'><strong>se-</strong></span> 
     </span>
    </p>
   </div>
   <div class='ocr_carea' id='block_1_49' title="bbox 1918 2032 3518 2103">
    <p class='ocr_par' dir='ltr' id='par_1_49' title="bbox 1918 2032 3518 2103">
     <span class='ocr_line' id='line_1_49' title="bbox 1918 2032 3518 2103; baseline 0.006 -17"><span class='ocrx_word' id='word_1_394' title='bbox 1918 2032 2150 2099; x_wconf 86' lang='lat' dir='ltr'><strong>minasti,</strong></span> <span class='ocrx_word' id='word_1_395' title='bbox 2195 2050 2473 2103; x_wconf 85' lang='lat' dir='ltr'><strong>nunquam</strong></span> <span class='ocrx_word' id='word_1_396' title='bbox 2511 2036 2656 2091; x_wconf 89' lang='lat' dir='ltr'><strong>enim</strong></span> <span class='ocrx_word' id='word_1_397' title='bbox 2694 2051 2927 2092; x_wconf 87' lang='lat' dir='ltr'><strong>messem</strong></span> <span class='ocrx_word' id='word_1_398' title='bbox 2967 2039 3084 2094; x_wconf 87' lang='lat' dir='ltr'><strong>sine</strong></span> <span class='ocrx_word' id='word_1_399' title='bbox 3118 2040 3325 2096; x_wconf 86' lang='lat' dir='ltr'><strong>semine</strong></span> <span class='ocrx_word' id='word_1_400' title='bbox 3368 2041 3518 2095; x_wconf 88' lang='lat' dir='ltr'><strong>inve-</strong></span> 
     </span>
    </p>
   </div>
   <div class='ocr_carea' id='block_1_50' title="bbox 1917 2125 3518 2205">
    <p class='ocr_par' dir='ltr' id='par_1_50' title="bbox 1917 2125 3518 2205">
     <span class='ocr_line' id='line_1_50' title="bbox 1917 2125 3518 2205; baseline 0.005 -26"><span class='ocrx_word' id='word_1_401' title='bbox 1917 2125 2056 2191; x_wconf 87' lang='lat' dir='ltr'><strong>nies,</strong></span> <span class='ocrx_word' id='word_1_402' title='bbox 2107 2141 2281 2195; x_wconf 89' lang='lat' dir='ltr'><strong>neque</strong></span> <span class='ocrx_word' id='word_1_403' title='bbox 2331 2128 2647 2197; x_wconf 88' lang='lat' dir='ltr'><strong>congregari</strong></span> <span class='ocrx_word' id='word_1_404' title='bbox 2702 2143 2864 2197; x_wconf 88' lang='lat' dir='ltr'><strong>posse</strong></span> <span class='ocrx_word' id='word_1_405' title='bbox 2899 2145 3020 2199; x_wconf 66' lang='lat' dir='ltr'><strong>quae</strong></span> <span class='ocrx_word' id='word_1_406' title='bbox 3057 2144 3246 2201; x_wconf 88' lang='lat' dir='ltr'><strong>sparsa</strong></span> <span class='ocrx_word' id='word_1_407' title='bbox 3299 2130 3518 2205; x_wconf 62' lang='lat'><strong>1048</strong></span> 
     </span>
    </p>
   </div>
   <div class='ocr_carea' id='block_1_51' title="bbox 1917 2208 3515 2293">
    <p class='ocr_par' dir='ltr' id='par_1_51' title="bbox 1917 2208 3515 2293">
     <span class='ocr_line' id='line_1_51' title="bbox 1917 2208 3515 2293; baseline 0.001 -19"><span class='ocrx_word' id='word_1_408' title='bbox 1917 2208 2025 2274; x_wconf 87' lang='lat' dir='ltr'><strong>non</strong></span> <span class='ocrx_word' id='word_1_409' title='bbox 2065 2217 2285 2273; x_wconf 83' lang='lat' dir='ltr'><strong>fuerint.</strong></span> <span class='ocrx_word' id='word_1_410' title='bbox 2321 2218 2425 2274; x_wconf 87' lang='lat' dir='ltr'><strong>Sed</strong></span> <span class='ocrx_word' id='word_1_411' title='bbox 2458 2220 2583 2289; x_wconf 88' lang='lat' dir='ltr'><strong>quia</strong></span> <span class='ocrx_word' id='word_1_412' title='bbox 2627 2220 2717 2274; x_wconf 75' lang='lat' dir='ltr'><strong>hic</strong></span> <span class='ocrx_word' id='word_1_413' title='bbox 2745 2236 2925 2276; x_wconf 87' lang='lat' dir='ltr'><strong>sermo</strong></span> <span class='ocrx_word' id='word_1_414' title='bbox 2957 2230 3101 2278; x_wconf 89' lang='lat' dir='ltr'><strong>totus</strong></span> <span class='ocrx_word' id='word_1_415' title='bbox 3123 2222 3515 2293; x_wconf 85' lang='lat' dir='ltr'><strong>paraboliticus</strong></span> 
     </span>
    </p>
   </div>
   <div class='ocr_carea' id='block_1_52' title="bbox 1916 2310 3514 2385">
    <p class='ocr_par' dir='ltr' id='par_1_52' title="bbox 1916 2310 3514 2385">
     <span class='ocr_line' id='line_1_52' title="bbox 1916 2310 3514 2385; baseline 0.003 -19"><span class='ocrx_word' id='word_1_416' title='bbox 1916 2318 2022 2376; x_wconf 89' lang='lat' dir='ltr'><strong>est,</strong></span> <span class='ocrx_word' id='word_1_417' title='bbox 2050 2311 2309 2366; x_wconf 87' lang='lat' dir='ltr'><strong>debemus</strong></span> <span class='ocrx_word' id='word_1_418' title='bbox 2338 2310 2569 2381; x_wconf 86' lang='lat' dir='ltr'><strong>ﬁgurate</strong></span> <span class='ocrx_word' id='word_1_419' title='bbox 2594 2329 2716 2366; x_wconf 86' lang='lat' dir='ltr'><strong>eum</strong></span> <span class='ocrx_word' id='word_1_420' title='bbox 2745 2314 3013 2385; x_wconf 87' lang='lat' dir='ltr'><strong>accipere.</strong></span> <span class='ocrx_word' id='word_1_421' title='bbox 3044 2312 3293 2377; x_wconf 71' lang='lat' dir='ltr'><strong>Dixitnus</strong></span> <span class='ocrx_word' id='word_1_422' title='bbox 3344 2330 3514 2385; x_wconf 87' lang='lat' dir='ltr'><strong>quos-</strong></span> 
     </span>
    </p>
   </div>
   <div class='ocr_carea' id='block_1_53' title="bbox 1918 2403 3508 2476">
    <p class='ocr_par' dir='ltr' id='par_1_53' title="bbox 1918 2403 3508 2476">
     <span class='ocr_line' id='line_1_53' title="bbox 1918 2403 3508 2476; baseline 0.001 -17"><span class='ocrx_word' id='word_1_423' title='bbox 1918 2404 2039 2459; x_wconf 86' lang='lat' dir='ltr'><strong>dam</strong></span> <span class='ocrx_word' id='word_1_424' title='bbox 2079 2403 2382 2474; x_wconf 88' lang='lat' dir='ltr'><strong>intelligere</strong></span> <span class='ocrx_word' id='word_1_425' title='bbox 2416 2404 2558 2459; x_wconf 87' lang='lat' dir='ltr'><strong>hunc</strong></span> <span class='ocrx_word' id='word_1_426' title='bbox 2590 2420 2827 2469; x_wconf 88' lang='lat' dir='ltr'><strong>servum,</strong></span> <span class='ocrx_word' id='word_1_427' title='bbox 2873 2406 3130 2476; x_wconf 91' lang='lat' dir='ltr'><strong>populum</strong></span> <span class='ocrx_word' id='word_1_428' title='bbox 3160 2406 3227 2462; x_wconf 90' lang='lat' dir='ltr'><strong>de</strong></span> <span class='ocrx_word' id='word_1_429' title='bbox 3255 2405 3373 2475; x_wconf 82' lang='lat' dir='ltr'><strong>lege</strong></span> <span class='ocrx_word' id='word_1_430' title='bbox 3402 2420 3508 2461; x_wconf 90' lang='lat' dir='ltr'><strong>non</strong></span> 
     </span>
    </p>
   </div>
   <div class='ocr_carea' id='block_1_54' title="bbox 1918 2492 3510 2566">
    <p class='ocr_par' dir='ltr' id='par_1_54' title="bbox 1918 2492 3510 2566">
     <span class='ocr_line' id='line_1_54' title="bbox 1918 2492 3510 2566; baseline 0.002 -19"><span class='ocrx_word' id='word_1_431' title='bbox 1918 2493 2249 2564; x_wconf 80' lang='lat' dir='ltr'><strong>ignorantem</strong></span> <span class='ocrx_word' id='word_1_432' title='bbox 2302 2492 2512 2547; x_wconf 82' lang='lat' dir='ltr'><strong>Domini</strong></span> <span class='ocrx_word' id='word_1_433' title='bbox 2551 2494 2864 2561; x_wconf 81' lang='lat' dir='ltr'><strong>adventum,</strong></span> <span class='ocrx_word' id='word_1_434' title='bbox 2891 2504 2948 2548; x_wconf 91' lang='lat' dir='ltr'><strong>et</strong></span> <span class='ocrx_word' id='word_1_435' title='bbox 2989 2496 3232 2566; x_wconf 87' lang='lat' dir='ltr'><strong>gentium</strong></span> <span class='ocrx_word' id='word_1_436' title='bbox 3278 2494 3510 2550; x_wconf 89' lang='lat' dir='ltr'><strong>salutem</strong></span> 
     </span>
    </p>
   </div>
   <div class='ocr_carea' id='block_1_55' title="bbox 1918 2584 3510 2658">
    <p class='ocr_par' dir='ltr' id='par_1_55' title="bbox 1918 2584 3510 2658">
     <span class='ocr_line' id='line_1_55' title="bbox 1918 2584 3510 2658; baseline -0.001 -16"><span class='ocrx_word' id='word_1_437' title='bbox 1918 2586 2248 2642; x_wconf 85' lang='lat' dir='ltr'><strong>invidentem</strong></span> <span class='ocrx_word' id='word_1_438' title='bbox 2278 2626 2291 2648; x_wconf 96' lang='lat'><strong>,</strong></span> <span class='ocrx_word' id='word_1_439' title='bbox 2354 2584 2404 2638; x_wconf 91' lang='lat' dir='ltr'><strong>in</strong></span> <span class='ocrx_word' id='word_1_440' title='bbox 2440 2584 2758 2641; x_wconf 84' lang='lat' dir='ltr'><strong>inﬁdelitate</strong></span> <span class='ocrx_word' id='word_1_441' title='bbox 2808 2601 3024 2658; x_wconf 88' lang='lat' dir='ltr'><strong>quoque</strong></span> <span class='ocrx_word' id='word_1_442' title='bbox 3063 2594 3510 2656; x_wconf 89' lang='lat' dir='ltr'><strong>permanentem,</strong></span> 
     </span>
    </p>
   </div>
   <div class='ocr_carea' id='block_1_56' title="bbox 1916 2675 3510 2749">
    <p class='ocr_par' dir='ltr' id='par_1_56' title="bbox 1916 2675 3510 2749">
     <span class='ocr_line' id='line_1_56' title="bbox 1916 2675 3510 2749; baseline -0.001 -17"><span class='ocrx_word' id='word_1_443' title='bbox 1916 2680 2115 2749; x_wconf 87' lang='lat' dir='ltr'><strong>quippe</strong></span> <span class='ocrx_word' id='word_1_444' title='bbox 2139 2693 2263 2733; x_wconf 91' lang='lat' dir='ltr'><strong>cum</strong></span> <span class='ocrx_word' id='word_1_445' title='bbox 2291 2677 2429 2732; x_wconf 88' lang='lat' dir='ltr'><strong>sciat</strong></span> <span class='ocrx_word' id='word_1_446' title='bbox 2468 2678 2750 2734; x_wconf 78' lang='lat' dir='ltr'><strong>metendos</strong></span> <span class='ocrx_word' id='word_1_447' title='bbox 2785 2676 3134 2748; x_wconf 74' lang='lat' dir='ltr'><strong>illicjnstitize</strong></span> <span class='ocrx_word' id='word_1_448' title='bbox 3157 2675 3389 2742; x_wconf 82' lang='lat' dir='ltr'><strong>fructus.</strong></span> <span class='ocrx_word' id='word_1_449' title='bbox 3417 2677 3510 2731; x_wconf 90' lang='lat' dir='ltr'><strong>ubi</strong></span> 
     </span>
    </p>
   </div>
   <div class='ocr_carea' id='block_1_57' title="bbox 1916 2771 3509 2845">
    <p class='ocr_par' dir='ltr' id='par_1_57' title="bbox 1916 2771 3509 2845">
     <span class='ocr_line' id='line_1_57' title="bbox 1916 2771 3509 2845; baseline -0.003 -16"><span class='ocrx_word' id='word_1_450' title='bbox 1916 2774 1999 2829; x_wconf 87' lang='lat' dir='ltr'><strong>lex</strong></span> <span class='ocrx_word' id='word_1_451' title='bbox 2040 2783 2155 2830; x_wconf 86' lang='lat' dir='ltr'><strong>sata</strong></span> <span class='ocrx_word' id='word_1_452' title='bbox 2182 2790 2289 2829; x_wconf 91' lang='lat' dir='ltr'><strong>non</strong></span> <span class='ocrx_word' id='word_1_453' title='bbox 2320 2772 2420 2845; x_wconf 80' lang='lat' dir='ltr'><strong>sit,</strong></span> <span class='ocrx_word' id='word_1_454' title='bbox 2458 2785 2509 2829; x_wconf 80' lang='lat' dir='ltr'><strong>et</strong></span> <span class='ocrx_word' id='word_1_455' title='bbox 2549 2772 2879 2842; x_wconf 82' lang='lat' dir='ltr'><strong>colligendos</strong></span> <span class='ocrx_word' id='word_1_456' title='bbox 2909 2771 3250 2842; x_wconf 80' lang='lat' dir='ltr'><strong>exigentibus</strong></span> <span class='ocrx_word' id='word_1_457' title='bbox 3276 2772 3367 2842; x_wconf 89' lang='lat' dir='ltr'><strong>qui</strong></span> <span class='ocrx_word' id='word_1_458' title='bbox 3401 2785 3509 2825; x_wconf 90' lang='lat' dir='ltr'><strong>non</strong></span> 
     </span>
    </p>
   </div>
   <div class='ocr_carea' id='block_1_58' title="bbox 1916 2862 3508 2937">
    <p class='ocr_par' dir='ltr' id='par_1_58' title="bbox 1916 2862 3508 2937">
     <span class='ocr_line' id='line_1_58' title="bbox 1916 2862 3508 2937; baseline -0.002 -19"><span class='ocrx_word' id='word_1_459' title='bbox 1916 2879 1980 2918; x_wconf 82' lang='lat' dir='ltr'><strong>ex</strong></span> <span class='ocrx_word' id='word_1_460' title='bbox 2004 2864 2235 2920; x_wconf 80' lang='lat' dir='ltr'><strong>Abrahae</strong></span> <span class='ocrx_word' id='word_1_461' title='bbox 2256 2867 2428 2937; x_wconf 91' lang='lat' dir='ltr'><strong>stirpe</strong></span> <span class='ocrx_word' id='word_1_462' title='bbox 2449 2866 2557 2921; x_wconf 89' lang='lat' dir='ltr'><strong>sint</strong></span> <span class='ocrx_word' id='word_1_463' title='bbox 2576 2864 2828 2936; x_wconf 88' lang='lat' dir='ltr'><strong>dispersi.</strong></span> <span class='ocrx_word' id='word_1_464' title='bbox 2850 2863 2916 2918; x_wconf 86' lang='lat' dir='ltr'><strong>Et</strong></span> <span class='ocrx_word' id='word_1_465' title='bbox 2939 2862 3146 2918; x_wconf 90' lang='lat' dir='ltr'><strong>ideirco</strong></span> <span class='ocrx_word' id='word_1_466' title='bbox 3166 2862 3360 2918; x_wconf 89' lang='lat' dir='ltr'><strong>durum</strong></span> <span class='ocrx_word' id='word_1_467' title='bbox 3384 2862 3508 2916; x_wconf 87' lang='lat' dir='ltr'><strong>eum</strong></span> 
     </span>
    </p>
   </div>
   <div class='ocr_carea' id='block_1_59' title="bbox 1917 2953 3508 3027">
    <p class='ocr_par' dir='ltr' id='par_1_59' title="bbox 1917 2953 3508 3027">
     <span class='ocr_line' id='line_1_59' title="bbox 1917 2953 3508 3027; baseline -0.002 -19"><span class='ocrx_word' id='word_1_468' title='bbox 1917 2964 2096 3020; x_wconf 89' lang='lat' dir='ltr'><strong>vocat,</strong></span> <span class='ocrx_word' id='word_1_469' title='bbox 2130 2956 2256 3026; x_wconf 86' lang='lat' dir='ltr'><strong>quia</strong></span> <span class='ocrx_word' id='word_1_470' title='bbox 2290 2955 2434 3011; x_wconf 90' lang='lat' dir='ltr'><strong>aliud</strong></span> <span class='ocrx_word' id='word_1_471' title='bbox 2465 2956 2635 3027; x_wconf 85' lang='lat' dir='ltr'><strong>exigit</strong></span> <span class='ocrx_word' id='word_1_472' title='bbox 2659 2968 2727 3009; x_wconf 85' lang='lat' dir='ltr'><strong>ex</strong></span> <span class='ocrx_word' id='word_1_473' title='bbox 2755 2953 2894 3024; x_wconf 86' lang='lat' dir='ltr'><strong>lege,</strong></span> <span class='ocrx_word' id='word_1_474' title='bbox 2929 2968 3090 3023; x_wconf 83' lang='lat' dir='ltr'><strong>quam</strong></span> <span class='ocrx_word' id='word_1_475' title='bbox 3132 2968 3255 3007; x_wconf 90' lang='lat' dir='ltr'><strong>eum</strong></span> <span class='ocrx_word' id='word_1_476' title='bbox 3292 2966 3508 3017; x_wconf 86' lang='lat' dir='ltr'><strong>sensum</strong></span> 
     </span>
    </p>
   </div>
   <div class='ocr_carea' id='block_1_60' title="bbox 1915 3046 3507 3120">
    <p class='ocr_par' dir='ltr' id='par_1_60' title="bbox 1915 3046 3507 3120">
     <span class='ocr_line' id='line_1_60' title="bbox 1915 3046 3507 3120; baseline -0.004 -18"><span class='ocrx_word' id='word_1_477' title='bbox 1915 3047 2211 3113; x_wconf 86' lang='lat' dir='ltr'><strong>carnalem,</strong></span> <span class='ocrx_word' id='word_1_478' title='bbox 2256 3050 2369 3119; x_wconf 77' lang='lat' dir='ltr'><strong>qui&#39;</strong></span> <span class='ocrx_word' id='word_1_479' title='bbox 2389 3050 2544 3120; x_wconf 83' lang='lat' dir='ltr'><strong>juxta</strong></span> <span class='ocrx_word' id='word_1_480' title='bbox 2588 3048 2823 3103; x_wconf 85' lang='lat' dir='ltr'><strong>litteram</strong></span> <span class='ocrx_word' id='word_1_481' title='bbox 2863 3047 2933 3102; x_wconf 88' lang='lat' dir='ltr'><strong>ab</strong></span> <span class='ocrx_word' id='word_1_482' title='bbox 2962 3047 3071 3112; x_wconf 85' lang='lat' dir='ltr'><strong>eis,</strong></span> <span class='ocrx_word' id='word_1_483' title='bbox 3102 3061 3166 3101; x_wconf 87' lang='lat' dir='ltr'><strong>ac</strong></span> <span class='ocrx_word' id='word_1_484' title='bbox 3200 3046 3245 3101; x_wconf 89' lang='lat' dir='ltr'><strong>si</strong></span> <span class='ocrx_word' id='word_1_485' title='bbox 3279 3046 3332 3100; x_wconf 89' lang='lat' dir='ltr'><strong>in</strong></span> <span class='ocrx_word' id='word_1_486' title='bbox 3366 3053 3507 3099; x_wconf 89' lang='lat' dir='ltr'><strong>terra</strong></span> 
     </span>
    </p>
   </div>
   <div class='ocr_carea' id='block_1_61' title="bbox 1916 3137 3510 3210">
    <p class='ocr_par' dir='ltr' id='par_1_61' title="bbox 1916 3137 3510 3210">
     <span class='ocr_line' id='line_1_61' title="bbox 1916 3137 3510 3210; baseline -0.001 -19"><span class='ocrx_word' id='word_1_487' title='bbox 1916 3137 2183 3206; x_wconf 75' lang='lat' dir='ltr'><strong>defossus,</strong></span> <span class='ocrx_word' id='word_1_488' title='bbox 2226 3140 2369 3196; x_wconf 91' lang='lat' dir='ltr'><strong>male</strong></span> <span class='ocrx_word' id='word_1_489' title='bbox 2399 3148 2684 3204; x_wconf 87' lang='lat' dir='ltr'><strong>servatur;</strong></span> <span class='ocrx_word' id='word_1_490' title='bbox 2727 3154 2850 3193; x_wconf 90' lang='lat' dir='ltr'><strong>cum</strong></span> <span class='ocrx_word' id='word_1_491' title='bbox 2882 3140 2952 3194; x_wconf 90' lang='lat' dir='ltr'><strong>sit</strong></span> <span class='ocrx_word' id='word_1_492' title='bbox 3007 3138 3340 3210; x_wconf 89' lang='lat' dir='ltr'><strong>ingentibus</strong></span> <span class='ocrx_word' id='word_1_493' title='bbox 3392 3137 3510 3191; x_wconf 89' lang='lat' dir='ltr'><strong>sine</strong></span> 
     </span>
    </p>
   </div>
   <div class='ocr_carea' id='block_1_62' title="bbox 213 3214 3504 3318">
    <p class='ocr_par' dir='ltr' id='par_1_62' title="bbox 213 3214 3504 3318">
     <span class='ocr_line' id='line_1_62' title="bbox 213 3214 3504 3318; baseline -0.002 -32"><span class='ocrx_word' id='word_1_494' title='bbox 213 3241 416 3297; x_wconf 63' lang='lat' dir='ltr'><strong>anima;</strong></span> <span class='ocrx_word' id='word_1_495' title='bbox 445 3245 804 3313; x_wconf 63' lang='lat' dir='ltr'><strong>capacilalem</strong></span> <span class='ocrx_word' id='word_1_496' title='bbox 833 3247 1104 3312; x_wconf 52' lang='lat' dir='ltr'><strong>“agnem,</strong></span> <span class='ocrx_word' id='word_1_497' title='bbox 1133 3214 1296 3317; x_wconf 49' lang='lat' dir='ltr'><strong>(Il-lam</strong></span> <span class='ocrx_word' id='word_1_498' title='bbox 1325 3258 1381 3303; x_wconf 69' lang='grc' dir='ltr'>θι</span> <span class='ocrx_word' id='word_1_499' title='bbox 1406 3247 1494 3302; x_wconf 69' lang='lat' dir='ltr'><strong>me</strong></span> <span class='ocrx_word' id='word_1_500' title='bbox 1523 3247 1616 3318; x_wconf 71' lang='lat' dir='ltr'><strong>qui</strong></span> <span class='ocrx_word' id='word_1_501' title='bbox 1837 3214 1883 3279; x_wconf 90' lang='lat' dir='ltr'><strong>C</strong></span> <span class='ocrx_word' id='word_1_502' title='bbox 1917 3229 2253 3300; x_wconf 88' lang='lat' dir='ltr'><strong>dispersione</strong></span> <span class='ocrx_word' id='word_1_503' title='bbox 2301 3230 2652 3293; x_wconf 88' lang='lat' dir='ltr'><strong>collecturus,</strong></span> <span class='ocrx_word' id='word_1_504' title='bbox 2703 3238 2758 3284; x_wconf 90' lang='lat' dir='ltr'><strong>et</strong></span> <span class='ocrx_word' id='word_1_505' title='bbox 2806 3230 2923 3284; x_wconf 89' lang='lat' dir='ltr'><strong>sine</strong></span> <span class='ocrx_word' id='word_1_506' title='bbox 2952 3228 3165 3284; x_wconf 86' lang='lat' dir='ltr'><strong>satione</strong></span> <span class='ocrx_word' id='word_1_507' title='bbox 3207 3241 3504 3283; x_wconf 89' lang='lat' dir='ltr'><strong>messurus.</strong></span> 
     </span>
    </p>
   </div>
   <div class='ocr_carea' id='block_1_63' title="bbox 214 3334 1811 3395">
    <p class='ocr_par' dir='ltr' id='par_1_63' title="bbox 214 3334 1811 3395">
     <span class='ocr_line' id='line_1_63' title="bbox 214 3334 1811 3395; baseline 0.005 -8"><span class='ocrx_word' id='word_1_508' title='bbox 214 3348 324 3388; x_wconf 91' lang='lat' dir='ltr'><strong>rem</strong></span> <span class='ocrx_word' id='word_1_509' title='bbox 352 3334 614 3392; x_wconf 87' lang='lat' dir='ltr'><strong>habuerit</strong></span> <span class='ocrx_word' id='word_1_510' title='bbox 643 3339 825 3394; x_wconf 82' lang='lat' dir='ltr'><strong>cordis</strong></span> <span class='ocrx_word' id='word_1_511' title='bbox 856 3340 1112 3395; x_wconf 89' lang='lat' dir='ltr'><strong>virtutem</strong></span> <span class='ocrx_word' id='word_1_512' title='bbox 1148 3348 1205 3395; x_wconf 89' lang='lat' dir='ltr'><strong>et</strong></span> <span class='ocrx_word' id='word_1_513' title='bbox 1232 3340 1648 3395; x_wconf 88' lang='lat' dir='ltr'><strong>eminentiorem</strong></span> <span class='ocrx_word' id='word_1_514' title='bbox 1690 3340 1811 3395; x_wconf 87' lang='lat' dir='ltr'><strong>ani-</strong></span> 
     </span>
    </p>
   </div>
   <div class='ocr_carea' id='block_1_64' title="bbox 213 3425 1812 3501">
    <p class='ocr_par' dir='ltr' id='par_1_64' title="bbox 213 3425 1812 3501">
     <span class='ocr_line' id='line_1_64' title="bbox 213 3425 1812 3501; baseline 0.003 -21"><span class='ocrx_word' id='word_1_515' title='bbox 213 3440 379 3482; x_wconf 86' lang='lat' dir='ltr'><strong>mam.</strong></span> <span class='ocrx_word' id='word_1_516' title='bbox 430 3425 588 3483; x_wconf 90' lang='lat' dir='ltr'><strong>Unde</strong></span> <span class='ocrx_word' id='word_1_517' title='bbox 629 3429 781 3485; x_wconf 88' lang='lat' dir='ltr'><strong>aiunt</strong></span> <span class='ocrx_word' id='word_1_518' title='bbox 818 3431 921 3486; x_wconf 88' lang='lat' dir='ltr'><strong>hoc</strong></span> <span class='ocrx_word' id='word_1_519' title='bbox 960 3428 1133 3486; x_wconf 90' lang='lat' dir='ltr'><strong>solum</strong></span> <span class='ocrx_word' id='word_1_520' title='bbox 1165 3431 1539 3501; x_wconf 66' lang='lat' dir='ltr'><strong>quaerendum,</strong></span> <span class='ocrx_word' id='word_1_521' title='bbox 1572 3440 1630 3484; x_wconf 90' lang='lat' dir='ltr'><strong>ut</strong></span> <span class='ocrx_word' id='word_1_522' title='bbox 1656 3430 1812 3500; x_wconf 82' lang='lat' dir='ltr'><strong>quid-</strong></span> 
     </span>
    </p>
   </div>
   <div class='ocr_carea' id='block_1_65' title="bbox 216 3520 1811 3593">
    <p class='ocr_par' dir='ltr' id='par_1_65' title="bbox 216 3520 1811 3593">
     <span class='ocr_line' id='line_1_65' title="bbox 216 3520 1811 3593; baseline 0.004 -22"><span class='ocrx_word' id='word_1_523' title='bbox 216 3520 349 3590; x_wconf 86' lang='lat' dir='ltr'><strong>quid</strong></span> <span class='ocrx_word' id='word_1_524' title='bbox 372 3520 630 3576; x_wconf 84' lang='lat' dir='ltr'><strong>habuerit</strong></span> <span class='ocrx_word' id='word_1_525' title='bbox 655 3521 818 3577; x_wconf 90' lang='lat' dir='ltr'><strong>homo</strong></span> <span class='ocrx_word' id='word_1_526' title='bbox 856 3521 943 3578; x_wconf 90' lang='lat' dir='ltr'><strong>vel</strong></span> <span class='ocrx_word' id='word_1_527' title='bbox 986 3522 1257 3593; x_wconf 84' lang='lat' dir='ltr'><strong>acceperit</strong></span> <span class='ocrx_word' id='word_1_528' title='bbox 1282 3536 1348 3576; x_wconf 87' lang='lat' dir='ltr'><strong>ex</strong></span> <span class='ocrx_word' id='word_1_529' title='bbox 1385 3521 1521 3587; x_wconf 88' lang='lat' dir='ltr'><strong>Deo,</strong></span> <span class='ocrx_word' id='word_1_530' title='bbox 1556 3529 1669 3577; x_wconf 90' lang='lat' dir='ltr'><strong>toto</strong></span> <span class='ocrx_word' id='word_1_531' title='bbox 1694 3530 1811 3577; x_wconf 86' lang='lat' dir='ltr'><strong>uta-</strong></span> 
     </span>
    </p>
   </div>
   <div class='ocr_carea' id='block_1_66' title="bbox 222 3614 1811 3686">
    <p class='ocr_par' dir='ltr' id='par_1_66' title="bbox 222 3614 1811 3686">
     <span class='ocr_line' id='line_1_66' title="bbox 222 3614 1811 3686; baseline 0.001 -19"><span class='ocrx_word' id='word_1_532' title='bbox 222 3622 313 3668; x_wconf 85' lang='lat' dir='ltr'><strong>tur</strong></span> <span class='ocrx_word' id='word_1_533' title='bbox 357 3628 427 3669; x_wconf 87' lang='lat' dir='ltr'><strong>eo</strong></span> <span class='ocrx_word' id='word_1_534' title='bbox 473 3614 537 3669; x_wconf 85' lang='lat' dir='ltr'><strong>ad</strong></span> <span class='ocrx_word' id='word_1_535' title='bbox 587 3614 815 3686; x_wconf 82' lang='lat' dir='ltr'><strong>gloriam</strong></span> <span class='ocrx_word' id='word_1_536' title='bbox 864 3624 919 3671; x_wconf 87' lang='lat' dir='ltr'><strong>et</strong></span> <span class='ocrx_word' id='word_1_537' title='bbox 969 3615 1183 3672; x_wconf 89' lang='lat' dir='ltr'><strong>laudem</strong></span> <span class='ocrx_word' id='word_1_538' title='bbox 1219 3614 1337 3671; x_wconf 90' lang='lat' dir='ltr'><strong>Dei.</strong></span> <span class='ocrx_word' id='word_1_539' title='bbox 1383 3614 1531 3669; x_wconf 87' lang='lat' dir='ltr'><strong>Bona</strong></span> <span class='ocrx_word' id='word_1_540' title='bbox 1592 3614 1811 3684; x_wconf 89' lang='lat' dir='ltr'><strong>quidem</strong></span> 
     </span>
    </p>
   </div>
   <div class='ocr_carea' id='block_1_67' title="bbox 215 3707 1809 3780">
    <p class='ocr_par' dir='ltr' id='par_1_67' title="bbox 215 3707 1809 3780">
     <span class='ocr_line' id='line_1_67' title="bbox 215 3707 1809 3780; baseline 0 -18"><span class='ocrx_word' id='word_1_541' title='bbox 215 3709 529 3764; x_wconf 86' lang='lat' dir='ltr'><strong>exhortatio</strong></span> <span class='ocrx_word' id='word_1_542' title='bbox 575 3719 630 3764; x_wconf 90' lang='lat' dir='ltr'><strong>et</strong></span> <span class='ocrx_word' id='word_1_543' title='bbox 677 3708 919 3780; x_wconf 89' lang='lat' dir='ltr'><strong>locuples</strong></span> <span class='ocrx_word' id='word_1_544' title='bbox 949 3711 1123 3767; x_wconf 89' lang='lat' dir='ltr'><strong>virtus</strong></span> <span class='ocrx_word' id='word_1_545' title='bbox 1165 3708 1351 3773; x_wconf 90' lang='lat' dir='ltr'><strong>animi,</strong></span> <span class='ocrx_word' id='word_1_546' title='bbox 1407 3708 1502 3763; x_wconf 90' lang='lat' dir='ltr'><strong>sed</strong></span> <span class='ocrx_word' id='word_1_547' title='bbox 1541 3709 1633 3779; x_wconf 88' lang='lat' dir='ltr'><strong>qui</strong></span> <span class='ocrx_word' id='word_1_548' title='bbox 1689 3707 1809 3777; x_wconf 88' lang='lat' dir='ltr'><strong>plus</strong></span> 
     </span>
    </p>
   </div>
   <div class='ocr_carea' id='block_1_68' title="bbox 211 3798 1808 3867">
    <p class='ocr_par' dir='ltr' id='par_1_68' title="bbox 211 3798 1808 3867">
     <span class='ocr_line' id='line_1_68' title="bbox 211 3798 1808 3867; baseline -0.001 -14"><span class='ocrx_word' id='word_1_549' title='bbox 211 3798 667 3867; x_wconf 83' lang='lat' dir='ltr'><strong>omnibus,juxta</strong></span> <span class='ocrx_word' id='word_1_550' title='bbox 691 3798 841 3855; x_wconf 87' lang='lat' dir='ltr'><strong>Pauli</strong></span> <span class='ocrx_word' id='word_1_551' title='bbox 872 3814 1084 3866; x_wconf 78' lang='lat' dir='ltr'><strong>vorem,</strong></span> <span class='ocrx_word' id='word_1_552' title='bbox 1132 3798 1485 3864; x_wconf 85' lang='lat' dir='ltr'><strong>laboraverit,</strong></span> <span class='ocrx_word' id='word_1_553' title='bbox 1531 3798 1808 3854; x_wconf 81' lang='lat' dir='ltr'><strong>fatendum</strong></span> 
     </span>
    </p>
   </div>
   <div class='ocr_carea' id='block_1_69' title="bbox 216 3888 1810 3963">
    <p class='ocr_par' dir='ltr' id='par_1_69' title="bbox 216 3888 1810 3963">
     <span class='ocr_line' id='line_1_69' title="bbox 216 3888 1810 3963; baseline 0.001 -20"><span class='ocrx_word' id='word_1_554' title='bbox 216 3888 317 3946; x_wconf 87' lang='lat' dir='ltr'><strong>ﬁde</strong></span> <span class='ocrx_word' id='word_1_555' title='bbox 346 3899 460 3956; x_wconf 85' lang='lat' dir='ltr'><strong>est,</strong></span> <span class='ocrx_word' id='word_1_556' title='bbox 489 3894 634 3961; x_wconf 87' lang='lat' dir='ltr'><strong>quod</strong></span> <span class='ocrx_word' id='word_1_557' title='bbox 665 3892 973 3948; x_wconf 82' lang='lat' dir='ltr'><strong>mercedem</strong></span> <span class='ocrx_word' id='word_1_558' title='bbox 998 3891 1222 3963; x_wconf 88' lang='lat' dir='ltr'><strong>recipiet</strong></span> <span class='ocrx_word' id='word_1_559' title='bbox 1249 3892 1620 3961; x_wconf 84' lang='lat' dir='ltr'><strong>unusquisque</strong></span> <span class='ocrx_word' id='word_1_560' title='bbox 1654 3890 1810 3958; x_wconf 85' lang='lat' dir='ltr'><strong>juxta</strong></span> 
     </span>
    </p>
   </div>
   <div class='ocr_carea' id='block_1_70' title="bbox 215 3979 1813 4055">
    <p class='ocr_par' dir='ltr' id='par_1_70' title="bbox 215 3979 1813 4055">
     <span class='ocr_line' id='line_1_70' title="bbox 215 3979 1813 4055; baseline 0 -18"><span class='ocrx_word' id='word_1_561' title='bbox 215 3979 464 4039; x_wconf 80' lang='lat' dir='ltr'><strong>laborem</strong></span> <span class='ocrx_word' id='word_1_562' title='bbox 512 3996 695 4038; x_wconf 88' lang='lat' dir='ltr'><strong>suum:</strong></span> <span class='ocrx_word' id='word_1_563' title='bbox 747 3984 816 4039; x_wconf 89' lang='lat' dir='ltr'><strong>Et</strong></span> <span class='ocrx_word' id='word_1_564' title='bbox 877 3985 1173 4040; x_wconf 86' lang='lat' dir='ltr'><strong>notandum</strong></span> <span class='ocrx_word' id='word_1_565' title='bbox 1221 3984 1351 4055; x_wconf 86' lang='lat' dir='ltr'><strong>quia</strong></span> <span class='ocrx_word' id='word_1_566' title='bbox 1404 3983 1578 4040; x_wconf 87' lang='lat' dir='ltr'><strong>ﬁdelis</strong></span> <span class='ocrx_word' id='word_1_567' title='bbox 1621 3998 1813 4039; x_wconf 84' lang='lat' dir='ltr'><strong>servus</strong></span> 
     </span>
    </p>
   </div>
   <div class='ocr_carea' id='block_1_71' title="bbox 212 4074 1812 4150">
    <p class='ocr_par' dir='ltr' id='par_1_71' title="bbox 212 4074 1812 4150">
     <span class='ocr_line' id='line_1_71' title="bbox 212 4074 1812 4150; baseline -0.001 -19"><span class='ocrx_word' id='word_1_568' title='bbox 212 4075 376 4131; x_wconf 85' lang='lat' dir='ltr'><strong>etiam</strong></span> <span class='ocrx_word' id='word_1_569' title='bbox 399 4085 462 4132; x_wconf 87' lang='lat' dir='ltr'><strong>et</strong></span> <span class='ocrx_word' id='word_1_570' title='bbox 482 4076 659 4131; x_wconf 88' lang='lat' dir='ltr'><strong>bonus</strong></span> <span class='ocrx_word' id='word_1_571' title='bbox 677 4074 997 4150; x_wconf 73' lang='lat' dir='ltr'><strong>appellatur.</strong></span> <span class='ocrx_word' id='word_1_572' title='bbox 1029 4076 1183 4145; x_wconf 85' lang='lat' dir='ltr'><strong>Quod</strong></span> <span class='ocrx_word' id='word_1_573' title='bbox 1204 4078 1251 4132; x_wconf 90' lang='lat' dir='ltr'><strong>si</strong></span> <span class='ocrx_word' id='word_1_574' title='bbox 1274 4076 1448 4132; x_wconf 84' lang='lat' dir='ltr'><strong>bonus</strong></span> <span class='ocrx_word' id='word_1_575' title='bbox 1466 4076 1664 4132; x_wconf 88' lang='lat' dir='ltr'><strong>dicitur</strong></span> <span class='ocrx_word' id='word_1_576' title='bbox 1694 4076 1812 4146; x_wconf 84' lang='lat' dir='ltr'><strong>qui-</strong></span> 
     </span>
    </p>
   </div>
   <div class='ocr_carea' id='block_1_72' title="bbox 208 4166 1811 4242">
    <p class='ocr_par' dir='ltr' id='par_1_72' title="bbox 208 4166 1811 4242">
     <span class='ocr_line' id='line_1_72' title="bbox 208 4166 1811 4242; baseline -0.001 -20"><span class='ocrx_word' id='word_1_577' title='bbox 208 4166 342 4225; x_wconf 87' lang='lat' dir='ltr'><strong>libet</strong></span> <span class='ocrx_word' id='word_1_578' title='bbox 373 4168 557 4223; x_wconf 83' lang='lat' dir='ltr'><strong>tidelis</strong></span> <span class='ocrx_word' id='word_1_579' title='bbox 581 4182 792 4235; x_wconf 89' lang='lat' dir='ltr'><strong>servus,</strong></span> <span class='ocrx_word' id='word_1_580' title='bbox 824 4184 893 4224; x_wconf 79' lang='lat' dir='ltr'><strong>ex</strong></span> <span class='ocrx_word' id='word_1_581' title='bbox 916 4170 1057 4224; x_wconf 89' lang='lat' dir='ltr'><strong>dono</strong></span> <span class='ocrx_word' id='word_1_582' title='bbox 1086 4169 1276 4242; x_wconf 67' lang='lat' dir='ltr'><strong>gratiae</strong></span> <span class='ocrx_word' id='word_1_583' title='bbox 1316 4178 1370 4224; x_wconf 88' lang='lat' dir='ltr'><strong>et</strong></span> <span class='ocrx_word' id='word_1_584' title='bbox 1396 4168 1811 4239; x_wconf 88' lang='lat' dir='ltr'><strong>participatione</strong></span> 
     </span>
    </p>
   </div>
   <div class='ocr_carea' id='block_1_73' title="bbox 212 4262 1811 4334">
    <p class='ocr_par' dir='ltr' id='par_1_73' title="bbox 212 4262 1811 4334">
     <span class='ocr_line' id='line_1_73' title="bbox 212 4262 1811 4334; baseline -0.003 -15"><span class='ocrx_word' id='word_1_585' title='bbox 212 4263 361 4330; x_wconf 86' lang='lat' dir='ltr'><strong>boni,</strong></span> <span class='ocrx_word' id='word_1_586' title='bbox 430 4262 605 4318; x_wconf 88' lang='lat' dir='ltr'><strong>multo</strong></span> <span class='ocrx_word' id='word_1_587' title='bbox 649 4264 824 4334; x_wconf 83' lang='lat' dir='ltr'><strong>magis</strong></span> <span class='ocrx_word' id='word_1_588' title='bbox 868 4262 1121 4319; x_wconf 83' lang='lat' dir='ltr'><strong>Christus</strong></span> <span class='ocrx_word' id='word_1_589' title='bbox 1151 4262 1292 4318; x_wconf 88' lang='lat' dir='ltr'><strong>Deus</strong></span> <span class='ocrx_word' id='word_1_590' title='bbox 1342 4263 1514 4319; x_wconf 90' lang='lat' dir='ltr'><strong>bonus</strong></span> <span class='ocrx_word' id='word_1_591' title='bbox 1563 4271 1666 4325; x_wconf 86' lang='lat' dir='ltr'><strong>est,</strong></span> <span class='ocrx_word' id='word_1_592' title='bbox 1720 4262 1811 4331; x_wconf 86' lang='lat' dir='ltr'><strong>qui</strong></span> 
     </span>
    </p>
   </div>
   <div class='ocr_carea' id='block_1_74' title="bbox 210 4354 1808 4419">
    <p class='ocr_par' dir='ltr' id='par_1_74' title="bbox 210 4354 1808 4419">
     <span class='ocr_line' id='line_1_74' title="bbox 210 4354 1808 4419; baseline -0.003 -7"><span class='ocrx_word' id='word_1_593' title='bbox 210 4356 589 4414; x_wconf 85' lang='lat' dir='ltr'><strong>essentialiter</strong></span> <span class='ocrx_word' id='word_1_594' title='bbox 609 4366 693 4412; x_wconf 90' lang='lat' dir='ltr'><strong>est</strong></span> <span class='ocrx_word' id='word_1_595' title='bbox 723 4359 916 4412; x_wconf 88' lang='lat' dir='ltr'><strong>bonus.</strong></span> <span class='ocrx_word' id='word_1_596' title='bbox 950 4357 1017 4412; x_wconf 82' lang='lat' dir='ltr'><strong>Et</strong></span> <span class='ocrx_word' id='word_1_597' title='bbox 1048 4373 1174 4419; x_wconf 91' lang='lat' dir='ltr'><strong>non,</strong></span> <span class='ocrx_word' id='word_1_598' title='bbox 1224 4356 1366 4412; x_wconf 89' lang='lat' dir='ltr'><strong>sicut</strong></span> <span class='ocrx_word' id='word_1_599' title='bbox 1399 4355 1671 4411; x_wconf 77' lang='lat' dir='ltr'><strong>Feliciaua</strong></span> <span class='ocrx_word' id='word_1_600' title='bbox 1698 4354 1808 4409; x_wconf 73' lang='lat' dir='ltr'><strong>Ine-</strong></span> 
     </span>
    </p>
   </div>
   <div class='ocr_carea' id='block_1_75' title="bbox 212 4449 1810 4521">
    <p class='ocr_par' dir='ltr' id='par_1_75' title="bbox 212 4449 1810 4521">
     <span class='ocr_line' id='line_1_75' title="bbox 212 4449 1810 4521; baseline -0.001 -19"><span class='ocrx_word' id='word_1_601' title='bbox 212 4451 346 4506; x_wconf 88' lang='lat' dir='ltr'><strong>resis</strong></span> <span class='ocrx_word' id='word_1_602' title='bbox 391 4449 785 4517; x_wconf 85' lang='lat' dir='ltr'><strong>calumniatur,</strong></span> <span class='ocrx_word' id='word_1_603' title='bbox 834 4452 979 4521; x_wconf 87' lang='lat' dir='ltr'><strong>quod</strong></span> <span class='ocrx_word' id='word_1_604' title='bbox 1025 4460 1132 4504; x_wconf 90' lang='lat' dir='ltr'><strong>non</strong></span> <span class='ocrx_word' id='word_1_605' title='bbox 1173 4450 1245 4504; x_wconf 89' lang='lat' dir='ltr'><strong>sit</strong></span> <span class='ocrx_word' id='word_1_606' title='bbox 1282 4464 1476 4518; x_wconf 87' lang='lat' dir='ltr'><strong>passus</strong></span> <span class='ocrx_word' id='word_1_607' title='bbox 1505 4463 1562 4502; x_wconf 90' lang='lat' dir='ltr'><strong>se</strong></span> <span class='ocrx_word' id='word_1_608' title='bbox 1611 4449 1810 4501; x_wconf 89' lang='lat' dir='ltr'><strong>bonum</strong></span> 
     </span>
    </p>
   </div>
   <div class='ocr_carea' id='block_1_76' title="bbox 210 4539 1813 4614">
    <p class='ocr_par' dir='ltr' id='par_1_76' title="bbox 210 4539 1813 4614">
     <span class='ocr_line' id='line_1_76' title="bbox 210 4539 1813 4614; baseline -0.002 -18"><span class='ocrx_word' id='word_1_609' title='bbox 210 4543 422 4611; x_wconf 88' lang='lat' dir='ltr'><strong>vocari,</strong></span> <span class='ocrx_word' id='word_1_610' title='bbox 456 4543 581 4614; x_wconf 89' lang='lat' dir='ltr'><strong>quia</strong></span> <span class='ocrx_word' id='word_1_611' title='bbox 626 4552 784 4598; x_wconf 83' lang='lat' dir='ltr'><strong>nemo</strong></span> <span class='ocrx_word' id='word_1_612' title='bbox 826 4543 997 4601; x_wconf 87' lang='lat' dir='ltr'><strong>bonus</strong></span> <span class='ocrx_word' id='word_1_613' title='bbox 1046 4542 1151 4599; x_wconf 82' lang='lat' dir='ltr'><strong>nisi</strong></span> <span class='ocrx_word' id='word_1_614' title='bbox 1197 4542 1347 4597; x_wconf 89' lang='lat' dir='ltr'><strong>solus</strong></span> <span class='ocrx_word' id='word_1_615' title='bbox 1390 4540 1550 4597; x_wconf 89' lang='lat' dir='ltr'><strong>Deus.</strong></span> <span class='ocrx_word' id='word_1_616' title='bbox 1588 4539 1666 4596; x_wconf 85' lang='lat' dir='ltr'><strong>Ac</strong></span> <span class='ocrx_word' id='word_1_617' title='bbox 1716 4556 1813 4610; x_wconf 89' lang='lat' dir='ltr'><strong>per</strong></span> 
     </span>
    </p>
   </div>
   <div class='ocr_carea' id='block_1_77' title="bbox 209 4634 1397 4704">
    <p class='ocr_par' dir='ltr' id='par_1_77' title="bbox 209 4634 1397 4704">
     <span class='ocr_line' id='line_1_77' title="bbox 209 4634 1397 4704; baseline -0.003 -11"><span class='ocrx_word' id='word_1_618' title='bbox 209 4635 313 4693; x_wconf 83' lang='lat' dir='ltr'><strong>hoc</strong></span> <span class='ocrx_word' id='word_1_619' title='bbox 360 4638 671 4695; x_wconf 85' lang='lat' dir='ltr'><strong>secundum</strong></span> <span class='ocrx_word' id='word_1_620' title='bbox 706 4634 1004 4704; x_wconf 74' lang='lat' dir='ltr'><strong>hominem,</strong></span> <span class='ocrx_word' id='word_1_621' title='bbox 1047 4638 1172 4693; x_wconf 88' lang='lat' dir='ltr'><strong>ideo</strong></span> <span class='ocrx_word' id='word_1_622' title='bbox 1214 4652 1318 4692; x_wconf 91' lang='lat' dir='ltr'><strong>non</strong></span> <span class='ocrx_word' id='word_1_623' title='bbox 1354 4636 1397 4691; x_wconf 89' lang='lat' dir='ltr'><strong>si</strong></span> 
     </span>
    </p>
   </div>
   <div class='ocr_carea' id='block_1_78' title="bbox 208 4727 1814 4803">
    <p class='ocr_par' dir='ltr' id='par_1_78' title="bbox 208 4727 1814 4803">
     <span class='ocr_line' id='line_1_78' title="bbox 208 4727 1814 4803; baseline -0.005 -16"><span class='ocrx_word' id='word_1_624' title='bbox 208 4732 531 4803; x_wconf 80' lang='lat' dir='ltr'><strong>adoptivus,</strong></span> <span class='ocrx_word' id='word_1_625' title='bbox 557 4745 650 4786; x_wconf 88' lang='lat' dir='ltr'><strong>seu</strong></span> <span class='ocrx_word' id='word_1_626' title='bbox 682 4731 1078 4801; x_wconf 82' lang='lat' dir='ltr'><strong>nuttcnpativns</strong></span> <span class='ocrx_word' id='word_1_627' title='bbox 1124 4729 1297 4795; x_wconf 85' lang='lat' dir='ltr'><strong>Dens;</strong></span> <span class='ocrx_word' id='word_1_628' title='bbox 1331 4744 1453 4784; x_wconf 90' lang='lat' dir='ltr'><strong>cum</strong></span> <span class='ocrx_word' id='word_1_629' title='bbox 1487 4727 1611 4781; x_wconf 91' lang='lat' dir='ltr'><strong>inde</strong></span> <span class='ocrx_word' id='word_1_630' title='bbox 1635 4727 1814 4797; x_wconf 88' lang='lat' dir='ltr'><strong>potius</strong></span> 
     </span>
    </p>
   </div>
   <div class='ocr_carea' id='block_1_79' title="bbox 209 4820 1815 4891">
    <p class='ocr_par' dir='ltr' id='par_1_79' title="bbox 209 4820 1815 4891">
     <span class='ocr_line' id='line_1_79' title="bbox 209 4820 1815 4891; baseline -0.007 -9"><span class='ocrx_word' id='word_1_631' title='bbox 209 4837 269 4882; x_wconf 86' lang='lat' dir='ltr'><strong>se</strong></span> <span class='ocrx_word' id='word_1_632' title='bbox 296 4825 437 4882; x_wconf 86' lang='lat' dir='ltr'><strong>velit</strong></span> <span class='ocrx_word' id='word_1_633' title='bbox 468 4823 638 4880; x_wconf 76' lang='lat' dir='ltr'><strong>Deum</strong></span> <span class='ocrx_word' id='word_1_634' title='bbox 686 4823 997 4888; x_wconf 88' lang='lat' dir='ltr'><strong>ostendere,</strong></span> <span class='ocrx_word' id='word_1_635' title='bbox 1044 4823 1169 4889; x_wconf 82' lang='lat' dir='ltr'><strong>quia</strong></span> <span class='ocrx_word' id='word_1_636' title='bbox 1207 4820 1463 4891; x_wconf 79' lang='lat' dir='ltr'><strong>Magister</strong></span> <span class='ocrx_word' id='word_1_637' title='bbox 1518 4820 1815 4873; x_wconf 80' lang='lat' dir='ltr'><strong>vocabatur</strong></span> 
     </span>
    </p>
   </div>
   <div class='ocr_carea' id='block_1_80' title="bbox 208 4907 1814 4981">
    <p class='ocr_par' dir='ltr' id='par_1_80' title="bbox 208 4907 1814 4981">
     <span class='ocr_line' id='line_1_80' title="bbox 208 4907 1814 4981; baseline -0.007 -9"><span class='ocrx_word' id='word_1_638' title='bbox 208 4915 414 4981; x_wconf 84' lang='lat' dir='ltr'><strong>bonus,</strong></span> <span class='ocrx_word' id='word_1_639' title='bbox 442 4923 501 4968; x_wconf 87' lang='lat' dir='ltr'><strong>et</strong></span> <span class='ocrx_word' id='word_1_640' title='bbox 525 4915 657 4970; x_wconf 88' lang='lat' dir='ltr'><strong>dicit</strong></span> <span class='ocrx_word' id='word_1_641' title='bbox 682 4933 696 4969; x_wconf 91' lang='lat'><strong>:</strong></span> <span class='ocrx_word' id='word_1_642' title='bbox 721 4912 859 4981; x_wconf 84' lang='lat' dir='ltr'><strong>Quid</strong></span> <span class='ocrx_word' id='word_1_643' title='bbox 890 4928 976 4969; x_wconf 89' lang='lat' dir='ltr'><strong>me</strong></span> <span class='ocrx_word' id='word_1_644' title='bbox 1000 4911 1158 4977; x_wconf 88' lang='lat' dir='ltr'><strong>dicis,</strong></span> <span class='ocrx_word' id='word_1_645' title='bbox 1190 4911 1353 4975; x_wconf 81' lang='lat' dir='ltr'><strong>bene,</strong></span> <span class='ocrx_word' id='word_1_646' title='bbox 1386 4924 1507 4964; x_wconf 88' lang='lat' dir='ltr'><strong>cum</strong></span> <span class='ocrx_word' id='word_1_647' title='bbox 1538 4923 1688 4963; x_wconf 87' lang='lat' dir='ltr'><strong>nemo</strong></span> <span class='ocrx_word' id='word_1_648' title='bbox 1720 4907 1814 4961; x_wconf 83' lang='lat' dir='ltr'><strong>bo-</strong></span> 
     </span>
    </p>
   </div>
   <div class='ocr_carea' id='block_1_81' title="bbox 211 4999 1813 5080">
    <p class='ocr_par' dir='ltr' id='par_1_81' title="bbox 211 4999 1813 5080">
     <span class='ocr_line' id='line_1_81' title="bbox 211 4999 1813 5080; baseline -0.006 -21"><span class='ocrx_word' id='word_1_649' title='bbox 211 5023 309 5061; x_wconf 82' lang='lat' dir='ltr'><strong>nus</strong></span> <span class='ocrx_word' id='word_1_650' title='bbox 341 5006 457 5060; x_wconf 83' lang='lat' dir='ltr'><strong>nisi</strong></span> <span class='ocrx_word' id='word_1_651' title='bbox 484 5021 621 5059; x_wconf 84' lang='lat' dir='ltr'><strong>unus</strong></span> <span class='ocrx_word' id='word_1_652' title='bbox 642 5005 829 5060; x_wconf 77' lang='lat' dir='ltr'><strong>Deus?</strong></span> <span class='ocrx_word' id='word_1_653' title='bbox 856 5004 1053 5077; x_wconf 81' lang='lat' dir='ltr'><strong>(Marc.</strong></span> <span class='ocrx_word' id='word_1_654' title='bbox 1085 5019 1139 5069; x_wconf 74' lang='grc' dir='ltr'><strong>χ,</strong></span> <span class='ocrx_word' id='word_1_655' title='bbox 1172 5002 1278 5073; x_wconf 78' lang='grc'><strong>18).</strong></span> <span class='ocrx_word' id='word_1_656' title='bbox 1308 5000 1422 5056; x_wconf 77' lang='lat' dir='ltr'><strong>Non</strong></span> <span class='ocrx_word' id='word_1_657' title='bbox 1455 5000 1602 5054; x_wconf 87' lang='lat' dir='ltr'><strong>enim</strong></span> <span class='ocrx_word' id='word_1_658' title='bbox 1625 4999 1721 5080; x_wconf 32' lang='lat' dir='ltr'><strong>.sic</strong></span> <span class='ocrx_word' id='word_1_659' title='bbox 1757 5014 1813 5053; x_wconf 79' lang='lat' dir='ltr'><strong>St:</strong></span> 
     </span>
    </p>
   </div>
   <div class='ocr_carea' id='block_1_82' title="bbox 211 5094 1810 5171">
    <p class='ocr_par' dir='ltr' id='par_1_82' title="bbox 211 5094 1810 5171">
     <span class='ocr_line' id='line_1_82' title="bbox 211 5094 1810 5171; baseline -0.003 -18"><span class='ocrx_word' id='word_1_660' title='bbox 211 5101 421 5156; x_wconf 88' lang='lat' dir='ltr'><strong>bonum</strong></span> <span class='ocrx_word' id='word_1_661' title='bbox 451 5099 563 5153; x_wconf 86' lang='lat' dir='ltr'><strong>vult</strong></span> <span class='ocrx_word' id='word_1_662' title='bbox 592 5099 839 5171; x_wconf 86' lang='lat' dir='ltr'><strong>intelligi,</strong></span> <span class='ocrx_word' id='word_1_663' title='bbox 872 5106 932 5153; x_wconf 88' lang='lat' dir='ltr'><strong>ut</strong></span> <span class='ocrx_word' id='word_1_664' title='bbox 972 5098 1096 5153; x_wconf 90' lang='lat' dir='ltr'><strong>boni</strong></span> <span class='ocrx_word' id='word_1_665' title='bbox 1152 5098 1406 5152; x_wconf 85' lang='lat' dir='ltr'><strong>dicuntur</strong></span> <span class='ocrx_word' id='word_1_666' title='bbox 1433 5094 1522 5150; x_wconf 86' lang='lat' dir='ltr'><strong>isti</strong></span> <span class='ocrx_word' id='word_1_667' title='bbox 1550 5094 1717 5159; x_wconf 86' lang='lat' dir='ltr'><strong>servi,</strong></span> <span class='ocrx_word' id='word_1_668' title='bbox 1743 5110 1810 5149; x_wconf 82' lang='lat' dir='ltr'><strong>ex</strong></span> 
     </span>
    </p>
   </div>
   <div class='ocr_carea' id='block_1_83' title="bbox 213 5184 1811 5260">
    <p class='ocr_par' dir='ltr' id='par_1_83' title="bbox 213 5184 1811 5260">
     <span class='ocr_line' id='line_1_83' title="bbox 213 5184 1811 5260; baseline -0.005 -15"><span class='ocrx_word' id='word_1_669' title='bbox 213 5194 504 5248; x_wconf 77' lang='lat' dir='ltr'><strong>accidente</strong></span> <span class='ocrx_word' id='word_1_670' title='bbox 529 5191 694 5255; x_wconf 90' lang='lat' dir='ltr'><strong>bono,</strong></span> <span class='ocrx_word' id='word_1_671' title='bbox 726 5190 822 5246; x_wconf 84' lang='lat' dir='ltr'><strong>sed</strong></span> <span class='ocrx_word' id='word_1_672' title='bbox 867 5188 994 5260; x_wconf 87' lang='lat' dir='ltr'><strong>quia</strong></span> <span class='ocrx_word' id='word_1_673' title='bbox 1025 5185 1389 5243; x_wconf 85' lang='lat' dir='ltr'><strong>essentialiter</strong></span> <span class='ocrx_word' id='word_1_674' title='bbox 1415 5184 1529 5254; x_wconf 89' lang='lat' dir='ltr'><strong>ipse</strong></span> <span class='ocrx_word' id='word_1_675' title='bbox 1574 5184 1811 5249; x_wconf 88' lang='lat' dir='ltr'><strong>bonitas,</strong></span> 
     </span>
    </p>
   </div>
   <div class='ocr_carea' id='block_1_84' title="bbox 212 5275 1813 5356">
    <p class='ocr_par' dir='ltr' id='par_1_84' title="bbox 212 5275 1813 5356">
     <span class='ocr_line' id='line_1_84' title="bbox 212 5275 1813 5356; baseline -0.007 -16"><span class='ocrx_word' id='word_1_676' title='bbox 212 5290 344 5356; x_wconf 80' lang='lat' dir='ltr'><strong>quia</strong></span> <span class='ocrx_word' id='word_1_677' title='bbox 372 5283 523 5339; x_wconf 88' lang='lat' dir='ltr'><strong>Deus</strong></span> <span class='ocrx_word' id='word_1_678' title='bbox 561 5289 665 5337; x_wconf 89' lang='lat' dir='ltr'><strong>est.</strong></span> <span class='ocrx_word' id='word_1_679' title='bbox 689 5281 758 5336; x_wconf 90' lang='lat' dir='ltr'><strong>Et</strong></span> <span class='ocrx_word' id='word_1_680' title='bbox 801 5281 924 5337; x_wconf 90' lang='lat' dir='ltr'><strong>ideo</strong></span> <span class='ocrx_word' id='word_1_681' title='bbox 968 5294 1072 5334; x_wconf 90' lang='lat' dir='ltr'><strong>non</strong></span> <span class='ocrx_word' id='word_1_682' title='bbox 1113 5293 1175 5333; x_wconf 88' lang='lat' dir='ltr'><strong>se</strong></span> <span class='ocrx_word' id='word_1_683' title='bbox 1220 5278 1415 5333; x_wconf 27' lang='lat' dir='ltr'><strong>timuit.</strong></span> <span class='ocrx_word' id='word_1_684' title='bbox 1442 5275 1645 5330; x_wconf 89' lang='lat' dir='ltr'><strong>bonum</strong></span> <span class='ocrx_word' id='word_1_685' title='bbox 1679 5275 1813 5339; x_wconf 89' lang='lat' dir='ltr'><strong>dici,</strong></span> 
     </span>
    </p>
   </div>
   <div class='ocr_carea' id='block_1_85' title="bbox 214 5369 1815 5450">
    <p class='ocr_par' dir='ltr' id='par_1_85' title="bbox 214 5369 1815 5450">
     <span class='ocr_line' id='line_1_85' title="bbox 214 5369 1815 5450; baseline -0.007 -16"><span class='ocrx_word' id='word_1_686' title='bbox 214 5380 363 5450; x_wconf 84' lang='lat' dir='ltr'><strong>quod</strong></span> <span class='ocrx_word' id='word_1_687' title='bbox 395 5378 502 5434; x_wconf 80' lang='lat' dir='ltr'><strong>iste</strong></span> <span class='ocrx_word' id='word_1_688' title='bbox 547 5378 748 5450; x_wconf 82' lang='lat' dir='ltr'><strong>garrit;</strong></span> <span class='ocrx_word' id='word_1_689' title='bbox 783 5376 877 5431; x_wconf 87' lang='lat' dir='ltr'><strong>sed</strong></span> <span class='ocrx_word' id='word_1_690' title='bbox 898 5390 996 5446; x_wconf 89' lang='lat' dir='ltr'><strong>per</strong></span> <span class='ocrx_word' id='word_1_691' title='bbox 1035 5375 1136 5429; x_wconf 92' lang='lat' dir='ltr'><strong>hoc</strong></span> <span class='ocrx_word' id='word_1_692' title='bbox 1180 5387 1238 5428; x_wconf 86' lang='lat' dir='ltr'><strong>se</strong></span> <span class='ocrx_word' id='word_1_693' title='bbox 1264 5373 1504 5426; x_wconf 87' lang='lat' dir='ltr'><strong>insinuat</strong></span> <span class='ocrx_word' id='word_1_694' title='bbox 1525 5384 1647 5425; x_wconf 80' lang='lat' dir='ltr'><strong>esse</strong></span> <span class='ocrx_word' id='word_1_695' title='bbox 1671 5369 1815 5439; x_wconf 86' lang='lat' dir='ltr'><strong>quod</strong></span> 
     </span>
    </p>
   </div>
   <div class='ocr_carea' id='block_1_86' title="bbox 216 5461 1813 5541">
    <p class='ocr_par' dir='ltr' id='par_1_86' title="bbox 216 5461 1813 5541">
     <span class='ocr_line' id='line_1_86' title="bbox 216 5461 1813 5541; baseline -0.007 -14"><span class='ocrx_word' id='word_1_696' title='bbox 216 5472 366 5527; x_wconf 84' lang='lat' dir='ltr'><strong>Deus</strong></span> <span class='ocrx_word' id='word_1_697' title='bbox 410 5480 518 5536; x_wconf 87' lang='lat' dir='ltr'><strong>est,</strong></span> <span class='ocrx_word' id='word_1_698' title='bbox 560 5470 686 5541; x_wconf 91' lang='lat' dir='ltr'><strong>quia</strong></span> <span class='ocrx_word' id='word_1_699' title='bbox 736 5468 790 5524; x_wconf 91' lang='lat' dir='ltr'><strong>in</strong></span> <span class='ocrx_word' id='word_1_700' title='bbox 837 5466 1247 5539; x_wconf 85' lang='lat' dir='ltr'><strong>comparatione</strong></span> <span class='ocrx_word' id='word_1_701' title='bbox 1306 5463 1443 5534; x_wconf 86' lang='lat' dir='ltr'><strong>ejus,</strong></span> <span class='ocrx_word' id='word_1_702' title='bbox 1506 5478 1664 5519; x_wconf 87' lang='lat' dir='ltr'><strong>nemo</strong></span> <span class='ocrx_word' id='word_1_703' title='bbox 1717 5461 1813 5517; x_wconf 88' lang='lat' dir='ltr'><strong>bo—</strong></span> 
     </span>
    </p>
   </div>
   <div class='ocr_carea' id='block_1_87' title="bbox 214 5573 474 5622">
    <p class='ocr_par' dir='ltr' id='par_1_87' title="bbox 214 5573 474 5622">
     <span class='ocr_line' id='line_1_87' title="bbox 214 5573 474 5622; baseline -0.015 0"><span class='ocrx_word' id='word_1_704' title='bbox 214 5580 323 5622; x_wconf 84' lang='lat' dir='ltr'><strong>nus</strong></span> <span class='ocrx_word' id='word_1_705' title='bbox 366 5573 474 5620; x_wconf 89' lang='lat' dir='ltr'><strong>est.</strong></span> 
     </span>
    </p>
   </div>
   <div class='ocr_carea' id='block_1_88' title="bbox 290 5647 1814 5725">
    <p class='ocr_par' dir='ltr' id='par_1_88' title="bbox 290 5647 1814 5725">
     <span class='ocr_line' id='line_1_88' title="bbox 290 5647 1814 5725; baseline -0.009 -13"><span class='ocrx_word' id='word_1_706' title='bbox 290 5657 562 5713; x_wconf 79' lang='lat' dir='ltr'><strong>Accedens</strong></span> <span class='ocrx_word' id='word_1_707' title='bbox 610 5665 805 5720; x_wconf 87' lang='lat' dir='ltr'><strong>autem,</strong></span> <span class='ocrx_word' id='word_1_708' title='bbox 832 5664 883 5710; x_wconf 85' lang='lat' dir='ltr'><strong>et</strong></span> <span class='ocrx_word' id='word_1_709' title='bbox 925 5653 1016 5725; x_wconf 89' lang='lat' dir='ltr'><strong>qui</strong></span> <span class='ocrx_word' id='word_1_710' title='bbox 1040 5668 1203 5706; x_wconf 82' lang='lat' dir='ltr'><strong>unum</strong></span> <span class='ocrx_word' id='word_1_711' title='bbox 1238 5647 1493 5705; x_wconf 85' lang='lat' dir='ltr'><strong>talentum</strong></span> <span class='ocrx_word' id='word_1_712' title='bbox 1522 5655 1814 5718; x_wconf 83' lang='lat' dir='ltr'><strong>acceperat,</strong></span> 
     </span>
    </p>
   </div>
   <div class='ocr_carea' id='block_1_89' title="bbox 215 5741 1818 5821">
    <p class='ocr_par' dir='ltr' id='par_1_89' title="bbox 215 5741 1818 5821">
     <span class='ocr_line' id='line_1_89' title="bbox 215 5741 1818 5821; baseline -0.009 -13"><span class='ocrx_word' id='word_1_713' title='bbox 215 5753 296 5809; x_wconf 77' lang='lat' dir='ltr'><strong>cit</strong></span> <span class='ocrx_word' id='word_1_714' title='bbox 331 5766 350 5805; x_wconf 84' lang='lat'><strong>.&#39;</strong></span> <span class='ocrx_word' id='word_1_715' title='bbox 398 5750 614 5806; x_wconf 83' lang='lat' dir='ltr'><strong>Domine</strong></span> <span class='ocrx_word' id='word_1_716' title='bbox 654 5750 763 5803; x_wconf 80' lang='lat' dir='ltr'><strong>scio</strong></span> <span class='ocrx_word' id='word_1_717' title='bbox 785 5750 909 5821; x_wconf 85' lang='lat' dir='ltr'><strong>quia</strong></span> <span class='ocrx_word' id='word_1_718' title='bbox 936 5747 1091 5801; x_wconf 79' lang='lat' dir='ltr'><strong>homo</strong></span> <span class='ocrx_word' id='word_1_719' title='bbox 1118 5744 1283 5799; x_wconf 85' lang='lat' dir='ltr'><strong>durus</strong></span> <span class='ocrx_word' id='word_1_720' title='bbox 1305 5760 1378 5806; x_wconf 86' lang='lat' dir='ltr'><strong>es,</strong></span> <span class='ocrx_word' id='word_1_721' title='bbox 1417 5741 1563 5796; x_wconf 84' lang='lat' dir='ltr'><strong>metis</strong></span> <span class='ocrx_word' id='word_1_722' title='bbox 1596 5741 1684 5795; x_wconf 87' lang='lat' dir='ltr'><strong>ubi</strong></span> <span class='ocrx_word' id='word_1_723' title='bbox 1713 5756 1818 5795; x_wconf 85' lang='lat' dir='ltr'><strong>non</strong></span> 
     </span>
    </p>
   </div>
   <div class='ocr_carea' id='block_1_90' title="bbox 221 5832 1814 5917">
    <p class='ocr_par' dir='ltr' id='par_1_90' title="bbox 221 5832 1814 5917">
     <span class='ocr_line' id='line_1_90' title="bbox 221 5832 1814 5917; baseline -0.009 -17"><span class='ocrx_word' id='word_1_724' title='bbox 221 5845 480 5915; x_wconf 64' lang='lat' dir='ltr'><strong>semina,</strong></span> <span class='ocrx_word' id='word_1_725' title='bbox 511 5856 553 5897; x_wconf 81' lang='lat' dir='ltr'><strong>et</strong></span> <span class='ocrx_word' id='word_1_726' title='bbox 576 5856 860 5917; x_wconf 79' lang='lat' dir='ltr'><strong>congregas</strong></span> <span class='ocrx_word' id='word_1_727' title='bbox 877 5839 965 5894; x_wconf 85' lang='lat' dir='ltr'><strong>ubi</strong></span> <span class='ocrx_word' id='word_1_728' title='bbox 993 5852 1095 5892; x_wconf 80' lang='lat' dir='ltr'><strong>neu</strong></span> <span class='ocrx_word' id='word_1_729' title='bbox 1128 5836 1386 5909; x_wconf 75' lang='lat' dir='ltr'><strong>sparsisti,</strong></span> <span class='ocrx_word' id='word_1_730' title='bbox 1410 5844 1457 5888; x_wconf 86' lang='lat' dir='ltr'><strong>et</strong></span> <span class='ocrx_word' id='word_1_731' title='bbox 1480 5835 1663 5889; x_wconf 79' lang='lat' dir='ltr'><strong>timens</strong></span> <span class='ocrx_word' id='word_1_732' title='bbox 1687 5832 1814 5899; x_wconf 83' lang='lat' dir='ltr'><strong>abii,</strong></span> 
     </span>
    </p>
   </div>
   <div class='ocr_carea' id='block_1_91' title="bbox 1919 3319 3506 3394">
    <p class='ocr_par' dir='ltr' id='par_1_91' title="bbox 1919 3319 3506 3394">
     <span class='ocr_line' id='line_1_91' title="bbox 1919 3319 3506 3394; baseline -0.003 -17"><span class='ocrx_word' id='word_1_733' title='bbox 1919 3321 2073 3377; x_wconf 87' lang='lat' dir='ltr'><strong>Unde</strong></span> <span class='ocrx_word' id='word_1_734' title='bbox 2094 3332 2150 3377; x_wconf 86' lang='lat' dir='ltr'><strong>et</strong></span> <span class='ocrx_word' id='word_1_735' title='bbox 2177 3324 2349 3394; x_wconf 85' lang='lat' dir='ltr'><strong>magis</strong></span> <span class='ocrx_word' id='word_1_736' title='bbox 2369 3323 2494 3377; x_wconf 91' lang='lat' dir='ltr'><strong>dum</strong></span> <span class='ocrx_word' id='word_1_737' title='bbox 2520 3337 2784 3377; x_wconf 86' lang='lat' dir='ltr'><strong>excusare</strong></span> <span class='ocrx_word' id='word_1_738' title='bbox 2810 3321 3023 3387; x_wconf 89' lang='lat' dir='ltr'><strong>nititur,</strong></span> <span class='ocrx_word' id='word_1_739' title='bbox 3052 3322 3171 3376; x_wconf 90' lang='lat' dir='ltr'><strong>sine</strong></span> <span class='ocrx_word' id='word_1_740' title='bbox 3194 3319 3347 3373; x_wconf 86' lang='lat' dir='ltr'><strong>venia</strong></span> <span class='ocrx_word' id='word_1_741' title='bbox 3378 3333 3506 3373; x_wconf 90' lang='lat' dir='ltr'><strong>reus</strong></span> 
     </span>
    </p>
   </div>
   <div class='ocr_carea' id='block_1_92' title="bbox 1916 3409 3502 3482">
    <p class='ocr_par' dir='ltr' id='par_1_92' title="bbox 1916 3409 3502 3482">
     <span class='ocr_line' id='line_1_92' title="bbox 1916 3409 3502 3482; baseline -0.003 -14"><span class='ocrx_word' id='word_1_742' title='bbox 1916 3421 2287 3476; x_wconf 87' lang='lat' dir='ltr'><strong>monstratur,</strong></span> <span class='ocrx_word' id='word_1_743' title='bbox 2346 3429 2443 3468; x_wconf 88' lang='lat' dir='ltr'><strong>cur</strong></span> <span class='ocrx_word' id='word_1_744' title='bbox 2494 3412 2932 3482; x_wconf 69' lang='lat' dir='ltr'><strong>prtedicationem</strong></span> <span class='ocrx_word' id='word_1_745' title='bbox 2989 3409 3090 3465; x_wconf 88' lang='lat' dir='ltr'><strong>sibi</strong></span> <span class='ocrx_word' id='word_1_746' title='bbox 3157 3409 3502 3465; x_wconf 88' lang='lat' dir='ltr'><strong>commissam</strong></span> 
     </span>
    </p>
   </div>
   <div class='ocr_carea' id='block_1_93' title="bbox 1914 3499 3504 3568">
    <p class='ocr_par' dir='ltr' id='par_1_93' title="bbox 1914 3499 3504 3568">
     <span class='ocr_line' id='line_1_93' title="bbox 1914 3499 3504 3568; baseline -0.004 -9"><span class='ocrx_word' id='word_1_747' title='bbox 1914 3504 2290 3568; x_wconf 89' lang='lat' dir='ltr'><strong>oceultaverit,</strong></span> <span class='ocrx_word' id='word_1_748' title='bbox 2331 3502 2413 3557; x_wconf 90' lang='lat' dir='ltr'><strong>vel</strong></span> <span class='ocrx_word' id='word_1_749' title='bbox 2457 3503 2717 3557; x_wconf 86' lang='lat' dir='ltr'><strong>talentum</strong></span> <span class='ocrx_word' id='word_1_750' title='bbox 2762 3499 3043 3555; x_wconf 83' lang='lat' dir='ltr'><strong>sull‘oderit</strong></span> <span class='ocrx_word' id='word_1_751' title='bbox 3071 3500 3170 3554; x_wconf 88' lang='lat' dir='ltr'><strong>sub</strong></span> <span class='ocrx_word' id='word_1_752' title='bbox 3199 3499 3395 3553; x_wconf 67' lang='lat' dir='ltr'><strong>litterae</strong></span> <span class='ocrx_word' id='word_1_753' title='bbox 3424 3506 3504 3553; x_wconf 79' lang='lat' dir='ltr'><strong>te-</strong></span> 
     </span>
    </p>
   </div>
   <div class='ocr_carea' id='block_1_94' title="bbox 1916 3589 3505 3668">
    <p class='ocr_par' dir='ltr' id='par_1_94' title="bbox 1916 3589 3505 3668">
     <span class='ocr_line' id='line_1_94' title="bbox 1916 3589 3505 3668; baseline -0.003 -21"><span class='ocrx_word' id='word_1_754' title='bbox 1916 3595 2208 3668; x_wconf 87' lang='lat' dir='ltr'><strong>gumentis,</strong></span> <span class='ocrx_word' id='word_1_755' title='bbox 2241 3603 2298 3648; x_wconf 90' lang='lat' dir='ltr'><strong>et</strong></span> <span class='ocrx_word' id='word_1_756' title='bbox 2324 3607 2505 3649; x_wconf 90' lang='lat' dir='ltr'><strong>rerum</strong></span> <span class='ocrx_word' id='word_1_757' title='bbox 2537 3592 2723 3665; x_wconf 88' lang='lat' dir='ltr'><strong>ﬁguris</strong></span> <span class='ocrx_word' id='word_1_758' title='bbox 2767 3592 3135 3646; x_wconf 86' lang='lat' dir='ltr'><strong>obscuratum.</strong></span> <span class='ocrx_word' id='word_1_759' title='bbox 3171 3589 3277 3646; x_wconf 92' lang='lat' dir='ltr'><strong>Sed</strong></span> <span class='ocrx_word' id='word_1_760' title='bbox 3308 3602 3505 3660; x_wconf 84' lang='lat' dir='ltr'><strong>quam-</strong></span> 
     </span>
    </p>
   </div>
   <div class='ocr_carea' id='block_1_95' title="bbox 1916 3681 3505 3755">
    <p class='ocr_par' dir='ltr' id='par_1_95' title="bbox 1916 3681 3505 3755">
     <span class='ocr_line' id='line_1_95' title="bbox 1916 3681 3505 3755; baseline -0.001 -18"><span class='ocrx_word' id='word_1_761' title='bbox 1916 3687 1997 3742; x_wconf 87' lang='lat' dir='ltr'><strong>vis</strong></span> <span class='ocrx_word' id='word_1_762' title='bbox 2031 3687 2132 3741; x_wconf 88' lang='lat' dir='ltr'><strong>iste</strong></span> <span class='ocrx_word' id='word_1_763' title='bbox 2149 3700 2341 3741; x_wconf 88' lang='lat' dir='ltr'><strong>sensus</strong></span> <span class='ocrx_word' id='word_1_764' title='bbox 2368 3684 2580 3755; x_wconf 87' lang='lat' dir='ltr'><strong>planior</strong></span> <span class='ocrx_word' id='word_1_765' title='bbox 2623 3683 2889 3745; x_wconf 87' lang='lat' dir='ltr'><strong>videatur,</strong></span> <span class='ocrx_word' id='word_1_766' title='bbox 2936 3681 3130 3737; x_wconf 89' lang='lat' dir='ltr'><strong>melius</strong></span> <span class='ocrx_word' id='word_1_767' title='bbox 3178 3689 3237 3736; x_wconf 87' lang='lat' dir='ltr'><strong>ut</strong></span> <span class='ocrx_word' id='word_1_768' title='bbox 3272 3681 3405 3746; x_wconf 90' lang='lat' dir='ltr'><strong>dixi,</strong></span> <span class='ocrx_word' id='word_1_769' title='bbox 3438 3681 3505 3735; x_wconf 88' lang='lat' dir='ltr'><strong>ad</strong></span> 
     </span>
    </p>
   </div>
   <div class='ocr_carea' id='block_1_96' title="bbox 1914 3773 3503 3846">
    <p class='ocr_par' dir='ltr' id='par_1_96' title="bbox 1914 3773 3503 3846">
     <span class='ocr_line' id='line_1_96' title="bbox 1914 3773 3503 3846; baseline -0.004 -13"><span class='ocrx_word' id='word_1_770' title='bbox 1914 3792 2104 3833; x_wconf 89' lang='lat' dir='ltr'><strong>omnes</strong></span> <span class='ocrx_word' id='word_1_771' title='bbox 2136 3778 2223 3833; x_wconf 89' lang='lat' dir='ltr'><strong>hic</strong></span> <span class='ocrx_word' id='word_1_772' title='bbox 2254 3791 2435 3832; x_wconf 91' lang='lat' dir='ltr'><strong>sermo</strong></span> <span class='ocrx_word' id='word_1_773' title='bbox 2479 3776 2755 3845; x_wconf 87' lang='lat' dir='ltr'><strong>pertinere</strong></span> <span class='ocrx_word' id='word_1_774' title='bbox 2801 3774 3081 3846; x_wconf 89' lang='lat' dir='ltr'><strong>probatur,</strong></span> <span class='ocrx_word' id='word_1_775' title='bbox 3113 3774 3206 3843; x_wconf 89' lang='lat' dir='ltr'><strong>qui</strong></span> <span class='ocrx_word' id='word_1_776' title='bbox 3238 3773 3503 3828; x_wconf 87' lang='lat' dir='ltr'><strong>rationem</strong></span> 
     </span>
    </p>
   </div>
   <div class='ocr_carea' id='block_1_97' title="bbox 1915 3868 3504 3943">
    <p class='ocr_par' dir='ltr' id='par_1_97' title="bbox 1915 3868 3504 3943">
     <span class='ocr_line' id='line_1_97' title="bbox 1915 3868 3504 3943; baseline -0.005 -15"><span class='ocrx_word' id='word_1_777' title='bbox 1915 3880 2277 3943; x_wconf 85' lang='lat' dir='ltr'><strong>perceperunt</strong></span> <span class='ocrx_word' id='word_1_778' title='bbox 2323 3872 2633 3935; x_wconf 88' lang='lat' dir='ltr'><strong>humanam,</strong></span> <span class='ocrx_word' id='word_1_779' title='bbox 2669 3880 2727 3923; x_wconf 90' lang='lat' dir='ltr'><strong>ut</strong></span> <span class='ocrx_word' id='word_1_780' title='bbox 2760 3868 2919 3939; x_wconf 89' lang='lat' dir='ltr'><strong>positi</strong></span> <span class='ocrx_word' id='word_1_781' title='bbox 2951 3869 3003 3923; x_wconf 91' lang='lat' dir='ltr'><strong>in</strong></span> <span class='ocrx_word' id='word_1_782' title='bbox 3030 3868 3235 3923; x_wconf 81' lang='lat' dir='ltr'><strong>honore</strong></span> <span class='ocrx_word' id='word_1_783' title='bbox 3262 3869 3504 3922; x_wconf 82' lang='lat' dir='ltr'><strong>rationa-</strong></span> 
     </span>
    </p>
   </div>
   <div class='ocr_carea' id='block_1_98' title="bbox 1914 3958 3501 4032">
    <p class='ocr_par' dir='ltr' id='par_1_98' title="bbox 1914 3958 3501 4032">
     <span class='ocr_line' id='line_1_98' title="bbox 1914 3958 3501 4032; baseline -0.007 -11"><span class='ocrx_word' id='word_1_784' title='bbox 1914 3966 2163 4030; x_wconf 87' lang='lat' dir='ltr'><strong>bilitatis,</strong></span> <span class='ocrx_word' id='word_1_785' title='bbox 2198 3962 2582 4032; x_wconf 80' lang='lat' dir='ltr'><strong>intelligerent,</strong></span> <span class='ocrx_word' id='word_1_786' title='bbox 2630 3970 2685 4016; x_wconf 88' lang='lat' dir='ltr'><strong>et</strong></span> <span class='ocrx_word' id='word_1_787' title='bbox 2713 3961 2779 4016; x_wconf 89' lang='lat' dir='ltr'><strong>ad</strong></span> <span class='ocrx_word' id='word_1_788' title='bbox 2819 3962 3155 4015; x_wconf 87' lang='lat' dir='ltr'><strong>consortium</strong></span> <span class='ocrx_word' id='word_1_789' title='bbox 3184 3958 3501 4031; x_wconf 83' lang='lat' dir='ltr'><strong>angelorum</strong></span> 
     </span>
    </p>
   </div>
   <div class='ocr_carea' id='block_1_99' title="bbox 1915 4055 3506 4121">
    <p class='ocr_par' dir='ltr' id='par_1_99' title="bbox 1915 4055 3506 4121">
     <span class='ocr_line' id='line_1_99' title="bbox 1915 4055 3506 4121; baseline -0.006 -5"><span class='ocrx_word' id='word_1_790' title='bbox 1915 4076 1979 4116; x_wconf 87' lang='lat' dir='ltr'><strong>ex</strong></span> <span class='ocrx_word' id='word_1_791' title='bbox 2011 4061 2218 4115; x_wconf 87' lang='lat' dir='ltr'><strong>ratione</strong></span> <span class='ocrx_word' id='word_1_792' title='bbox 2249 4072 2306 4113; x_wconf 84' lang='lat' dir='ltr'><strong>se</strong></span> <span class='ocrx_word' id='word_1_793' title='bbox 2351 4056 2743 4121; x_wconf 82' lang='lat' dir='ltr'><strong>transferrent;</strong></span> <span class='ocrx_word' id='word_1_794' title='bbox 2786 4071 2853 4110; x_wconf 89' lang='lat' dir='ltr'><strong>ne</strong></span> <span class='ocrx_word' id='word_1_795' title='bbox 2887 4055 3089 4110; x_wconf 89' lang='lat' dir='ltr'><strong>talento</strong></span> <span class='ocrx_word' id='word_1_796' title='bbox 3120 4055 3259 4109; x_wconf 91' lang='lat' dir='ltr'><strong>male</strong></span> <span class='ocrx_word' id='word_1_797' title='bbox 3282 4060 3506 4109; x_wconf 88' lang='lat' dir='ltr'><strong>servato</strong></span> 
     </span>
    </p>
   </div>
   <div class='ocr_carea' id='block_1_100' title="bbox 1917 4146 3510 4217">
    <p class='ocr_par' dir='ltr' id='par_1_100' title="bbox 1917 4146 3510 4217">
     <span class='ocr_line' id='line_1_100' title="bbox 1917 4146 3510 4217; baseline -0.005 -11"><span class='ocrx_word' id='word_1_798' title='bbox 1917 4151 2168 4214; x_wconf 85' lang='lat' dir='ltr'><strong>rationis,</strong></span> <span class='ocrx_word' id='word_1_799' title='bbox 2203 4149 2475 4217; x_wconf 89' lang='lat' dir='ltr'><strong>jumentis</strong></span> <span class='ocrx_word' id='word_1_800' title='bbox 2515 4155 2965 4217; x_wconf 86' lang='lat' dir='ltr'><strong>compararentur</strong></span> <span class='ocrx_word' id='word_1_801' title='bbox 3006 4146 3405 4217; x_wconf 89' lang='lat' dir='ltr'><strong>insipientibus,</strong></span> <span class='ocrx_word' id='word_1_802' title='bbox 3451 4152 3510 4199; x_wconf 90' lang='lat' dir='ltr'><strong>et</strong></span> 
     </span>
    </p>
   </div>
   <div class='ocr_carea' id='block_1_101' title="bbox 1917 4226 3513 4301">
    <p class='ocr_par' dir='ltr' id='par_1_101' title="bbox 1917 4226 3513 4301">
     <span class='ocr_line' id='line_1_101' title="bbox 1917 4226 3513 4301; baseline -0.005 0"><span class='ocrx_word' id='word_1_803' title='bbox 1917 4244 2125 4301; x_wconf 87' lang='lat' dir='ltr'><strong>similes</strong></span> <span class='ocrx_word' id='word_1_804' title='bbox 2152 4226 2347 4297; x_wconf 85' lang='lat' dir='ltr'><strong>ﬁerent</strong></span> <span class='ocrx_word' id='word_1_805' title='bbox 2375 4242 2473 4297; x_wconf 86' lang='lat' dir='ltr'><strong>eis.</strong></span> <span class='ocrx_word' id='word_1_806' title='bbox 2513 4242 2898 4297; x_wconf 86' lang='lat' dir='ltr'><strong>Verumtamen</strong></span> <span class='ocrx_word' id='word_1_807' title='bbox 2942 4241 3040 4296; x_wconf 87' lang='lat' dir='ltr'><strong>etsi</strong></span> <span class='ocrx_word' id='word_1_808' title='bbox 3074 4234 3139 4295; x_wconf 85' lang='lat' dir='ltr'><strong>de</strong></span> <span class='ocrx_word' id='word_1_809' title='bbox 3164 4239 3415 4295; x_wconf 84' lang='lat' dir='ltr'><strong>omnibus</strong></span> <span class='ocrx_word' id='word_1_810' title='bbox 3437 4239 3513 4294; x_wconf 80' lang='lat' dir='ltr'><strong>ita</strong></span> 
     </span>
    </p>
   </div>
   <div class='ocr_carea' id='block_1_102' title="bbox 1916 4333 3501 4406">
    <p class='ocr_par' dir='ltr' id='par_1_102' title="bbox 1916 4333 3501 4406">
     <span class='ocr_line' id='line_1_102' title="bbox 1916 4333 3501 4406; baseline -0.004 -14"><span class='ocrx_word' id='word_1_811' title='bbox 1916 4335 2297 4406; x_wconf 73' lang='lat' dir='ltr'><strong>accipiendum</strong></span> <span class='ocrx_word' id='word_1_812' title='bbox 2320 4341 2422 4399; x_wconf 89' lang='lat' dir='ltr'><strong>est,</strong></span> <span class='ocrx_word' id='word_1_813' title='bbox 2473 4333 2563 4402; x_wconf 92' lang='lat' dir='ltr'><strong>qni</strong></span> <span class='ocrx_word' id='word_1_814' title='bbox 2602 4333 2865 4387; x_wconf 87' lang='lat' dir='ltr'><strong>rationem</strong></span> <span class='ocrx_word' id='word_1_815' title='bbox 2900 4340 3257 4403; x_wconf 85' lang='lat' dir='ltr'><strong>perceperunt</strong></span> <span class='ocrx_word' id='word_1_816' title='bbox 3305 4333 3501 4387; x_wconf 89' lang='lat' dir='ltr'><strong>huma-</strong></span> 
     </span>
    </p>
   </div>
   <div class='ocr_carea' id='block_1_103' title="bbox 1916 4422 3507 4496">
    <p class='ocr_par' dir='ltr' id='par_1_103' title="bbox 1916 4422 3507 4496">
     <span class='ocr_line' id='line_1_103' title="bbox 1916 4422 3507 4496; baseline -0.003 -13"><span class='ocrx_word' id='word_1_817' title='bbox 1916 4445 2063 4494; x_wconf 88' lang='lat' dir='ltr'><strong>nam,</strong></span> <span class='ocrx_word' id='word_1_818' title='bbox 2105 4427 2338 4482; x_wconf 81' lang='lat' dir='ltr'><strong>maxime</strong></span> <span class='ocrx_word' id='word_1_819' title='bbox 2369 4434 2547 4481; x_wconf 87' lang='lat' dir='ltr'><strong>tamen</strong></span> <span class='ocrx_word' id='word_1_820' title='bbox 2576 4425 2899 4491; x_wconf 88' lang='lat' dir='ltr'><strong>cavendum,</strong></span> <span class='ocrx_word' id='word_1_821' title='bbox 2925 4424 3017 4495; x_wconf 89' lang='lat' dir='ltr'><strong>qui</strong></span> <span class='ocrx_word' id='word_1_822' title='bbox 3039 4425 3329 4496; x_wconf 89' lang='lat' dir='ltr'><strong>pecuniam</strong></span> <span class='ocrx_word' id='word_1_823' title='bbox 3354 4422 3507 4480; x_wconf 88' lang='lat' dir='ltr'><strong>verbi</strong></span> 
     </span>
    </p>
   </div>
   <div class='ocr_carea' id='block_1_104' title="bbox 1916 4512 3509 4591">
    <p class='ocr_par' dir='ltr' id='par_1_104' title="bbox 1916 4512 3509 4591">
     <span class='ocr_line' id='line_1_104' title="bbox 1916 4512 3509 4591; baseline -0.004 -16"><span class='ocrx_word' id='word_1_824' title='bbox 1916 4519 2119 4575; x_wconf 86' lang='lat' dir='ltr'><strong>habent</strong></span> <span class='ocrx_word' id='word_1_825' title='bbox 2146 4528 2200 4574; x_wconf 88' lang='lat' dir='ltr'><strong>et</strong></span> <span class='ocrx_word' id='word_1_826' title='bbox 2240 4518 2413 4572; x_wconf 86' lang='lat' dir='ltr'><strong>locum</strong></span> <span class='ocrx_word' id='word_1_827' title='bbox 2467 4512 2763 4591; x_wconf 83' lang='lat' dir='ltr'><strong>regitninis,</strong></span> <span class='ocrx_word' id='word_1_828' title='bbox 2815 4516 2940 4585; x_wconf 90' lang='lat' dir='ltr'><strong>quia</strong></span> <span class='ocrx_word' id='word_1_829' title='bbox 2991 4530 3072 4570; x_wconf 71' lang='lat' dir='ltr'><strong>va:</strong></span> <span class='ocrx_word' id='word_1_830' title='bbox 3105 4515 3211 4571; x_wconf 90' lang='lat' dir='ltr'><strong>illis</strong></span> <span class='ocrx_word' id='word_1_831' title='bbox 3264 4515 3509 4570; x_wconf 86' lang='lat' dir='ltr'><strong>imminet</strong></span> 
     </span>
    </p>
   </div>
   <div class='ocr_carea' id='block_1_105' title="bbox 1407 4606 3507 4697">
    <p class='ocr_par' dir='ltr' id='par_1_105' title="bbox 1407 4606 3507 4697">
     <span class='ocr_line' id='line_1_105' title="bbox 1407 4606 3507 4697; baseline -0.008 -19"><span class='ocrx_word' id='word_1_832' title='bbox 1407 4644 1426 4689; x_wconf 86' lang='grc' dir='ltr'><strong>ι</strong></span> <span class='ocrx_word' id='word_1_833' title='bbox 1482 4651 1664 4697; x_wconf 53' lang='lat' dir='ltr'><strong>verus,</strong></span> <span class='ocrx_word' id='word_1_834' title='bbox 1716 4606 1809 4689; x_wconf 51' lang='grc' dir='ltr'><strong>ξε]</strong></span> <span class='ocrx_word' id='word_1_835' title='bbox 1844 4613 1888 4672; x_wconf 84' lang='grc' dir='ltr'><strong>Ι)</strong></span> <span class='ocrx_word' id='word_1_836' title='bbox 1911 4612 2066 4683; x_wconf 84' lang='lat' dir='ltr'><strong>juxta</strong></span> <span class='ocrx_word' id='word_1_837' title='bbox 2098 4609 2432 4681; x_wconf 85' lang='lat' dir='ltr'><strong>Apostolum,</strong></span> <span class='ocrx_word' id='word_1_838' title='bbox 2464 4608 2566 4662; x_wconf 89' lang='lat' dir='ltr'><strong>nisi</strong></span> <span class='ocrx_word' id='word_1_839' title='bbox 2613 4607 3031 4678; x_wconf 65' lang='lat' dir='ltr'><strong>praedicaverint</strong></span> <span class='ocrx_word' id='word_1_840' title='bbox 3066 4614 3120 4663; x_wconf 89' lang='lat' dir='ltr'><strong>et</strong></span> <span class='ocrx_word' id='word_1_841' title='bbox 3156 4606 3507 4679; x_wconf 85' lang='lat' dir='ltr'><strong>erogaverint</strong></span> 
     </span>
    </p>
   </div>
   <div class='ocr_carea' id='block_1_106' title="bbox 1916 4696 3496 4772">
    <p class='ocr_par' dir='ltr' id='par_1_106' title="bbox 1916 4696 3496 4772">
     <span class='ocr_line' id='line_1_106' title="bbox 1916 4696 3496 4772; baseline -0.003 -16"><span class='ocrx_word' id='word_1_842' title='bbox 1916 4702 2201 4772; x_wconf 87' lang='lat' dir='ltr'><strong>pecuniam</strong></span> <span class='ocrx_word' id='word_1_843' title='bbox 2239 4698 2438 4753; x_wconf 87' lang='lat' dir='ltr'><strong>domini</strong></span> <span class='ocrx_word' id='word_1_844' title='bbox 2472 4697 2551 4751; x_wconf 88' lang='lat' dir='ltr'><strong>sui</strong></span> <span class='ocrx_word' id='word_1_845' title='bbox 2583 4696 2871 4752; x_wconf 81' lang='lat' dir='ltr'><strong>conservis</strong></span> <span class='ocrx_word' id='word_1_846' title='bbox 2889 4698 3024 4763; x_wconf 90' lang='lat' dir='ltr'><strong>suis,</strong></span> <span class='ocrx_word' id='word_1_847' title='bbox 3058 4712 3179 4766; x_wconf 72' lang='lat' dir='ltr'><strong>qum</strong></span> <span class='ocrx_word' id='word_1_848' title='bbox 3203 4697 3496 4752; x_wconf 83' lang='lat' dir='ltr'><strong>commissa</strong></span> 
     </span>
    </p>
   </div>
   <div class='ocr_carea' id='block_1_107' title="bbox 1917 4789 3507 4863">
    <p class='ocr_par' dir='ltr' id='par_1_107' title="bbox 1917 4789 3507 4863">
     <span class='ocr_line' id='line_1_107' title="bbox 1917 4789 3507 4863; baseline -0.003 -14"><span class='ocrx_word' id='word_1_849' title='bbox 1917 4805 2000 4849; x_wconf 76' lang='lat' dir='ltr'><strong>est</strong></span> <span class='ocrx_word' id='word_1_850' title='bbox 2039 4796 2116 4848; x_wconf 82' lang='lat' dir='ltr'><strong>eis</strong></span> <span class='ocrx_word' id='word_1_851' title='bbox 2162 4793 2227 4847; x_wconf 83' lang='lat' dir='ltr'><strong>ad</strong></span> <span class='ocrx_word' id='word_1_852' title='bbox 2255 4790 2610 4863; x_wconf 80' lang='lat' dir='ltr'><strong>erogandum.</strong></span> <span class='ocrx_word' id='word_1_853' title='bbox 2649 4789 2800 4845; x_wconf 92' lang='lat' dir='ltr'><strong>Unde</strong></span> <span class='ocrx_word' id='word_1_854' title='bbox 2840 4800 2896 4845; x_wconf 87' lang='lat' dir='ltr'><strong>et</strong></span> <span class='ocrx_word' id='word_1_855' title='bbox 2924 4792 3067 4846; x_wconf 84' lang='lat' dir='ltr'><strong>inter</strong></span> <span class='ocrx_word' id='word_1_856' title='bbox 3093 4790 3378 4846; x_wconf 82' lang='lat' dir='ltr'><strong>credentes</strong></span> <span class='ocrx_word' id='word_1_857' title='bbox 3402 4789 3507 4845; x_wconf 87' lang='lat' dir='ltr'><strong>iste</strong></span> 
     </span>
    </p>
   </div>
   <div class='ocr_carea' id='block_1_108' title="bbox 1918 4869 3510 4949">
    <p class='ocr_par' dir='ltr' id='par_1_108' title="bbox 1918 4869 3510 4949">
     <span class='ocr_line' id='line_1_108' title="bbox 1918 4869 3510 4949; baseline -0.002 -9"><span class='ocrx_word' id='word_1_858' title='bbox 1918 4900 2107 4940; x_wconf 86' lang='lat' dir='ltr'><strong>servus</strong></span> <span class='ocrx_word' id='word_1_859' title='bbox 2131 4899 2236 4939; x_wconf 90' lang='lat' dir='ltr'><strong>non</strong></span> <span class='ocrx_word' id='word_1_860' title='bbox 2270 4883 2542 4937; x_wconf 88' lang='lat' dir='ltr'><strong>immerito</strong></span> <span class='ocrx_word' id='word_1_861' title='bbox 2563 4893 3005 4937; x_wconf 85' lang='lat' dir='ltr'><strong>connumeratur.</strong></span> <span class='ocrx_word' id='word_1_862' title='bbox 3045 4881 3181 4949; x_wconf 86' lang='lat' dir='ltr'><strong>Quia</strong></span> <span class='ocrx_word' id='word_1_863' title='bbox 3212 4897 3371 4937; x_wconf 89' lang='lat' dir='ltr'><strong>nemo</strong></span> <span class='ocrx_word' id='word_1_864' title='bbox 3393 4869 3510 4937; x_wconf 62' lang='lat' dir='ltr'><strong>cre-</strong></span> 
     </span>
    </p>
   </div>
   <div class='ocr_carea' id='block_1_109' title="bbox 1919 4969 3510 5043">
    <p class='ocr_par' dir='ltr' id='par_1_109' title="bbox 1919 4969 3510 5043">
     <span class='ocr_line' id='line_1_109' title="bbox 1919 4969 3510 5043; baseline -0.003 -13"><span class='ocrx_word' id='word_1_865' title='bbox 1919 4976 2159 5030; x_wconf 89' lang='lat' dir='ltr'><strong>dentium</strong></span> <span class='ocrx_word' id='word_1_866' title='bbox 2200 4974 2471 5029; x_wconf 90' lang='lat' dir='ltr'><strong>invenitur</strong></span> <span class='ocrx_word' id='word_1_867' title='bbox 2506 5017 2519 5039; x_wconf 92' lang='lat'><strong>,</strong></span> <span class='ocrx_word' id='word_1_868' title='bbox 2564 4974 2655 5043; x_wconf 90' lang='lat' dir='ltr'><strong>qui</strong></span> <span class='ocrx_word' id='word_1_869' title='bbox 2705 4973 2963 5028; x_wconf 86' lang='lat' dir='ltr'><strong>talentum</strong></span> <span class='ocrx_word' id='word_1_870' title='bbox 3018 4974 3117 5029; x_wconf 90' lang='lat' dir='ltr'><strong>sibi</strong></span> <span class='ocrx_word' id='word_1_871' title='bbox 3164 4973 3430 5029; x_wconf 85' lang='lat' dir='ltr'><strong>creditum</strong></span> <span class='ocrx_word' id='word_1_872' title='bbox 3464 4969 3510 5027; x_wconf 18' lang='lat' dir='ltr'><strong>ia</strong></span> 
     </span>
    </p>
   </div>
   <div class='ocr_carea' id='block_1_110' title="bbox 1920 5065 3513 5139">
    <p class='ocr_par' dir='ltr' id='par_1_110' title="bbox 1920 5065 3513 5139">
     <span class='ocr_line' id='line_1_110' title="bbox 1920 5065 3513 5139; baseline -0.001 -17"><span class='ocrx_word' id='word_1_873' title='bbox 1920 5068 2149 5123; x_wconf 90' lang='lat' dir='ltr'><strong>Domino</strong></span> <span class='ocrx_word' id='word_1_874' title='bbox 2192 5084 2296 5123; x_wconf 91' lang='lat' dir='ltr'><strong>non</strong></span> <span class='ocrx_word' id='word_1_875' title='bbox 2347 5068 2674 5139; x_wconf 88' lang='lat' dir='ltr'><strong>perceperit,</strong></span> <span class='ocrx_word' id='word_1_876' title='bbox 2720 5067 2845 5123; x_wconf 90' lang='lat' dir='ltr'><strong>licet</strong></span> <span class='ocrx_word' id='word_1_877' title='bbox 2892 5083 2995 5122; x_wconf 90' lang='lat' dir='ltr'><strong>non</strong></span> <span class='ocrx_word' id='word_1_878' title='bbox 3050 5065 3281 5121; x_wconf 89' lang='lat' dir='ltr'><strong>ﬁdeliter</strong></span> <span class='ocrx_word' id='word_1_879' title='bbox 3322 5080 3513 5121; x_wconf 87' lang='lat' dir='ltr'><strong>omnes</strong></span> 
     </span>
    </p>
   </div>
   <div class='ocr_carea' id='block_1_111' title="bbox 1921 5157 3507 5233">
    <p class='ocr_par' dir='ltr' id='par_1_111' title="bbox 1921 5157 3507 5233">
     <span class='ocr_line' id='line_1_111' title="bbox 1921 5157 3507 5233; baseline -0.003 -16"><span class='ocrx_word' id='word_1_880' title='bbox 1921 5173 2081 5233; x_wconf 87' lang='lat' dir='ltr'><strong>agant</strong></span> <span class='ocrx_word' id='word_1_881' title='bbox 2106 5163 2157 5216; x_wconf 92' lang='lat' dir='ltr'><strong>in</strong></span> <span class='ocrx_word' id='word_1_882' title='bbox 2184 5161 2306 5216; x_wconf 87' lang='lat' dir='ltr'><strong>ﬁde.</strong></span> <span class='ocrx_word' id='word_1_883' title='bbox 2341 5160 2480 5228; x_wconf 88' lang='lat' dir='ltr'><strong>Quia</strong></span> <span class='ocrx_word' id='word_1_884' title='bbox 2507 5170 2600 5215; x_wconf 88' lang='lat' dir='ltr'><strong>aut</strong></span> <span class='ocrx_word' id='word_1_885' title='bbox 2626 5162 2677 5215; x_wconf 92' lang='lat' dir='ltr'><strong>in</strong></span> <span class='ocrx_word' id='word_1_886' title='bbox 2706 5162 2818 5215; x_wconf 88' lang='lat' dir='ltr'><strong>suis</strong></span> <span class='ocrx_word' id='word_1_887' title='bbox 2846 5160 3033 5214; x_wconf 90' lang='lat' dir='ltr'><strong>volunt</strong></span> <span class='ocrx_word' id='word_1_888' title='bbox 3054 5158 3261 5215; x_wconf 85' lang='lat' dir='ltr'><strong>versari</strong></span> <span class='ocrx_word' id='word_1_889' title='bbox 3287 5166 3343 5214; x_wconf 87' lang='lat' dir='ltr'><strong>et</strong></span> <span class='ocrx_word' id='word_1_890' title='bbox 3369 5157 3507 5213; x_wconf 86' lang='lat' dir='ltr'><strong>deli-</strong></span> 
     </span>
    </p>
   </div>
   <div class='ocr_carea' id='block_1_112' title="bbox 1920 5252 3511 5324">
    <p class='ocr_par' dir='ltr' id='par_1_112' title="bbox 1920 5252 3511 5324">
     <span class='ocr_line' id='line_1_112' title="bbox 1920 5252 3511 5324; baseline -0.003 -14"><span class='ocrx_word' id='word_1_891' title='bbox 1920 5265 2127 5310; x_wconf 90' lang='lat' dir='ltr'><strong>tescere</strong></span> <span class='ocrx_word' id='word_1_892' title='bbox 2163 5253 2550 5324; x_wconf 88' lang='lat' dir='ltr'><strong>voluptatibus,</strong></span> <span class='ocrx_word' id='word_1_893' title='bbox 2600 5261 2693 5307; x_wconf 89' lang='lat' dir='ltr'><strong>aut</strong></span> <span class='ocrx_word' id='word_1_894' title='bbox 2737 5260 2887 5308; x_wconf 90' lang='lat' dir='ltr'><strong>certe</strong></span> <span class='ocrx_word' id='word_1_895' title='bbox 2930 5252 3117 5318; x_wconf 88' lang='lat' dir='ltr'><strong>latere,</strong></span> <span class='ocrx_word' id='word_1_896' title='bbox 3171 5262 3228 5305; x_wconf 87' lang='lat' dir='ltr'><strong>ut</strong></span> <span class='ocrx_word' id='word_1_897' title='bbox 3276 5266 3381 5306; x_wconf 91' lang='lat' dir='ltr'><strong>non</strong></span> <span class='ocrx_word' id='word_1_898' title='bbox 3419 5265 3511 5306; x_wconf 86' lang='lat' dir='ltr'><strong>co-</strong></span> 
     </span>
    </p>
   </div>
   <div class='ocr_carea' id='block_1_113' title="bbox 1919 5344 3507 5419">
    <p class='ocr_par' dir='ltr' id='par_1_113' title="bbox 1919 5344 3507 5419">
     <span class='ocr_line' id='line_1_113' title="bbox 1919 5344 3507 5419; baseline -0.003 -16"><span class='ocrx_word' id='word_1_899' title='bbox 1919 5358 2248 5419; x_wconf 72' lang='lat' dir='ltr'><strong>gnoscantur</strong></span> <span class='ocrx_word' id='word_1_900' title='bbox 2302 5349 2430 5417; x_wconf 87' lang='lat' dir='ltr'><strong>quid</strong></span> <span class='ocrx_word' id='word_1_901' title='bbox 2476 5346 2841 5417; x_wconf 75' lang='lat' dir='ltr'><strong>perceperint.</strong></span> <span class='ocrx_word' id='word_1_902' title='bbox 2881 5344 3089 5399; x_wconf 88' lang='lat' dir='ltr'><strong>Idcirco</strong></span> <span class='ocrx_word' id='word_1_903' title='bbox 3132 5344 3259 5399; x_wconf 92' lang='lat' dir='ltr'><strong>licet</strong></span> <span class='ocrx_word' id='word_1_904' title='bbox 3286 5359 3507 5399; x_wconf 87' lang='lat' dir='ltr'><strong>servare</strong></span> 
     </span>
    </p>
   </div>
   <div class='ocr_carea' id='block_1_114' title="bbox 1923 5434 3510 5506">
    <p class='ocr_par' dir='ltr' id='par_1_114' title="bbox 1923 5434 3510 5506">
     <span class='ocr_line' id='line_1_114' title="bbox 1923 5434 3510 5506; baseline -0.006 -11"><span class='ocrx_word' id='word_1_905' title='bbox 1923 5440 2171 5495; x_wconf 77' lang='lat' dir='ltr'><strong>videatur</strong></span> <span class='ocrx_word' id='word_1_906' title='bbox 2200 5438 2459 5493; x_wconf 88' lang='lat' dir='ltr'><strong>talentum</strong></span> <span class='ocrx_word' id='word_1_907' title='bbox 2498 5437 2641 5506; x_wconf 87' lang='lat' dir='ltr'><strong>quod</strong></span> <span class='ocrx_word' id='word_1_908' title='bbox 2669 5436 2889 5500; x_wconf 83' lang='lat' dir='ltr'><strong>habent,</strong></span> <span class='ocrx_word' id='word_1_909' title='bbox 2915 5435 3049 5489; x_wconf 89' lang='lat' dir='ltr'><strong>nihil</strong></span> <span class='ocrx_word' id='word_1_910' title='bbox 3089 5444 3268 5490; x_wconf 88' lang='lat' dir='ltr'><strong>tamen</strong></span> <span class='ocrx_word' id='word_1_911' title='bbox 3303 5434 3510 5489; x_wconf 84' lang='lat' dir='ltr'><strong>addunt</strong></span> 
     </span>
    </p>
   </div>
   <div class='ocr_carea' id='block_1_115' title="bbox 1920 5527 3506 5603">
    <p class='ocr_par' dir='ltr' id='par_1_115' title="bbox 1920 5527 3506 5603">
     <span class='ocr_line' id='line_1_115' title="bbox 1920 5527 3506 5603; baseline -0.004 -16"><span class='ocrx_word' id='word_1_912' title='bbox 1920 5532 2123 5603; x_wconf 90' lang='lat' dir='ltr'><strong>operis,</strong></span> <span class='ocrx_word' id='word_1_913' title='bbox 2174 5547 2349 5603; x_wconf 89' lang='lat' dir='ltr'><strong>neque</strong></span> <span class='ocrx_word' id='word_1_914' title='bbox 2390 5530 2734 5601; x_wconf 87' lang='lat' dir='ltr'><strong>negotiantur</strong></span> <span class='ocrx_word' id='word_1_915' title='bbox 2774 5528 2838 5582; x_wconf 89' lang='lat' dir='ltr'><strong>ad</strong></span> <span class='ocrx_word' id='word_1_916' title='bbox 2891 5528 3101 5584; x_wconf 89' lang='lat' dir='ltr'><strong>lucrum</strong></span> <span class='ocrx_word' id='word_1_917' title='bbox 3147 5527 3351 5583; x_wconf 91' lang='lat' dir='ltr'><strong>domini</strong></span> <span class='ocrx_word' id='word_1_918' title='bbox 3402 5527 3506 5591; x_wconf 91' lang='lat' dir='ltr'><strong>sui,</strong></span> 
     </span>
    </p>
   </div>
   <div class='ocr_carea' id='block_1_116' title="bbox 1923 5619 3505 5696">
    <p class='ocr_par' dir='ltr' id='par_1_116' title="bbox 1923 5619 3505 5696">
     <span class='ocr_line' id='line_1_116' title="bbox 1923 5619 3505 5696; baseline -0.006 -15"><span class='ocrx_word' id='word_1_919' title='bbox 1923 5642 2100 5696; x_wconf 88' lang='lat' dir='ltr'><strong>neque</strong></span> <span class='ocrx_word' id='word_1_920' title='bbox 2135 5623 2456 5679; x_wconf 87' lang='lat' dir='ltr'><strong>ﬁducialiter</strong></span> <span class='ocrx_word' id='word_1_921' title='bbox 2478 5631 2643 5691; x_wconf 83' lang='lat' dir='ltr'><strong>agunt</strong></span> <span class='ocrx_word' id='word_1_922' title='bbox 2663 5623 2716 5675; x_wconf 92' lang='lat' dir='ltr'><strong>in</strong></span> <span class='ocrx_word' id='word_1_923' title='bbox 2746 5637 2812 5677; x_wconf 91' lang='lat' dir='ltr'><strong>eo</strong></span> <span class='ocrx_word' id='word_1_924' title='bbox 2836 5622 2982 5692; x_wconf 90' lang='lat' dir='ltr'><strong>quod</strong></span> <span class='ocrx_word' id='word_1_925' title='bbox 3026 5626 3385 5692; x_wconf 86' lang='lat' dir='ltr'><strong>acceperunt;</strong></span> <span class='ocrx_word' id='word_1_926' title='bbox 3428 5619 3505 5673; x_wconf 82' lang='lat' dir='ltr'><strong>ita</strong></span> 
     </span>
    </p>
   </div>
   <div class='ocr_carea' id='block_1_117' title="bbox 1924 5710 3513 5783">
    <p class='ocr_par' dir='ltr' id='par_1_117' title="bbox 1924 5710 3513 5783">
     <span class='ocr_line' id='line_1_117' title="bbox 1924 5710 3513 5783; baseline -0.006 -10"><span class='ocrx_word' id='word_1_927' title='bbox 1924 5727 1983 5773; x_wconf 90' lang='lat' dir='ltr'><strong>ut</strong></span> <span class='ocrx_word' id='word_1_928' title='bbox 2028 5733 2129 5772; x_wconf 89' lang='lat' dir='ltr'><strong>nec</strong></span> <span class='ocrx_word' id='word_1_929' title='bbox 2180 5716 2302 5777; x_wconf 86' lang='lat' dir='ltr'><strong>sibi,</strong></span> <span class='ocrx_word' id='word_1_930' title='bbox 2340 5730 2439 5769; x_wconf 83' lang='lat' dir='ltr'><strong>nec</strong></span> <span class='ocrx_word' id='word_1_931' title='bbox 2486 5712 2605 5768; x_wconf 87' lang='lat' dir='ltr'><strong>aliis</strong></span> <span class='ocrx_word' id='word_1_932' title='bbox 2646 5713 2880 5783; x_wconf 89' lang='lat' dir='ltr'><strong>prosint,</strong></span> <span class='ocrx_word' id='word_1_933' title='bbox 2920 5720 2980 5767; x_wconf 91' lang='lat' dir='ltr'><strong>ut</strong></span> <span class='ocrx_word' id='word_1_934' title='bbox 3029 5712 3194 5766; x_wconf 87' lang='lat' dir='ltr'><strong>vitam</strong></span> <span class='ocrx_word' id='word_1_935' title='bbox 3227 5710 3513 5781; x_wconf 77' lang='lat' dir='ltr'><strong>acquirunt</strong></span> 
     </span>
    </p>
   </div>
   <div class='ocr_carea' id='block_1_118' title="bbox 1925 5803 3510 5885">
    <p class='ocr_par' dir='ltr' id='par_1_118' title="bbox 1925 5803 3510 5885">
     <span class='ocr_line' id='line_1_118' title="bbox 1925 5803 3510 5885; baseline -0.006 -18"><span class='ocrx_word' id='word_1_936' title='bbox 1925 5810 2332 5881; x_wconf 89' lang='lat' dir='ltr'><strong>sempiternam.</strong></span> <span class='ocrx_word' id='word_1_937' title='bbox 2385 5806 2527 5879; x_wconf 82' lang='lat' dir='ltr'><strong>Ergo</strong></span> <span class='ocrx_word' id='word_1_938' title='bbox 2574 5808 2666 5877; x_wconf 90' lang='lat' dir='ltr'><strong>qui</strong></span> <span class='ocrx_word' id='word_1_939' title='bbox 2715 5804 3023 5885; x_wconf 82' lang='lat' dir='ltr'><strong>hujusmodi</strong></span> <span class='ocrx_word' id='word_1_940' title='bbox 3064 5810 3208 5871; x_wconf 90' lang='lat' dir='ltr'><strong>sunt,</strong></span> <span class='ocrx_word' id='word_1_941' title='bbox 3248 5803 3318 5858; x_wconf 91' lang='lat' dir='ltr'><strong>ob</strong></span> <span class='ocrx_word' id='word_1_942' title='bbox 3355 5813 3510 5858; x_wconf 83' lang='lat' dir='ltr'><strong>suam</strong></span> 
     </span>
    </p>
   </div>
  </div>
