4016 6354
591 321 698 380 855

1412 320 1469 374 S.
1511 319 1866 377 PASCHASII
1901 319 2252 378 RADBERTI
2291 322 2586 379 ABBATIS
2622 321 3076 380 CORBEIENSIS

3692 335 3766 393 Sit;

590 437 889 512 perniciem
919 435 1170 506 quamvis
1213 434 1500 490 videantur
1542 437 1794 490 timorem
1843 435 2058 492 Domini
2085 437 2184 492 ha-
2214 441 2264 501 Α
2292 439 2553 505 nummis,
2584 437 2722 496 bene
2750 439 3078 514 insculpere,
3104 451 3161 498 et
3189 458 3308 503 cum
3336 451 3498 508 usuris
3518 458 3666 513 omnia
3689 465 3780 519 red.

587 534 743 597 bere,
781 540 836 587 et
865 544 1058 601 sapere
1087 529 1156 585 de
1192 544 1258 585 eo
1303 529 1432 600 quia
1459 543 1683 584 severus
1712 537 1797 584 est
1838 530 2188 600 peccantibus

588 636 645 681 et
675 623 1054 701 implacabilis,
1099 633 1280 680 tamen
1331 623 1459 694 quia
1503 622 1668 678 multa
1719 633 2044 694 premuntur
2091 639 2183 680 so-
2228 629 2241 653 ‘

597 719 806 783 cordia,
834 728 1052 790 torpent
1074 718 1364 790 ignaviter,
1392 727 1449 773 et
1485 719 1639 788 quasi
1672 717 1933 773 talentum
1965 729 2186 774 servant

589 828 695 868 non
725 815 792 869 ad
818 814 1051 881 lucrum,
1095 815 1190 870 sed
1221 814 1344 880 sibi,
1394 823 1456 869 nt
1481 823 1654 871 totum
1686 815 1830 886 quod
1869 816 2059 870 vivunt
2100 817 2184 871 eis

589 916 798 964 tantum
832 910 1003 981 prosit
1027 910 1541 982 imprzesentiarum.

664 1001 880 1075 105.9
915 1001 1248 1073 Respondeas
1281 1014 1456 1058 autem
1499 1004 1746 1060 dominus
1776 1006 1890 1075 ejus
1928 1006 2062 1060 dixit
2091 1010 2183 1062 ei:

588 1093 744 1150 Serve
771 1095 907 1151 male
934 1107 983 1151 et
1007 1099 1174 1168 piger,
1202 1098 1403 1152 sciebas
1431 1099 1558 1170 quia
1591 1109 1728 1154 meto
1768 1101 1856 1154 ubi
1898 1117 2000 1155 non
2029 1103 2184 1156 semi-

587 1188 728 1252 nari,
757 1199 804 1242 et
835 1205 1091 1260 congrego
1122 1205 1226 1243 non
1268 1205 1474 1260 sparsa,
1506 1198 1610 1244 etc.
1642 1190 1896 1257 Quaedam
1928 1206 2048 1261 qua:
2088 1191 2184 1246 ob-

577 1279 789 1349 jecerat
824 1281 913 1336 hic
949 1281 1124 1336 malus
1155 1295 1374 1347 servus,
1418 1282 1646 1352 replicat
1694 1283 1868 1337 bonus
1907 1283 2179 1351 dominus,

587 1375 832 1442 quzexlam
871 1389 1000 1428 vero
1031 1384 1192 1430 tacet.
1221 1373 1338 1430 Non
1379 1375 1522 1430 enim
1565 1375 1856 1430 conﬁtetur
1890 1391 1949 1432 se
1984 1377 2180 1432 durum

582 1481 721 1529 esse,
757 1467 898 1522 sicut
924 1466 1012 1521 ille
1039 1468 1313 1522 arbitrans
1335 1467 1788 1524 calumniabatur.
1814 1468 1948 1536 Quia
1981 1484 2086 1523 non
2111 1485 2178 1524 ex

583 1574 680 1614 sua
726 1570 916 1614 natura
965 1569 1051 1616 est
1102 1568 1163 1615 ut
1205 1575 1428 1616 severus
1479 1569 1571 1614 aut
1611 1560 1778 1615 durus
1814 1561 2048 1626 dicatur,
2083 1562 2179 1617 sed

581 1653 708 1722 quia
754 1653 844 1709 ille
883 1655 1260 1710 misericordia
1288 1655 1382 1710 Dei
1422 1656 1626 1711 abusus
1657 1665 1764 1721 est,
1798 1657 1863 1711 ad
1897 1657 2177 1729 negligen-

579 1746 737 1808 tiam,
777 1757 832 1801 et
863 1763 969 1802 non
1017 1749 1084 1802 ad
1125 1749 1533 1804 conversionem
1566 1764 1742 1813 suam,
1775 1749 1917 1804 sicut
1947 1751 2178 1820 Aposto-

2295 530 2457 597 dere;
2518 541 2577 586 ut
2624 533 2890 606 quidquid
2935 534 2989 590 in
3042 551 3290 594 sermone
3337 540 3628 614 didicerant,
3662 566 3784 623 opere

2292 623 2650 696 complerent,
2687 635 2744 682 et
2777 627 2844 683 de
2889 630 3124 686 terrenis
3164 646 3229 686 ac
3281 635 3482 692 caducis
3517 621 3711 699 caelestia
3745 659 3784 704 et
3874 621 3877 623 ’

2290 727 2513 784 mterna,
2547 720 2650 776 sibi
2693 731 2857 792 atque
2889 722 3011 779 aliis
3046 723 3400 782 lucrarentur.
3435 729 3614 798 Tollite,
3638 736 3786 808 inquit,

2289 808 2545 864 talentum
2574 811 2639 865 ab
2669 829 2751 878 eo,
2776 826 2824 868 et
2866 816 2990 870 date
3029 817 3078 871 si
3106 818 3197 888 qui
3239 818 3406 874 decem
3429 821 3604 878 talenta
3627 827 3786 896 fecerat.

2291 899 2602 957 Secundum
2631 905 2866 974 priorem
2911 907 3322 978 intelligentiam
3350 910 3509 968 facilis
3531 926 3603 970 est
3631 934 3786 978 sensus.

2288 993 2426 1060 Quia
2451 995 2629 1050 ablata
2657 1007 2778 1053 sunt
2807 1000 2990 1054 omnia
3019 1017 3049 1055 a
3076 1000 3275 1058 Judmis
3301 1001 3458 1061 divini
3479 1007 3608 1063 verbi
3637 1021 3787 1083 myste-

2289 1087 2390 1151 ria,
2425 1089 2514 1158 qui
2541 1088 2817 1146 Christum
2846 1108 2952 1148 non
2988 1105 3330 1166 receperunt,
3356 1107 3409 1153 et
3435 1103 3679 1158 commissa
3702 1117 3791 1162 sunt

2288 1180 2548 1252 apostolis
2580 1192 2637 1237 et
2665 1184 2982 1254 apostolicis
3011 1187 3141 1242 viris
3181 1189 3271 1258 qui
3307 1207 3369 1245 ex
3397 1189 3578 1249 Judaeis
3611 1197 3793 1255 Credide-

2286 1282 2432 1333 runt,
2457 1283 2513 1328 et
2545 1273 2631 1330 his
2665 1276 2759 1346 qui
2803 1279 3040 1333 maxime
3071 1280 3124 1334 in
3157 1281 3322 1336 verbo
3365 1281 3793 1347 laboraveruntzut

2286 1363 2676 1436 intelligamus,
2725 1367 2851 1423 licet
2904 1369 2957 1423 in
3014 1371 3296 1442 utriusque
3339 1372 3513 1430 labore
3556 1379 3722 1448 aequale
3745 1383 3793 1436 sit

2283 1454 2485 1510 domtni
2534 1458 2788 1529 gaudium
2842 1459 3092 1518 ﬁdelibus
3142 1476 3198 1519 et
3257 1465 3408 1521 bonis
3453 1468 3582 1538 quod
3621 1473 3794 1528 donatur

2282 1549 2555 1613 omnibus,
2582 1553 2674 1621 qui
2716 1552 2903 1609 decem
2940 1571 3037 1609 seu
3075 1557 3166 1626 qui
3203 1568 3435 1628 quatuor
3458 1561 3520 1616 de
3547 1579 3742 1634 quinque
3758 1576 3795 1621 et

2281 1637 2492 1696 duobus
2522 1644 2827 1700 retulerunt
2861 1646 3084 1710 talenta,
3119 1656 3297 1706 tamen
3329 1652 3494 1722 majus
3517 1653 3670 1709 deberi
3695 1671 3792 1726 prmo

2282 1733 2450 1788 mium
2500 1734 2550 1789 ei
2601 1737 2694 1806 qui
2748 1736 2870 1809 plus
2909 1738 2963 1792 in
2999 1738 3204 1794 domini
3255 1743 3479 1812 pecunia
3523 1742 3793 1807 laborarent,

578 1835 662 1891 lus
686 1838 761 1892 ait
793 1856 806 1892 :
842 1836 971 1894 Vide
1000 1839 1284 1894 bonitatem
1306 1840 1428 1905 Dei,
1459 1851 1505 1895 et
1533 1842 1858 1896 severitatem
1890 1840 2064 1913 (Rom.
2093 1860 2171 1910 XI,

2279 1825 2420 1880 sicut
2456 1824 2738 1898 Scriptura
2785 1829 2966 1884 divina
3011 1830 3190 1896 docet,
3220 1841 3277 1887 et
3323 1848 3428 1888 non
3474 1833 3602 1889 sicut
3635 1835 3795 1905 quidam

575 1923 704 1995 22);
741 1929 792 1981 iu
825 1944 918 1983 cos
945 1931 1036 1998 qui
1065 1931 1379 1985 ceciderunt
1410 1931 1774 1996 severitatem,
1807 1932 1859 1986 in
1901 1942 1952 1988 te
1993 1943 2175 1989 autem

575 2017 898 2073 bonitatem.
946 2020 1013 2074 Et
1054 2021 1175 2075 ideo
1205 2037 1365 2076 neruo
1393 2037 1618 2077 securus
1647 2022 1718 2077 sit
1745 2031 1799 2077 et
1837 2024 1999 2089 dicat,
2032 2025 2176 2095 quod

571 2124 680 2165 non
709 2121 886 2178 curat,
921 2128 1028 2167 non
1061 2114 1184 2168 dico
1216 2115 1281 2168 de
1311 2115 1551 2184 peccatis
1589 2114 2043 2186 delinquentium,
2079 2132 2172 2173 ve-

571 2220 694 2259 rum
745 2205 908 2261 etiam
964 2207 1032 2261 de
1078 2207 1368 2262 commissa
1420 2209 1620 2276 gratia,
1655 2209 1701 2262 si
1752 2224 1857 2263 non
1915 2221 2172 2280 operatus

572 2293 742 2350 fuerit
767 2296 818 2350 iu
851 2311 937 2352 ea.
969 2296 1139 2352 Porro
1167 2298 1232 2352 de
1272 2297 1497 2368 reliquis
1523 2299 1725 2363 verbis,
1759 2301 1913 2369 quasi
1944 2316 2174 2356 consen-

570 2388 644 2444 sit
669 2389 813 2459 quod
841 2399 1008 2445 mctat
1049 2391 1139 2445 ubi
1182 2405 1288 2444 non
1328 2391 1640 2456 seminavit,
1671 2399 1727 2445 et
1756 2404 2049 2462 congregat
2079 2394 2170 2448 ulti

572 2496 679 2535 non
714 2483 930 2552 sparsit.
966 2482 1073 2538 Sed
1119 2484 1471 2554 quaareudum
1516 2486 1789 2554 quomodo
1836 2487 2171 2557 intelligatur

561 2571 720 2640 juxta
760 2575 903 2631 hunc
945 2591 1187 2632 sensum.
1231 2575 1370 2644 Quia
1418 2577 1559 2632 sicut
1604 2591 1764 2632 nemo
1813 2577 1973 2633 habet
2025 2579 2170 2647 quod

566 2679 675 2719 non
720 2669 1025 2737 acceperit;
1073 2667 1145 2722 ita
1196 2683 1356 2723 nemo
1393 2678 1674 2740 operatur.
1702 2669 1804 2723 nisi
1838 2669 1890 2723 iu
1921 2684 1987 2724 eo
2023 2669 2169 2739 quod

565 2758 827 2828 percepit.
864 2759 919 2813 lu
951 2775 1018 2814 eo
1064 2745 1207 2816 forte
1243 2774 1504 2830 operatur
1528 2761 1762 2816 fructum
1797 2760 2022 2831 justitia:
2060 2763 2166 2816 im-

567 2853 1002 2920 pratseutiarum,
1039 2869 1198 2922 quem
1232 2853 1468 2908 fructum
1510 2863 1677 2908 metet
1699 2852 1879 2921 justus
1914 2854 1966 2908 in
1998 2855 2166 2908 vitam

567 2951 848 2996 teter-nam.
885 2943 1021 3010 Quia
1055 2944 1342 2999 seminavit
1379 2946 1431 3000 in
1466 2946 1681 3014 spiritu,
1709 2945 1774 3000 de
1815 2961 1922 3016 quo
1958 2944 2163 3014 majora

565 3039 797 3109 recipiat
849 3037 1018 3094 lucra.
1052 3039 1182 3108 Qua:
1232 3040 1383 3096 lucra
1430 3057 1554 3095 cum
1608 3049 1888 3095 metttntur
1928 3056 1956 3094 a
1992 3039 2161 3109 justo,

567 3134 721 3189 metit
755 3150 818 3190 ea
865 3135 1020 3206 cujus
1049 3144 1132 3191 est
1176 3137 1449 3206 possessio
1479 3137 1592 3207 ipse
1615 3135 1814 3205 justus.
1845 3133 2035 3190 Justus
2061 3150 2160 3190 au-

2277 1919 2488 1986 volunt,
2519 1929 2579 1976 ut
2609 1921 2744 1976 nihil
2775 1920 2896 1993 plus
2929 1923 3127 1980 haheat
3150 1925 3244 1995 qui
3273 1926 3466 1997 majus,
3489 1941 3645 1998 neque
3669 1928 3800 1982 minus

2277 2018 2368 2088 qui
2413 2033 2607 2088 parum
2655 2017 3002 2084 laboraverit,
3037 2029 3248 2075 tantum
3288 2029 3350 2077 ut
3379 2036 3444 2076 ex
3474 2030 3578 2077 toto
3599 2021 3800 2091 diligatet

2278 2108 2514 2179 duplicet
2540 2109 2683 2179 quod
2713 2109 2974 2180 percepit.
3015 2108 3282 2179 Quamvis
3306 2111 3450 2167 enim
3477 2115 3688 2166 metatin
3709 2126 3802 2183 gen-

2279 2200 2442 2262 tibus,
2472 2201 2562 2256 ubi
2603 2216 2710 2256 non
2759 2202 3049 2257 seminavit
3089 2203 3260 2258 verba
3308 2202 3460 2275 legis.
3491 2213 3542 2258 et
3576 2210 3798 2272 congregat

2276 2306 2370 2347 eos
2397 2291 2463 2346 ad
2489 2291 2648 2348 tidem
2679 2292 2771 2348 ubi
2798 2309 2905 2349 non
2931 2295 3152 2364 sparsit,
3181 2310 3295 2350 non
3328 2305 3504 2352 tamen
3531 2296 3634 2351 sine
3660 2295 3802 2350 merito

2275 2384 2399 2440 fidei
2443 2387 2726 2456 pnemium
2773 2397 3080 2458 praestatur.
3118 2387 3265 2456 Quia
3316 2389 3456 2444 sicut
3503 2403 3598 2443 non
3641 2385 3798 2441 aliunde

2273 2490 2435 2546 quam
2475 2491 2540 2532 ex
2580 2477 2723 2532 dono
2753 2476 2851 2533 Dei
2895 2487 2951 2534 et
2996 2477 3198 2534 talento
3246 2479 3351 2535 sibi
3395 2478 3610 2544 credito,
3634 2476 3802 2546 quisque

2272 2563 2501 2632 laborat,
2527 2567 2606 2622 sic
2628 2583 2735 2623 non
2769 2579 3154 2624 remuneratur
3173 2569 3286 2626 nisi
3312 2568 3600 2627 secundum
3621 2567 3799 2624 laborem

2271 2671 2426 2712 suum
2451 2666 2505 2713 et
2531 2659 2719 2730 gratia:
2747 2659 3076 2732 largitatem.

2341 2757 2500 2814 Omni
2530 2762 2667 2816 enim
2701 2763 2912 2818 habenti
2939 2763 3174 2830 dabitur,
3199 2775 3256 2821 et
3280 2764 3593 2828 abundabit;
3613 2763 3656 2819 ei
3675 2771 3800 2818 autem

2267 2854 2358 2926 qui
2382 2871 2486 2908 non
2527 2855 2701 2921 habet,
2729 2867 2780 2911 et
2812 2857 2952 2928 quod
2980 2857 3188 2912 videtur
3222 2859 3444 2926 habere,
3490 2858 3725 2928 auferetur
3758 2852 3803 2908 al

2268 2962 2348 3000 eo.
2378 2945 2646 3014 Quoniam
2676 2948 2989 3020 quicunque
3014 2957 3222 3006 rectam
3259 2959 3314 3007 et
3350 2951 3602 3022 integram
3630 2963 3714 3003 non
3738 2946 3803 2999 hs-

2268 3042 2360 3096 bet
2406 3039 2590 3106 tidem,
2615 3041 2781 3098 etiam
2833 3042 3071 3113 reliquas
3119 3045 3384 3109 virtutes,
3419 3058 3552 3114 quas
3583 3039 3804 3096 videbatur

2269 3134 2470 3190 habere
2498 3135 2707 3205 perdet.
2743 3134 3036 3208 Eleganter
3062 3136 3256 3207 itaque
3297 3137 3378 3192 ait
3416 3135 3554 3207 quod
3587 3129 3804 3189 videbatur

565 3237 674 3283 tem
703 3187 972 3300 disposuit
1017 3243 1081 3283 ac
1123 3187 1291 3294 derdit,
1320 3238 1375 3285 et
1406 3187 1696 3284 seminavit
1727 3227 1778 3281 in
1809 3228 2158 3298 pauperibus,
2189 3187 2234 3251 Ο
2267 3227 2498 3295 habere;
2529 3230 2652 3299 quia
2689 3187 2949 3301 quidqouid
2994 3231 3112 3287 sine
3144 3187 3261 3290 fide
3296 3240 3403 3297 est,
3434 3187 3541 3287 non
3577 3228 3721 3284 virtus
3741 3220 3805 3279 sed

563 3330 619 3376 et
653 3323 837 3392 egenis
879 3321 1017 3377 forte
1059 3322 1418 3376 substantiam
1464 3337 1640 3385 suam,
1673 3335 1768 3374 seu
1813 3319 1964 3373 verbi
1999 3334 2160 3390 pecu-

564 3415 730 3471 niam.
764 3416 1023 3471 Dominus
1058 3423 1238 3469 antem
1267 3415 1318 3469 in
1348 3414 1460 3468 suis
1505 3412 1785 3472 membris,
1817 3427 1880 3466 ac
1918 3411 1963 3466 si
2003 3412 2055 3466 in
2101 3427 2160 3468 se

563 3507 788 3580 colligit,
817 3517 872 3563 et
911 3515 1211 3580 congregat
1246 3506 1520 3569 universa,
1552 3505 1680 3558 dum
1723 3503 1824 3559 sibi
1859 3514 2156 3575 computat,

562 3609 619 3657 et
648 3601 750 3658 sibi
785 3602 1086 3656 arbitratur
1120 3614 1244 3655 esse
1285 3597 1500 3662 collata,
1533 3611 1868 3668 qurecunque
1902 3597 2156 3667 pauperi-

558 3694 662 3750 bus
695 3693 812 3750 suis
841 3693 1077 3748 iideliter
1112 3701 1239 3748 sunt
1267 3692 1562 3762 impartita.
1599 3688 1753 3745 Unde
1784 3690 2028 3746 dicturus
2052 3700 2154 3755 est,

559 3795 614 3843 et
639 3786 693 3840 iu
726 3785 830 3840 alia
873 3783 1173 3857 parabola:
1229 3781 1478 3850 Quandiu
1524 3783 1722 3852 fecistis
1757 3783 1823 3836 de
1858 3783 1972 3837 istis
2029 3783 2157 3836 meis

559 3876 814 3941 minimis,
844 3876 971 3930 milii
1003 3875 1197 3946 fecistis
1220 3873 1437 3946 (Matth.
1462 3889 1592 3940 xxv,
1622 3873 1739 3946 40).
1771 3872 2154 3937 Verumtamen

555 3983 657 4025 cur
677 3983 801 4022 eum
830 3977 988 4024 vocet
1014 3967 1217 4023 malum
1260 3969 1312 4023 in
1353 3967 1639 4039 propatulo
1668 3978 1773 4032 est,
1801 3969 1927 4038 quia
1963 3969 2030 4025 de
2057 3983 2154 4023 sua

555 4061 716 4134 culpa
771 4061 1099 4118 calumniam
1149 4061 1369 4116 domino
1418 4058 1568 4116 facit.
1622 4059 1786 4132 Piger
1830 4076 1978 4125 vero,
2025 4063 2153 4133 quia

554 4155 819 4212 talentum
847 4156 948 4211 sibi
980 4155 1250 4211 creditum
1281 4154 1456 4210 noluit
1483 4153 1795 4224 duplicare;
1825 4164 1886 4209 ut
1909 4156 1962 4210 in
1985 4155 2154 4212 altero

553 4249 841 4322 superbiae,
877 4251 932 4306 in
973 4248 1146 4305 altero
1182 4248 1521 4321 negligentiae
1556 4247 1967 4305 condemnetur.
2000 4248 2153 4305 Unde

549 4359 847 4416 congruam
885 4342 988 4399 sibi
1028 4343 1227 4414 accipit
1257 4341 1696 4414 responsionem;
1733 4358 1797 4400 ac
1825 4343 1872 4400 si
1903 4344 2146 4400 diceret:

549 4437 686 4506 Quia
712 4435 990 4494 crudelem
1025 4445 1082 4492 et
1109 4437 1304 4492 durum
1334 4449 1422 4491 me
1443 4451 1695 4501 noveras,
1729 4446 1780 4492 et
1814 4435 1919 4492 alia
1949 4437 2147 4494 sectari

550 4546 671 4602 qua:
701 4547 807 4587 non
836 4530 1112 4595 dederam,
1143 4529 1328 4600 ibique
1368 4539 1574 4585 metere
1603 4529 1694 4584 ubi
1739 4545 1845 4584 non
1889 4530 2142 4595 severim,

548 4639 718 4696 quare
749 4639 858 4682 non
901 4623 1000 4679 tibi
1042 4623 1346 4678 istiusmodi
1384 4622 1580 4677 mentis
1621 4621 1881 4694 cogitatio
1916 4621 2143 4678 incussit

547 4711 836 4776 timorem?
861 4717 998 4788 Quia
1037 4718 1251 4775 sciebas
1286 4733 1372 4773 me
1401 4732 1508 4772 non
1539 4717 1711 4772 solum
1741 4733 1803 4774 ea
1828 4717 2141 4789 diligentius

548 4817 963 4888 requisitttrum,
986 4823 1046 4868 ut
1080 4815 1241 4869 dares
1280 4814 1564 4884 pecuniam
1595 4829 1770 4868 meam
1805 4813 1917 4867 sive
1946 4827 2138 4883 argen-

544 4921 658 4966 tum
688 4907 1083 4964 numtnulariis.
1119 4907 1420 4977 Utrumque
1447 4908 1616 4973 enim,
1646 4917 1707 4963 ut
1731 4907 1865 4972 dixi,
1893 4905 2139 4983 ἀργύρνον

543 5005 766 5061 Graecus
793 5017 976 5058 sermo
1001 5003 1290 5074 signiticat.
1326 5001 1392 5056 Et
1429 5002 1549 5057 ideo
1590 5010 1702 5056 tota
1735 5001 1850 5056 haec
1878 4999 2136 5070 parabola

543 5095 608 5152 de
645 5094 874 5164 pecunia
915 5093 1080 5149 divini
1119 5092 1290 5156 verbi,
1338 5100 1391 5145 ct
1437 5091 1681 5146 doctrina
1735 5090 2136 5163 praedicationis

541 5190 837 5260 accipitur;
879 5203 1002 5259 quas
1043 5196 1124 5241 est
1168 5185 1445 5256 Evangelii
1483 5186 1833 5256 dispensatio,
1867 5195 1920 5239 et
1955 5201 2135 5240 sermo

539 5281 879 5351 eloquiorum
904 5278 1015 5340 Dei,
1042 5277 1134 5347 qui
1161 5277 1277 5330 dari
1303 5276 1486 5330 dchuit
1518 5275 1732 5346 1050
1758 5276 2135 5331 nunnnulariis

539 5386 594 5431 et
624 5373 921 5444 trapezitis,
951 5371 1003 5426 id
1041 5379 1125 5426 est
1162 5369 1366 5425 sanctis
1406 5369 1721 5423 doctoribus
1753 5385 1847 5439 per
1891 5369 2133 5440 singulas

537 5465 818 5529 ecclesias,
863 5463 1003 5518 sicut
1041 5462 1284 5517 iecerunt
1316 5461 1544 5532 apostoli
1577 5477 1674 5532 per
1710 5461 1952 5533 singulas
1997 5479 2126 5534 pro-

541 5556 746 5610 vincias
798 5556 1148 5626 presbyteros
1195 5563 1250 5607 et
1297 5554 1582 5625 episcopos
1639 5554 1992 5619 ordinantes;
2047 5555 2129 5609 vel

536 5648 745 5702 cunctis
793 5646 1139 5703 credentibus
1188 5646 1367 5702 divina
1413 5647 1690 5702 tradentes
1728 5647 2001 5718 mysteria,
2037 5648 2128 5717 qui

537 5747 758 5809 possent
803 5737 1014 5795 Domini
1061 5739 1142 5794 sui
1190 5739 1476 5810 pecuniam
1519 5738 1814 5809 duplicare,
1845 5747 1900 5793 et
1939 5737 2128 5809 imagi-

539 5843 664 5886 nem
697 5828 892 5883 summi
923 5829 1084 5899 Regis
1113 5830 1166 5882 in
1205 5828 1460 5885 cnrdibus
1494 5829 1849 5899 singulorum,
1880 5845 1943 5881 ac.
1987 5830 2031 5884 si
2073 5830 2126 5883 in

2260 3333 2546 3395 peccatum
2586 3334 2691 3382 est.
2722 3325 2988 3382 Aufertur
3028 3342 3160 3397 ergo
3201 3328 3280 3383 ab
3312 3342 3380 3383 eo
3419 3325 3558 3395 quod
3584 3319 3804 3378 videbatur

2262 3416 2484 3481 habere,
2515 3431 2638 3472 cum
2669 3417 2979 3473 declaratur
3010 3418 3063 3473 in
3093 3420 3362 3474 examine
3387 3415 3572 3489 judicii
3597 3410 3698 3473 Dei.
3717 3406 3806 3477 qui!

2261 3524 2367 3564 non
2397 3510 2498 3564 fuit
2524 3525 2590 3565 ex
2621 3509 2725 3566 [ide
2755 3513 2898 3582 quod
2926 3511 3134 3575 habuit,
3159 3527 3274 3582 qua
3299 3510 3622 3582 justiticatur
3642 3501 3801 3571 impius.

2259 3612 2313 3658 et
2345 3603 2398 3657 in
2428 3618 2535 3674 qua
2574 3601 2759 3672 justus
2787 3604 2941 3661 vivit.
2974 3605 3042 3660 Et
3080 3605 3184 3662 hoc
3230 3615 3321 3662 est
3363 3606 3566 3669 dicere,
3600 3599 3805 3668 auferetur

2257 3697 2322 3751 ab
2353 3713 2436 3761 eo,
2466 3711 2591 3752 cum
2618 3698 2668 3753 ei
2699 3713 2805 3752 non
2847 3699 3145 3768 imputatur
3179 3714 3331 3772 opus
3359 3697 3428 3755 ad
3453 3695 3713 3768 justitiam,
3738 3701 3803 3742 ne-

2257 3804 2364 3860 que
2393 3803 2604 3844 merces
2627 3787 2858 3858 iustitiae
2894 3790 2947 3845 in
2985 3790 3441 3849 retributionem.
3475 3787 3604 3846 Nam
3641 3793 3688 3840 et
3719 3792 3804 3837 cum

2261 3882 2415 3938 multi
2438 3883 2762 3940 naturaliter
2795 3884 3018 3941 multam
3045 3885 3298 3942 habeant
3325 3884 3616 3942 etlicaciam
3640 3876 3800 3937 mentis,

2257 3985 2312 4031 et
2347 3991 2576 4033 acumen
2609 3978 2894 4048 prudentis
2926 3977 3150 4050 ingenii,
3183 3980 3237 4034 si
3287 3978 3622 4051 negligenter
3657 3973 3803 4027 bonum

2260 4078 2468 4125 natum
2495 4084 2594 4140 per
2624 4070 2885 4126 desidiam
2927 4071 3311 4141 corruperint,
3354 4070 3586 4142 perdunt
3626 4063 3672 4120 hi
3709 4057 3802 4114 tales

2263 4161 2471 4233 1051
2517 4162 2718 4218 bonum
2769 4172 2976 4218 natura:
3019 4161 3344 4234 praemium,
3384 4158 3530 4233 quod
3569 4157 3642 4214 eis
3679 4150 3804 4207 luerat

2257 4256 2682 4326 repromissum,
2718 4265 2774 4310 et
2822 4255 3007 4311 vident
3051 4269 3464 4325 nonnunquam
3518 4246 3719 4306 transire
3757 4235 3804 4291 ad

2256 4347 2392 4403 alios
2443 4347 2537 4418 qui
2586 4346 2755 4404 multo
2807 4346 2995 4402 labore
3039 4356 3097 4403 et
3150 4347 3436 4404 industria
3492 4339 3805 4412 compensant.

2253 4441 2397 4513 quod
2449 4440 2631 4496 minus
2681 4440 2762 4496 eis
2818 4438 2998 4496 fuerat
3054 4453 3086 4494 a
3148 4449 3384 4496 natura.
3429 4437 3555 4493 Hace
3597 4422 3805 4488 sententia

2253 4532 2504 4606 quamvis
2530 4547 2639 4589 non
2675 4533 2811 4588 satis
2849 4532 2998 4588 clara
3029 4531 3317 4600 videatur,
3353 4547 3468 4604 quo
3511 4525 3658 4586 modo
3693 4514 3806 4575 tolla-

2251 4639 2340 4685 tur
2367 4627 2614 4702 quolibet
2638 4636 2802 4698 pacto
2831 4642 2862 4682 a
2890 4626 3034 4684 malo
3061 4641 3227 4684 servo
3259 4629 3534 4685 talentum
3567 4617 3691 4694 quod
3713 4627 3802 4685 per

2249 4730 2490 4793 ceperat,
2531 4719 2614 4776 vel
2654 4721 2930 4792 quomodo
2971 4720 3133 4775 detur
3172 4720 3346 4776 alteri
3389 4721 3484 4793 qui
3526 4717 3694 4773 decem
3720 4706 3806 4778 plus

2248 4815 2498 4871 minusve
2523 4814 2812 4880 habuerat,
2839 4823 2897 4867 ut
2923 4814 3122 4870 habeat
3147 4817 3327 4870 etiam
3361 4824 3422 4871 et
3457 4815 3559 4870 hoc
3585 4818 3725 4878 super
3743 4799 3804 4854 illa

2246 4922 2366 4978 quae
2400 4907 2749 4978 acquisierat,
2782 4914 2963 4961 tamen
2991 4905 3254 4976 possibile
3286 4917 3378 4963 est
3409 4905 3466 4962 in
3509 4906 3805 4960 remuneran-

2249 5001 2316 5054 tis
2350 4997 2548 5065 otiicio,
2599 5006 2659 5053 ut
2697 4999 2870 5069 possit
2909 4997 3114 5054 habens
3148 4998 3654 5070 imprarsentiarum
3681 4987 3807 5042 abun-

2246 5094 2400 5160 dare,
2423 5093 2550 5164 quia
2580 5091 2740 5148 facile
2765 5100 2851 5148 est
2873 5107 2973 5164 per
2999 5092 3420 5148 incrementum
3443 5103 3603 5164 posse
3631 5084 3808 5140 ditesce-

2245 5201 2303 5242 re
2343 5185 2556 5241 ﬁdelem
2597 5195 2655 5240 et
2688 5185 2889 5240 bonum
2922 5199 3161 5249 servum,
3190 5184 3285 5240 vel
3320 5201 3426 5256 per
3461 5181 3806 5239 incrementum

2243 5275 2650 5341 rnuniticeutite,
2691 5274 2779 5331 vel
2824 5290 2922 5347 per
2962 5274 3161 5330 laboris
3195 5275 3586 5346 opulentiam;
3617 5265 3699 5325 sed
3728 5273 3807 5316 ml“

2241 5369 2396 5424 video
2426 5366 2695 5437 quomodo
2731 5382 2762 5422 a
2802 5382 2910 5422 non
2944 5367 3208 5431 habente,
3245 5368 3346 5436 qui
3380 5365 3662 5421 videbatur
3683 5354 3808 5410 halle-

2244 5476 2319 5525 re,
2349 5457 2629 5515 auferetur
2665 5459 2734 5514 ab
2762 5474 2830 5516 eo
2863 5460 3008 5530 quod
3047 5475 3156 5515 non
3191 5459 3486 5525 habebat;
3516 5465 3680 5527 neque
3704 5458 3808 5518 ψιο·

2242 5552 2400 5607 modo
2426 5551 2586 5606 detur
2617 5550 2777 5606 alicui
2802 5551 2948 5622 quod
2990 5565 3096 5607 non
3137 5559 3250 5614 est,
3281 5551 3419 5622 quia
3450 5551 3505 5605 in
3539 5562 3602 5604 eo
3627 5539 3707 5613 qui
3735 5536 3809 5590 ha-

2238 5644 2354 5699 buit
2401 5643 2532 5698 illud
2573 5643 2909 5698 exinanitum
2950 5651 3054 5698 est.
3087 5641 3200 5698 Nisi
3250 5640 3404 5698 forte
3438 5642 3514 5698 ita
3555 5630 3813 5700 intelligen-

2239 5736 2364 5791 dum
2397 5736 2488 5801 sit,
2532 5735 2675 5806 quod
2705 5733 3364 5817 haberrtibusEvangelii
3403 5721 3810 5817 gratiam,etiar_n

2239 5829 2372 5900 legis
2415 5829 2590 5884 honor
2619 5845 2718 5900 pro
2755 5827 2859 5884 tide
2893 5807 3119 5895 Christi,
3151 5835 3204 5883 et
3240 5825 3410 5883 lucro
3446 5813 3713 5894 Evangelii
3740 5807 3813 5865 at
