4016 6354
165 368 262 426 857

941 369 1302 430 EXPOSITIO
1339 370 1404 426 IN
1445 366 1880 426 MATTHAZUM.
1922 395 1993 410 --
2030 367 2156 423 LlB.
2199 367 2478 436 XI,'CAP.
2525 370 2689 426 XXV.

3343 371 3448 428 8B8

164 485 341 553 datur;
372 496 430 542 et
459 485 590 541 hinc
611 484 787 539 inutili
815 499 991 551 ser-vo,
1026 501 1134 542 non
1158 486 1380 543 habenti
1404 486 1564 542 ﬁdem
1593 484 1748 541 Chri-
1774 486 1826 547 Α
1852 483 2108 539 tenebras
2136 485 2436 541 exteriores
2479 486 2736 542 mittitur.
2774 486 2911 555 Quia
2942 495 2997 542 et
3034 487 3165 560 ipsae
3193 490 3449 560 tenebrae,

161 578 246 642 sti,
276 590 457 648 neque
487 575 620 647 legis
651 576 932 647 mysteria,
961 591 1082 647 quae
1114 577 1397 633 videbatur
1422 576 1623 633 habere
1650 592 1746 630 au-

162 671 435 738 ferantur;
493 669 771 724 auferatur
819 677 875 724 et
924 668 1104 724 littera
1149 684 1268 740 quae
1313 669 1540 736 occidit,
1588 684 1751 739 quam

160 763 495 836 gloriabatur
523 778 582 819 se
618 763 853 828 habere;
895 761 1177 818 auferatur
1215 772 1270 818 et
1305 763 1480 818 honor
1515 762 1667 834 legis,
1697 770 1754 817 et

159 856 331 911 omnia
377 854 498 924 ejus
531 854 844 910 observatio
887 854 1286 925 superstitiosa.
1325 853 1592 911 Caeterum
1637 864 1748 909 tor-

159 948 414 1020 pentibus
444 949 497 1002 in
529 946 634 1002 ﬁde
663 945 868 1003 Christi
895 946 1221 1019 generaliter
1249 956 1304 1003 et
1333 945 1749 1018 negligentibus,

160 1040 429 1113 quomodo
447 1040 737 1096 conveniat
756 1040 873 1095 haec
895 1041 1184 1104 sententia,
1222 1039 1477 1111 quoniam
1507 1039 1606 1110 ipsi
1635 1055 1753 1094 om-

161 1148 254 1189 nes
287 1133 343 1188 in
386 1147 546 1188 servo
573 1131 680 1188 isto
703 1132 1070 1202 accipiuntur,
1107 1131 1432 1203 diligentiori
1463 1143 1548 1187 est
1575 1132 1753 1202 inqui-

161 1223 357 1280 sitione
393 1225 871 1294 perscrutandunt.
909 1221 1183 1277 Interdum
1226 1237 1356 1278 vero
1401 1221 1574 1278 fateor
1607 1222 1752 1292 quod

160 1327 350 1388 potens
375 1325 461 1373 est
496 1316 659 1382 Deus,
695 1324 749 1371 et
773 1313 964 1372 efﬁcax
992 1315 1110 1385 ejus
1145 1314 1422 1381 divinitas,
1454 1314 1751 1386 penetrabi-

163 1410 258 1466 fior
284 1411 429 1466 omni
461 1410 640 1481 gladio
677 1407 865 1481 (Hebr.
901 1424 976 1473 tv,
1015 1408 1128 1478 12),
1160 1407 1457 1479 praecidere
1482 1408 1550 1462 ab
1577 1421 1662 1471 eo,
1697 1415 1752 1462 et

165 1503 374 1562 auferre
423 1503 802 1560 sufﬁcientiam
841 1517 1004 1573 quam
1045 1501 1232 1567 habet,
1261 1516 1366 1571 qua
1406 1516 1464 1556 se
1508 1499 1749 1566 simulat,

168 1597 286 1652 dum
311 1596 582 1669 ignaviter
609 1595 743 1651 vivit
771 1602 827 1650 et
854 1602 1110 1650 versatur
1153 1593 1206 1648 in
1235 1591 1602 1664 voluptatibus
1625 1607 1749 1647 car-

165 1692 266 1757 nis,
289 1701 344 1746 et
377 1691 511 1746 dare
547 1690 781 1760 gratiam
830 1698 886 1745 et
933 1680 1253 1744 meritorum
1291 1686 1516 1758 praemia
1557 1686 1630 1751 ei,
1657 1685 1749 1756 qui

163 1785 316 1843 etiam
343 1793 402 1841 ut
423 1783 627 1840 Paulus
655 1793 711 1840 et
737 1782 892 1839 multi
930 1792 1241 1839 sanctorum
1279 1781 1564 1852 plusquam
1595 1794 1750 1835 acce-

1857 576 1959 632 nisi
1995 578 2236 634 exterius
2269 593 2298 633 a
2332 579 2445 634 Deo
2469 589 2674 646 essent,
2708 579 2894 652 utique
2919 579 3155 639 tenebrae
3181 597 3450 654 nusquam

1855 677 1911 724 et
1947 684 2223 740 nunquam
2255 679 2462 727 essent.

1925 760 2058 816 Cum
2082 774 2255 818 autem
2287 765 2478 819 venerit
2508 764 2652 834 ﬁlius
2683 765 2910 820 hominis
2941 766 2997 820 in
3026 767 3300 838 majestate
3328 785 3448 832 sna,

1854 866 1901 910 et
1929 872 2106 910 omnes
2129 855 2301 927 angeli
2326 874 2443 910 cum
2471 873 2552 922 eo,
2578 868 2699 911 tunc
2731 858 2925 912 sedebit
2957 874 3113 928 super
3134 859 3307 913 sedent
3337 876 3451 912 ma-

1845 949 2056 1018 jestatis
2093 967 2228 1015 sua’,
2255 960 2302 1004 et
2343 949 2799 1022 congregabantur
2823 961 2944 1005 ante
2972 968 3088 1005 eum
3119 968 3294 1006 omnes
3327 969 3451 1023 gen-

1855 1049 1948 1105 tes,
1981 1050 2087 1097 etc.
2122 1040 2246 1096 Haec
2285 1058 2520 1112 namque
2563 1041 2837 1113 parabola,
2871 1042 2973 1097 nisi
3002 1043 3316 1113 diligentius
3347 1060 3446 1098 ex-

1854 1149 2011 1189 cussa
2048 1133 2211 1190 fuerit
2237 1143 2292 1190 et
2322 1143 2675 1204 pertractata,
2700 1134 2916 1188 videtur
2933 1149 3056 1190 esse
3096 1133 3248 1189 valde
3279 1133 3449 1189 mani-

1854 1226 2012 1292 festa,
2047 1228 2275 1301 simplex
2322 1245 2538 1300 quoque
2569 1230 2795 1284 historia
2831 1238 2886 1284 et
2926 1239 3133 1300 aperta,
3165 1229 3320 1301 quasi
3349 1244 3451 1285 ex-

1853 1321 2080 1376 hortans
2106 1294 2358 1378 homines
2404 1294 2472 1378 ad
2515 1322 2778 1379 beneﬁcia
2811 1294 3163 1380 humanitatis
3183 1294 3453 1394 praestan-

1853 1414 1941 1476 da,
1964 1415 2031 1469 ad
2063 1415 2293 1470 dandam
2325 1415 2751 1488 eleemosynam,
2783 1425 2837 1471 et
2865 1416 2932 1472 ad
2963 1416 3294 1487 largiendam
3321 1431 3448 1488 gra-

1853 1503 2251 1562 tiam.0mnem
2285 1506 2734 1562 inhumanitatem
2762 1507 2814 1562 in
2845 1507 3032 1578 paucis
3055 1508 3448 1577 eondemnans,

1852 1605 1907 1651 et
1926 1611 2141 1653 omnem
2167 1599 2492 1668 parcitatem
2535 1599 2608 1668 pii
2638 1600 2823 1670 operis
2858 1599 3278 1670 reprehendens.
3311 1598 3452 1667 Qua-

1851 1697 2075 1759 propter
2099 1690 2221 1760 quia
2264 1705 2294 1743 a
2329 1689 2512 1744 multis
2540 1689 2769 1760 simplex
2795 1690 3009 1745 videtur
3039 1704 3160 1745 esse
3201 1689 3447 1756 historia,

1850 1787 1906 1833 et
1945 1794 1976 1833 a
2026 1779 2210 1835 multis
2252 1797 2364 1852 prae
2409 1782 2642 1846 cunctis,
2688 1790 2891 1852 quanto
2938 1781 3249 1847 terribilior,
3298 1789 3449 1836 tanto

160 1886 367 1948 perant,
399 1875 502 1932 sub
537 1873 724 1940 labore
765 1884 819 1930 et
861 1873 1150 1939 industria,
1182 1849 1324 1928 ultra
1353 1849 1746 1944 praeceptorum
1775 1849 1825 1910 Β
1851 1871 2137 1926 obscurior
2165 1913 2180 1938 ,
2240 1849 2485 1942 quarrere
2540 1849 2756 1943 oportet
2822 1873 2950 1943 quid
3011 1873 3063 1928 in
3132 1889 3190 1928 se
3261 1886 3447 1928 sacra-

164 1968 250 2026 Dei
297 1968 405 2024 sibi
457 1966 720 2022 attributa
762 1964 985 2031 talenta,
1021 1973 1500 2037 supercrogarunt,
1531 1965 1654 2034 quia
1691 1971 1747 2019 et

166 2061 261 2118 hoc
305 2059 483 2132 ipsum
530 2066 593 2114 ut
641 2057 887 2114 facerent
929 2058 1097 2128 gratis
1151 2067 1495 2128 acceperunt.
1538 2055 1746 2120 Tollite,

163 2153 351 2225 inquit,
377 2153 444 2208 ab
467 2170 529 2208 eo
555 2153 836 2216 talentum,
861 2149 911 2206 et
939 2151 1060 2205 date
1080 2151 1128 2205 ei
1155 2151 1246 2222 qui
1277 2149 1428 2204 habet
1454 2149 1628 2203 decem
1660 2157 1744 2202 ta-

160 2245 330 2312 lenta;
357 2254 417 2300 ut
441 2253 569 2316 puta
603 2243 762 2300 ﬁdem
791 2244 859 2299 ab
883 2242 1121 2298 habente
1147 2257 1308 2315 quam
1340 2242 1628 2298 videbatur
1654 2241 1748 2295 ha-

161 2338 308 2406 bere,
335 2339 429 2394 sed
456 2352 560 2394 non
590 2346 708 2392 erat
734 2335 892 2400 ﬁdes,
915 2335 1042 2406 quia
1070 2335 1181 2389 sine
1207 2333 1452 2404 operibus
1477 2330 1617 2404 (Jac.
1652 2347 1746 2397 xx,

162 2431 245 2506 26)
278 2441 494 2488 mortua
525 2440 644 2487 erat
672 2430 726 2485 in
756 2429 1071 2500 semetipso.
1102 2427 1232 2495 Qltfe
1256 2427 1511 2481 nimirum
1537 2424 1672 2480 ﬁdes
1693 2432 1748 2479 et

165 2525 327 2597 gratia
351 2525 475 2581 ﬁdei
501 2524 662 2580 datur
680 2523 926 2588 habenti,
945 2532 1000 2578 et
1021 2520 1318 2577 abundabit
1342 2518 1396 2574 in
1419 2518 1606 2574 eadem
1624 2516 1746 2572 ﬁdei

167 2619 354 2688 gratia,
383 2617 624 2689 quotidie
653 2614 950 2688 operando,
972 2623 1028 2670 et
1058 2613 1266 2669 ﬁrmior
1294 2612 1566 2668 invenitur
1597 2611 1650 2666 in
1684 2625 1749 2665 eo

166 2712 297 2783 quod
323 2711 510 2774 habet.
540 2718 702 2782 atque
732 2707 1117 2765 abundantior.
1153 2705 1420 2764 Similiter
1449 2713 1504 2761 et
1535 2705 1626 2775 qui
1652 2705 1748 2760 ha-

166 2806 340 2862 buerit
376 2822 408 2861 a
447 2815 661 2871 natura,
692 2813 752 2859 ut
788 2803 1057 2867 dixeram,
1092 2800 1386 2857 efﬁcaciam
1428 2799 1650 2865 mentis,
1695 2806 1752 2852 et

167 2900 457 2972 ingenium,
484 2915 607 2956 cum
639 2897 946 2955 exercuerit
971 2911 1097 2953 eum
1125 2895 1178 2950 in
1208 2893 1315 2950 ﬁde
1342 2893 1568 2958 Christi,
1599 2891 1750 2948 acci-

156 2993 232 3062 pit
255 2993 492 3063 idipsum
520 2991 825 3063 dupliciter,
857 3000 913 3046 et
950 3004 1018 3044 ex
1047 2987 1222 3060 gratia
1259 2986 1354 3042 Dei
1389 2985 1449 3040 ﬁt
1470 2985 1750 3040 abundan-

157 3087 267 3140 tior
312 3082 527 3155 1052
571 3091 628 3138 et
681 3082 898 3146 fortior,
951 3081 1005 3136 in
1045 3095 1111 3136 eo
1157 3080 1276 3150 ipso
1316 3078 1458 3149 quod
1495 3077 1747 3132 habebat.

157 3175 313 3244 Quod
345 3177 390 3230 si
422 3174 587 3230 fuerit
610 3175 733 3246 quis
760 3173 1032 3245 perfectus
1060 3173 1113 3228 in
1142 3186 1303 3228 sensu
1321 3170 1474 3242 juxta
1505 3169 1750 3226 Salomo-

159 3283 304 3330 uem,
333 3268 478 3322 inter
514 3266 654 3323 ﬁlios
698 3267 1001 3331 hominum,
1027 3264 1072 3320 si
1103 3263 1337 3320 abfuerit
1372 3263 1439 3319 ab
1479 3278 1545 3318 eo
1574 3262 1747 3334 gratia

163 3360 255 3416 Dei
296 3371 352 3416 et
389 3361 679 3431 sapientia,
713 3368 772 3414 ut
814 3359 1044 3414 nihilum
1092 3357 1452 3429 reputabitur.
1487 3355 1751 3411 Similiter

174 3461 221 3506 et
253 3450 321 3506 de
360 3453 505 3507 omni
559 3450 800 3520 ingenio,
827 3459 881 3504 et
918 3449 985 3504 de
1023 3459 1160 3512 arte,
1191 3456 1354 3517 atque
1384 3446 1580 3502 virtute
1610 3445 1752 3501 acci-

174 3542 419 3612 piendum
453 3552 556 3599 est.
590 3540 742 3598 Unde
776 3542 822 3598 si
862 3540 1110 3612 volumus
1155 3548 1399 3595 nostrum
1441 3554 1562 3595 esse
1608 3539 1752 3610 quod

174 3633 429 3689 habemus
453 3649 514 3691 ex
547 3634 681 3700 Deo,
714 3648 939 3705 agamus
965 3641 1024 3688 ut
1049 3634 1209 3688 detur
1239 3631 1395 3688 nobis
1429 3632 1602 3688 virtus
1629 3645 1751 3702 per-

173 3725 379 3793 fectior,
407 3737 457 3784 et
498 3728 740 3783 abundet
775 3727 829 3783 in
875 3725 1029 3782 nobis
1062 3725 1207 3797 quod
1249 3724 1525 3796 perfectus
1566 3732 1652 3780 est
1683 3738 1750 3778 ex

172 3821 337 3889 gratia
363 3821 478 3889 Dei,
507 3837 579 3877 ne
616 3823 755 3877 forte
804 3819 1085 3876 auferatur
1122 3835 1152 3875 a
1182 3821 1340 3876 nobis
1374 3829 1430 3875 et
1464 3820 1624 3875 detur
1667 3818 1748 3873 al-

175 3911 288 3972 teri.
331 3923 385 3968 et
433 3913 671 3985 accipiat
727 3912 884 3978 alius,
927 3913 1084 3984 juxta
1133 3911 1534 3986 Apocalypsim,
1572 3909 1750 3965 locum

174 4011 428 4070 nostrum,
452 4005 500 4060 si
545 4013 848 4074 permotum
889 4003 1054 4059 fuerit
1087 4004 1472 4060 candelabrum
1503 4013 1748 4059 nostrum

175 4095 377 4153 deloco
412 4113 532 4153 suo.
562 4097 767 4154 Idcirco
795 4112 892 4169 per
921 4096 1254 4168 diligentiam
1295 4097 1441 4152 omni
1489 4095 1747 4150 instantia

173 4204 403 4261 agamus,
437 4202 496 4248 ut
522 4201 578 4248 et
611 4191 666 4247 id
702 4202 887 4248 tenere
924 4192 1217 4264 possimus,
1251 4190 1394 4263 quod
1432 4191 1746 4262 accipimus,

173 4290 223 4334 et
250 4296 311 4336 ex
344 4297 407 4338 eo
441 4282 587 4338 aliud
634 4283 920 4354 acquirere
958 4298 1065 4354 quo
1109 4282 1466 4338 abundemus.
1498 4281 1747 4338 Inutilem

174 4381 336 4426 autem
378 4390 583 4428 servum
628 4373 870 4444 projicite
915 4374 972 4428 in
1008 4373 1248 4428 tenebras
1295 4373 1600 4439 exteriores,
1639 4371 1748 4427 illic

171 4462 264 4515 erit
302 4464 449 4534 ﬂetus
485 4473 538 4518 et
587 4464 785 4519 stn‘dor
811 4465 1064 4520 dentium.
1098 4463 1174 4520 De
1197 4479 1304 4536 qua
1339 4465 1606 4521 sententia
1638 4463 1747 4536 jam

171 4565 323 4621 supra
358 4553 623 4619 diximus;
669 4563 1045 4610 verumtamen
1093 4555 1219 4626 quia
1273 4554 1621 4612 formidolosa
1664 4563 1748 4612 est

169 4645 337 4714 valde,
361 4649 705 4722 cogitandum
742 4659 826 4706 cst
850 4650 980 4720 quid
1018 4650 1072 4705 in
1112 4665 1178 4706 co
1212 4649 1480 4721 culpatur,
1511 4652 1597 4706 cui
1638 4667 1744 4707 non

169 4739 358 4796 dicitur
395 4743 539 4816 quod
580 4743 705 4799 mali
735 4744 940 4814 aliquid
989 4743 1199 4810 fecerit,
1227 4744 1352 4802 licet
1389 4745 1560 4801 malus
1596 4747 1743 4801 dica-

169 4837 274 4898 tur,
296 4834 386 4889 sed
426 4837 554 4908 quia
603 4836 757 4908 piger
798 4845 852 4890 et
898 4835 1106 4891 inutilis
1153 4835 1271 4891 fuit.
1303 4836 1456 4891 Sicut
1492 4843 1545 4892 et
1582 4853 1742 4908 supra

169 4927 397 5000 quinque
432 4930 675 5004 virgines
722 4929 904 4997 fatum,
950 4944 1055 4984 non
1095 4931 1165 4985 ob
1201 4929 1345 4984 aliud
1389 4928 1743 4999 repelluntur,

171 5017 274 5073 nisi
309 5023 428 5092 quia
470 5023 650 5079 oleum
693 5037 875 5078 secum
927 5037 1032 5078 non
1074 5021 1334 5077 tulerunt.
1375 5020 1507 5076 Nam
1548 5030 1603 5077 et
1642 5022 1744 5078 iste

169 5123 350 5168 servus
385 5113 504 5169 ideo
534 5112 740 5168 inutilis
767 5121 1011 5179 vocatur,
1042 5113 1167 5183 quia
1196 5113 1262 5168 de
1293 5111 1496 5168 talento
1534 5112 1742 5168 lucrum

168 5217 273 5258 non
299 5205 488 5262 obtulit
515 5207 737 5262 domino
781 5220 900 5270 suo,
932 5205 1075 5276 quod
1114 5214 1281 5261 totum
1329 5204 1381 5260 in
1417 5205 1660 5271 sudario,
1694 5204 1746 5260 id

165 5305 247 5350 est
290 5297 340 5352 in
385 5314 549 5355 carne
595 5299 854 5370 reposuit.
885 5297 952 5352 Et
982 5296 1104 5352 ideo
1143 5313 1173 5352 a
1214 5297 1513 5352 tortoribus
1549 5297 1747 5352 missus

165 5398 247 5443 est
283 5392 335 5447 in
373 5393 611 5448 tenebras
639 5393 942 5453 exteriores,
971 5389 1224 5462 quoniam
1251 5398 1306 5445 et
1341 5390 1455 5460 ipse
1483 5387 1663 5444 lumen
1692 5388 1745 5443 in

165 5492 222 5532 se
270 5483 424 5538 Deum
473 5499 580 5539 non
621 5483 855 5539 habuit:
887 5483 1028 5538 Deus
1057 5491 1240 5537 autem
1273 5480 1452 5535 lumen
1481 5489 1744 5534 internum

164 5583 275 5640 est;
299 5587 353 5632 et
381 5578 508 5649 quia
534 5576 606 5632 ab
631 5592 697 5633 eo
727 5592 834 5639 non
874 5575 1229 5642 illuminatur,
1259 5584 1413 5630 extra
1441 5574 1614 5646 ipsum
1641 5581 1745 5639 est,

163 5680 271 5724 non
306 5669 552 5727 localiter
592 5672 834 5743 quidem,
873 5669 968 5726 sed
1005 5669 1332 5742 poenaliter;
1383 5685 1508 5724 nam
1544 5669 1598 5723 in
1639 5666 1749 5722 Deo

165 5765 396 5821 tenebrae
418 5781 526 5822 non
554 5773 681 5822 sunt
705 5764 846 5828 ullae,
882 5763 1137 5834 quoniam
1178 5762 1292 5834 ipse
1333 5769 1476 5816 totus
1510 5758 1600 5814 lux
1642 5767 1746 5815 est.

167 5849 230 5908 Et
260 5854 376 5912 ideo
409 5857 496 5914 hic
533 5857 706 5912 malus
747 5869 954 5919 servus,
988 5869 1110 5909 cum
1142 5853 1210 5908 ab
1255 5868 1319 5907 eo
1367 5850 1660 5922 repellitur,
1694 5850 1748 5906 in

1849 1975 2157 2022 mentorum
2192 1966 2404 2038 1053
2428 1966 2625 2022 haheat
2649 1965 3026 2022 difﬁcultatis?
3056 1965 3287 2020 Maxime
3315 1981 3445 2033 pro-
3520 1981 3533 1997 ι

1849 2070 1971 2131 pter
1998 2075 2093 2115 eos
2119 2061 2208 2131 qui
2234 2059 2370 2115 nihil
2400 2059 2545 2114 aliud
2581 2060 2632 2114 in
2680 2060 2783 2115 hoc
2837 2073 3089 2114 sermone
3135 2059 3452 2114 existimant
3501 2084 3508 2091 -

1849 2151 2224 2220 quaerendum,
2279 2165 2440 2220 quam
2487 2150 2923 2206 exhortationem
2973 2149 3347 2214 humanitatis,
3396 2156 3454 2207 et

1848 2242 2114 2314 largitatis
2140 2243 2392 2314 gratiam.
2429 2241 2583 2298 Sicut
2609 2251 2666 2298 et
2695 2243 2748 2298 in
2777 2242 3034 2314 parabola
3084 2259 3246 2314 quam
3290 2242 3450 2300 modo

1851 2335 2228 2402 tractavimus,
2258 2334 2390 2390 nihil
2422 2335 2567 2390 aliud
2589 2350 2752 2406 quam
2777 2335 3240 2406 dispensationem
3276 2333 3449 2400 verbi,

1850 2437 1904 2484 et
1935 2428 2197 2484 talentum
2245 2427 2668 2499 praedicationis.
2722 2427 2858 2483 Nam
2904 2427 3048 2498 quod
3098 2428 3164 2483 de
3217 2427 3448 2482 adventu

1851 2521 2146 2577 novissimo
2178 2520 2451 2592 loquatur,
2493 2535 2653 2577 nemo
2684 2521 2776 2591 qui
2813 2519 3073 2591 ambigat.
3107 2518 3335 2586 Quando
3389 2517 3453 2572 ﬁ-

1853 2613 1956 2669 lius
1985 2612 2240 2677 hominis,
2273 2613 2364 2684 qui
2387 2622 2442 2667 et
2467 2613 2636 2668 Filius
2664 2612 2780 2675 Dei,
2823 2612 2916 2682 qui
2946 2620 3256 2681 assumptus
3286 2618 3368 2666 est
3396 2609 3450 2664 in

1853 2706 2078 2775 gloriam
2104 2703 2283 2761 Patris
2310 2720 2417 2776 quo
2448 2705 2600 2776 prius
2625 2714 2680 2760 et
2705 2719 2921 2775 semper
2948 2712 3088 2768 erat,
3142 2710 3450 2758 revertetur

1854 2798 1960 2853 huc
1980 2797 2060 2852 sic
2081 2797 2352 2868 quomodo
2402 2798 2554 2863 abiit,
2613 2797 2680 2852 ad
2722 2795 3008 2865 judicium,
3055 2795 3110 2852 in
3160 2795 3339 2866 specie
3397 2802 3454 2850 et

1854 2892 2258 2963 pulchritudine
2288 2907 2414 2958 sua;
2451 2892 2525 2947 ita
2562 2901 2622 2946 ut
2649 2905 2848 2963 corpus
2872 2890 2989 2960 ejus
3019 2889 3111 2956 sit,
3171 2898 3225 2944 et
3281 2902 3450 2959 appa-

1856 2991 1973 3038 reat
1994 2982 2046 3038 in
2079 2983 2327 3038 claritate
2350 2982 2770 3053 incorruptionis
2789 2990 3025 3037 aeternae.
3051 2979 3166 3035 Non
3194 2977 3456 3034 transfor-

1855 3082 2035 3128 matus
2065 3082 2270 3128 tantum
2303 3090 2485 3134 coram
2512 3074 2682 3129 tribus
2701 3073 2996 3143 discipulis,
3022 3073 3165 3128 sicut
3194 3073 3247 3127 in
3269 3081 3456 3126 monte

1855 3177 2190 3225 monstratus
2218 3180 2326 3233 est,
2362 3169 2456 3223 sed
2482 3167 2815 3240 gloriﬁcatus
2838 3168 2890 3222 in
2924 3167 3096 3238 gloria
3122 3166 3218 3222 Dei
3275 3165 3454 3220 Patris

1857 3274 2040 3315 coram
2063 3260 2332 3315 universis
2360 3261 2612 3329 gentibus
2633 3260 2976 3331 congregatis
3001 3267 3126 3314 ante
3166 3273 3287 3314 eum
3335 3257 3452 3326 jam

1855 3368 1953 3423 per
1972 3351 2428 3408 resurrectionem
2463 3351 2668 3418 carnis,
2708 3351 2922 3421 quando
2972 3351 3273 3421 apparebit,
3324 3349 3452 3421 quia

1848 3444 2127 3515 judicatus
2153 3453 2237 3500 est
2267 3444 2319 3499 in
2345 3443 2567 3510 mundo,
2600 3451 2660 3498 ut
2681 3441 2890 3511 judicet
2916 3451 2971 3498 et
3001 3443 3114 3512 ipse
3165 3442 3451 3498 mundum.

1855 3536 1924 3592 Et
1961 3535 2168 3592 sedebit
2188 3536 2351 3607 judex
2375 3549 2539 3605 super
2558 3534 2740 3590 sedem
2765 3532 3066 3601 majestatis
3088 3548 3220 3598 suae,
3242 3542 3297 3588 et
3325 3541 3456 3589 tunc

1855 3627 2163 3699 segregabit
2195 3642 2324 3681 oves
2354 3624 2422 3680 ab
2451 3625 2641 3689 hie-lis,
2673 3624 2729 3678 id
2758 3636 2842 3679 est
2873 3623 3045 3678 bonos
3072 3638 3102 3677 a
3131 3621 3309 3677 malis.
3358 3622 3452 3677 At-

1858 3720 2016 3774 tende
2043 3717 2158 3784 tibi,
2190 3718 2380 3782 lector,
2411 3732 2605 3772 omnes
2639 3725 2786 3772 retro
2832 3714 3144 3788 parabolas,
3198 3722 3250 3768 et
3297 3712 3451 3770 intel-

1854 3811 1958 3882 lige
1980 3826 2144 3882 quam
2167 3811 2395 3881 mystice
2423 3817 2551 3865 sunt
2592 3807 2835 3880 prolatae.
2899 3807 3034 3863 Nam
3081 3817 3227 3864 retro
3277 3804 3452 3878 angeli

1846 3901 1959 3972 jam
1987 3903 2252 3958 zizaniam
2281 3902 2593 3958 universam
2624 3901 2982 3973 collegerunt,
3014 3910 3070 3956 et
3131 3915 3452 3972 segregave-

1853 4004 1980 4050 runt
2005 4010 2036 4048 a
2062 3993 2264 4049 tritico.
2292 3991 2411 4048 Jam
2440 3993 2617 4063 pisces
2645 3992 2772 4050 boni
2795 3991 3007 4050 collecti
3039 4001 3167 4049 sunt
3197 3995 3249 4047 in
3281 3993 3445 4059 vasis,

1853 4085 2025 4140 malos
2049 4083 2195 4140 foras
2222 4081 2505 4140 miserunt.
2549 4081 2670 4139 Jam
2721 4083 2960 4156 virgines
3013 4083 3174 4139 fatuae
3223 4084 3452 4155 repulsa:

1852 4186 1999 4234 sunt.
2023 4174 2143 4233 Jam
2170 4191 2359 4233 servus
2386 4175 2591 4232 inutilis
2617 4186 2672 4232 et
2694 4175 2871 4232 malus
2895 4176 3092 4231 missus
3118 4176 3171 4231 in
3198 4177 3454 4232 tenebras

1852 4271 2175 4336 exteriores,
2209 4284 2305 4325 seu
2328 4277 2524 4325 uetera
2553 4285 2674 4340 quae
2701 4267 2920 4339 longum
2972 4275 3058 4323 est
3108 4282 3448 4325 enumerare.

1850 4361 1920 4419 Et
1937 4363 2068 4435 quid
2096 4371 2180 4418 est
2201 4361 2344 4433 quod
2371 4376 2516 4417 nunc
2538 4360 2606 4416 ad
2632 4369 2935 4416 extremum
2964 4360 3078 4432 ipse
3104 4375 3200 4431 per
3217 4375 3296 4426 se,
3320 4375 3386 4417 ac
3403 4361 3450 4418 si

1845 4456 2030 4530 judex,
2066 4457 2120 4512 in
2147 4458 2276 4512 sede
2305 4454 2605 4526 majestatis
2630 4470 2740 4510 suae
2762 4455 3143 4520 introducitur,
3197 4465 3253 4512 et
3295 4454 3454 4514 collo-

1851 4561 2047 4606 cantur
2077 4559 2203 4606 ante
2230 4563 2354 4605 cum
2379 4563 2570 4604 omnes
2598 4558 2810 4620 gentes,
2837 4564 2973 4620 quas
3003 4550 3118 4620 ipse
3142 4565 3241 4622 per
3287 4566 3346 4607 se
3372 4552 3454 4608 di-

1843 4642 2072 4712 judicat,
2101 4652 2156 4698 et
2180 4649 2428 4715 segregat
2453 4656 2516 4696 ac
2555 4641 2599 4697 si
2623 4650 2830 4713 pastor,
2883 4650 2939 4698 et
2963 4641 3152 4697 dividit
3206 4659 3337 4702 oves
3385 4647 3454 4701 ab

1851 4734 2062 4790 laedis?
2092 4733 2210 4804 lpse
2239 4747 2476 4803 namque
2514 4739 2599 4787 est
2633 4741 2820 4803 pastor
2850 4733 3042 4799 bonus,
3083 4733 3174 4804 qui
3207 4735 3281 4788 ait
3312 4754 3325 4790 :
3353 4735 3451 4791 Ca-

1848 4843 2033 4898 gnosce
2058 4842 2225 4893 meas,
2248 4834 2297 4880 et
2319 4834 2640 4897 cognoscunt
2671 4841 2752 4880 me
2779 4841 2907 4881 mea:
2931 4824 3114 4898 (Joan.
3139 4840 3196 4892 ι,
3231 4826 3343 4899 14).
3388 4827 3454 4884 Et

1850 4921 1994 4991 ipsas
2019 4935 2154 4990 quas
2185 4920 2299 4991 ipse
2328 4933 2426 4990 per
2446 4934 2506 4974 se
2541 4933 2669 4974 suas
2711 4933 2834 4974 esse
2887 4919 3202 4990 cognoverit
3249 4928 3454 4976 statuet

1851 5017 1904 5069 in
1934 5013 2161 5078 dextris,
2186 5012 2426 5082 reliquas
2452 5026 2582 5067 vero
2602 5025 2794 5066 omnes
2823 5011 2966 5066 inter
2993 5011 3177 5070 haedos
3207 5013 3261 5068 in
3323 5013 3456 5069 sini-

1853 5105 1981 5162 stris
2009 5105 2350 5176 reprobando
2377 5103 2430 5158 in
2454 5101 2686 5173 judicio,
2711 5103 3009 5175 deputabit.
3034 5103 3102 5159 Et
3128 5104 3248 5159 ideo
3275 5104 3327 5159 in
3353 5105 3455 5163 hoc

1854 5198 2146 5255 novissimo
2169 5198 2439 5264 examine,
2472 5206 2524 5253 et
2554 5198 2608 5252 in
2639 5197 2742 5252 hac
2771 5196 2960 5253 ultima
3007 5198 3247 5253 omnium
3296 5213 3457 5269 para.

1855 5292 2116 5356 bolarum,
2148 5307 2254 5348 non
2285 5291 2448 5346 aliam
2494 5305 2660 5362 quam
2713 5289 2953 5360 seipsum
2987 5289 3284 5344 introducit
3328 5304 3453 5360 per-

1854 5401 2065 5451 sonam,
2087 5392 2150 5438 ut
2177 5390 2515 5439 monstraret
2547 5383 2786 5452 seipsum
2821 5380 2915 5451 qui
2939 5395 3039 5451 pro
3065 5377 3319 5435 omnibus
3365 5378 3456 5448 ju-

1853 5478 2118 5534 dicandus
2144 5485 2285 5543 erat,
2316 5490 2479 5546 quam
2528 5482 2740 5544 potens,
2795 5486 2958 5542 quam
3012 5472 3283 5528 discretus
3342 5473 3455 5544 ipse

1853 5587 1953 5643 per
1976 5586 2034 5627 se
2064 5567 2621 5638 rursusjudicaturus
2668 5565 2941 5622 adveniet.
3008 5564 3164 5623 Unde
3203 5573 3260 5621 et
3313 5563 3456 5621 hanc

1854 5662 2168 5735 parabolam
2221 5660 2468 5716 ultimam
2521 5658 2849 5731 proposuit,
2897 5668 2958 5714 ut
3006 5658 3261 5715 continua
3313 5666 3457 5714 esset

1855 5757 2093 5829 passioni
2124 5755 2270 5825 ejus;
2313 5763 2373 5809 ut
2405 5767 2595 5809 omnes
2617 5752 2779 5808 simul
2809 5753 2924 5808 haec
2959 5753 3066 5809 duo
3113 5753 3456 5810 intenderent

1851 5849 2076 5918 judicia.
2102 5847 2273 5914 Quam
2294 5843 2439 5914 juste
2461 5853 2515 5900 et
2544 5859 2708 5917 quam
2750 5844 2932 5928 debite
2960 5845 3077 5916 ipse
3129 5854 3320 5918 potens
3356 5842 3453 5898 ad-
