4016 6354
635 363 740 420 859

1449 356 1506 412 S.
1547 352 1903 414 PASCHASII
1945 351 2292 410 RADBERTI
2329 352 2625 409 ABBATlS
2662 349 3110 409 C6llBElENSlS

3704 374 3775 428 tibi)

640 479 817 535 veniet
838 474 983 533 ﬁlius
1010 472 1245 532 hominis
1290 476 1356 532 ad
1394 474 1683 546 judicium,
1729 476 1958 548 qui_tam
2010 473 2230 531 humilis
2255 479 2307 540 Α
2334 473 2495 529 minis
2522 474 2710 530 sedere
2733 472 2964 541 dicatur,
2991 489 3100 529 non
3123 477 3385 547 corporale
3426 481 3599 553 aliquod
3636 491 3780 548 sumet.

637 578 859 641 tamque
882 567 1170 640 despectus
1197 567 1470 639 judicatus
1497 577 1581 623 est
1605 567 1804 639 injuste
1830 583 1928 638 pro
1954 566 2226 623 omnibus.

641 665 705 721 Et
731 665 858 736 quia
910 678 1008 735 pro
1064 662 1313 717 omnibus
1360 661 1656 717 indebitam
1709 668 1939 716 mortem
1991 658 2229 730 pertulit,

642 754 858 829 105‘.
887 750 1136 827 poicnier
1174 754 1427 818 insinuat,
1462 755 1587 824 quia
1624 754 1819 808 voluit.
1876 751 1944 809 Et
1998 753 2235 809 ostendit

638 863 699 906 se
729 860 908 920 regem
944 862 1068 901 esse
1095 844 1151 901 et
1170 844 1407 915 judicem
1438 847 1681 901 omnium
1712 845 2060 912 saeculorum,
2085 852 2237 900 ante-

640 957 803 1012 quam
832 940 1305 1014 congregabuntar
1329 953 1517 992 omnes
1532 947 1740 1009 gentes,
1764 945 1824 992 at
1845 937 2158 1008 judicentur
2171 938 2236 993 de

639 1034 911 1089 universis
937 1048 1035 1103 pro
1061 1031 1255 1102 quibus
1283 1039 1437 1085 tanta
1463 1030 1578 1103 ipse
1606 1032 1884 1087 sustinuit.
1944 1030 2049 1086 Sed
2093 1046 2237 1102 qua:-

642 1125 871 1182 rendum
900 1137 1079 1180 utrum
1109 1139 1301 1178 omnes
1331 1133 1539 1195 gentes,
1569 1140 1688 1193 qua:
1716 1122 1933 1178 fuerunt
1956 1123 2009 1177 in
2055 1122 2232 1177 muni-

642 1216 742 1273 bus
777 1216 958 1272 saeculi
989 1214 1454 1285 generationibus;
1485 1222 1579 1269 aut
1608 1215 1711 1269 illm
1738 1222 1966 1278 tantum,
2011 1229 2131 1284 quae
2180 1213 2234 1268 in

640 1302 1110 1363 consummatione
1139 1305 1319 1361 surculi
1363 1305 1564 1361 fuerint
1590 1308 1770 1362 adhuc
1811 1306 1863 1361 in
1896 1322 2091 1372 carne;
2146 1313 2238 1361 aut

641 1400 745 1456 illm
784 1406 992 1454 tantum
1029 1410 1149 1469 qure
1176 1398 1529 1453 crediderunt
1556 1398 1849 1470 Evangelio
1898 1397 2128 1462 Christi,
2181 1405 2237 1452 et

640 1506 706 1547 ex
738 1493 869 1563 ipsis
890 1488 1142 1547 omnibus
1168 1491 1595 1562 segregabantar
1624 1507 1752 1547 oves
1779 1490 1847 1546 ab
1873 1491 2061 1546 laedis.
2100 1490 2237 1558 Quia

641 1585 781 1640 sicut
810 1585 1026 1639 canitur
1051 1584 1103 1638 in
1127 1580 1341 1638 Psalmo
1372 1599 1386 1637 :
1428 1580 1586 1653 [mpii
1616 1599 1720 1637 non
1752 1592 2019 1653 resurgant
2049 1581 2102 1636 in
2140 1581 2236 1651 ju-

640 1678 777 1730 dicio
805 1674 978 1747 (Psal.
1010 1692 1046 1731 ι.
1066 1675 1156 1745 5);
1185 1676 1276 1730 sed
1295 1686 1349 1729 et
1372 1674 1438 1729 de
1464 1675 1593 1746 ipsis
1615 1676 1707 1745 qui
1739 1675 1898 1730 fidem
1922 1674 2124 1730 Christi
2148 1688 2236 1730 re-

641 1767 940 1837 ceperunt?
992 1768 1265 1836 Quantum
1293 1767 1359 1821 ad
1387 1767 1688 1836 simplicem
1746 1776 1949 1822 textam
2001 1768 2239 1838 pertinet

2332 568 2460 623 lium
2490 568 2561 624 ibi
2585 569 2711 633 erit,
2741 568 2998 639 quoniam
3022 576 3077 624 et
3105 570 3279 626 throni
3307 574 3447 643 positi
3465 576 3511 631 in
3552 596 3605 635 eo
3635 581 3781 652 judicio

2334 660 2602 731 legantur,
2639 668 2694 715 et
2720 659 2844 714 libri
2871 659 3046 731 aperti
3080 675 3109 714 a
3139 659 3343 717 Daniele
3360 673 3783 746 eernuntur.luqui-

2334 753 2433 807 bus
2461 751 2717 806 nimirum
2743 751 2914 817 libris,
2952 752 3136 806 omnia
3159 761 3305 823 gesta
3330 756 3595 813 mortalium
3617 768 3786 821 conseri.
3874 766 3881 775 '

2335 851 2425 914 pta
2450 849 2722 906 tenentur,
2755 852 2810 895 et
2839 857 3026 896 eorum
3054 842 3289 897 omnium
3310 845 3506 900 nomina
3537 849 3612 918 qui
3650 851 3690 905 in
3724 855 3785 910 ha-

2330 937 2532 1007 ptismo
2571 936 2637 990 ad
2664 936 2912 992 militiam
2944 935 3148 992 Christi
3179 939 3440 1007 dederunt,
3472 957 3525 995 ea
3555 945 3790 1016 recitantur,

2335 1039 2389 1085 et
2426 1031 2657 1100 qualiter
2687 1030 2738 1086 in
2772 1047 2943 1103 agone
2966 1033 3332 1095 deeertarant.
3370 1049 3429 1089 ac
3462 1035 3503 1089 si
3527 1035 3571 1090 in
3595 1038 3792 1095 annalibus

2337 1123 2532 1177 summi
2560 1122 2740 1193 Regis,
2773 1123 3023 1179 universa
3056 1132 3321 1179 tenentur.
3371 1123 3511 1181 Unde
3544 1137 3592 1182 et
3621 1130 3663 1183 in
3703 1129 3796 1200 Apo-

2336 1212 2540 1285 calypsi
2580 1213 2827 1286 legimus,
2852 1216 2995 1286 quod
3025 1217 3078 1270 in
3111 1216 3301 1272 throno
3324 1216 3459 1270 visus
3477 1227 3547 1272 est
3570 1220 3711 1274 sedere
3742 1237 3795 1275 se-

2338 1303 2491 1367 dens,
2545 1314 2592 1357 et
2642 1304 2695 1358 in
2751 1304 2971 1359 circuitu
3031 1306 3191 1371 sedis,
3237 1305 3413 1360 sedilia
3459 1308 3611 1375 viginti
3647 1320 3799 1378 quatuor

2340 1396 2522 1467 (Apoc.
2554 1413 2628 1463 tv,
2659 1396 2718 1465 4)
2751 1396 2943 1468 posita,
2973 1397 3061 1452 ubi
3111 1412 3235 1452 cum
3283 1398 3590 1452 senatoribus
3626 1401 3709 1453 suis
3740 1416 3798 1454 rex

2339 1485 2681 1555 aliiudicium
2717 1486 2939 1542 veniens
2966 1486 3193 1544 sedebit.
3227 1487 3424 1543 Idcirco
3451 1488 3650 1558 quivult
3685 1491 3804 1543 omnia

2339 1570 2453 1636 haec
2484 1581 2767 1653 diligenter
2797 1582 3118 1654 intelligere,
3148 1599 3363 1638 necesse
3387 1595 3464 1638 est
3503 1584 3625 1654 (quia
3663 1586 3803 1654 spirita-

2338 1673 2407 1728 lia
2440 1676 2586 1743 sunt)
2625 1688 2682 1731 ut
2711 1673 2947 1746 Spiritus
2995 1676 3168 1731 sancti
3220 1678 3386 1745 gratia
3421 1677 3681 1745 repleatur;
3725 1678 3803 1747 quia

2342 1783 2499 1822 netno
2554 1768 2879 1839 spiritaalia,
2936 1766 3038 1821 nisi
3092 1766 3145 1822 in
3205 1769 3391 1840 spiritu
3440 1770 3584 1839 capit.
3636 1768 3807 1839 Legimus

639 1861 988 1923 narrationis,
1026 1860 1332 1929 ambiguam
1365 1859 1577 1914 videtur
1606 1866 1786 1913 utrum
1840 1859 1908 1913 de
1962 1859 2234 1924 ontnibus,
2270 1839 2316 1900 Β
2343 1878 2575 1935 namque
2627 1866 2848 1920 thronos
2883 1874 2938 1921 et
2983 1865 3380 1921 dominationes
3430 1864 3694 1938 angelorum
3738 1878 3813 1919 esse

643 1967 713 2004 an
744 1967 848 2004 non
889 1950 954 2004 de
991 1950 1245 2005 omnibus
1300 1949 1473 2013 dicat;
1522 1948 1824 2019 przcsertim
1868 1964 1992 2003 cunt
2036 1948 2090 2003 in
2155 1948 2240 2004 his

640 2043 734 2113 qui
771 2060 799 2095 a
823 2042 1029 2097 dextris
1054 2051 1233 2106 erant,
1264 2041 1410 2095 nulla
1442 2042 1545 2097 alia
1572 2056 1736 2096 causa
1770 2041 2037 2106 laudatur,
2066 2057 2241 2113 neque

642 2134 713 2189 ob
734 2133 879 2187 aliud
910 2133 963 2188 in
1021 2144 1383 2204 praeparatum
1435 2133 1564 2188 olim
1618 2144 1840 2203 regnant
1889 2134 2237 2190 introducun-

642 2234 751 2290 tur,
788 2227 890 2281 nisi
922 2235 1143 2298 propter
1167 2227 1336 2282 solum
1367 2227 1720 2282 humanitatis
1743 2227 1990 2299 gratiam.
2016 2236 2070 2284 et
2096 2229 2239 2285 elee-

641 2335 988 2392 tnosynaram
1040 2318 1367 2391 largitatem.
1420 2318 1602 2389 Neque
1640 2320 1691 2373 in
1738 2320 1822 2374 his
1877 2320 1967 2389 qui
2028 2336 2058 2374 a
2108 2320 2240 2374 sini-

641 2414 772 2469 stris
802 2412 1088 2468 eruntaiia
1128 2413 1421 2467 damnatur
1456 2427 1643 2475 causa,
1697 2420 1752 2466 et
1806 2412 2135 2483 deputantur
2184 2412 2237 2467 in

639 2510 844 2583 ignem,
875 2510 975 2564 nisi
1008 2517 1232 2579 pr0ptcr
1259 2507 1731 2571 inhumanitatem,
1760 2515 1816 2561 et
1844 2507 1969 2577 quia
1996 2505 2238 2561 membra

637 2602 842 2659 Christi
867 2616 972 2657 non
1002 2600 1114 2655 suis
1146 2597 1461 2654 refoverunt
1488 2598 1790 2654 beneﬁciis.
1817 2599 1956 2666 Quid
1986 2614 2136 2669 ergo,
2191 2599 2235 2652 si

640 2695 732 2765 qui
759 2694 978 2749 humani
1007 2691 1249 2757 fuerunt,
1280 2700 1336 2747 et
1360 2692 1493 2764 largi
1528 2692 1580 2747 in
1612 2692 1727 2748 suis
1774 2693 1978 2747 habitis
2025 2693 2186 2747 rebus
2215 2693 2238 2746 ἲ

639 2786 895 2858 Nunquid
921 2784 964 2841 si
997 2787 1140 2840 circa
1171 2786 1410 2855 reliquas
1449 2785 1699 2848 virtutes,
1745 2784 2077 2856 negligentes
2119 2782 2237 2839 fne-

641 2887 791 2943 runt,
822 2889 912 2932 aut
943 2877 1083 2933 forte
1111 2877 1338 2932 crimina
1363 2877 1778 2942 commiserunt,
1806 2877 1924 2933 inec
1953 2876 2077 2933 talia
2111 2892 2236 2930 mox

642 2978 1046 3039 consequentur
1079 2967 1385 3038 promissa?
1413 2967 1517 3021 Aut
1543 2967 1616 3023 llli
1646 2969 1785 3024 forte
1823 2970 1914 3039 qui
1971 2986 2076 3025 non
2122 2968 2237 3024 fue-

641 3072 770 3117 runt
801 3060 1106 3131 hujusmodi
1135 3059 1328 3116 ciliciis
1371 3061 1563 3128 dediti,
1620 3063 1665 3117 si
1716 3063 1849 3119 alias
1898 3070 1953 3119 et
2007 3063 2240 3134 tnajores

642 3148 984 3223 impleverim
1038 3150 1302 3217 virtutes,
1360 3151 1602 3221 nunquid
1654 3153 1911 3208 continuo
1958 3154 2231 3210 maledicti

2341 1960 2574 2031 agmina.
2610 1958 2863 2031 Legimus
2892 1969 2946 2014 et
2967 1959 3268 2014 Ecclesium
3306 1957 3519 2024 Christi,
3566 1958 3707 2012 sedem
3738 1972 3811 2012 ma-

2335 2050 2548 2120 jestatis
2575 2051 2694 2118 ejus
2721 2051 2923 2106 vocari.
2952 2050 3255 2122 Propterea
3275 2061 3367 2105 aut
3394 2050 3487 2121 ipsi
3532 2048 3675 2121 angeli
3714 2048 3814 2102 sedes

2340 2147 2443 2202 hoc
2477 2149 2595 2202 loco
2624 2149 2896 2211 dicuntur,
2924 2149 3121 2218 quibus
3147 2147 3435 2218 prmsidere
3457 2145 3604 2199 filium
3644 2142 3812 2201 hominis.

2340 2256 2499 2295 nemo
2526 2240 2760 2294 fideliam
2787 2237 3009 2310 ambigit
3041 2258 3053 2292 :
3080 2248 3171 2293 aut
3201 2248 3349 2294 certe
3367 2236 3676 2308 perfectiores
3690 2234 3817 2295 unca,

2340 2335 2405 2389 de
2432 2335 2629 2406 quibus
2657 2335 2709 2389 in
2740 2333 2956 2388 Psalmo
2983 2333 3224 2389 canitur.
3252 2332 3388 2399 Quia
3409 2331 3510 2385 illic
3548 2329 3739 2383 sederant
3767 2342 3816 2378 tc-

2339 2428 2429 2480 des
2452 2427 2503 2480 in
2518 2426 2750 2495 judicio,
2773 2425 2920 2479 sedes
2943 2442 3099 2495 super
3118 2424 3337 2478 danaum
3375 2420 3529 2475 David
3573 2418 3712 2490 (Psal.
3728 2432 3821 2472 (ιιι.

2338 2518 2415 2583 5).
2450 2517 2593 2585 Ergo
2615 2533 2711 2571 rex
2740 2516 3080 2580 surculorum,
3134 2514 3284 2569 Deus
3318 2513 3553 2578 Verbum,
3597 2511 3709 2580 quod
3746 2523 3823 2561 caro

2341 2609 2535 2679 factum
2561 2621 2632 2663 est
2658 2607 2840 2679 (Joan.
2874 2625 2914 2673 ι,
2940 2608 3053 2671 is),
3106 2606 3256 2662 filius
3295 2605 3541 2669 hominis,
3578 2600 3741 2659 sedebit
3771 2614 3826 2653 su-

2339 2715 2435 2771 per
2465 2699 2771 2769 hujnsmodi
2800 2698 2980 2753 sedem
3028 2697 3237 2768 gloriae,
3282 2713 3401 2751 eam
3431 2693 3667 2750 universis
3696 2688 3828 2745 sanctis

2340 2794 2477 2860 suis,
2507 2794 2704 2863 quibus
2733 2792 2983 2863 promisit
3009 2792 3197 2848 dicens
3226 2811 3239 2846 :
3269 2789 3421 2858 Quod
3452 2805 3531 2844 eos
3571 2786 3646 2860 qui
3690 2781 3829 2853 reliqui-

2340 2889 2433 2943 stis
2466 2888 2664 2953 omnia,
2690 2897 2735 2940 et
2764 2885 2928 2941 secuti
2948 2887 3071 2940 estis
3097 2902 3201 2951 me,
3236 2884 3475 2940 sedebitis
3510 2896 3647 2951 super
3688 2878 3829 2930 thronos

2340 2981 2616 3035 duodecim
2659 2978 2963 3049 judicontes
3009 2978 3292 3031 duodecim
3339 2975 3499 3029 tribus
3543 2966 3688 3027 Israel
3727 2963 3831 3031 (Litt.

2342 3086 2479 3135 mi,
2506 3069 2619 3141 50).

2419 3165 2487 3220 Et
2526 3177 2649 3220 tunc
2680 3166 3137 3236 congregabantur
3180 3174 3311 3219 ante
3357 3180 3474 3218 eum
3520 3176 3675 3216 omnes
3707 3165 3833 3228 gestet.

643 3218 848 3299 erant?
872 3253 927 3298 et
953 3244 1178 3300 omnino
1208 3243 1260 3297 in
1294 3243 1471 3315 ignem
1493 3218 1626 3297 sunt
1652 3244 2046 3300 condemnandi
2078 3254 2238 3300 :cter-
2265 3218 2312 3282 ο
2345 3218 3029 3328 Βίῖξιῆιιινίδιηεῖιρέειάρ
3076 3218 3320 3312 adventu
3370 3254 3565 3310 Christi
3610 3250 3665 3306 ad
3708 3218 3837 3305 lenas.

642 3352 773 3393 nam
803 3352 926 3393 cum
954 3332 1170 3393 diabolo
1197 3335 1221 3391 ἲ
1252 3337 1522 3404 Quantum
1554 3349 1684 3406 ergo
1714 3340 1999 3407 exsttectat
2048 3336 2114 3392 ad
2146 3353 2235 3393 sa-

643 3447 768 3488 nam
798 3430 1210 3501 intelligentiam
1238 3441 1293 3486 et
1314 3429 1619 3487 doctrinam
1653 3431 1920 3496 veritatis,
1952 3448 2076 3487 eum
2108 3448 2238 3503 pru-

644 3522 788 3579 denti
823 3524 1258 3579 consideratione
1286 3521 1375 3579 hic
1399 3522 1550 3577 locus
1581 3520 1995 3594 pertractandus
2021 3532 2125 3591 est,
2181 3524 2239 3580 u't

644 3610 933 3669 catholicis
958 3614 1284 3684 respondeat
1319 3612 1685 3668 documentis.
1748 3612 1884 3680 Quia
1932 3628 2032 3669 nec
2083 3615 2240 3669 aliter

644 3707 817 3777 accipi
850 3715 1051 3778 potest,
1082 3720 1242 3777 quam
1272 3706 1484 3762 Veritas
1530 3706 1780 3763 Christus
1813 3708 2081 3778 praedixit,
2140 3726 2240 3766 nec

641 3798 760 3870 ipse
787 3808 966 3855 autem
994 3799 1289 3870 prauiieare
1309 3799 1391 3855 vel
1418 3799 1635 3864 docere,
1663 3815 1825 3869 quam
1870 3810 1928 3855 ut
1952 3801 2240 3856 conveniat

646 3892 1058 3963 Scripturarunt
1090 3902 1402 3948 sanctarum
1439 3893 1491 3948 in
1543 3893 1796 3948 omnibus
1848 3893 1914 3948 ad
1965 3895 2237 3966 integrum

646 3983 929 4037 institutis.
961 3982 1026 4037 Et
1056 3983 1175 4039 ideo
1205 3982 1517 4039 immanitas
1547 3999 1735 4039 cormn
1787 4002 1890 4040 non
1946 3984 2066 4039 ideo
2125 3984 2240 4041 latt-

644 4073 804 4128 datar
830 4082 1057 4139 tantum,
1089 4075 1213 4145 quia
1244 4072 1391 4144 larga
1420 4074 1540 4139 fuit,
1574 4076 1666 4129 sed
1698 4077 1821 4145 quia
1874 4092 1970 4145 pro
2022 4078 2239 4132 Christo

642 4163 768 4231 fuit,
800 4176 961 4235 atque
989 4173 1047 4218 ut
1077 4166 1191 4234 ipse
1215 4164 1315 4229 ait,
1350 4163 1471 4218 talis
1501 4172 1760 4234 tantaque
1789 4163 1890 4220 fuit
1931 4182 1995 4220 ex
2052 4162 2154 4221 fide
2184 4175 2239 4223 et

642 4258 913 4314 cbaritate
940 4258 1166 4323 Christi,
1192 4267 1252 4312 ut
1284 4274 1390 4312 non
1414 4257 1521 4311 alio
1545 4256 1724 4327 aliquo
1746 4275 1908 4328 quam
1950 4260 2049 4330 ipsi
2085 4258 2239 4315 Chri-

642 4358 731 4409 ‘Sto
759 4353 1008 4407 videatur
1028 4352 1293 4415 exliihita,
1320 4350 1444 4421 quia
1473 4367 1569 4420 pro
1596 4347 1711 4419 ejus
1740 4369 1922 4409 amore
1946 4352 2064 4409 fuit.
2097 4353 2239 4409 Alio-

644 4447 948 4519 quinjuxta
973 4443 1289 4516 Apostolum
1319 4442 1370 4514 (I
1399 4442 1520 4498 Cor.
1550 4459 1667 4509 xm,
1707 4444 1761 4515 5)
1810 4445 1854 4499 si
1884 4446 2239 4500 distribuatur

642 4541 697 4593 ih
723 4536 871 4595 cibos
906 4553 1202 4609 pauperum
1225 4538 1401 4592 omnis
1428 4534 1655 4593 facultas
1677 4552 1883 4603 rerum,
1911 4549 1966 4593 et
1990 4539 2237 4595 tradatur

642 4646 838 4701 corpus
860 4631 931 4685 ita
961 4638 1020 4685 ut
1049 4631 1262 4696 ardeas,
1297 4628 1618 4685 charitatem
1651 4639 1831 4685 autem
1866 4646 1971 4685 non
2027 4631 2233 4687 habue-

643 4725 742 4789 ris,
769 4725 903 4781 nihil
930 4724 1023 4780 tibi
1050 4726 1289 4797 prodest.
1323 4728 1663 4798 Quapropter
1690 4727 1790 4783 ista
1822 4728 2133 4783 lunnanitas
2179 4740 2235 4784 et

642 4810 949 4888 benignitas
981 4820 1144 4874 tante
1172 4820 1499 4885 devotionis,
1529 4836 1650 4890 qua:
1704 4821 1787 4875 sic
1832 4833 2230 4889 remuneratur,

643 4908 925 4965 citat-italis
955 4908 1424 4982 fuitadimpletio;
1484 4911 1724 4967 citat-itas
1769 4922 1949 4967 autem
2000 4912 2234 4985 Spiritus

644 5009 817 5063 sancti
844 5018 926 5062 est
955 5008 1171 5066 infusio.
1206 5009 1411 5064 Idcirco
1440 5009 1526 5065 isti
1549 5009 1651 5065 etsi
1681 5011 1861 5065 omnia
1893 5028 1988 5067 sua
2034 5014 2085 5068 in
2136 5030 2235 5070 Ste-

644 5100 765 5157 culo
823 5101 1035 5174 1055
1091 5120 1195 5158 non
1249 5102 1581 5173 reliquerunt
1622 5117 1844 5176 propter
1912 5109 2232 5165 charitatem

645 5195 988 5265 semetipsos,
1016 5204 1069 5250 et
1096 5211 1189 5249 sua
1222 5194 1450 5250 Domino
1480 5195 1673 5250 devote
1703 5197 2034 5255 obtulerunt.
2084 5199 2236 5256 Unde

644 5290 855 5341 tantum
882 5304 991 5353 non
1018 5292 1398 5341 remuneratur
1424 5290 1617 5341 census
1646 5287 1777 5353 dati,
1812 5302 2073 5359 quantum
2122 5292 2234 5346 frn-

644 5390 786 5433 ctus.
827 5377 1062 5433 Fructus
1090 5378 1270 5433 autem
1304 5379 1411 5433 dati
1436 5378 1589 5449 juxta
1620 5380 1943 5449 apostolum,
1993 5382 2234 5439 charitas

643 5476 744 5527 est.
779 5482 825 5527 et
848 5472 1079 5529 clturilus
1108 5475 1270 5543 aperit
1304 5472 1693 5527 multitudinem
1714 5487 2046 5545 peccatorum
2088 5478 2228 5548 (Jac.

642 5566 834 5639 v,‘.!0).
870 5566 1010 5638 lirgo
1033 5566 1121 5622 ubi
1148 5566 1388 5623 eharitas
1420 5566 1535 5633 Dei,
1581 5562 1773 5624 diffusa
1821 5584 1917 5639 per
1972 5569 2231 5640 Spiritum

644 5665 916 5724 Sanctum,
966 5658 1261 5713 liberaliter
1300 5668 1579 5729 Operatar,
1641 5660 1898 5713 virtutum
1950 5659 2232 5729 integritas

643 5758 912 5802 servatur.
942 5747 1113 5804 Porro
1142 5752 1206 5803 de
1232 5752 1358 5805 st-de
1387 5749 1571 5821 gloria:
1603 5752 1826 5813 Christi,
1875 5756 2094 5822 quando
2147 5772 2230 5810 se-

645 5838 786 5906 derit
805 5840 860 5906 in
891 5841 1019 5906 sede
1042 5859 1106 5894 tu:
1124 5840 1337 5923 jestatis
1364 5860 1477 5899 sua:
1496 5884 1510 5907 ,
1536 5845 1787 5915 quamvis
1822 5845 1936 5914 ipse
1965 5842 2107 5901 illius
2135 5845 2228 5901 ho-

2342 3350 2498 3423 quasi
2538 3350 2589 3405 in
2622 3349 2740 3405 loco
2769 3364 2877 3420 quo
2903 3349 3179 3419 judicatus
3211 3358 3300 3404 est
3352 3344 3629 3403 secundum
3670 3351 3840 3397 carnea.

2341 3446 2484 3516 quod
2511 3444 2585 3499 ibi
2616 3443 2977 3498 descensurus
3002 3442 3074 3496 sit
3102 3442 3169 3496 ad
3186 3442 3481 3513 judicium,
3505 3454 3602 3494 non
3629 3433 3843 3503 adeoigne

2342 3555 2472 3595 rans
2501 3539 2665 3594 ullum
2696 3538 2873 3593 locum
2902 3551 3045 3601 esse,
3077 3537 3168 3608 qui
3194 3539 3302 3592 sub
3345 3550 3454 3591 uno
3497 3540 3693 3607 aspecta
3727 3523 3841 3583 boeti-

3920 2246 3923 2329 i

2342 3636 2427 3691 uis
2453 3635 2650 3707 capiat,
2679 3650 2785 3690 non
2810 3635 2931 3691 dico
2955 3634 3198 3689 omnium
3227 3634 3546 3708 angelorum
3567 3630 3761 3703 agmina.
3786 3621 3843 3692 qui
3924 3708 3931 3717 .

2343 3743 2465 3782 cum
2494 3743 2559 3783 eo
2587 3728 2802 3783 venturi
2832 3734 2958 3782 sunt
2984 3726 3050 3781 ad
3075 3725 3375 3797 judicium,
3408 3742 3587 3782 verum
3615 3738 3700 3781 nec
3720 3729 3845 3775 onmts

2341 3825 2529 3889 gentes
2567 3828 2693 3874 ante
2722 3818 2905 3874 sedem
2929 3818 3234 3887 maiestatis
3267 3818 3388 3889 ejus
3418 3815 3785 3890 congregandas.
3805 3806 3846 3861 Β

2343 3919 2521 3965 tamen
2552 3926 2675 3966 vere
2711 3911 2914 3967 dictum
2947 3919 3053 3976 est,
3096 3912 3227 3982 quia
3281 3911 3728 3983 congregabantur
3767 3908 3847 3954 ante

2341 4018 2485 4067 eam,
2512 4018 2633 4057 cum
2667 4002 3035 4058 sederitfilius
3065 4003 3311 4059 hominis
3367 4004 3419 4058 in
3467 4002 3591 4058 sede
3636 3989 3849 4065 maiestatis

2341 4107 2468 4154 suae,
2500 4108 2690 4148 omnes
2724 4103 2932 4166 gentes.
2987 4093 3098 4149 Nec
3120 4095 3353 4150 dubium
3378 4095 3522 4165 quod
3549 4093 3673 4148 idem
3696 4089 3777 4160 ipse
3810 4079 3851 4135 ﬂ-

2342 4179 2445 4237 lius
2476 4182 2689 4255 1056
2719 4185 2953 4240 hominis
2975 4185 3028 4239 iu
3061 4185 3179 4240 loco
3206 4187 3340 4241 erit.
3405 4187 3473 4241 Et
3500 4187 3543 4242 si
3571 4186 3619 4239 in
3664 4183 3753 4237 loco
3781 4173 3853 4229 ετίι

2341 4290 2469 4339 υηο,
2497 4277 2767 4346 quomodo
2795 4286 2920 4333 ante
2938 4293 3063 4332 eum
3086 4279 3572 4349 congregabantur
3592 4289 3711 4347 quos
3754 4268 3856 4324 iouis

2340 4368 2848 4439 noncapietnnas?
2904 4369 3037 4424 Nam
3080 4379 3134 4425 et
3189 4370 3327 4441 ipsa:
3381 4381 3572 4442 gentes
3610 4374 3859 4439 quamth

2340 4444 2834 4532 congregabantur,
2871 4478 2999 4518 vere
3029 4462 3232 4518 locales
3270 4474 3460 4529 erant,
3488 4476 3541 4519 et
3587 4470 3696 4518 ante
3727 4454 3859 4511 laeum

2341 4551 2435 4606 lilii
2467 4552 2719 4620 hominis,
2750 4555 2957 4624 utique,
2987 4564 3042 4609 et
3067 4556 3430 4626 Evangeliam
3461 4556 3609 4620 dicit,
3636 4559 3860 4619 001181⁵⁸9⁸

2341 4642 2560 4699 buntur.
2597 4643 3081 4718 Congregabuntur
3108 4657 3294 4705 autem
3346 4665 3449 4721 per
3494 4639 3862 4703 resurrectionem

2342 4734 2524 4789 carnis
2554 4752 2582 4789 a
2616 4746 2849 4806 quatuor
2882 4739 3058 4795 ventis
3083 4740 3227 4807 εαξη,
3275 4739 3605 4812 exoccupati
3633 4744 3787 4791 omne!
3822 4722 3865 4775 δι’

2341 4831 2487 4885 omni
2513 4829 2689 4885 oilicio
2730 4832 2936 4896 mundi,
2970 4841 3023 4887 et
3062 4835 3132 4889 ab
3169 4837 3321 4892 omni
3371 4836 3586 4891 actione
3631 4822 3797 4885 carnis.
3824 4813 3867 4868 Et

2344 4919 2464 4973 ideo
2493 4934 2620 4974 vere
2654 4923 2964 4993 congregati
2988 4922 3263 4992 dicuntur,
3323 4926 3455 4997 quia
3479 4926 3591 4996 jam
3641 4918 3758 4973 ultra
3798 4924 3867 4997 uti"

2343 5025 2440 5081 per
2469 5011 2682 5065 diversa
2716 5011 2933 5067 distenti
2964 5024 3145 5078 erant,
3180 4993 3360 5085 neque
3392 4993 3551 5087 quasi
3584 5009 3735 5066 libero
3769 4993 3869 5054 πὶδί·

2338 5103 2445 5157 trio
2476 5106 2618 5176 vagi,
2646 5105 2741 5159 sed
2775 5121 2964 5161 omnes
2993 5108 3094 5162 sub
3118 5124 3224 5162 uno
3237 5108 3435 5176 judice
3456 5111 3731 5179 prasentes
3744 5098 3869 5150 erant.

2339 5195 2463 5251 Hmc
2501 5198 2704 5252 idcirco
2736 5199 2878 5262 dico,
2905 5198 3121 5261 fratres,
3155 5210 3385 5271 propter
3415 5216 3512 5256 eos
3537 5197 3624 5269 qui
3655 5190 3872 5248 ηιοςαιιιιτ

2338 5287 2391 5342 in
2418 5287 2633 5342 talibus.
2672 5287 2746 5341 Ne
2773 5287 2911 5343 forte
2942 5304 3007 5343 ex
3043 5299 3155 5345 toto
3185 5291 3227 5345 si
3261 5300 3520 5355 tacuero,
3547 5282 3798 5345 difﬁcultas
3819 5271 3873 5324 ‘0'

2336 5379 2533 5448 quentli
2563 5378 2895 5433 ditliciliores
2920 5379 2987 5433 de
3020 5379 3111 5434 tali
3141 5390 3410 5453 tantoque
3446 5379 3688 5437 examine
3712 5367 3877 5444 gener“

2341 5473 2686 5541 qurestioncs.
2713 5473 3054 5544 Quapropter
3093 5478 3329 5547 primum
3384 5479 3617 5533 obsecro
3665 5470 3735 5526 sic
3775 5456 3880 5529 εοεά·

2341 5570 2485 5617 tetur
2517 5563 2657 5619 filius
2687 5564 2922 5620 hominis
2947 5566 3012 5620 ad
3035 5565 3301 5635 judiciqu
3327 5577 3613 5631 venturus,
3657 5569 3710 5615 at
3733 5548 3878 5612 inteJlI‘

2340 5665 2499 5727 gutar
2519 5666 2573 5712 et
2607 5659 2859 5713 credatur
2886 5660 3046 5723 Deus,
3079 5677 3253 5731 neque
3278 5664 3600 5732 triplicetnr
3639 5664 3722 5712 aut
3755 5640 3884 5715 duPr"

2340 5758 2495 5803 cetur
2525 5749 2575 5803 in
2603 5750 2755 5816 duos,
2805 5753 2898 5806 sed
2929 5755 3228 5810 sentiamus
3262 5770 3489 5818 omnes,
3538 5751 3658 5823 quia
3700 5746 3819 5799 Deus
3844 5738 3886 5786 ei

2338 5843 2502 5901 homo
2530 5861 2670 5900 unus
2698 5854 2782 5901 est
2801 5845 3071 5923 Christus.
3104 5847 3181 5904 Ae
3210 5862 3305 5922 per
3335 5848 3445 5903 hoc
3497 5846 3781 5920 ubicunque
3800 5828 3888 5887 ἶν’
