4016 6354
979 407 1337 464 EXPOSITIO
1373 407 1440 462 IN
1483 407 1916 466 MATTHASUM.
1957 440 2024 450 —
2067 412 2189 466 ΗΒ.
2229 412 2320 480 XI,
2358 407 2510 468 CAP.
2556 405 2717 471 XXV.

3391 419 3497 473 862

201 529 265 582 rit
296 526 441 581 Deus
477 526 662 590 homo,
691 526 816 595 quia
844 526 1044 594 ubique
1077 533 1179 592 est,
1213 529 1354 581 tutus
1385 527 1583 598 ubique
1634 535 1788 598 putc-
1819 534 1862 592 Α
1894 525 2046 593 dicit,
2079 537 2171 582 aut
2204 529 2607 594 exeusantium,
2657 531 2849 586 adesse
2899 530 3257 602 singulorum,
3313 533 3364 587 in
3407 525 3496 592 die

201 631 282 675 tur
310 634 434 674 esse
454 617 726 684 Christus,
757 633 865 689 quo
908 619 1117 688 possint
1169 629 1294 674 ante
1341 617 1508 674 lilium
1559 619 1794 676 hominis

200 713 514 785 congregari
547 729 736 768 omnes
763 722 971 784 gentes,
1028 714 1120 783 qui
1170 713 1450 768 descendit
1495 711 1559 768 de
1610 713 1788 780 coelo;

198 809 314 876 quia
353 807 498 861 lilitts
529 807 764 861 hominis
794 823 914 861 cum
937 808 1051 862 haec
1073 807 1406 877 loqueretur,
1431 808 1586 879 juxta
1622 810 1792 879 ipsius

201 915 402 962 vocem,
433 897 691 966 jam-erat
721 898 771 952 in
801 898 974 953 ccelis.
1005 898 1211 954 Idcirco
1257 900 1382 968 quia
1436 900 1510 952 sic
1563 900 1792 954 indivisa

198 1002 274 1046 cst
304 1006 541 1061 persona
573 989 797 1054 Christi,
829 1006 929 1044 nec
959 989 1251 1045 absurdum
1275 1000 1358 1044 est
1386 991 1626 1056 credere,
1648 991 1791 1061 quod

196 1099 376 1139 comm
407 1083 525 1153 ipso
565 1083 956 1156 congreganda:
1001 1083 1109 1138 sint
1157 1099 1347 1138 omnes
1400 1093 1607 1154 gentes.
1655 1083 1790 1151 Quia

198 1191 462 1244 nusquam
496 1176 670 1240 ah‘est,
706 1189 882 1245 neque
904 1185 989 1230 est
1021 1175 1110 1229 ubi
1156 1191 1260 1230 non
1308 1176 1377 1229 sit
1422 1175 1694 1241 Christus,
1738 1185 1794 1230 et

198 1269 314 1322 ideo
341 1282 535 1320 omnes
565 1275 692 1320 ante
721 1282 844 1320 eum
874 1275 1054 1321 erunt.
1091 1265 1204 1321 Non
1235 1266 1404 1338 igitur
1451 1278 1532 1322 est
1582 1269 1793 1322 solven-

197 1362 290 1414 dus
318 1361 460 1430 ipse.
495 1359 630 1427 Quia
663 1359 753 1430 qui
782 1359 944 1415 solvit
970 1357 1178 1424 Iesum,
1214 1361 1302 1415 hic
1327 1369 1507 1414 autem
1529 1361 1792 1415 antichri-

195 1463 305 1510 stus
330 1466 438 1508 est.
473 1452 609 1507 Tum
645 1454 697 1507 itt
732 1451 963 1507 adventu
991 1453 1109 1522 ejus
1135 1463 1279 1507 tanta
1309 1452 1677 1507 manifestatio
1709 1468 1794 1506 se-

194 1548 431 1604 cundum
455 1546 730 1601 hominem
761 1546 886 1609 erit,
917 1554 975 1600 ut
1020 1562 1126 1600 non
1180 1545 1352 1600 solum
1400 1545 1576 1600 nullus
1617 1544 1792 1613 justo-

195 1656 334 1703 rum,
369 1655 560 1693 verum
588 1639 750 1693 etiam
775 1635 875 1692 nec
929 1637 1126 1707 aliquis
1179 1647 1524 1708 peccatorum
1581 1638 1794 1708 ignoret

193 1732 466 1786 Christum
513 1731 578 1784 ad
618 1729 883 1800 judicium
917 1730 1163 1794 venisse;
1193 1731 1407 1799 quando
1464 1730 1608 1785 exiet
1654 1731 1793 1785 sicut

189 1825 369 1896 fulgur
400 1824 471 1879 ab
502 1824 740 1887 Oriente,
774 1833 829 1878 et
865 1822 1073 1892 parebit
1106 1837 1276 1892 usque
1324 1822 1376 1876 itt
1418 1821 1786 1876 Occidentem.

1896 618 2364 689 cumjudicaverit
2395 623 2535 676 Deus
2573 622 2787 678 occulta
2827 624 3128 678 hominum.
3163 625 3297 692 Quia
3321 619 3496 695 profe-

1895 724 1984 765 cto
2011 713 2133 767 boni
2167 712 2409 768 Pastoris
2435 723 2520 768 cst
2547 730 2768 770 suarum
2793 716 2978 770 ovium
3007 717 3369 785 cognitionem
3396 719 3493 773 ha-

1895 804 2057 867 bere,
2091 815 2151 859 ttt
2180 817 2336 859 eruat
2370 821 2463 859 eas
2494 806 2559 860 de
2597 806 2775 860 medio
2816 807 3119 872 malorum,
3159 809 3312 878 juxta
3348 811 3492 880 quod

1895 891 2142 951 Ezechiel
2173 897 2247 950 ait
2288 915 2299 949 :
2350 896 2476 951 Haec
2519 897 2652 951 dicit
2694 898 2958 952 Dominus
2999 897 3188 953 Deus:
3221 898 3356 953 Ecce
3397 913 3489 971 ego

1893 988 2000 1057 ipse
2041 989 2302 1058 requirant
2327 1005 2440 1042 oves
2467 1006 2628 1054 meas,
2655 999 2701 1042 et
2739 989 2959 1043 visitabo
2999 989 3120 1044 illas
3152 991 3284 1045 sicut
3314 993 3492 1046 visita!

1892 1090 2072 1151 pastor
2102 1096 2306 1150 gregem
2343 1097 2528 1144 suum,
2569 1083 2623 1133 in
2664 1082 2748 1135 die
2787 1082 2999 1152 quando
3025 1082 3183 1151 fuerit
3225 1085 3279 1137 in
3320 1083 3491 1138 medio

1895 1171 2069 1222 ovium
2091 1186 2308 1224 suarum
2337 1172 2828 1242 dissipatarum;sic
2853 1173 3073 1227 visitabo
3099 1189 3214 1228 ores
3246 1191 3408 1240 meas,
3441 1184 3491 1230 et

1894 1260 2126 1316 liberabo
2156 1280 2244 1317 eas
2281 1264 2343 1317 de
2380 1264 2620 1318 onmibus
2652 1264 2780 1318 locis
2806 1264 2860 1318 in
2885 1264 3072 1335 quibus
3104 1266 3351 1336 dispersio
3376 1267 3492 1337 fue-

1896 1367 2033 1421 rant,
2074 1359 2233 1412 indie
2263 1361 2412 1414 nubis
2438 1370 2486 1414 et
2509 1360 2752 1431 caliginis
2776 1359 2995 1430 (Ezec/t.
3027 1377 3210 1428 xxnv,
3242 1364 3353 1436 £2),
3387 1365 3491 1422 hoc

1893 1459 1977 1503 est
2032 1449 2560 1519 impraesentiarum,
2626 1451 2843 1522 quando
2903 1452 2990 1506 vix
3068 1453 3174 1507 ulla
3235 1455 3493 1512 discretio

1894 1550 1978 1595 est
2008 1542 2150 1597 inter
2207 1544 2377 1599 honos
2429 1553 2485 1599 et
2549 1545 2738 1610 malos,
2793 1547 2965 1603 donec
3015 1548 3130 1618 ipse
3182 1560 3368 1618 pastor
3401 1566 3489 1605 ve-
3542 1542 3553 1564 7‘

1895 1635 2045 1697 niat,
2077 1636 2293 1704 quando
2323 1651 2575 1691 sessurus
2601 1648 2684 1691 est
2730 1638 2782 1692 in
2828 1638 2953 1694 sede
3005 1640 3306 1710 majestatis
3352 1656 3485 1708 suae,

1895 1732 1948 1779 et
1995 1733 2124 1781 tunc
2157 1727 2467 1798 itnplebitur
2511 1730 2655 1798 quod
2705 1746 2848 1786 nunc
2888 1748 2984 1802 per
3034 1733 3354 1804 prophetam
3400 1735 3486 1789 di-

1896 1819 2040 1873 citur
2073 1861 2086 1884 ,
2136 1829 2190 1873 et
2240 1823 2545 1892 scgregabit
2596 1835 2691 1877 eas
2747 1823 2812 1878 de
2869 1823 3082 1895 populis
3131 1835 3184 1881 et
3250 1827 3486 1882 nationi-

188 1917 415 1983 Quando
445 1925 774 1984 cognoscent
806 1929 996 1969 omnes
1021 1923 1333 1984 peccatores
1365 1923 1522 1969 terra:
1544 1927 1642 1968 sua
1699 1915 1787 1968 de-
1817 1899 1862 1959 Β
1891 1911 1993 1967 bus
2014 1954 2028 1978 ,
2067 1922 2121 1967 et
2160 1915 2510 1985 congregabit
2564 1930 2677 1982 eas,
2712 1915 2795 1970 vel
2845 1917 3131 1972 collocabit
3184 1918 3234 1972 itt
3283 1918 3488 1974 dextris

187 2008 334 2072 licta,
366 2007 580 2075 etjusti
613 2005 902 2060 manifeste
951 2005 1208 2059 videbunt
1258 2005 1462 2059 semina
1523 2005 1781 2058 virtutum

187 2117 433 2160 suarum,
464 2100 531 2153 ad
561 2099 777 2169 qualent
815 2114 908 2153 eos
939 2099 1309 2168 perduxerunt
1341 2098 1522 2152 finem.
1579 2097 1643 2152 Et
1681 2098 1783 2153 hoc

184 2205 263 2247 est
285 2193 435 2262 quod
457 2192 586 2244 dicit
620 2190 754 2245 forte
782 2209 793 2244 :
827 2189 1298 2260 Congregabtmtur
1318 2199 1438 2243 ante
1457 2205 1573 2243 eum
1606 2203 1781 2242 onmes

183 2294 386 2355 gemes.
420 2280 474 2335 Si
503 2281 647 2335 enim
680 2282 839 2334 modo
860 2280 1077 2351 quando
1117 2296 1214 2334 nec
1233 2295 1422 2334 omnes
1451 2288 1783 2350 cognoscunt

181 2377 461 2431 Christum
490 2374 784 2428 secundum
813 2373 954 2444 quod
988 2379 1089 2434 est,
1139 2386 1239 2424 nec
1267 2371 1368 2439 ipsi
1396 2370 1553 2424 electi
1582 2369 1779 2439 palam,

183 2470 278 2523 nisi
319 2469 447 2539 quia
475 2478 683 2521 tantum
733 2468 786 2520 itt
821 2467 924 2519 fide
953 2474 1283 2537 cognoscunt
1316 2481 1468 2528 eum;
1519 2472 1573 2518 et
1604 2472 1781 2518 tamen

185 2563 389 2615 intrant
412 2562 479 2613 ad
495 2563 618 2613 eum
635 2569 688 2612 et
707 2568 832 2612 ante
849 2567 1196 2627 conspectum
1215 2555 1350 2623 ejus,
1371 2557 1586 2625 quando
1604 2557 1783 2625 cogni-

183 2654 383 2708 tionem
399 2651 518 2720 ejus
533 2652 807 2713 habcut,et
821 2650 1099 2704 illuminan
1111 2658 1195 2703 tttr
1208 2648 1398 2702 saltem
1413 2647 1784 2718 perlidem.Si-

183 2743 859 2800 calcauimusittPsahno:
885 2741 1089 2796 Intrate
1107 2742 1159 2794 in
1174 2751 1449 2810 conspectu
1480 2741 1594 2809 ejx's
1621 2743 1672 2794 in
1689 2758 1780 2794 er-

181 2837 466 2890 sultatione
480 2833 655 2906 (Psal.
673 2850 814 2900 χρη,
832 2835 920 2906 2);
955 2843 1156 2904 quanto
1180 2835 1348 2905 magis
1362 2843 1508 2889 recte
1524 2834 1778 2889 dicuntur

180 2945 366 2985 omnes
382 2937 577 3000 gentes
591 2939 714 2983 ante
743 2944 867 2982 eum
885 2927 1276 3000 eongregandae
1295 2937 1349 2982 et
1363 2928 1778 2994 constituenda,

185 3021 392 3092 1057
418 3021 637 3091 quando
665 3020 842 3090 palam
865 3021 1117 3076 omnibus
1147 3021 1274 3085 erit,
1304 3028 1415 3074 tant
1437 3020 1594 3075 bonis
1616 3035 1780 3089 quam

183 3117 330 3169 malis
357 3155 372 3180 ,
429 3124 538 3167 tatu
573 3114 818 3168 lidelihus
847 3130 1009 3183 quam
1042 3113 1370 3169 infidelibus.
1428 3107 1630 3170 Factus
1677 3115 1783 3170 erit

179 3215 296 3258 ante
326 3204 527 3259 oculos
572 3205 767 3280 mentis
795 3220 1008 3268 eorum,
1043 3203 1154 3272 jam
1185 3221 1292 3258 non
1325 3205 1445 3260 fidei
1473 3248 1487 3271 ,
1532 3217 1624 3262 aut
1661 3206 1781 3261 dili-

1887 2006 2017 2059 suis.
2072 2005 2137 2058 Et
2183 2005 2303 2061 ideo
2369 2016 2591 2061 sanctus
2641 2009 2975 2079 evangelista
3045 2010 3185 2064 hanc
3243 2010 3487 2066 ultimam

1890 2095 2103 2167 1058
2132 2097 2374 2152 omnium
2413 2099 2794 2168 parabolarum
2819 2141 2831 2164 ,
2882 2116 2985 2155 non
3033 2101 3084 2155 in
3110 2102 3333 2156 alterius
3356 2118 3482 2172 per-

1885 2193 2074 2240 Smtam
2112 2189 2291 2258 posuit
2341 2191 2422 2260 (ut
2445 2207 2606 2260 supra
2641 2191 2729 2244 ttbi
2763 2191 2859 2257 ait,
2884 2193 3027 2262 quod
3059 2193 3290 2248 Exibunt
3316 2193 3487 2264 angeli

1883 2285 1930 2330 et
1961 2279 2273 2346 separabunt
2301 2280 2465 2333 malos
2497 2282 2560 2335 de
2589 2283 2758 2337 medio
2795 2284 3110 2354 justorum),
3159 2286 3254 2340 sed
3309 2285 3477 2340 solius

1887 2371 1938 2423 itt
1968 2373 2084 2440 ejus
2116 2386 2346 2441 persona
2382 2374 2471 2442 qui
2506 2373 2582 2427 ait
2613 2392 2624 2426 :
2656 2374 2768 2444 Ego
2805 2383 2919 2428 sum’
2958 2387 3139 2444 pastor
3171 2378 3354 2442 bonus,
3388 2378 3479 2448 qui

1885 2477 2139 2529 cognosco
2165 2480 2304 2517 meas
2331 2503 2344 2526 ,
2373 2474 2418 2516 et
2448 2475 2766 2532 cognoscunt
2794 2483 2872 2520 me
2908 2483 3033 2520 metu
3057 2468 3240 2539 (Joan.
3269 2485 3297 2522 x
3319 2511 3332 2533 ,
3371 2469 3480 2539 Μ).

1887 2551 2076 2622 Augeli
2109 2553 2377 2623 siquidem
2408 2554 2667 2623 eolligent
2690 2555 2858 2610 malos
2882 2557 2948 2610 de
2977 2559 3152 2611 medio
3178 2559 3480 2627 justorum;

1888 2643 2002 2711 ipse
2039 2659 2167 2697 vero
2195 2659 2292 2714 per
2333 2660 2391 2699 se
2422 2643 2707 2712 Christus,
2739 2648 2864 2717 quia
2917 2649 3090 2702 bonus
3133 2659 3320 2720 pastor
3361 2659 3480 2716 est,

1887 2737 2112 2806 requirit
2156 2745 2210 2790 et
2242 2737 2426 2791 visitat
2465 2754 2596 2793 oves
2643 2753 2786 2803 suas,
2815 2741 3068 2810 quoniam
3100 2743 3296 2797 nullius
3333 2743 3471 2797 alte-

1889 2829 2002 2882 rius
2029 2836 2113 2881 est
2154 2828 2427 2883 discutere
2453 2830 2818 2885 conscientias
2856 2832 3215 2903 singulorum.
3265 2833 3333 2888 Et
3370 2846 3480 2888 sta-

1887 2928 1993 2972 tuet
2016 2919 2226 2989 quidem
2255 2935 2372 2974 aves
2401 2937 2433 2972 a
2471 2921 2694 2987 dextris,
2738 2923 2916 2976 ha'dos
2949 2936 3124 2978 autem
3162 2941 3192 2979 η
3229 2927 3476 2983 sinistris.

1889 3012 2118 3068 Provide
2147 3014 2282 3068 satis
2308 3023 2429 3084 post
2455 3015 2676 3070 biduum
2707 3014 2915 3071 Pascha
2959 3020 3231 3085 facturus,
3279 3021 3474 3076 deinde

1889 3107 2184 3161 tradendus
2215 3109 2386 3171 cruci,
2420 3116 2475 3162 et
2501 3109 2809 3164 illudendus
2848 3112 2916 3166 ab
2941 3113 3250 3168 hominibus
3273 3156 3286 3180 ,
3320 3123 3474 3170 aceto

1888 3213 2104 3268 quoque
2138 3209 2194 3252 et
2227 3197 2352 3253 felle
2395 3200 2663 3271 potandus
2688 3241 2702 3266 ,
2742 3210 2890 3256 recte
2938 3204 3215 3272 pranuittit
3252 3191 3476 3275 gloriam

180 3296 370 3362 genti-ag
401 3293 636 3364 alicujus
667 3277 1023 3364 inquisitione
1057 3306 1304 3366 repertus
1326 3339 1339 3360 ,
1378 3298 1474 3352 seu
1513 3299 1565 3352 in
1594 3299 1776 3353 cumis
1807 3265 1853 3329 (ἶ
1887 3291 2292 3360 triumphantis,
2312 3302 2366 3346 et
2389 3291 2654 3360 judicium
2679 3302 2898 3349 aeternae
2928 3298 3478 3361 remunerationis,ut

181 3399 284 3439 sua:
335 3385 654 3439 ostensione
698 3393 805 3438 tam
858 3386 1141 3441 t'nattifeste
1188 3387 1458 3457 prolatus,
1511 3398 1569 3443 ut
1616 3406 1776 3446 nemo

183 3482 395 3550 ignoret
425 3479 568 3549 quod
598 3479 716 3548 ipse
746 3480 819 3534 sit
845 3477 1113 3542 Christus,
1140 3489 1194 3534 et
1216 3488 1374 3533 nemo”
1395 3481 1604 3535 dubitet
1631 3483 1775 3553 quod

185 3575 297 3640 ipse
325 3573 393 3626 sit
420 3571 576 3626 Deus.
609 3572 688 3625 Ac
722 3586 817 3642 per
841 3571 944 3626 hoc
969 3570 1106 3624 forte
1128 3612 1142 3636 ,
1169 3570 1323 3639 juxta
1361 3572 1502 3626 hunc
1531 3574 1774 3641 modum,

187 3680 294 3717 non
320 3665 376 3716 in
412 3662 590 3733 aliquo
617 3664 836 3732 quidem
865 3663 983 3717 loco
1013 3665 1474 3734 apparebitFilius
1493 3666 1583 3720 Dei
1603 3676 1658 3720 et
1681 3667 1776 3722 ho-

178 3756 338 3810 minis
364 3795 379 3820 ,
427 3771 548 3808 eum
581 3754 792 3809 venerit
821 3756 873 3809 in
907 3755 1074 3826 gloria
1110 3773 1232 3821 sua,
1259 3768 1313 3811 et
1349 3756 1400 3809 in
1443 3757 1625 3828 aliquo
1668 3775 1772 3813 non

178 3847 485 3916 apparebit,
523 3848 617 3902 sed
642 3847 784 3902 sicut
814 3847 928 3917 ipse
951 3848 1016 3902 de
1047 3846 1255 3920 fulgore
1287 3850 1640 3918 apparitionis
1664 3867 1776 3905 sure

178 3953 486 3996 monstrare
516 3941 770 4010 dignatus
799 3951 883 3997 est
907 3981 922 4007 ,
965 3943 1192 3997 visibilis
1219 3945 1346 3997 erit.
1378 3943 1604 4014 Propter
1632 3947 1774 4015 quod

177 4033 373 4104 ubique
403 4033 662 4089 omnibus
690 4034 1027 4100 manifestus,
1052 4045 1106 4090 et
1128 4037 1239 4105 ipse
1269 4037 1321 4090 in
1347 4045 1636 4108 conspectu
1662 4056 1777 4092 out-

177 4129 321 4182 nittnt
351 4130 486 4193 erit,
521 4137 575 4182 et
599 4143 790 4182 omnes
818 4129 1014 4198 ubique
1037 4137 1161 4184 ante
1186 4131 1359 4199 ipsum
1395 4141 1553 4184 erunt
1576 4173 1589 4194 ,
1633 4141 1688 4185 et
1719 4134 1771 4186 in

175 4231 470 4292 conspectu
508 4220 627 4290 ejus
657 4220 852 4291 singuli
884 4221 1154 4275 manifesti
1183 4230 1359 4276 erunt.
1390 4223 1770 4279 Verumtamen

172 4315 446 4382 apparitio
488 4313 606 4379 ejus
635 4313 993 4381 corporaliter
1017 4314 1259 4384 quolibet
1300 4315 1459 4369 modo
1491 4323 1616 4370 nota
1668 4318 1771 4370 erit

169 4414 218 4457 et
251 4401 584 4470 manifesta;
614 4403 696 4456 vel
731 4404 1024 4458 secundum
1054 4406 1196 4474 quod
1237 4406 1288 4459 in
1321 4415 1500 4460 monte
1535 4407 1770 4476 resplen-

171 4493 303 4558 duit,
339 4493 432 4548 vel
468 4493 626 4563 juxta
667 4494 807 4562 quod
857 4506 981 4562 poSt
1027 4495 1484 4549 resurrectionem
1543 4497 1770 4551 visibilis

170 4582 284 4643 fuit.
326 4595 386 4640 et
411 4583 674 4638 videbunt
698 4583 822 4638 mali
851 4599 1012 4654 quem
1033 4594 1399 4655 pupugerunt,
1431 4595 1484 4640 et
1512 4587 1769 4658 plangent

172 4697 330 4751 super
359 4697 426 4736 se
462 4696 654 4734 omnes
685 4681 858 4734 tribus
887 4688 1064 4734 terrae.
1098 4679 1249 4734 Tunc
1280 4695 1312 4735 e
1339 4683 1615 4735 contrario
1636 4681 1767 4749 justi

169 4775 490 4844 gaudebunt
522 4773 588 4828 de
617 4781 767 4828 tanto
803 4773 1090 4844 splendore
1120 4774 1345 4843 piissimi
1366 4775 1570 4844 judicis
1608 4778 1774 4832 inter-

169 4867 317 4932 dum,
341 4877 402 4922 et
428 4868 494 4923 de
521 4877 670 4922 tanta
696 4868 863 4937 gloria
891 4867 1190 4936 tnajestatis
1217 4869 1348 4936 ejus,
1379 4871 1503 4939 quia
1529 4871 1616 4924 illa
1639 4873 1773 4928 visio

170 4963 406 5018 necdum
458 4961 512 5013 itt
563 4959 737 5014 forma
781 4960 871 5014 Dei
901 4962 1036 5026 erit,
1089 4977 1266 5031 neque
1298 4964 1445 5032 regni
1475 4965 1768 5034 perceptio.

169 5053 274 5107 Sed
320 5053 456 5123 quia
497 5053 550 5105 in
593 5053 726 5105 tanti
771 5051 969 5121 jttdicis
1016 5054 1266 5106 examine
1317 5070 1474 5107 nemo
1519 5054 1771 5122 gloriabi-

169 5156 258 5202 tur
277 5163 339 5202 se
373 5155 591 5201 castum
619 5155 714 5199 cor
752 5145 972 5208 habere,
1012 5145 1063 5198 itt
1104 5143 1218 5214 ipsa
1259 5146 1613 5215 apparitionis
1662 5161 1771 5199 sine

168 5238 337 5306 gloria
358 5281 372 5300 .
419 5237 709 5291 illustrabit
733 5238 892 5291 corda
923 5251 1110 5290 eorum
1140 5278 1153 5300 ,
1188 5239 1278 5307 qui
1303 5238 1403 5292 sibi
1440 5239 1775 5294 tttittislt'.:ve-

173 5342 320 5396 rtznt,
363 5340 427 5385 ιιι
458 5330 762 5400 intelligant
803 5330 1000 5399 singuli
1041 5347 1204 5400 opera
1252 5348 1349 5385 sua
1379 5331 1550 5396 bona,
1596 5343 1652 5384 ιιι
1683 5334 1773 5386 ha-

171 5428 337 5480 beant
369 5442 468 5480 sua
496 5441 617 5495 qum,
643 5434 922 5494 gesserunt
954 5426 1118 5478 otia-.21
1144 5435 1197 5478 et
1237 5425 1358 5478 mali
1415 5425 1465 5478 in
1497 5427 1773 5480 conscien-

173 5520 240 5572 tia
280 5535 413 5582 sua,
448 5526 501 5570 et
533 5518 635 5570 hoc
669 5517 737 5570 sit
785 5532 1070 5586 segregare
1104 5519 1272 5571 bonos
1295 5532 1323 5570 a
1355 5516 1529 5582 malis,
1575 5516 1763 5572 libros-

168 5627 276 5679 que
326 5617 551 5679 apertos
591 5623 740 5671 esse,
780 5609 998 5678 quando
1041 5609 1375 5678 singulorum
1425 5610 1771 5663 conscientia:

167 5703 332 5754 ltttrizv
366 5710 529 5754 erunt
555 5710 609 5754 et
634 5699 953 5754 muniit-astte.
982 5699 1118 5754 llinc
1139 5715 1352 5770 quoque
1383 5700 1494 5769 ipse
1525 5715 1621 5769 per
1643 5700 1773 5755 Pro-

166 5796 402 5864 phetam
431 5795 504 5846 ait
534 5811 546 5846 :
580 5792 711 5846 Ecce
743 5793 887 5846 uenio
911 5792 1246 5863 cogitationes
1271 5808 1448 5845 eorum
1471 5800 1525 5844 ut
1556 5809 1770 5862 congre-

165 5900 309 5965 gem.
342 5885 420 5940 Et
450 5884 646 5940 Paulus
695 5885 969 5958 apostolus
1015 5885 1373 5956 cogitationes
1401 5885 1772 5941 accusantium

1884 3396 2136 3439 secutura
2169 3387 2422 3440 scandala
2454 3385 2869 3456 pollicitationis
2915 3389 3138 3458 prtemio
3163 3404 3480 3460 compensa-

1883 3487 1987 3540 ret,
2015 3487 2068 3530 et
2092 3477 2360 3532 relevaret
2391 3480 2600 3534 animos
2631 3480 3016 3551 discipulorum
3049 3497 3078 3535 a
3109 3497 3340 3538 maerore
3363 3492 3479 3538 latt-

1866 3580 1951 3624 -t:e
1985 3572 2324 3625 tentationis.
2363 3570 2517 3638 Quod
2550 3585 2730 3627 autem
2765 3574 2962 3628 dicitttr
2984 3589 3114 3630 oves
3145 3583 3384 3631 statuere
3423 3576 3474 3632 in

1881 3660 2120 3725 dextris,
2155 3660 2334 3716 [aedos
2376 3677 2501 3716 vero
2530 3663 2580 3715 in
2605 3661 3010 3730 sinistrisjuxta
3037 3664 3164 3719 ilhtd
3189 3664 3422 3738 intellige
3461 3685 3473 3721 :

1881 3748 1985 3804 Cor
2009 3741 2260 3821 sapientis
2283 3754 2337 3806 in
2352 3753 2564 3807 dextera
2580 3755 2718 3824 ejus,
2745 3767 2792 3809 et
2815 3772 2906 3808 cor
2928 3756 3074 3810 stulti
3089 3758 3140 3810 in
3174 3758 3386 3812 sinistra
3406 3757 3476 3813 il-

1881 3844 2248 3915 lius(Eccle.x,
2265 3845 2351 3914 2),
2368 3860 2489 3899 cum
2509 3859 2666 3900 nemo
2680 3849 2770 3918 qui
2787 3848 2951 3902 aliubi
2970 3849 3165 3904 habeat
3180 3863 3294 3915 cttr,
3313 3849 3474 3921 quain

1881 3937 1932 3991 in
1951 3947 2102 4008 parte
2129 3955 2235 4009 qua
2260 3938 2579 3992 naturaliter
2599 3942 3185 3997 omnilntscollocatum
3224 3953 3325 3998 est.
3369 3943 3476 4000 Sed
3547 3980 3552 3988 ι

1877 4030 2003 4099 quia
2040 4031 2311 4099 sapientes
2350 4030 2568 4085 fuerunt
2609 4047 2738 4086 oves
2776 4032 3012 4098 Christi,
3067 4035 3345 4106 elegerunt
3382 4052 3478 4094 cor
3558 4041 3569 4055 '

1878 4124 2150 4194 ponerein
2181 4125 2415 4187 dextris;
2452 4125 2575 4194 quia
2599 4125 2714 4180 vias
2742 4141 2860 4194 qum
2883 4144 2909 4180 a
2947 4127 3156 4184 dextris
3181 4139 3307 4184 sunt
3328 4130 3480 4187 novit

1879 4215 2155 4269 Dominus.
2181 4215 2370 4268 Stulta:
2393 4226 2572 4270 autem
2596 4233 2688 4270 seu
2707 4215 2865 4271 fatuae
2887 4219 3138 4275 sinistras
3165 4230 3474 4287 tenuerunt,

1877 4308 1930 4361 in
1953 4307 2148 4376 quibus
2170 4317 2468 4376 posuerunt
2491 4323 2606 4362 eor;
2625 4308 2688 4361 Et
2709 4310 2827 4363 ideo
2843 4312 3038 4365 merito
3063 4313 3257 4383 singuli
3281 4330 3474 4384 greges

1875 4399 1942 4450 ad
1967 4398 2063 4452 has
2079 4398 2404 4466 deputantur
2423 4406 2624 4467 partes,
2644 4414 2780 4468 quas
2796 4400 2847 4453 in
2874 4402 2986 4455 suis
3000 4401 3275 4473 elegerunt
3294 4415 3475 4458 tenere

1873 4489 2148 4559 operibus.
2185 4489 2321 4544 llinc
2347 4505 2480 4560 ergo
2509 4500 2592 4546 est
2627 4494 2769 4561 quod
2799 4502 2983 4548 monet
3007 4494 3268 4551 Dominus
3293 4498 3344 4551 in
3374 4498 3475 4552 hoc

1877 4584 2068 4637 eodem
2103 4583 2396 4654 Evangelio
2428 4603 2438 4636 :
2483 4584 2699 4639 Nescia!
2746 4589 2961 4641 sinislra
2992 4600 3115 4656 tua,
3151 4592 3276 4661 quid
3311 4593 3472 4662 furiat

1877 4675 2091 4728 dextera
2123 4685 2237 4728 tua.
2267 4675 2333 4728 Et
2367 4677 2662 4731 notandum
2695 4681 2838 4748 quod
2865 4696 2996 4735 oves
3025 4689 3229 4737 statuet
3262 4683 3312 4736 in
3341 4683 3472 4738 dex-

1880 4771 2010 4825 teris
2042 4771 2175 4834 suis,
2211 4770 2394 4824 htedos
2426 4781 2607 4824 autent
2637 4781 2846 4827 tantum
2888 4775 2939 4827 itt
2971 4775 3226 4830 sinistris.
3265 4775 3378 4830 Non
3415 4777 3468 4831 ir

1876 4865 2114 4920 sinistris
2139 4864 2270 4927 suis,
2303 4867 2427 4929 quia
2453 4865 2798 4920 sinistrarum
2825 4868 2925 4922 via:
2947 4876 3000 4921 et
3026 4883 3188 4938 opera
3215 4884 3318 4922 non
3345 4879 3472 4922 sunt

1875 4959 2011 5024 ejus,
2051 4958 2140 5027 qui
2186 4955 2315 5010 nihil
2357 4957 2520 5012 habet
2570 4959 2869 5013 sinistrum.
2917 4959 2984 5015 Et
3022 4960 3144 5014 ideo
3192 4959 3474 5030 pluraliter

1879 5051 2009 5104 dicit
2040 5050 2090 5103 itt
2117 5049 2322 5103 dextris
2351 5049 2431 5101 vel
2466 5051 2705 5106 sinistris
2729 5093 2742 5116 ,
2775 5052 2897 5122 quia
2927 5051 3109 5106 multte
3151 5060 3275 5106 sunt
3303 5053 3472 5107 actio-

1880 5156 1976 5195 nes
2007 5149 2361 5209 tttrarumque
2406 5142 2662 5210 partium.
2697 5143 3038 5212 Quapropter
3067 5159 3169 5196 non
3200 5144 3351 5212 quasi
3403 5145 3468 5198 ad

1879 5235 2078 5296 locmn,
2114 5232 2329 5286 oculum
2357 5233 2619 5288 debemus
2647 5235 2954 5300 intendere,
2983 5235 3076 5289 sed
3103 5236 3168 5290 ad
3199 5237 3389 5289 merita
3416 5245 3471 5290 et

1880 5326 2213 5380 dilicrcntias
2251 5325 2585 5394 singularum
2615 5327 2871 5395 partium.
2917 5328 3066 5381 Alias
3102 5336 3280 5381 autem
3313 5329 3466 5397 juxta

1883 5420 2232 5474 humanitatis
2285 5420 2561 5472 dexteram
2601 5421 2684 5473 vel
2733 5421 3042 5485 sinistram,
3091 5437 3195 5475 non
3237 5422 3467 5490 spatium

1881 5522 1964 5568 est
2001 5515 2143 5583 quod
2173 5527 2370 5580 capere
2401 5513 2572 5580 possit
2597 5514 2834 5585 singulas
2871 5515 3051 5568 ovium
3085 5515 3165 5569 vel
3195 5516 3468 5570 haedorum

1877 5617 2079 5678 partes.
2113 5607 2178 5659 Et.
2209 5606 2328 5659 ideo
2355 5605 2515 5659 altius
2552 5607 2665 5661 inec
2708 5609 2887 5661 omnia
2915 5610 3308 5663 consideranda
3346 5619 3471 5663 sunt

1873 5703 2028 5775 juxta
2073 5701 2268 5754 mentis
2301 5699 2575 5752 intuitum.
2608 5700 2750 5755 Oves
2790 5701 2969 5771 itaque
3011 5703 3203 5768 electi,
3249 5710 3470 5772 propter

1882 5793 2243 5848 innocentiam
2275 5799 2556 5842 vocantur.
2598 5791 2748 5846 Unde
2776 5794 2933 5847 datur
2963 5793 3210 5864 intelligi,
3237 5810 3340 5848 nott
3371 5795 3470 5848 sic-

1879 5894 1938 5941 ut
1976 5884 2195 5954 quidam
2229 5881 2444 5946 volunt,
2477 5894 2698 5954 propter
2729 5885 2895 5944 solum
2929 5885 3343 5952 humanitatem,
3381 5885 3471 5962 ju-
