4016 6354
145 390 228 450 865
902 391 1266 468 EXPOSITIO
1300 396 1368 454 IN
1407 397 1846 459 MATTHA‘JUM.
1883 431 1953 445 --
1990 403 2118 462 LIB.
2157 407 2248 476 XI,
2288 408 2442 466 CAP.
2482 409 2653 468 XXV.

3313 417 3421 477 866

143 514 245 557 esse
272 498 592 555 virtutibus.
621 499 914 571 Propterea
945 504 1272 560 studendum
1301 506 1354 560 in
1380 507 1634 564 omnibus
1661 517 1722 564 ut
1747 489 1880 575 Ain
1910 528 1974 569 ea
2015 503 2327 590 forma'qua
2373 521 2591 593 proprie
2619 521 2760 580 illius
2791 526 3026 584 hominis
3052 538 3138 586 est
3157 571 3172 596 ,
3204 538 3262 587 et
3302 531 3419 604 ipsa

142 601 180 650 et
206 592 313 647 ista
342 591 609 648 habentes
635 591 914 660 studeant,
938 602 994 649 et
1022 604 1219 652 cratera
1242 598 1506 655 virtutum
1529 600 1721 658 funda-

141 693 309 742 menta
346 701 458 740 non
489 685 747 740 omittant
771 726 785 750 ,
833 685 950 741 sine
991 688 1192 757 quibus
1234 689 1368 745 nihil
1407 701 1503 747 aut
1530 707 1722 763 parum

141 777 426 850 proﬁciunt
458 776 583 832 ista.
617 775 775 834 Unde
805 778 1086 834 sciendum
1123 782 1266 851 quod
1297 783 1437 839 sicut
1481 784 1547 839 ad
1593 801 1722 841 con-

141 869 458 939 sequendam
484 869 858 925 luereditatem
886 879 1146 927 aeternam
1175 873 1286 929 sola
1310 891 1415 930 non
1444 860 1723 933 sufficiunt

141 965 223 1021 ista
261 982 276 1018 :
315 964 392 1020 ita
425 980 530 1020 non
558 972 643 1020 est
672 965 930 1035 possibile
959 967 1140 1022 omnia
1175 967 1265 1024 illa
1291 967 1552 1039 implere,
1582 972 1722 1028 sicut

141 1056 346 1128 quidam
373 1056 515 1112 male
539 1065 894 1128 praesumunt,
919 1066 977 1111 ut
1000 1074 1107 1115 non
1130 1061 1412 1132 contingat
1437 1078 1536 1119 nos
1561 1079 1723 1136 agere

143 1149 330 1221 aliquid
356 1159 552 1205 contra
594 1150 689 1206 Dei
720 1149 1073 1217 mandatum;
1101 1154 1227 1224 quia
1262 1154 1318 1210 in
1346 1155 1527 1210 multis
1555 1158 1722 1228 offen-

142 1243 297 1296 dimus
327 1259 511 1297 omnes
541 1241 684 1314 (Jac.
719 1261 778 1299 Ill
799 1288 812 1311 ,
838 1245 916 1317 2).
949 1245 1102 1302 Unde
1139 1256 1195 1302 et
1223 1247 1328 1304 ista
1371 1265 1492 1320 qua:
1531 1265 1722 1305 nume-

143 1343 339 1398 rantur,
368 1336 453 1390 sic
475 1336 685 1407 agenda
716 1347 864 1402 sunt,
890 1347 949 1393 ut
973 1347 1029 1394 et
1053 1351 1246 1396 ctetera
1277 1340 1443 1397 etiam
1466 1357 1722 1413 corpora-

143 1428 213 1493 lia,
229 1428 649 1500 quibuscunque
673 1431 932 1487 beneficia
958 1448 1064 1488 non
1084 1433 1449 1504 negligantur,
1475 1434 1525 1488 id
1546 1443 1626 1490 est
1641 1435 1722 1489 in-

144 1535 289 1591 super
310 1533 367 1576 et
389 1521 656 1592 spiritalia
677 1563 692 1587 ,
717 1524 893 1580 modis
911 1525 1164 1580 omnibus
1195 1525 1391 1596 quibus
1432 1541 1722 1598 possumus

143 1621 184 1667 et
200 1621 472 1683 quantum
494 1627 784 1684 possumus
807 1633 912 1670 non
935 1618 1285 1685 omittamus;
1310 1619 1435 1688 quia
1458 1618 1572 1674 sive
1595 1619 1720 1686 hoc,

144 1705 242 1760 sive
266 1704 358 1759 illo
381 1706 566 1771 modo,
589 1706 818 1778 quisque
840 1707 1064 1779 impleat
1082 1709 1306 1774 bonum,
1327 1719 1386 1765 ut
1409 1719 1503 1765 aut
1525 1726 1722 1781 corpus

144 1797 476 1864 carnalibus,
509 1809 604 1854 aut
629 1800 807 1854 anima
840 1801 1122 1857 reﬁciatur
1150 1803 1522 1872 spiritualibus
1547 1804 1718 1870 cibis,

1825 619 1933 660 una
1964 605 2268 678 eademque
2290 626 2548 682 persona,
2571 630 2725 686 teque
2747 615 2918 674 Filius
2948 619 3044 677 Dei
3069 629 3126 677 et
3153 621 3292 680 illius
3316 624 3418 680 ho-

1823 698 2005 757 minis.
2040 700 2157 758 Non
2181 704 2310 776 quia
2338 705 2689 780 singulariter
2709 711 2912 769 veritas
2937 723 3044 781 cst,
3068 717 3286 774 mentiri
3310 735 3420 776 non

1821 801 2021 863 potest.
2055 795 2122 851 Et
2149 796 2272 852 ideo
2301 799 2630 856 credendum
2655 804 2798 873 quod
2824 804 2941 861 hrec
2961 807 3145 863 omnia
3173 808 3228 866 in
3251 825 3420 866 mem-

1823 882 1936 940 bris
1965 886 2100 954 suis,
2133 902 2198 943 ac
2227 889 2273 944 si
2305 889 2358 944 in
2387 905 2446 946 se
2466 930 2481 956 ,
2515 891 2630 963 ipse
2657 894 2950 966 suscipiat,
2985 898 3132 968 quod
3159 899 3212 954 iu
3240 900 3422 957 multis

1824 975 1958 1034 locis
1989 978 2396 1050 Scripturarum
2422 983 2766 1055 apertissime
2791 997 3143 1052 monstratur,
3175 991 3318 1048 sicut
3338 1001 3425 1048 est

1822 1067 1955 1124 illud
1988 1088 2000 1124 :
2039 1071 2144 1138 Qui
2170 1089 2255 1128 vos
2285 1075 2458 1141 audit,
2483 1092 2563 1130 me
2593 1077 2779 1142 audit;
2809 1087 2858 1133 et
2883 1081 2976 1150 qui
3003 1098 3090 1136 vos
3113 1084 3315 1155 recipit,
3341 1101 3422 1140 me

1823 1163 2010 1234 utique
2051 1167 2232 1237 recipit
2261 1166 2426 1238 (Luc.
2456 1185 2510 1234 ι,
2549 1169 2667 1241 16).
2698 1169 2919 1228 Necnon
2947 1183 3004 1228 et
3032 1172 3199 1232 Saulo
3232 1177 3309 1231 ait
3355 1177 3423 1232 de

1823 1255 1962 1311 cmlo
1983 1274 1996 1310 :
2016 1255 2198 1324 Saule,
2224 1256 2406 1324 Saule,
2428 1275 2524 1314 cur
2547 1277 2630 1316 me
2652 1264 2976 1334 persequeris
2994 1265 3021 1318 ?
3039 1265 3179 1336 (Act.
3207 1266 3288 1339 9.)
3313 1266 3420 1324 Seu

1823 1356 1878 1403 et
1895 1347 1998 1404 alia
2017 1349 2358 1422 quamplura.
2379 1350 2436 1406 In
2458 1351 2656 1423 quibus
2672 1354 2926 1412 omnibus
2945 1372 3067 1412 cum
3086 1357 3240 1420 dicit,
3264 1358 3419 1424 mihi,

1825 1452 1916 1498 aut
1945 1459 2052 1510 me,
2083 1460 2142 1501 se
2161 1446 2353 1517 procul
2377 1447 2542 1504 dubio
2567 1449 2779 1520 sibique
2804 1449 3030 1519 fecisse,
3060 1463 3117 1509 et
3145 1455 3213 1510 ad
3238 1471 3297 1512 se
3324 1470 3418 1513 ve-

1824 1538 1993 1605 nisse,
2027 1555 2125 1609 pro
2155 1541 2416 1596 membris
2444 1542 2581 1608 suis,
2606 1543 2836 1618 intelligi
2866 1547 3000 1602 vult.
3026 1545 3420 1606 Verumtamen

1824 1635 2283 1692 considerandum
2329 1648 2414 1693 est
2444 1638 2570 1708 quia
2617 1654 2739 1694 cum
2792 1639 2878 1696 bis
2927 1640 3188 1713 loquitur,
3223 1643 3315 1714 qui
3362 1643 3417 1700 in

1825 1728 2031 1784 dextris
2060 1738 2156 1784 aut
2180 1729 2419 1786 sinistris
2448 1742 2632 1800 erunt,
2664 1733 2756 1802 qui
2780 1741 2906 1789 sunt
2931 1734 2999 1791 de
3026 1737 3224 1807 quibus
3249 1736 3420 1808 loqui-

1826 1831 1946 1888 tur,
1974 1822 2250 1888 minimis,
2282 1822 2480 1892 quibus
2510 1823 2599 1879 isti
2633 1824 2774 1880 bona
2807 1825 3055 1882 fecerunt
3081 1828 3170 1898 qui
3202 1828 3255 1883 in
3281 1826 3414 1884 dex-

145 1891 297 1945 Βευηι
327 1891 515 1960 utique
545 1892 741 1962 P350“.
770 1901 824 1948 ει
851 1892 1025 1948 rem“
1048 1894 1102 1948 ἱη
1134 1895 1395 1951 ιιιεωὶπίε
1421 1895 1552 1970 suis.
1585 1895 1720 1963 Ουῖίι
1753 1895 1800 1956 Β
1829 1910 1930 1966 tris
1961 1920 2152 1977 erunt,
2186 1911 2270 1967 vel
2305 1891 2384 1966 illi
2417 1929 2525 1968 non
2556 1912 2839 1980 fecerunt,
2871 1917 2962 1986 qui
2995 1934 3026 1971 a
3058 1891 3300 1975 sinistris
3321 1959 3336 1985 ,
3363 1929 3420 1974 et

147 1983 268 2039 sicut
311 1982 515 2039 Christi
545 1984 700 2040 cibus
725 1993 809 2040 est
849 1993 908 2040 ut
950 1986 1113 2042 faciat
1155 1986 1486 2044 voluntatem
1517 1987 1718 2054 Patris,

149 2075 206 2131 ita
228 2087 282 2131 et
306 2077 426 2148 ejus
452 2076 608 2133 cibus
632 2089 688 2133 et
727 2087 888 2150 potus
913 2088 993 2135 est
1019 2121 1032 2146 ,
1065 2090 1119 2135 ut
1150 2095 1210 2136 se
1236 2081 1291 2136 in
1322 2081 1596 2138 voluntate
1626 2083 1722 2137 Dei

149 2168 201 2223 ad
242 2169 474 2225 invicem
524 2169 780 2236 foveant,
833 2181 887 2228 et
927 2173 1205 2229 enutriant
1252 2190 1350 2245 pro
1391 2176 1510 2246 ejus
1535 2191 1722 2232 amore

151 2261 383 2314 membra
406 2260 634 2338 Christi,
667 2261 869 2319 idcirco
898 2263 952 2318 in
985 2264 1068 2319 bis
1108 2266 1341 2333 negotiis
1366 2266 1470 2321 sibi
1493 2267 1558 2320 ad
1585 2267 1723 2321 iuvi-

151 2369 255 2410 cem
283 2370 506 2411 necesse
530 2365 610 2411 est
644 2357 888 2411 serviant
917 2360 1159 2413 membra
1199 2357 1430 2424 Christi,
1459 2370 1516 2415 ut
1543 2369 1596 2415 et
1632 2377 1723 2416 eo-

152 2461 253 2501 rum
274 2443 620 2503 'abundaulia
652 2449 741 2516 qui
772 2449 974 2504 habent
1001 2465 1122 2519 quae
1162 2450 1347 2506 mundi
1386 2460 1542 2512 sunt,
1567 2467 1724 2506 sanc-

155 2548 310 2595 torum
341 2541 576 2612 inopiam
607 2541 872 2612 suppleat,
899 2549 958 2596 ut
978 2557 1167 2597 eorum
1197 2541 1422 2607 divitiae,
1454 2544 1543 2614 qui
1567 2542 1723 2612 Spiri-

156 2630 293 2687 talem
325 2631 490 2689 Verbi
520 2625 878 2688 substantiam
914 2634 1132 2698 habent,
1164 2643 1218 2689 et
1248 2635 1567 2690 meritorum
1594 2636 1724 2690 isto-

157 2739 256 2779 rum
280 2725 349 2780 sit
377 2724 831 2796 supplementum.
867 2725 1020 2782 Unde
1046 2743 1145 2798 pro
1172 2737 1350 2791 certo,
1382 2729 1610 2799 quisque
1638 2745 1725 2784 ne-

152 2833 287 2874 cessc
327 2829 410 2874 est
447 2821 676 2884 credat.
724 2821 982 2892 quoniam
1028 2838 1351 2893 quiscunque
1395 2822 1725 2877 seminaverit

150 2911 318 2977 homo,
349 2913 460 2966 [nec
507 2921 556 2966 et
605 2923 756 2967 metet
789 2912 990 2986 (Galat.
1022 2929 1096 2980 vr,
1128 2912 1201 2982 7).
1253 2913 1461 2981 Quibus
1504 2931 1726 2971 enume-

153 3003 287 3065 ratis,

215 3093 349 3149 Tunc
373 3096 754 3167 respondebunt
774 3099 912 3168 justi
941 3113 960 3152 :
985 3100 1209 3156 Domine
1227 3144 1242 3168 ,
1271 3104 1484 3175 quando
1516 3113 1565 3160 te
1590 3105 1724 3160 ridi-

153 3203 253 3241 mus
274 3191 582 3244 esurientem
606 3201 652 3244 et
677 3192 912 3261 pavimus
929 3203 1009 3260 te;
1034 3195 1316 3262 sitientem,
1337 3197 1549 3269 1062
1573 3207 1619 3251 et
1636 3179 1726 3252 de-

152 3281 410 3336 dimustibi
435 3292 640 3353 potum.
659 3284 884 3349 Quando
913 3296 1087 3340 autem
1113 3297 1162 3341 te
1191 3288 1415 3342 vidimus
1445 3290 1722 3359 hospitem,
1753 3269 1799 3332 (ἶ

152 3383 190 3427 et
210 3374 500 3446 collegimus
521 3385 592 3442 te,
623 3391 715 3432 seu
741 3388 959 3433 caetera.
991 3379 1144 3446 Quod
1174 3381 1219 3434 si
1244 3380 1350 3434 ulla
1379 3381 1725 3436 ratiocinatio

150 3465 196 3520 in
223 3470 402 3523 eodem
427 3469 637 3540 judicio
665 3485 796 3526 voce
829 3471 1175 3542 intelligenda
1207 3482 1381 3540 esset;
1410 3489 1517 3528 non
1543 3475 1727 3546 utique

143 3558 266 3628 justi
292 3576 472 3615 eorum
498 3561 746 3618 oblivisci
775 3571 1029 3634 poterant
1071 3565 1211 3620 forte
1235 3567 1724 3636 imprtesentiarum

145 3669 265 3722 quze
293 3653 544 3724 legerant,
574 3671 669 3712 seu
702 3672 823 3728 qua:
852 3673 950 3727 pro
978 3656 1096 3727 ejus
1123 3675 1308 3714 amore
1333 3661 1384 3714 in
1409 3659 1600 3716 εἰοειιδ
1630 3661 1725 3717 Dei

146 3758 441 3817 gesserant.
475 3749 629 3804 Sicut
672 3750 830 3805 hodie
858 3766 1018 3806 nemo
1046 3761 1131 3807 est
1157 3753 1249 3824 qui
1281 3753 1492 3823 ignoret
1530 3754 1639 3809 Deo
1669 3769 1729 3810 se

147 3848 391 3908 praestare
414 3841 675 3912 quidquid
706 3841 757 3896 in
791 3843 1122 3914 pauperibus
1149 3843 1349 3899 Christi
1383 3846 1588 3900 tribuit.
1621 3845 1727 3902 Sed

151 3933 242 3988 iste
263 3935 482 3992 effectus
513 3938 662 3993 vocis
683 3979 698 4005 ,
731 3950 825 3994 aut
853 3940 1036 3996 nimia:
1063 3941 1389 3998 humilitatis
1417 3953 1501 3999 est
1529 3959 1690 4000 causa
1710 3985 1724 4011 ,

153 4037 239 4082 aut
275 4046 478 4104 magna
523 4033 901 4089 admirationis
948 4043 1031 4090 est
1078 4045 1288 4106 stupor,
1340 4052 1437 4092 cur
1475 4054 1635 4108 quem
1672 4039 1728 4094 in

154 4129 292 4176 tanta
320 4124 620 4194 majestatis
647 4125 816 4195 gloria
855 4127 1200 4196 compiciunt
1229 4138 1284 4183 et
1311 4128 1614 4186 claritatem
1640 4171 1654 4196 ,
1682 4130 1727 4185 si

157 4225 264 4267 eum
293 4215 582 4286 aliquando
607 4217 937 4273 esurientem
968 4219 1053 4274 vel
1095 4219 1368 4275 sitientem
1414 4221 1596 4277 videre
1635 4239 1730 4293 po-

160 4304 398 4370 tuissent;
430 4316 525 4361 aut
555 4307 742 4374 etiam,
773 4319 834 4362 ut
873 4307 949 4363 ita
979 4308 1156 4364 dicam
1177 4349 1192 4375 ,
1223 4326 1320 4381 pro
1341 4311 1531 4367 eodem
1561 4313 1729 4369 nimio

162 4406 359 4468 stupore
384 4410 436 4455 et
462 4401 824 4457 admiratione
846 4401 1264 4468 incredulitatis,
1296 4406 1440 4475 quod
1463 4406 1607 4463 hunc
1631 4425 1727 4463 un-

164 4502 304 4558 quam
335 4503 599 4564 :egrotum
631 4493 902 4560 viderint,
949 4505 1042 4551 aut
1073 4497 1198 4552 huic
1242 4497 1332 4552 tali
1382 4507 1642 4572 tantoque
1675 4501 1727 4556 in

165 4593 360 4637 carcere
388 4585 568 4654 posito
605 4584 689 4639 vel
718 4585 966 4652 infirmo,
997 4587 1161 4658 digne
1201 4589 1515 4648 ministrare
1541 4602 1728 4663 potue-

167 4673 279 4737 rint,
303 4687 392 4731 aut
416 4677 487 4732 ad
518 4693 641 4732 eum
670 4679 875 4734 venire.
918 4678 1088 4746 Unde,
1123 4689 1180 4734 ut
1207 4681 1338 4748 dixi,
1374 4684 1418 4738 si
1450 4700 1609 4740 causa
1633 4687 1728 4741 bu-

166 4764 384 4824 militatis
412 4770 663 4840 indignos
690 4785 748 4825 se
777 4770 1136 4840 proclamant,
1165 4773 1336 4844 magis
1362 4773 1555 4831 affectu
1581 4793 1732 4832 men-

167 4854 254 4922 tis,
281 4875 435 4929 quam
469 4860 708 4917 clamore
738 4863 906 4918 vocis.
941 4863 1064 4934 lpse
1092 4873 1272 4918 autem
1294 4906 1307 4930 ,
1347 4882 1411 4920 ac
1449 4868 1493 4921 si
1528 4868 1647 4939 pius
1678 4877 1731 4923 ct

168 4947 381 5008 clemens
405 4952 610 5008 relevat
637 4970 749 5019 eos,
783 4954 993 5011 blandit
1033 4957 1283 5028 palpans,
1307 4960 1511 5030 aspirat
1545 4961 1598 5015 in
1627 4961 1729 5028 eis,

168 5039 329 5098 volens
364 5045 442 5099 eis
472 5046 763 5101 ostendere
793 5047 1227 5118 compassionem
1255 5066 1366 5105 suae
1394 5052 1728 5122 germanita-

170 5131 247 5198 tis,
270 5144 320 5190 et
346 5137 515 5192 dicit:
567 5138 731 5192 Amen
781 5139 900 5192 dico
944 5141 1117 5206 vobis,
1157 5145 1393 5212 quandiu
1423 5145 1616 5214 fecistis
1641 5148 1732 5200 uni

167 5239 222 5279 ex
246 5230 464 5285 minimis
493 5231 608 5286 istis
643 5231 900 5301 fratribus
932 5233 1059 5288 meis
1080 5274 1094 5298 ,
1127 5235 1258 5289 milii
1287 5236 1504 5306 fecistis.
1538 5239 1595 5293 ln
1620 5240 1732 5296 suis

167 5320 383 5388 pmfecto
412 5338 474 5379 se
502 5327 818 5395 pronuntiat
845 5324 1047 5392 fuisse,
1080 5327 1190 5384 imo
1219 5329 1322 5385 sibi
1350 5331 1532 5388 omnia
1562 5334 1732 5405 magis

165 5423 306 5480 quam
337 5414 446 5472 illis
474 5416 836 5482 ministrasse,
865 5428 1002 5473 etut
1026 5418 1102 5475 ita
1124 5419 1317 5488 fatear,
1346 5431 1492 5478 tanta
1521 5439 1644 5480 cum
1666 5441 1732 5482 eo

166 5501 212 5556 in
252 5508 454 5565 unitate
483 5509 652 5565 fuisse
677 5551 692 5577 ,
721 5519 782 5566 ut
820 5511 980 5566 simul
1023 5513 1166 5569 dicat
1199 5515 1253 5570 in
1301 5533 1406 5572 uno
1433 5519 1732 5593 eodemque

165 5591 292 5654 facto
314 5601 414 5656 sibi
445 5611 502 5657 et
527 5601 632 5659 illis
660 5604 839 5659 omnia
866 5603 1083 5662 fecisse.
1111 5605 1248 5663 Hine
1275 5626 1490 5682 quoque
1514 5591 1734 5672 eviden-

163 5693 238 5743 ter
271 5695 343 5748 ait
377 5712 390 5749 :
428 5693 679 5762 Quandiu
721 5697 919 5767 fecistis
959 5699 1050 5752 uni
1087 5699 1152 5753 de
1190 5701 1272 5756 Itis
1323 5705 1553 5761 minimis
1594 5709 1728 5776 istis,

163 5785 275 5842 mihi
301 5787 535 5859 fecistis;
564 5808 622 5848 se
648 5793 904 5850 nimirum
935 5793 1182 5863 pavisse,
1215 5813 1382 5869 seque
1407 5810 1644 5872 potasse,
1676 5814 1733 5861 et

155 5877 250 5938 tibi
277 5883 470 5944 fecisse
498 5898 551 5945 et
595 5891 661 5948 ad
691 5904 750 5949 se
780 5891 996 5952 venisse
1045 5902 1292 5953 testatur.
1345 5895 1726 5959 Verumtamen

1825 2007 1947 2063 ideo
1973 2006 2191 2063 Christo
2214 2007 2322 2064 lilio
2348 2008 2587 2076 hominis
2611 2026 2717 2066 non
2751 2012 2964 2085 1063
2992 2012 3256 2070 fecerunt.
3289 2014 3418 2084 Qui-

1825 2115 1951 2155 nam
1982 2100 2092 2155 sint
2119 2100 2211 2169 qui
2236 2108 2292 2156 et
2315 2101 2523 2156 minimi
2550 2103 2832 2170 dicantur;
2864 2115 2918 2161 et
2947 2117 3127 2162 tamen
3155 2110 3282 2178 quia
3309 2106 3419 2163 fra-

1827 2203 1938 2249 tres
1967 2203 2133 2258 sunt,
2171 2194 2349 2265 magni
2392 2204 2552 2250 erunt
2576 2237 2590 2262 ,
2623 2205 2679 2252 et
2707 2214 2808 2268 pro
2838 2198 3058 2254 Christo
3089 2201 3258 2271 accipi
3289 2217 3417 2272 pos~

1825 2294 1982 2351 sunt,
2017 2284 2238 2340 omnino
2272 2301 2379 2340 non
2419 2286 2488 2341 ab
2517 2303 2576 2342 re
2603 2289 2886 2357 quaeritur.
2921 2288 3174 2348 Profecto
3203 2306 3326 2346 cum
3364 2290 3417 2346 in

1824 2377 2014 2434 eodem
2040 2376 2247 2447 judicio
2291 2378 2423 2432 nulli
2465 2378 2559 2432 alii
2605 2389 2765 2435 erunt
2792 2397 2955 2452 quam
2987 2384 3080 2452 qui
3113 2383 3168 2437 in
3209 2384 3418 2439 dextris

1827 2479 1919 2525 aut
1940 2470 2181 2526 sinistris
2207 2480 2390 2536 erunt,
2416 2480 2470 2526 et
2495 2471 2570 2526 illi
2595 2472 2847 2529 fecerunt
2868 2491 2989 2546 qum
3017 2476 3157 2532 facta
3187 2475 3414 2532 laudan-

1827 2575 1934 2630 tur,
1961 2564 2045 2619 vel
2071 2580 2192 2635 qua:
2220 2579 2327 2619 non
2363 2564 2507 2620 facta
2537 2567 2992 2624 condemnantur.
3024 2570 3096 2625 Et»
3123 2579 3300 2626 tamen
3328 2571 3420 2627 de-

1826 2658 2182 2714 monstrative
2197 2658 2348 2723 dicit,
2363 2660 2600 2729 quandiu
2624 2660 2851 2728 fecistis,
2869 2664 2953 2720 vel
2968 2680 3072 2720 non
3097 2665 3303 2722 fecistis
3323 2667 3418 2722 uni

1826 2750 1992 2805 dehis
2011 2750 2249 2806 minimis
2273 2750 2533 2809 fratribus
2556 2754 2711 2810 meis.
2733 2755 2884 2812 Unde
2901 2765 3048 2826 patet
3063 2772 3276 2824 sensus,
3291 2757 3418 2829 quia

1827 2853 2125 2915 praesentes
2147 2853 2326 2910 erunt,
2355 2855 2409 2899 et
2435 2845 2486 2900 hi
2513 2845 2581 2899 de
2610 2847 2807 2917 quibus
2829 2847 3084 2917 loquitur,
3111 2858 3166 2904 et
3190 2850 3257 2906 ad
3281 2864 3417 2920 quos

1827 2933 1980 3004 quasi
1997 2933 2224 3004 digitum
2240 2935 2662 2993 demonstrative
2678 2939 2958 3009 porrigere
2974 2939 3202 2995 videtur.
3214 2940 3421 2997 Idcirco

1829 3035 1884 3082 et
1907 3027 2005 3097 ipsi
2031 3027 2084 3081 in
2114 3027 2520 3097 eodemjudicio
2541 3041 2703 3085 erunt
2723 3047 2844 3086 cum
2869 3033 3116 3089 Domino.
3139 3033 3283 3103 Ergo
3316 3048 3423 3091 non

1829 3127 1890 3172 ut
1911 3115 2246 3186 jutlicentur,
2269 3129 2330 3174 ut
2355 3136 2498 3186 reor,
2524 3121 2622 3177 sed
2641 3131 2698 3176 ut
2715 3121 2983 3193 judicent,
3001 3125 3094 3194 qui
3115 3141 3211 3180 sua
3238 3125 3421 3182 omnia

1829 3220 1994 3268 etiam
2017 3214 2426 3283 etsemetipsos,
2452 3231 2552 3286 pro
2577 3214 2796 3271 Christo
2813 3217 3168 3288 reliquerunt.
3187 3218 3251 3273 lli
3271 3234 3424 3274 naru-

1831 3319 1938 3375 quc
1973 3320 2071 3374 pro
2092 3303 2402 3371 Christo,in
2425 3306 2868 3376 mundojudicati
2902 3318 3116 3376 sunt,et
3146 3311 3268 3366 ideo
3295 3310 3421 3381 ipsi,

1830 3397 1973 3453 sicut
1995 3400 2378 3468 repromissum
2403 3409 2486 3456 est
2513 3401 2565 3455 in
2591 3402 2694 3457 hoc
2723 3402 2841 3473 ipso
2867 3403 3180 3475 Evangelio.
3207 3407 3273 3460 de
3299 3405 3422 3462 aliis

1821 3487 2163 3558 iudicabunt.
2198 3492 2302 3561 ipsi
2334 3493 2388 3546 in
2419 3492 2559 3562 fame
2583 3503 2631 3547 et
2653 3495 2760 3558 siti,
2786 3495 3024 3562 fuerunt,
3057 3497 3199 3552 sicut
3224 3497 3426 3556 Paulus

1829 3592 2108 3639 enumerat
2134 3583 2220 3654 (11
2243 3583 2367 3639 Cor.
2393 3600 2470 3648 xi,
2501 3585 2608 3653 l7).
2634 3584 2702 3640 In
2724 3587 2919 3657 [rigore
2939 3598 2986 3642 et
3010 3589 3265 3656 nuditate,
3287 3606 3426 3661 quos

1828 3676 1917 3733 isti
1947 3686 2214 3745 paverunt
2241 3677 2307 3732 de
2340 3677 2454 3733 suis
2479 3678 2644 3748 justis
2668 3679 2981 3746 laboribus,
3014 3689 3070 3737 et
3117 3682 3290 3738 nudos
3329 3694 3422 3738 c‘o-

1827 3777 2179 3840 operuerunt.
2204 3769 2288 3823 Ad
2314 3784 2452 3840 quos
2483 3785 2582 3841 pro
2606 3768 2806 3826 Christi
2831 3771 3071 3838 nomine,
3102 3773 3156 3828 in
3182 3774 3425 3830 carceri-

1830 3864 1930 3919 bus
1953 3863 2179 3935 positos,
2213 3871 2481 3919 venerunt
2529 3872 2586 3920 et
2617 3864 3090 3929 ministraverunt,
3121 3880 3337 3923 necnon
3369 3874 3427 3923 et

1831 3955 1885 4011 in
1930 3956 2248 4012 infirmitate
2274 3998 2290 4021 ,
2334 3971 2429 4012 eos
2459 3955 2733 4013 foverunt.
2767 3956 3111 4029 Quapropter
3155 3973 3261 4013 non
3292 3957 3425 4014 mihi

1831 4048 2046 4104 videtur
2071 4048 2403 4121 generaliter
2438 4047 2641 4104 dictum
2676 4049 2741 4106 de
2771 4051 3026 4107 onmibus
3061 4051 3422 4122 pauperibus.

1831 4141 1925 4199 sed
1952 4142 2019 4197 de
2049 4141 2133 4197 bis
2159 4157 2297 4212 quos
2320 4156 2588 4214 pauperes
2614 4142 2816 4200 Christi
2841 4144 3132 4216 Apostolus
3156 4150 3423 4210 nominat.

1831 4234 1923 4306 qui
1960 4243 2017 4290 et
2043 4233 2188 4290 beati
2218 4235 2474 4290 dicuntur
2495 4276 2509 4302 ,
2539 4235 2666 4306 quia
2698 4251 2967 4306 pauperes
2996 4246 3160 4304 sunt,
3192 4241 3259 4293 ad
3288 4254 3426 4310 quos

1824 4327 1940 4399 jam
1969 4341 2132 4396 supra
2159 4327 2462 4382 extendens
2491 4342 2732 4390 manum,
2761 4326 2978 4384 dicebat
3007 4343 3020 4382 :
3054 4326 3129 4382 Hi
3159 4338 3280 4383 sunt
3310 4329 3427 4399 fra-

1831 4429 1934 4473 tres
1958 4418 2081 4484 mei,
2107 4428 2154 4473 et
2187 4429 2356 4473 mater
2382 4435 2517 4484 mea,
2547 4419 2637 4490 qui
2666 4418 2865 4488 faciunt
2896 4418 3214 4476 voluntatem
3246 4418 3429 4476 Patris

1832 4513 1933 4566 mei
1957 4509 2150 4583 (Marc.
2177 4528 2260 4576 Ill,
2290 4510 2381 4577 55,
2425 4511 2539 4583 54).
2575 4511 2714 4582 Ergo
2757 4513 3012 4584 voluntas
3050 4515 3229 4572 Patris
3273 4517 3430 4572 cibus

1835 4605 2038 4662 Christi
2070 4614 2173 4670 est,
2208 4614 2262 4659 et
2286 4615 2468 4674 potus.
2497 4605 2750 4675 Alioquin
2783 4606 2954 4662 libera
2984 4609 3140 4665 nobis
3169 4618 3313 4666 esset
3343 4610 3428 4665 iu-

1840 4697 2162 4768 telligentia,
2193 4696 2337 4766 quod
2367 4696 2420 4750 in
2453 4697 2600 4751 omni
2632 4714 2872 4769 paupere
2895 4699 3146 4756 Christus
3173 4717 3425 4772 pascere-

1839 4801 1927 4846 tur
1955 4792 2222 4855 esuriens,
2254 4800 2307 4846 et
2333 4792 2522 4848 sitiens
2550 4803 2848 4864 potaretur,
2879 4796 3077 4868 hospes
3102 4811 3317 4868 quoque
3344 4796 3430 4853 in-

1839 4885 2128 4940 duceretur
2158 4882 2211 4937 in
2247 4893 2444 4939 tectum
2467 4925 2480 4951 ,
2513 4885 2691 4942 nudus
2714 4887 3037 4955 vestiretur,
3067 4888 3160 4944 sed
3190 4897 3245 4945 et
3278 4888 3427 4946 infir-

1838 4994 1958 5032 mus
1987 4978 2321 5044 visitaretur,
2355 4979 2572 5035 clausus
2598 4981 2652 5034 in
2675 4995 2896 5037 carcere
2922 4981 3148 5038 haberet
3174 4981 3425 5039 solatium

1838 5070 2234 5126 consolantium
2266 5087 2358 5138 se,
2391 5072 2494 5128 nisi
2537 5082 2647 5128 tam
2679 5075 2903 5132 evidens
2939 5091 3126 5131 eorum
3158 5085 3304 5132 esset
3336 5075 3429 5132 de-

1839 5163 2183 5230 monstratio,
2217 5164 2282 5220 de
2305 5165 2502 5235 quibus
2529 5167 2698 5234 dicat,
2722 5177 2781 5224 ut
2807 5169 3004 5226 alicubi
3029 5185 3127 5226 nos
3153 5171 3429 5242 respicere

1837 5275 1944 5315 non
1975 5259 2137 5326 sinat,
2170 5260 2275 5315 nisi
2309 5261 2376 5315 ad
2399 5277 2494 5317 eos
2525 5278 2660 5333 quos
2684 5265 2840 5334 quasi
2867 5264 3229 5336 proximiores
3259 5265 3429 5336 digito

1839 5350 2195 5417 demonstrat,
2226 5369 2361 5421 quos
2389 5353 2586 5410 fratres
2609 5371 2754 5421 suos,
2780 5356 2907 5412 licet
2931 5357 3206 5423 minimos,
3235 5367 3428 5425 vocat;

1841 5457 1946 5496 non
1991 5441 2059 5497 ad
2084 5444 2547 5512 comparationem
2576 5459 2765 5500 eorum
2797 5462 2933 5516 quos
2959 5463 3059 5518 pro
3086 5448 3218 5517 ipsis
3244 5461 3426 5503 remu-

1842 5543 1995 5589 nerat
2018 5575 2032 5600 ,
2065 5543 2126 5589 ut
2155 5535 2364 5591 minimi
2393 5551 2580 5592 eorum
2608 5536 2882 5604 dicantur,
2931 5540 3024 5595 sed
3051 5540 3121 5595 ad
3148 5555 3430 5611 compara-

1843 5628 2042 5684 tionem
2075 5627 2181 5684 sui.
2211 5627 2308 5684 Vel
2336 5630 2501 5685 etiam
2522 5630 2645 5686 ideo
2677 5631 2908 5699 minimi,
2935 5633 3064 5705 quia
3098 5635 3234 5691 tales
3255 5635 3432 5691 mitis-

1839 5721 1960 5777 simi
1991 5731 2046 5778 et
2072 5722 2304 5778 humiles
2331 5733 2495 5778 erunt
2524 5740 2536 5777 :
2569 5741 2801 5796 quorum
2843 5743 3128 5793 numerus,
3165 5730 3291 5802 quia
3314 5730 3433 5786 exi-

1841 5814 1932 5870 tnii
1969 5823 2165 5879 erunt,
2207 5813 2327 5871 ideo
2351 5814 2494 5872 forte
2524 5817 2578 5873 in
2613 5820 3021 5891 comparatione
3060 5823 3336 5890 omnium,
3375 5833 3434 5880 et

1840 5908 1954 5980 ipse
2004 5908 2262 5963 minimus
2311 5909 2431 5964 erit.
2469 5907 2622 5968 Unde
2653 5921 2702 5967 et
2753 5914 2866 5985 ipse
2893 5914 3056 5972 aliubi
3089 5933 3101 5946 ⁸
3133 5913 3435 5989 Conﬁtebor
