4016 6354
548 346 655 409 867

1366 342 1425 405 S.
1465 343 1825 417 PASCHASII
1859 338 2213 431 RADBERT}
2250 342 2542 413 ABBATIS
2576 342 3028 402 COBBEIENSIS

3736 343 3836 407 868

548 464 665 528 tibi,
696 461 918 517 Domine
948 457 1128 533 Pater.
1152 458 1244 531 qui
1270 458 1589 514 abscondisti
1614 459 1724 513 lucc
1756 477 1788 515 a
1822 459 2144 529 sapientibus
2174 461 2221 521 Α
2252 461 2556 527 hominum,
2584 475 2706 517 cum
2738 459 2881 517 Deus
2912 460 3116 515 veritas
3155 460 3271 532 jam
3311 474 3437 516 eum
3481 466 3540 519 et
3587 470 3833 533 paratum

530 536 605 614 ,εί
632 550 1070 633 prudentibus,_et
1114 549 1350 603 reuelasti
1391 566 1451 602 ea
1491 548 1727 623 parvulis
1752 548 1903 621 (Luc.
1934 566 1992 616 ι,
2025 552 2140 617 2i).

550 643 661 699 Nec
695 652 875 697 tamen
908 641 1007 715 ista
1052 639 1174 694 ideo
1201 638 1550 712 replicamus,
1594 650 1651 694 ut
1685 655 1942 717 negemus
1968 640 2141 719 quod-

550 751 765 807 cunque
792 735 941 798 boni,
969 733 1051 786 vel
1080 732 1386 802 cuicunque
1415 733 1466 786 iu
1492 733 1710 789 nomine
1730 732 1887 803 justi,
1912 734 2146 806 quisque

548 826 782 893 fecerit,
812 825 956 897 quod
1002 824 1307 880 mercedem
1333 821 1467 893 justi
1516 841 1622 879 non
1668 825 1864 881 debeat
1895 826 2141 901 perdere.

552 919 660 975 Sed
708 928 1017 990 propterea,
1051 915 1265 991 1064
1296 924 1353 971 ιιι
1388 916 1673 972 domestici
1721 903 1895 989 magis
1931 933 2147 989 semper

550 1011 607 1066 in
633 1011 737 1065 ilcle
754 1010 1044 1080 eligantur,
1068 1019 1120 1061 et
1137 1009 1227 1079 qui
1251 1007 1500 1062 laborant
1520 1007 1572 1061 in
1595 1008 1763 1062 verbo
1786 1006 1878 1062 Dei
1902 1016 1957 1062 et
1980 1008 2146 1062 disci-

549 1104 753 1175 plinam
784 1101 985 1158 Christi
1023 1099 1285 1156 exhibent
1330 1100 1384 1154 in
1431 1114 1509 1163 se,
1542 1099 1776 1171 amplius
1814 1100 2148 1155 honorentur

551 1195 699 1251 omni
730 1193 993 1269 obsequio
1026 1192 1403 1247 humanitatis.
1438 1189 1576 1258 Quia
1609 1205 1708 1261 pro
1746 1188 1947 1245 talibus
1973 1187 2150 1259 major

554 1272 771 1345 merces
801 1288 1125 1359 acquiritur,
1157 1294 1211 1341 et
1244 1285 1431 1357 religio
1458 1284 1658 1340 Christi
1689 1294 2000 1338 veneratur.

598 1388 599 1393 “
631 1382 777 1437 Tunc
796 1382 929 1435 dicet
944 1391 990 1435 et
1005 1379 1087 1433 Itis
1099 1381 1189 1451 qui
1212 1398 1243 1433 (ι
1262 1378 1487 1433 sinistris
1508 1387 1657 1432 erunt
1677 1393 1694 1432 :
1713 1374 1972 1431 Discedite
1993 1394 2023 1430 a
2046 1394 2145 1442 me,

551 1474 841 1535 maledicti,
871 1475 923 1526 in
958 1475 1128 1542 ignem
1158 1480 1435 1535 a'ternum,
1463 1470 1552 1541 qui
1580 1480 1798 1539 paratus
1827 1478 1903 1522 est
1933 1467 2148 1522 diabolo

551 1579 600 1624 et
644 1567 844 1638 angelis
871 1566 985 1636 ejus
1008 1606 1021 1629 ,
1069 1580 1162 1622 seu
1193 1575 1388 1621 czetera
1421 1578 1541 1633 qua:
1584 1573 1904 1633 sequuntur.
1937 1560 2151 1632 Nequa-

553 1675 717 1733 quam
754 1646 919 1729 igitur
950 1658 1194 1712 invenies
1219 1656 1421 1710 dixisse
1442 1696 1456 1718 ,
1488 1670 1518 1708 a
1547 1654 1785 1709 sinistris
1814 1653 1930 1723 ejus
1950 1694 1963 1716 ,
1996 1660 2089 1705 aut
2119 1666 2149 1705 a

553 1748 792 1805 sinistris
815 1748 929 1803 suis
959 1748 1176 1803 stetisse
1203 1745 1403 1802 haados.
1437 1744 1531 1799 sed
1559 1743 1899 1798 solummodo
1926 1742 1980 1797 in
2013 1741 2149 1797 sini-

2247 555 2425 618 dicat,
2457 563 2513 609 et
2539 562 2803 611 internum
2847 568 2971 608 esse
3007 561 3255 610 testetur.
3286 553 3363 609 De
3391 570 3500 624 quo
3550 555 3681 627 igne
3724 572 3837 626 pro-

2246 646 2388 703 fecto
2431 648 2600 704 Isaias
2627 647 2776 713 dicit,
2815 647 2959 718 quod
2989 647 3177 703 vermis
3202 662 3384 702 eorum
3414 663 3521 703 non
3550 648 3803 702 morietur
3822 691 3837 714 ,

2247 746 2295 793 et
2320 739 2457 809 ignis
2486 755 2668 794 eorum
2698 755 2803 793 non
2828 739 3193 808 exstinguetur
3231 737 3368 809 (isa.
3403 755 3530 795 LXVI
3552 780 3568 801 .
3601 738 3721 809 24).
3746 739 3836 807 Qui

2250 832 2482 903 denique
2510 832 2651 904 ignis
2686 832 2919 889 forsitan
2949 832 3072 886 talis
3097 839 3367 901 tantmqne
3395 833 3722 891 substantia:
3741 842 3839 898 est,

2249 932 2310 979 ut
2338 925 2502 979 etiam
2534 924 2900 997 incorporalia
2932 932 2988 981 et
3018 924 3309 979 invisibilia
3340 923 3653 979 comburat.
3698 924 3839 983 Unde

2249 1025 2304 1073 et
2335 1016 2630 1074 multorum
2660 1016 2845 1089 opinio
2872 1024 2977 1081 est,
3008 1016 3154 1086 quod
3195 1015 3311 1086 ipse
3338 1015 3505 1071 etiam
3558 1015 3841 1079 invisibilis

2250 1110 2324 1165 sit
2350 1107 2698 1165 constitutus.
2735 1106 3002 1174 Quoniam
3028 1106 3182 1177 juxta
3214 1106 3360 1177 quod
3393 1105 3472 1159 ait
3506 1103 3837 1175 Apostolus:

2252 1197 2587 1270 Temporalia
2623 1210 2743 1261 sunt
2771 1213 2889 1269 qua:
2917 1199 3185 1262 ridentur,
3227 1207 3275 1253 et
3310 1214 3429 1268 qua:
3455 1214 3560 1253 non
3588 1198 3837 1267 videntur,

2251 1300 2449 1346 wtcrna
2481 1289 2565 1362 (11
2601 1288 2726 1346 Cor.
2758 1307 2837 1356 tv,
2864 1290 2972 1359 18).
3007 1289 3114 1345 Sed
3143 1287 3283 1345 forte
3304 1289 3374 1342 de
3402 1289 3488 1346 his
3512 1290 3605 1359 qui
3639 1290 3836 1359 impne-

2250 1385 2552 1441 scntiarum
2606 1392 2733 1439 sunt
2781 1384 2934 1439 dicit.
2966 1382 3221 1452 Alioquin
3254 1382 3299 1437 si
3331 1380 3443 1437 sola
3474 1397 3600 1452 quae
3630 1398 3737 1437 non
3765 1383 3836 1457 vi-

2251 1476 2447 1531 dentur
2478 1483 2684 1531 teterna
2731 1484 2892 1541 sunt,
2926 1483 2981 1529 ut
3017 1491 3138 1549 qua:
3180 1474 3434 1529 videntur
3488 1472 3838 1545 temporalia,

2253 1565 2543 1622 invisibilis
2571 1576 2655 1623 est
2686 1566 2774 1623 ille
2807 1567 2947 1639 ignis
2970 1607 2984 1631 ,
3016 1582 3084 1623 ne
3116 1566 3430 1637 temporalis
3456 1568 3738 1630 credatur,
3757 1567 3839 1639 qui

2251 1667 2491 1713 aeternus
2530 1658 2753 1714 dicitur.
2792 1657 2851 1714 Si
2906 1668 3087 1717 autem
3140 1657 3386 1713 diabolus
3434 1666 3491 1713 et
3530 1658 3648 1729 ipse
3691 1658 3838 1715 etiam

2253 1761 2491 1809 internus
2513 1760 2617 1817 est,
2668 1767 2795 1808 vere
2838 1761 2890 1808 et
2936 1753 3053 1823 ipse
3094 1752 3234 1824 ignis
3263 1750 3357 1820 qui
3391 1750 3440 1805 ei
3480 1759 3708 1822 paratus
3730 1760 3839 1815 est,

552 1841 702 1897 stris.
734 1841 975 1896 Primum
1005 1839 1057 1895 in
1090 1838 1200 1893 Deo
1225 1879 1240 1902 .
1274 1845 1331 1891 υι
1357 1836 1468 1891 ιΙὶΧί
1494 1877 1509 1901 ν
1543 1835 1670 1905 (ιυίει
1702 1835 1837 1889 "illi!
1868 1834 2148 1889 SiniSlPttm
2177 1837 2227 1899 B
2253 1854 2491 1901 internus
2521 1853 2669 1901 recte
2703 1843 3008 1901 credendus
3036 1851 3142 1906 est,
3172 1843 3297 1913 quia
3329 1841 3459 1897 nulli
3494 1841 3657 1903 alteri
3695 1855 3842 1911 quam

553 1943 654 1991 est.
698 1933 899 1989 Deinde
936 1932 1063 2002 quia
1096 1944 1197 1986 nec
1227 1929 1320 1985 Dei
1354 1938 1438 1984 est
1472 1930 1617 1999 quod
1656 1944 1684 1982 a
1714 1927 1953 1984 sinistris
1985 1935 2145 1991 sunt,

555 2026 648 2081 sed
680 2025 920 2094 ipsorum
948 2022 1041 2090 qui
1081 2037 1140 2077 se
1176 2021 1230 2076 in
1261 2020 1500 2075 sinistris
1528 2019 1747 2073 malitim
1777 2034 1889 2073 suae
1918 2017 2151 2074 colloca-

553 2129 790 2183 verunt,
838 2116 1087 2171 nolentes
1118 2115 1467 2170 dexterorum
1513 2113 1667 2184 sequi
1707 2113 1953 2184 vestigia.
1999 2112 2153 2180 Quod

556 2219 737 2266 autem
782 2210 1015 2281 primum
1066 2222 1161 2263 eos
1194 2222 1298 2277 qua
1346 2206 1552 2262 dextris
1592 2214 1750 2269 sunt,
1797 2214 2149 2270 remunerat,

552 2303 863 2373 benignitas
906 2309 991 2355 est
1038 2299 1340 2356 Salvatoris
1381 2298 1471 2354 Dei
1502 2340 1515 2365 ,
1547 2299 1672 2369 quia
1703 2313 1919 2368 semper
1950 2297 2157 2352 mavult

554 2396 820 2453 beneﬁcia
849 2395 1021 2465 gratis
1046 2402 1307 2466 priestare
1327 2435 1341 2459 ,
1372 2408 1537 2463 quam
1574 2392 1870 2446 vindictam
1895 2399 2153 2461 peccato-

555 2505 676 2544 rum
706 2530 720 2553 ,
766 2488 931 2541 etiam
962 2487 1199 2541 debitam
1228 2526 1242 2550 ,
1277 2484 1594 2555 rependere.
1624 2483 1872 2538 lmitator
1914 2498 2047 2551 ergo
2073 2490 2157 2537 est

555 2580 763 2648 Patris;
801 2596 924 2635 nam
952 2579 1119 2634 Pater
1143 2595 1237 2634 eos
1274 2594 1411 2651 quos
1441 2579 1491 2631 in
1522 2577 1731 2632 dextris
1754 2576 2038 2632 constituit
2065 2577 2157 2630 be-

556 2673 809 2729 nedicere
850 2670 1088 2736 mavult,
1127 2686 1288 2740 quam
1331 2667 1654 2723 maledicere
1688 2683 1825 2739 quos
1856 2684 1884 2721 a
1918 2667 2157 2722 sinistris

557 2763 818 2833 iniquitas
841 2761 1079 2831 ipsorum
1103 2769 1250 2814 stare
1277 2759 1420 2814 fecit.
1452 2758 1746 2828 Propterea
1776 2772 1881 2812 non
1909 2758 1985 2811 ait
2013 2774 2026 2811 :
2061 2755 2153 2810 Di-

558 2855 764 2912 scedite
789 2869 817 2907 a
856 2868 976 2915 me,
1007 2850 1279 2905 maledicti
1318 2850 1497 2904 Patris
1529 2848 1670 2914 mei,
1705 2849 1962 2918 quoniam
1993 2849 2158 2903 bene-

559 2944 814 3000 dictionis
840 2950 921 2997 est
952 2941 1131 3011 potius
1154 2940 1382 3010 largitor
1412 2938 1599 3003 Pater,
1631 2938 2029 2993 maledictionis
2056 2954 2154 2991 au-

559 3044 668 3091 tem
700 3034 1075 3103 unusquisque
1106 3031 1205 3085 sibi
1239 3040 1323 3085 est
1351 3039 1565 3095 auctor,
1601 3045 1722 3085 cum
1757 3029 2158 3085 maledictioni—

562 3128 665 3183 bus
702 3127 861 3196 digna
888 3134 1166 3195 operatur.
1200 3123 1263 3177 Et
1298 3122 1591 3177 notandum
1618 3121 1758 3191 quod
1784 3122 1882 3186 ait,
1909 3122 2159 3175 discedite

2256 1935 2469 1991 diabolo
2492 1945 2718 2006 paratus
2747 1934 2972 1991 dicitur.
3005 1932 3171 1988 Forte
3200 1933 3300 1988 iste
3341 1932 3482 2003 ignis
3510 1931 3733 2004 quando
3760 1945 3846 2004 pa-

2256 2034 2406 2080 ratus
2433 2036 2517 2081 est
2544 2026 2758 2080 diabolo
2785 2041 2815 2078 a
2841 2024 2989 2096 justo
3012 2023 3193 2092 judice
3213 2063 3228 2089 ,
3262 2022 3377 2094 ipse
3413 2023 3580 2078 homo
3627 2022 3849 2089 necdum

2254 2128 2392 2172 erat.
2435 2116 2500 2171 Et
2544 2116 2666 2172 ideo
2716 2116 2789 2171 illi
2836 2125 3060 2189 paratur
3106 2115 3198 2188 qui
3233 2123 3522 2170 corruerat
3562 2124 3849 2185 antequam

2257 2208 2419 2262 homo
2447 2215 2613 2263 esset.
2647 2207 2712 2262 Et
2744 2207 2857 2279 ipse
2880 2208 2966 2263 cui
2994 2217 3244 2279 paratur,
3294 2207 3421 2262 licet
3464 2206 3748 2278 spiritale,
3777 2215 3851 2261 ta-

2258 2312 2379 2351 men
2412 2312 2609 2370 corpus
2642 2298 2841 2353 habere
2884 2313 2989 2353 non
3020 2307 3270 2368 negatur.
3301 2297 3456 2367 Quod
3500 2297 3545 2352 si
3588 2296 3848 2362 diabolus,

2258 2390 2509 2459 quamvis
2554 2389 2800 2460 spiritale
2830 2406 3028 2460 corpus
3061 2391 3261 2445 habere
3291 2390 3566 2455 creditur,
3600 2391 3732 2461 quid
3762 2390 3854 2445 mi-

2259 2497 2399 2547 rum,
2432 2483 2477 2536 si
2505 2492 2559 2538 et
2593 2484 2707 2552 ipse
2744 2483 2885 2552 ignis
2918 2483 3006 2553 qui
3041 2484 3092 2538 ei
3140 2492 3362 2552 paratus
3411 2492 3497 2537 est
3525 2523 3541 2549 ,
3599 2482 3857 2554 spiritalis

2259 2584 2421 2645 atque
2453 2590 2749 2647 corporeus
2773 2590 2892 2629 esse
2915 2575 3207 2630 credatur?
3239 2575 3388 2631 llnde
3410 2585 3463 2630 et
3486 2577 3601 2645 ipsa
3630 2592 3857 2647 corpora

2260 2668 2492 2721 lmmana
2528 2684 2578 2720 III
2612 2668 3043 2731 resurrectione,
3090 2667 3216 2739 quia
3264 2667 3530 2736 spiritalia
3558 2678 3727 2722 erunt
3755 2683 3860 2725 non

2259 2762 2327 2817 ab
2374 2776 2431 2814 re
2480 2760 2726 2815 creditur
2779 2775 2845 2815 eo
2894 2760 3005 2831 igni
3038 2775 3199 2831 posse
3241 2761 3473 2815 cremari
3519 2770 3856 2830 utrumque,

2258 2869 2453 2922 corpus
2509 2853 2716 2907 scilicet
2758 2862 2810 2906 et
2861 2853 3101 2908 animam
3159 2854 3213 2907 in
3267 2853 3536 2924 gehenna.
3597 2851 3858 2909 Cebenna

2258 2946 2479 3016 quippe,
2509 2945 2704 3015 duplex
2746 2959 2907 3015 poena
2963 2944 3186 3000 dicitur.
3231 2944 3393 2999 Forte
3431 2944 3559 3015 quia
3589 2954 3860 3015 corpuset

2260 3039 2439 3090 anima
2480 3051 2546 3090 eo
2588 3045 2861 3090 crematur
2902 3036 3199 3103 incendio;
3253 3045 3314 3090 ut
3378 3038 3503 3109 quia
3571 3036 3860 3108 dupliciter

2262 3130 2425 3184 homo
2456 3128 2725 3200 deliquit,
2769 3127 3056 3200 dupliciter
3092 3129 3366 3200 puniatur.
3408 3128 3518 3184 Nec
3567 3130 3741 3201 igitur
3769 3129 3860 3183 mi~

567 3236 598 3269 (ι
631 3233 733 3270 me.
763 3216 806 3269 A
835 3231 893 3270 se
923 3214 1139 3283 quidem
1162 3212 1315 3281 jubet
1340 3213 1639 3276 discedere,
1669 3213 1775 3272 cui.
1804 3212 1931 3282 quia
1959 3213 2154 3266 media-

2262 3223 2399 3277 reris
2427 3264 2440 3288 ,
2491 3222 2536 3277 si
2584 3224 2797 3277 dicatur
2842 3222 2981 3296 ignis
3010 3222 3100 3278 ille
3139 3222 3369 3278 visibilis
3398 3232 3494 3278 aut
3525 3222 3822 3280 invisibilis
3843 3263 3859 3288 ,

562 3321 646 3365 tor
670 3309 765 3363 Dei
791 3320 837 3363 et
861 3308 1133 3362 honsimtm
1166 3305 1217 3379 (I
1242 3303 1378 3361 Tim.
1409 3321 1469 3371 ll,
1495 3305 1549 3373 5)
1578 3314 1685 3370 est,
1712 3304 2037 3359 videbantur
2057 3320 2154 3374 per

561 3418 635 3459 sai
658 3410 903 3458 ramenta
935 3416 1088 3455 nova:
1117 3399 1419 3454 nativitatis
1440 3398 1738 3469 conjuncti.
1763 3397 1871 3451 Sed
1901 3398 2026 3466 quia
2053 3396 2153 3467 ipsi

563 3500 904 3547 recesserant
932 3492 1083 3563 prius
1113 3505 1181 3545 ne
1215 3491 1263 3544 ei
1294 3490 1623 3544 inhaererent
1653 3489 1758 3544 lide
1787 3500 1841 3543 et
1866 3490 2152 3561 operibus,

564 3585 807 3640 decernit
826 3582 978 3650 justo
1006 3598 1105 3638 suo
1128 3582 1339 3654 judicio
1362 3597 1455 3637 eos
1485 3584 1563 3635 ire
1586 3583 1639 3636 in
1665 3582 1844 3652 ignem
1868 3591 2149 3637 internum.

534 3677 699 3745 -Quia
734 3678 883 3747 prius
934 3677 1032 3748 ipsi
1067 3676 1119 3729 in
1167 3690 1291 3729 eum
1321 3674 1637 3728 deciderant
1682 3675 1856 3745 ignesn
1887 3715 1902 3739 ,
1946 3690 2069 3730 cum
2103 3676 2155 3727 in

562 3768 762 3825 s:eculo
803 3770 920 3823 sine
962 3766 1280 3838 pmniteutia
1307 3807 1322 3832 ,
1353 3765 1609 3821 saeculum
1647 3766 1816 3837 magis
1855 3767 2156 3821 amaverint

562 3875 727 3930 quam
760 3858 948 3912 Deum.
976 3856 1089 3912 Nec
1110 3856 1257 3911 enim
1281 3854 1396 3911 sola
1427 3854 1795 3910 inhumanitas
1825 3855 1878 3909 in
1905 3856 1987 3910 eis
2012 3856 2158 3910 dam-

567 3961 698 4009 nata
725 3953 988 4017 creditur,
1012 3952 1153 4008 sicut
1172 3968 1270 4006 nec
1293 3950 1407 4007 sola
1433 3950 1655 4021 largitas
1679 3952 1732 4006 in
1758 3952 1841 4006 bis
1861 3952 1953 4022 qui
1979 3968 2008 4005 a
2031 3953 2157 4007 dex-

566 4052 667 4106 tris
706 4058 865 4105 erunt
896 4057 1263 4105 remunerata.
1292 4047 1397 4104 Sed
1440 4050 1565 4119 quia
1600 4051 1783 4105 mundi
1828 4052 1991 4105 rebus
2020 4048 2159 4105 male

566 4143 721 4200 abusi
748 4153 874 4199 sunt
905 4143 957 4197 in
991 4142 1273 4212 superbia,
1306 4144 1629 4213 semetipsos
1661 4143 1999 4198 tradiderunt
2022 4159 2157 4197 con-

567 4237 918 4308 cupiscentiis
942 4236 1075 4299 suis,
1105 4235 1325 4306 suisque
1354 4235 1719 4292 inserviernnt
1742 4237 1971 4292 luxuriis
1992 4245 2046 4291 et
2067 4254 2162 4291 vo-

569 4325 871 4396 luptatibns
896 4366 908 4388 ,
941 4340 1041 4380 nec
1088 4324 1376 4379 voluerunt
1423 4326 1533 4380 Deo
1578 4337 1837 4397 priestare
1868 4327 2064 4397 quibus
2102 4342 2160 4382 se

567 4418 905 4473 redimerent
925 4434 940 4484 ;
964 4425 1019 4471 et
1049 4417 1171 4473 ideo
1192 4415 1347 4474 valde
1374 4418 1788 4481 rationabiliter,
1823 4434 1885 4473 ac
1907 4420 1951 4473 si
1983 4420 2033 4474 in
2068 4435 2160 4474 ra-

568 4513 687 4569 dice
713 4522 821 4567 tota
842 4512 1132 4567 damnatur
1154 4512 1434 4582 iniquitas,
1458 4528 1581 4567 cum
1604 4513 1718 4568 sola
1737 4513 1988 4585 culpatur
2007 4515 2162 4569 inlut-

2258 3314 2385 3384 quia
2436 3329 2542 3368 non
2590 3314 2889 3369 secundum
2943 3314 3085 3369 hanc
3132 3315 3393 3370 visionem
3440 3325 3714 3379 nostram,
3755 3331 3857 3386 qua

2260 3420 2404 3460 nunc
2434 3406 2701 3471 videmus,
2731 3405 2817 3459 illa
2848 3406 3131 3463 visibilitas
3159 3410 3262 3462 erit
3285 3448 3299 3472 ,
3335 3408 3481 3462 sicut
3522 3423 3627 3462 nec
3668 3423 3860 3479 (Ὅψο-

2258 3516 2349 3556 rea
2396 3500 2662 3572 spiritalia
2696 3500 2842 3565 talia,
2888 3499 3067 3571 qualia
3098 3516 3243 3556 nunc
3271 3512 3399 3557 sunt
3426 3511 3607 3556 erunt.
3641 3501 3713 3557 Et
3753 3502 3859 3572 ipse

2260 3596 2400 3668 ignis
2432 3612 2461 3649 a
2491 3595 2735 3666 sapiente.
2753 3593 2933 3661 judice
2956 3594 3097 3657 Deo,
3149 3610 3250 3650 nec
3286 3595 3481 3649 mirum
3531 3595 3578 3650 si
3632 3595 3760 3649 talis
3780 3602 3859 3650 est

2259 3689 2521 3761 pricvisus
2550 3698 2602 3743 et
2648 3697 3015 3759 pneparatus,
3043 3687 3136 3759 qui
3160 3698 3216 3743 et
3243 3688 3544 3759 angelicam
3577 3688 3728 3743 illam
3755 3687 3857 3760 spi-

2261 3782 2471 3838 ritalem
2516 3793 2680 3854 queat
2708 3790 2960 3851 torquere
2999 3791 3268 3843 naturam,
3319 3792 3373 3835 et
3422 3781 3725 3837 humanam
3750 3781 3856 3852 jam

2262 3875 2562 3946 spiritalem
2612 3876 2988 3930 resuscitatam
3037 3891 3407 3931 concremare.
3454 3874 3591 3931 Nam
3637 3890 3857 3949 regnum

2262 3984 2367 4023 non
2404 3967 2524 4022 aliis
2556 3976 2914 4039 pra-paratum
2944 3966 3142 4022 dicitur
3168 3984 3197 4021 a
3225 3967 3621 4023 constitutione
3653 3967 3854 4045 mundi.

2261 4078 2423 4132 quam
2454 4061 2619 4133 justis
2653 4069 2707 4117 et
2749 4062 2988 4127 sanctis;
3036 4070 3090 4117 et
3120 4060 3242 4116 ideo
3272 4063 3469 4134 quibus
3498 4071 3752 4133 paratum
3779 4070 3853 4117 est

2261 4152 2422 4206 datur
2460 4152 2537 4207 eis
2562 4192 2577 4217 ,
2628 4162 2685 4205 ut
2732 4153 2842 4205 sint
2878 4151 3093 4224 1066
3121 4168 3243 4207 cum
3277 4168 3376 4206 suo
3419 4153 3569 4224 Rege
3619 4151 3852 4208 Clit-isto.

2261 4243 2405 4315 Ignis
2430 4258 2557 4297 vero
2588 4251 2965 4307 :clernus,non
2989 4242 3095 4296 illis
3119 4243 3316 4314 quibus
3340 4243 3576 4299 dicitur:
3606 4244 3863 4317 Discede;

2263 4354 2296 4390 ο
2320 4354 2419 4401 me,
2447 4335 2731 4401 umledicti,
2760 4346 2980 4406 paratus
3005 4345 3118 4401 est,
3150 4338 3288 4392 sicut
3316 4354 3542 4409 regnum
3562 4337 3753 4407 justis,
3776 4337 3865 4393 sed

2265 4426 2481 4481 diabolo
2506 4434 2562 4481 et
2587 4427 2793 4497 angelis
2821 4427 2959 4499 ejus.
2988 4426 3123 4496 Quia
3166 4438 3426 4499 quantum
3458 4431 3524 4483 ad
3561 4432 3737 4485 Deum
3779 4444 3871 4483 es-

2267 4526 2493 4589 spectat,
2527 4518 2774 4573 homines
2800 4534 2905 4572 non
2932 4518 2998 4573 ad
3033 4520 3395 4590 perditionem
3424 4524 3655 4589 creavit,
3681 4524 3784 4579 sed
3806 4521 3874 4576 ad

568 4605 827 4668 manitas,
854 4611 908 4659 et
930 4618 1111 4658 rerum
1136 4603 1444 4675 benignitas
1468 4604 1729 4660 fratribus
1749 4605 2012 4677 denegata
2037 4622 2164 4661 con-
2189 4582 2242 4642 D
2270 4613 2437 4665 vitam
2475 4620 2529 4667 et
2571 4611 2850 4679 gaudium,
2894 4620 2953 4666 ut
2985 4622 3326 4669 restauretur
3364 4630 3628 4670 numerus
3651 4631 3872 4677 eorum.

569 4696 875 4751 demnatur.
907 4694 1089 4767 Ignem
1135 4704 1316 4750 autem
1356 4704 1619 4751 internum
1651 4712 1810 4767 quem
1841 4698 2001 4764 dicit,
2032 4697 2161 4753 nulli

567 4787 794 4843 dubiqu
837 4786 981 4856 quod
1011 4786 1239 4840 alterius
1280 4787 1496 4855 generis
1526 4796 1608 4840 est
1638 4787 1779 4858 ignis
1802 4826 1818 4853 ,
1867 4803 2029 4857 quam
2059 4790 2163 4845 iste

567 4892 731 4950 quem
751 4893 894 4932 nunc
915 4877 1173 4947 temporis
1189 4876 1451 4932 habemus
1467 4877 1520 4931 in
1538 4894 1655 4933 usu.
1676 4879 1810 4946 Quia
1831 4880 2006 4935 nullus
2023 4880 2164 4950 ignis

567 4970 856 5042 praesentis
871 4969 1052 5025 saeculi
1070 4978 1326 5023 internus.
1350 4967 1541 5025 Nescio
1556 4971 1698 5024 cnim
1718 4981 1898 5027 utrum
1917 4972 2017 5036 sol,
2037 4972 2161 5041 quia

570 5062 712 5133 ignis
743 5077 803 5118 se
837 5078 959 5116 esse
992 5061 1210 5126 dicitur,
1248 5071 1485 5117 internus
1516 5063 1711 5118 debeat
1744 5065 1924 5119 vocari
1954 5080 2127 5119 necne
2147 5106 2161 5129 ,

572 5156 698 5224 quia
731 5154 1009 5210 mutabilis
1032 5164 1141 5218 est,
1165 5157 1269 5210 etsi
1301 5155 1355 5209 in
1383 5155 1576 5211 melius
1598 5160 2044 5213 commutabitur.
2075 5158 2165 5213 Ille

576 5245 788 5319 1065
819 5257 999 5301 autem
1027 5248 1168 5318 ignis
1193 5247 1260 5302 de
1288 5264 1397 5319 quo
1427 5248 1515 5305 hic
1542 5249 1771 5315 dicitur,
1806 5251 1992 5320 utique
2014 5258 2169 5305 teter-

573 5357 677 5397 nus
709 5357 832 5397 esse
858 5343 1108 5397 lirmatur
1132 5360 1147 5410 ;
1181 5344 1307 5413 quia
1333 5345 1537 5399 veritas
1564 5354 1648 5400 est
1674 5346 1766 5415 qui
1797 5361 1920 5400 eum
1952 5348 2166 5402 diabolo

571 5441 823 5503 paratum
859 5449 981 5491 esse
1015 5436 1363 5506 repromittit.
1388 5436 1455 5490 Et
1484 5436 1606 5490 ideo
1629 5452 1733 5489 non
1767 5436 1925 5492 aliter
1945 5439 2166 5493 credere

574 5533 814 5596 oportet,
853 5526 958 5581 nisi
1005 5538 1065 5580 ιιῑ
1103 5527 1216 5597 ipsa
1260 5526 1474 5583 Veritas
1519 5527 1613 5580 ait.
1656 5526 1917 5595 Quamvis
1945 5531 2161 5599 quidam

576 5616 702 5671 novi
727 5626 1032 5673 assertores
1056 5618 1327 5679 falsitatis,
1356 5628 1416 5673 ut
1438 5618 1709 5689 decipiant
1734 5620 1875 5675 male
1896 5621 2163 5688 incautos,

576 5707 747 5765 velint
773 5719 1021 5766 astruere
1048 5712 1190 5765 nulla
1224 5712 1329 5766 alia
1357 5728 1479 5767 esse.
1514 5726 1710 5782 genera
1732 5728 2036 5784 pinnarum,
2073 5732 2166 5771 nco

580 5813 685 5873 que
727 5799 842 5857 loca
888 5811 1277 5858 tormentorum
1330 5806 1472 5872 quod
1516 5807 1765 5875 prOprias
1806 5808 2166 5863 coaSeientias

2270 4703 2364 4774 qui
2397 4692 2447 4756 in
2478 4702 2694 4758 diabolo
2723 4710 2779 4756 et
2807 4702 3015 4773 angelis
3058 4702 3175 4772 ejus
3222 4704 3361 4759 male
3400 4705 3735 4776 deperierat.
3770 4704 3874 4775 ipsi

2268 4809 2401 4849 vero
2439 4801 2728 4865 peccantes
2764 4792 3066 4864 junxerunt
3124 4809 3181 4849 se
3206 4835 3221 4860 ,
3272 4793 3639 4849 inobediendo
3676 4798 3878 4865 angeio

2273 4888 2637 4941 tenebrarum.
2660 4884 2812 4942 Unde
2829 4885 3032 4956 justum
3059 4886 3179 4950 fuit,
3200 4897 3260 4943 ut
3282 4889 3425 4943 sicut
3448 4889 3521 4943 illi
3543 4891 3635 4961 qui
3658 4890 3881 4944 salvan-

2273 4986 2358 5031 tur
2386 4976 2588 5032 sanetis
2618 4975 2826 5048 angelis
2856 4988 3208 5049 coaequantur
3238 4979 3291 5032 in
3324 4982 3741 5037 resurrectione
3769 5024 3785 5041 ,
3828 4990 3884 5039 et

2270 5072 2405 5126 ﬁunt
2428 5070 2520 5125 lilii
2546 5070 2637 5124 Dei
2658 5087 2672 5135 ;
2693 5071 2771 5125 sic
2787 5072 2898 5142 qui,
2919 5074 3197 5143 perierunt
3211 5073 3499 5130 diabolicis
3514 5088 3886 5146 cmequanzur

2271 5164 2477 5236 angelis
2506 5206 2520 5229 ,
2568 5174 2622 5218 et
2652 5164 2786 5219 tiunt
2814 5175 3097 5237 consortes
3129 5182 3339 5223 eorum.
3374 5167 3588 5235 Quibus
3619 5170 3835 5225 dicitur
3869 5184 3884 5219 :

2274 5257 2483 5312 Esuriri
2512 5269 2558 5313 et
2588 5277 2689 5313 non
2729 5261 2946 5314 dedistis
2972 5262 3099 5315 mihi
3130 5263 3475 5329 ntundtttare,
3517 5266 3661 5319 sitiri
3694 5278 3747 5339 et
3783 5281 3887 5319 non

2269 5349 2487 5405 dedistis
2512 5352 2637 5405 mihi
2660 5363 2861 5423 potum.
2897 5352 3027 5408 Mira
3064 5353 3273 5435 Domini
3305 5354 3432 5427 Jcsn
3458 5355 3665 5421 Christi
3698 5358 3889 5414 unitas

2271 5448 2599 5518 przedicatur
2636 5463 2758 5500 cum
2798 5463 2896 5503 suo
2953 5461 3201 5519 corpore,
3260 5457 3320 5503 ut
3372 5450 3653 5523 intelligas
3720 5458 3895 5523 caput

2272 5538 2385 5592 suis
2420 5537 2676 5609 compati,
2709 5537 2791 5592 vel
2820 5538 3183 5609 congratulari
3209 5541 3489 5605 membris,
3520 5542 3667 5597 sicut
3702 5544 3897 5598 anima

2272 5630 2325 5685 in
2359 5646 2584 5701 corpore
2615 5632 2853 5686 humano
2876 5634 3207 5704 compatitur
3230 5635 3299 5697 ei,
3327 5635 3583 5705 quamvis
3614 5653 3732 5693 non
3765 5653 3897 5695 csu-

2274 5723 2397 5785 riat,
2427 5731 2689 5793 quantum
2731 5723 2795 5777 ad
2836 5740 2987 5778 suam
3029 5734 3305 5797 exspectat
3356 5736 3633 5793 naturam,
3690 5732 3903 5792 esuriit

2276 5823 2451 5869 tamen
2482 5814 2730 5885 corporis
2760 5814 2963 5878 cibum,
3006 5817 3057 5868 in
3090 5832 3152 5869 eo
3180 5820 3321 5889 quoii
3355 5829 3609 5888 copulata
3639 5836 3713 5876 es
3776 5840 3903 5883 om.
