4016 6354
892 318 1254 384 EXPOSITIO
1289 324 1357 381 IN
1397 318 1835 384 ΜΔΤἸἮιΕυΜ.
1874 355 1946 368 --
1980 323 2108 383 LIB.
2148 325 2239 393 XI,
2280 325 2431 384 CAP.
2476 322 2643 383 XXV.

3296 323 3403 382 orm

146 440 245 515 pari
268 453 383 503 suo,
424 446 483 495 et
509 438 770 508 pascitur.
800 437 895 495 Sic
922 448 977 496 et
1009 439 1259 496 Christus
1298 441 1491 507 esurit,
1516 449 1572 497 et
1601 456 1697 513 pa-
1728 441 1777 505 Δ
1804 439 2093 517 pnecipuis
2128 439 2181 495 in
2215 438 2455 495 Ecclesia
2506 438 2765 495 membris
2795 479 2808 505 ,
2861 454 2964 496 nec
3003 440 3246 498 minimis
3282 443 3407 515 qui-

149 536 263 592 titnr
292 532 344 587 in
385 546 615 601 corpore
660 546 761 587 suo
806 547 928 603 qua:
975 541 1060 589 est
1115 532 1358 588 Ecclesia
1393 574 1409 600 ,
1464 533 1711 603 pascitur

146 640 331 700 quoque
351 633 408 682 et
424 624 690 688 reficitur,
705 640 830 681 cum
851 625 925 681 sit
954 625 1069 695 ipse
1095 626 1446 697 impassibilis
1463 636 1520 684 et
1549 627 1711 684 nullis

147 717 581 793 egeatalimentis.
611 715 718 773 Sed
746 716 800 772 in
823 732 1151 789 unoquoque
1199 728 1510 779 sanctorum
1547 720 1711 775 alitur

144 811 259 869 cibis
292 817 345 866 et
394 807 641 866 reficitur
666 816 796 878 potu
824 849 841 874 ,
878 809 1107 865 vestitur
1129 811 1306 875 nudus
1334 820 1389 867 et
1439 810 1710 878 colligitur

145 903 332 973 hospes,
363 900 419 957 in
448 915 675 957 carcere
700 900 1013 957 consolatur
1042 910 1100 961 et
1136 901 1387 958 visitatur
1432 903 1703 970 infirmus,

143 1012 241 1067 qua:
262 1010 419 1059 nemo
439 995 546 1050 nisi
571 1008 699 1050 vere
718 993 891 1051 fidelis
914 994 1185 1068 intelligit,
1201 1004 1258 1051 et
1291 996 1493 1066 Spiritu
1518 1006 1707 1057 saneto

144 1092 468 1147 illuminatus.
504 1090 659 1160 Quod
685 1092 731 1147 si
755 1090 953 1149 Paulus
987 1107 1111 1149 vere
1137 1107 1261 1149 cum
1302 1092 1705 1153 infirmantibus

143 1182 444 1247 inﬁrmatur,
465 1190 515 1238 et
534 1198 658 1238 cum
684 1183 938 1239 omnibus
958 1184 1164 1253 patitur
1187 1183 1468 1248 fratribus,
1497 1194 1704 1255 quanto

141 1275 283 1345 magis
305 1282 472 1344 caput
512 1274 681 1331 totius
712 1273 970 1331 Ecclesiae
996 1274 1282 1343 Christus,
1308 1276 1399 1346 qui
1430 1276 1561 1335 dicit
1585 1277 1697 1333 uni-

140 1365 305 1436 csiquc
324 1365 580 1436 patienti,
610 1381 733 1425 eum
766 1366 883 1435 ipso
906 1380 1024 1429 sum
1053 1367 1107 1425 in
1136 1368 1518 1425 tribulatione?
1542 1368 1700 1437 Qua:-

48 1502 51 1507 .
139 1469 206 1520 so,
224 1455 454 1524 prudens
480 1455 675 1521 lector,
702 1456 994 1517 considera
1019 1472 1183 1528 quam
1216 1457 1501 1530 dilisenter
1538 1460 1701 1530 justis

136 1544 460 1605 dinumerans
509 1547 652 1609 bona
691 1564 787 1605 sua
819 1588 836 1613 ,
887 1548 1210 1607 immoratur
1264 1549 1320 1605 in
1376 1566 1701 1622 unoquoque

135 1638 295 1705 verbo,
331 1655 434 1711 per
473 1640 686 1711 singula
718 1641 950 1701 laudans
978 1656 1094 1707 eos,
1133 1651 1189 1699 et
1227 1642 1496 1699 extollens
1534 1643 1700 1699 bene-

134 1729 253 1786 facta
281 1747 493 1791 eorum.
528 1731 705 1795 Porro
733 1734 820 1789 his
861 1734 954 1805 qui
985 1750 1018 1789 a
1060 1734 1300 1793 sinistris
1344 1744 1537 1803 erunt,
1576 1736 1699 1792 vide

1813 533 2071 601 buslibet,
2096 534 2440 590 dinumerata
2471 545 2595 591 sunt
2622 533 3009 605 praestiterunt.
3041 535 3291 596 Minimas
3310 555 3407 598 au-

1814 635 1922 682 tem
1949 627 2218 698 quoslibet
2253 642 2443 683 eorum
2477 627 2597 682 ideo
2626 634 2806 691 vocat,
2848 627 2931 682 vel
2963 628 3088 695 quia
3123 630 3175 684 in
3204 633 3407 692 mundo

1814 719 2023 777 minimi
2082 729 2209 779 sunt
2265 719 2558 785 aestimati,
2598 719 2681 774 vel
2724 719 2848 797 quia
2898 721 3036 793 apud
3085 723 3408 795 semetipsos

1812 808 2067 866 minimos
2104 810 2509 879 judicaverunt,
2540 826 2607 866 eo
2635 811 2779 880 quod
2825 808 3079 883 deessent
3125 813 3177 883 in
3232 815 3405 871 oculis

1812 901 1924 957 suis
1955 902 2220 967 humiles,
2252 911 2309 957 ut
2335 903 2475 973 apud
2519 902 2686 957 Deum
2720 902 3097 959 invenirentur
3130 907 3312 983 magni
3360 907 3404 967 si

1810 1002 2170 1064 sequerentur
2192 1010 2339 1071 eum,
2365 995 2456 1066 qui
2483 994 2620 1049 dixit
2645 1014 2658 1050 :
2690 994 2888 1050 Discite
2919 1014 2951 1051 α
2972 1013 3075 1065 me,
3102 999 3226 1071 quia
3262 1000 3405 1083 ’mitis

1809 1102 1925 1151 sum
1964 1097 2011 1141 et
2045 1087 2260 1142 humilis
2284 1088 2439 1143 corde
2461 1087 2676 1156 (Matth.
2708 1106 2787 1149 χι.
2809 1089 2923 1162 9.9).

1880 1176 1947 1231 Et
1980 1178 2126 1231 ibunt
2172 1179 2226 1232 lii
2260 1179 2314 1232 in
2359 1178 2673 1250 supplicium
2722 1190 2975 1235 trternum
3007 1222 3022 1243 ,
3056 1180 3190 1257 justi
3228 1196 3401 1240 autent

1806 1268 1861 1322 in
1917 1270 2075 1322 vitam
2120 1279 2393 1324 aeternam.
2438 1269 2676 1324 Audiant
2729 1272 2819 1342 qui
2870 1271 3060 1327 volunt
3102 1282 3404 1329 extenuare

1808 1368 2081 1417 tormenta
2117 1361 2412 1417 inferorum
2432 1403 2447 1429 ,
2478 1372 2532 1417 et
2558 1378 2747 1419 omnes
2776 1365 3103 1437 quandoque
3140 1384 3195 1423 re
3222 1368 3315 1423 sire
3338 1369 3405 1424 ad

1806 1455 2043 1511 veniam.
2093 1453 2227 1509 Nam
2258 1465 2314 1511 et
2353 1455 2492 1528 ignis
2517 1466 2754 1511 internus
2778 1472 2809 1511 a
2840 1457 3070 1513 Domino
3100 1461 3362 1530 probatur
3387 1503 3402 1529 ,

1806 1556 1862 1602 et
1907 1547 1960 1602 in
2006 1548 2331 1619 supplicium
2378 1558 2644 1604 aeternum
2685 1549 2774 1605 isti
2804 1550 3111 1605 mittuntur.
3157 1552 3310 1621 Quod
3357 1553 3404 1609 si

1803 1642 1915 1723 vita
1943 1651 2145 1698 acterna
2176 1652 2492 1699 sanctorum
2534 1652 2589 1700 et
2614 1654 2874 1717 perpetua
2895 1686 2909 1709 ,
2960 1644 3213 1715 miliaque
3250 1645 3405 1701 dein-

1807 1750 1935 1805 ceps
1964 1736 2137 1792 sancti
2183 1738 2395 1808 passuri
2447 1737 2637 1792 ruinas
2685 1754 2698 1789 :
2744 1736 2819 1791 ita
2868 1736 3144 1792 fatendum
3174 1737 3405 1808 quodet

132 1841 266 1895 quam
289 1828 676 1899 compendiose
705 1830 951 1899 prtecidit
999 1830 1235 1902 singula,
1287 1842 1342 1887 et
1388 1832 1594 1904 colligit
1644 1833 1699 1887 in
1729 1811 1776 1872 Β
1803 1828 2064 1900 supplicia
2093 1830 2428 1900 perditorum
2458 1830 2738 1885 hominum
2766 1871 2781 1896 ,
2835 1830 3053 1902 1068
3088 1840 3143 1886 et
3173 1832 3398 1903 angelo-

131 1914 256 1973 brevi
304 1917 575 1989 neglecta,
610 1917 765 1987 juxta
796 1920 1059 1990 quosdam
1097 1920 1317 1976 codices
1344 1961 1359 1987 ,
1389 1936 1509 1992 quae
1535 1937 1699 1993 supra

131 2004 264 2065 latius
289 2007 522 2069 revolvit
548 2008 857 2081 benefacta.
898 2010 1163 2080 Quoniam
1196 2012 1696 2083 misericordissimi

122 2094 294 2166 iudicis
332 2108 421 2159 est
460 2100 589 2169 talia
630 2100 949 2172 locupletius
999 2102 1301 2173 praedicare
1339 2112 1395 2160 et
1435 2104 1699 2176 ampliare

126 2188 370 2253 laudibus.
402 2192 687 2255 malefacta
710 2210 840 2257 vero
868 2209 1058 2252 eorum
1093 2195 1406 2265 transitorie
1435 2212 1499 2253 ac
1520 2196 1699 2253 brevi-

126 2289 214 2344 ter.
240 2283 390 2352 quasi
419 2284 606 2343 dolens
626 2286 935 2341 memorari.
971 2285 1079 2349 Sed
1114 2296 1168 2341 et
1196 2285 1330 2358 justi
1360 2286 1426 2345 ad
1454 2286 1695 2345 favorem

120 2372 291 2443 judicis
316 2376 402 2433 sui
443 2378 857 2446 respondentes,
892 2378 1258 2443 immorantur
1283 2378 1338 2439 in
1364 2393 1694 2451 unoquoque

124 2466 284 2532 verbo,
312 2480 368 2525 et
403 2483 505 2527 sua
545 2484 613 2525 eo
646 2479 836 2525 tenore
870 2485 979 2541 quo
1003 2479 1060 2525 et
1082 2468 1252 2539 judex
1298 2470 1649 2527 dinumerant
1679 2512 1693 2538 ,

125 2556 201 2611 sed
219 2572 330 2613 cum
355 2557 533 2614 nimia
559 2600 575 2625 ,
609 2567 669 2614 ut
695 2559 804 2613 dixi
831 2600 846 2625 ,
878 2559 1257 2618 admirationis
1286 2569 1340 2616 et
1376 2561 1695 2618 humilitatis

126 2646 306 2718 fomia;
335 2652 604 2722 quoniam
653 2653 929 2727 preprium
964 2653 1238 2725 justorum
1282 2664 1366 2713 est
1413 2655 1694 2712 benefacta

127 2757 204 2797 sua
244 2743 291 2799 in
336 2743 486 2813 facie
540 2743 732 2811 relata,
780 2745 1057 2801 humiliter
1092 2748 1387 2818 suscipere.
1420 2749 1693 2805 interdum

125 2833 260 2886 etiam
282 2842 333 2888 et
358 2835 676 2909 denegare,
708 2852 873 2893 causa
908 2838 1248 2895 humilitatis.
1286 2841 1499 2914 1067
1541 2842 1694 2899 Unde

126 2925 243 2990 quod
275 2925 546 2997 replicant
585 2927 793 3000 singula
824 2930 906 2987 sic
948 2940 1032 3009 est
1060 2973 1076 2998 ,
1127 2940 1383 3003 tanquam
1413 2935 1688 2991 dicerent:

124 3011 215 3070 Nec
238 3017 330 3089 hoc
360 3035 473 3099 nec
507 3018 642 3074 bona
671 3036 790 3090 qua:
818 3022 1006 3077 laudas
1044 3024 1203 3098 digne
1244 3041 1343 3081 nos
1380 3026 1574 3082 fecisse
1603 3042 1695 3083 co-

122 3110 425 3176 gnoscimus.
452 3109 525 3164 At
561 3126 686 3181 vero
726 3112 929 3185 iniusti,
971 3116 1128 3186 quasi
1175 3117 1344 3173 nimio
1366 3120 1575 3189 pudore
1606 3118 1692 3174 vel

1803 1938 1947 1988 rum,
1980 1932 2184 1980 aeterna
2211 1924 2483 1981 credenda
2519 1932 2666 1980 sunt.
2703 1922 2838 1979 Tres
2885 1924 3149 1995 siquidem
3206 1942 3396 1983 narra-

1802 2013 1981 2085 tiones
2039 2015 2179 2079 istaa,
2244 2031 2342 2072 seu
2400 2014 2694 2087 parabolae,
2760 2030 2895 2085 quas
2933 2013 3185 2069 Salvator
3237 2017 3400 2072 simul

1798 2104 2047 2176 iunxisse
2075 2106 2311 2172 videtur,
2345 2106 2409 2161 ad
2441 2106 2667 2161 invicem
2697 2105 2925 2173 collatae,
2966 2122 3128 2160 unam
3166 2107 3401 2176 proban-

1802 2208 1891 2255 tur
1916 2201 2117 2258 habere
2145 2200 2602 2273 intelligentiam,
2648 2216 2864 2270 unoque
2912 2201 2966 2256 in
3015 2200 3242 2269 singulis
3286 2200 3401 2258 suis

1799 2292 2044 2361 partibus
2089 2290 2417 2347 clauduntur
2465 2290 2594 2346 fine.
2642 2289 2884 2358 Quarum
2926 2299 3110 2361 partes
3170 2291 3399 2363 geminae

1799 2388 1952 2445 sunt,
1985 2380 2039 2435 in
2069 2381 2243 2437 bonos
2275 2379 2483 2436 scilicet
2528 2388 2583 2435 et
2619 2376 2809 2435 malos.
2838 2378 2973 2434 Nam
3003 2381 3243 2450 quinque
3271 2397 3398 2451 pru-

1799 2474 2011 2539 dentes,
2042 2489 2164 2545 qua:
2200 2473 2456 2527 dicuntur
2482 2473 2750 2545 virgines,
2792 2472 2920 2543 ipsa:
2950 2484 3077 2527 sunt
3113 2488 3241 2529 oves
3275 2490 3396 2543 quae

1798 2570 2116 2617 statuuntur
2139 2562 2193 2617 in
2224 2562 2464 2627 dextris;
2490 2561 2588 2631 ipsi
2616 2569 2671 2615 et
2695 2560 2801 2616 duo
2834 2560 2957 2615 honi
2986 2562 3127 2615 servi
3155 2578 3249 2617 sua
3275 2578 3397 2633 quae

1797 2663 2127 2725 acceperunt
2153 2652 2373 2718 talenta,
2426 2653 2764 2722 duplicantes
2793 2652 2859 2706 ad
2888 2651 3131 2719 lucrum;
3163 2670 3394 2724 quorum

1796 2762 1937 2801 unus
1968 2748 2073 2800 duo
2114 2746 2333 2816 accipit,
2373 2744 2511 2800 alter
2540 2760 2669 2799 vero
2708 2745 2964 2815 quinque.
3014 2743 3187 2801 Porro
3227 2745 3390 2802 fatua:

1795 2820 1916 2908 qua:
1942 2845 2239 2904 vocantur,
2298 2836 2398 2907 ipsi
2458 2845 2581 2891 sunt
2633 2835 2771 2891 haedi
2817 2836 2908 2906 qui
2949 2851 2978 2890 a
3027 2836 3267 2893 sinistris
3312 2852 3398 2893 se-

1795 2938 2184 3000 questrantur;
2220 2929 2334 3001 ipse
2375 2938 2431 2985 et
2476 2927 2648 2983 malus
2693 2927 2780 2983 ille
2822 2943 3044 2995 servus,
3086 2929 3180 2998 qui
3226 2928 3399 2984 noluit

1794 3020 2004 3075 lucrum
2036 3036 2281 3092 quaerere
2318 3020 2385 3076 de
2415 3019 2636 3076 talento.
2687 3019 2899 3076 Interea
2952 3020 3104 3075 lucra
3163 3019 3401 3076 talento-

1797 3128 1947 3175 rum,
2001 3112 2116 3182 ipsa
2165 3120 2293 3167 sunt
2338 3111 2538 3176 oleum,
2568 3112 2713 3181 quod
2743 3120 2967 3183 paratur
2991 3120 3045 3166 et
3078 3111 3421 3193 reconditur

123 3212 321 3256 mmrore
345 3242 360 3268 ,
428 3218 527 3274 pro
580 3212 730 3259 tanto
774 3206 1065 3275 opprobrio
1097 3208 1323 3278 perfusi,
1373 3211 1573 3266 cursim
1626 3226 1690 3266 ac
1718 3199 1763 3261 C
1795 3204 2039 3275 quotidie
2059 3203 2112 3259 in
2136 3203 2282 3258 vasis
2313 3203 2731 3269 misericordiae;
2760 3203 2873 3274 ipsa
2897 3211 3027 3259 sunt
3048 3211 3103 3257 et
3126 3203 3397 3273 stipendia

120 3290 325 3349 breviter
348 3296 550 3359 dicunt
583 3315 596 3352 :
632 3297 873 3364 Domine,
900 3300 1112 3372 quando
1139 3311 1187 3355 te
1213 3302 1436 3375 vidimus
1464 3305 1693 3361 esurien-

119 3394 201 3440 tem
245 3400 329 3443 aut
374 3392 672 3456 sitientem,
722 3403 813 3447 aut
843 3388 1065 3459 nudum,
1099 3404 1189 3451 aut
1220 3396 1510 3467 inﬁrmum,
1548 3408 1595 3452 et
1636 3401 1690 3456 in

115 3496 320 3555 carcere,
342 3497 387 3553 et
427 3502 533 3540 non
565 3486 977 3542 ministravimus
1014 3487 1106 3540 tibi
1129 3488 1153 3541 ?
1182 3486 1312 3557 Quae
1343 3487 1480 3543 forte
1508 3490 1688 3545 omnia

116 3574 254 3645 quasi
280 3587 487 3634 terrore
512 3578 777 3651 perculsi,
812 3579 893 3635 sic
928 3580 1139 3647 dicunt,
1167 3581 1436 3651 negando,
1471 3590 1523 3636 ut
1555 3599 1685 3638 con-

113 3669 321 3723 suetudo
348 3677 434 3724 est
463 3669 919 3739 delinquentium.
962 3670 1126 3739 Quasi
1168 3672 1334 3747 velint
1384 3689 1646 3729 excusare
1670 3717 1683 3743 ,

117 3757 239 3823 quod
266 3775 547 3833 nunquam
574 3777 699 3817 eum
730 3761 963 3816 viderint
1002 3762 1334 3835 esurientem
1368 3765 1453 3819 vel
1494 3766 1685 3821 sitien-

116 3858 223 3915 tem,
253 3867 340 3908 seu
385 3866 607 3910 extera.
648 3853 825 3909 Unum
871 3854 1053 3925 itaque
1100 3857 1322 3910 verbum
1355 3857 1685 3913 ministravi-

116 3956 220 3998 mus
255 3945 343 4001 tibi
389 3947 463 4001 ad
515 3945 699 4001 omnia
747 3944 1063 4001 referentes.
1103 3945 1336 4002 Faciunt
1393 3949 1537 4002 enim
1586 3949 1688 4005 hoc

114 4041 246 4107 quasi
269 4051 631 4100 extenuantes
660 4042 892 4099 crimina
919 4058 1035 4106 sua,
1066 4058 1133 4098 ne
1154 4043 1404 4114 graviora
1437 4043 1688 4099 videren-

116 4140 189 4187 tur
212 4135 482 4207 sigillatim
511 4176 527 4200 ,
557 4144 613 4190 et
659 4134 945 4206 diligenter
981 4144 1337 4202 enumerata;
1369 4134 1510 4204 quod
1563 4150 1685 4206 pro~

112 4225 265 4295 prium
294 4243 521 4300 semper
542 4226 809 4282 malorum
837 4236 921 4281 est
948 4225 1135 4296 culpas
1160 4242 1287 4283 suas
1317 4227 1686 4283 excusationis

114 4302 268 4385 causa,
299 4320 380 4378 vel
420 4320 650 4388 nullas,
699 4329 793 4375 aut
846 4320 991 4376 leves
1038 4321 1344 4397 ostendere,
1392 4319 1475 4375 vel
1521 4320 1684 4375 etiam

111 4428 302 4482 paucas.
330 4417 494 4486 Quod
528 4425 583 4472 et
606 4417 889 4486 responsio
919 4414 1119 4472 Christi
1160 4416 1225 4468 ad
1261 4403 1519 4484 utrasque
1544 4412 1685 4469 facta

111 4503 294 4562 videtur
312 4506 655 4578 significare,
680 4521 804 4562 cum
827 4506 959 4560 dicit
983 4505 1049 4561 ad
1065 4506 1244 4577 justos
1270 4523 1282 4559 :
1314 4503 1469 4571 Quod
1502 4504 1593 4558 uni
1621 4520 1687 4558 ex

1795 3299 2062 3351 bonorum
2094 3310 2344 3366 operum,
2380 3295 2577 3364 quibus
2604 3303 2901 3365 pascuntur
2928 3294 3018 3365 qui
3047 3295 3319 3357 esuriant,
3342 3299 3399 3349 et

1792 3397 2051 3459 petantur
2072 3390 2163 3458 qui
2191 3388 2404 3451 sitiunt,
2432 3396 2487 3441 et
2519 3388 2823 3442 vestiuntur
2850 3388 2998 3442 nudi.
3027 3386 3252 3454 Quando
3280 3388 3397 3442 hazc

1791 3481 1975 3536 omnia
1996 3489 2247 3551 agantur,
2279 3490 2491 3549 tempus
2514 3488 2597 3534 est
2615 3479 2901 3551 prmsentis
2927 3479 3081 3543 vita);
3101 3486 3155 3533 et
3178 3478 3398 3548 quando

1792 3572 1912 3627 hare
1930 3568 2113 3627 Omnia
2137 3570 2429 3640 adimpleta
2455 3578 2928 3639 reprmsentanlur.
2954 3579 3163 3638 tempus
3191 3568 3395 3624 ultima;

1792 3663 2210 3719 resurrectionis
2240 3704 2254 3729 ,
2302 3663 2517 3732 quando
2548 3670 2603 3717 et
2633 3662 2875 3733 quinque
2933 3664 3225 3733 prudentes
3281 3662 3395 3717 vir-

1790 3758 1943 3827 gines
1980 3758 2199 3812 venient
2234 3756 2451 3812 obviam
2479 3754 2732 3822 Christo,
2774 3765 2829 3811 et
2868 3756 2975 3811 duo
3004 3758 3091 3811 isti
3120 3757 3264 3812 servi
3295 3772 3393 3813 sua

1792 3865 1975 3905 secum
2033 3850 2323 3920 deportant
2366 3848 2540 3915 lucra,
2586 3859 2639 3903 et
2678 3857 2808 3905 ttmc
2849 3849 3386 3907 connumerabuntur

1791 3944 1998 4000 eisdem
2028 3945 2160 4016 ipsis
2191 3942 2305 4013 jam
2334 3945 2388 3999 in
2416 3943 2625 4000 dextris
2652 3943 2792 3999 bona
2823 3945 3003 4000 omnia
3051 3962 3173 4016 quae
3210 3962 3392 4020 gesse-

1792 4047 1942 4094 runt.
1991 4037 2034 4093 A
2086 4055 2195 4109 quo
2234 4038 2377 4094 enim
2409 4037 2848 4101 dinumerentur,
2894 4036 3240 4117 uiatiifestum
3284 4048 3393 4108 est,

1792 4132 1860 4186 ab
1888 4131 2006 4202 ipso
2035 4132 2224 4201 utique
2255 4144 2414 4201 rege,
2444 4130 2534 4200 qui
2564 4138 2619 4185 et
2645 4144 2875 4199 sponsus
2903 4129 3160 4184 Ecclesia:
3184 4137 3269 4184 est
3292 4171 3306 4195 ,
3340 4135 3395 4185 et

1790 4220 2183 4292 paterfamilias
2208 4221 2355 4292 (quia
2393 4221 2458 4276 de
2492 4219 2665 4275 servis
2706 4219 2906 4291 agitur)
2943 4220 3130 4287 utique
3157 4218 3395 4291 appella-

1792 4322 1901 4367 tur.
1940 4313 2006 4368 Et
2048 4313 2202 4379 ideo,
2250 4322 2308 4367 ut
2360 4312 2504 4378 dixi,
2559 4321 2704 4367 totus
2735 4311 2823 4366 hic
2860 4296 3040 4367 sermo
3072 4312 3396 4367 mirabiliter

1791 4404 1971 4459 editus
1996 4404 2062 4459 de
2094 4402 2304 4470 futuro,
2347 4420 2469 4459 cum
2502 4404 2713 4459 duobus
2748 4406 3152 4473 comparandus
3187 4414 3271 4459 est
3303 4420 3395 4459 su-

1790 4493 2118 4565 perioribus,
2164 4503 2225 4548 ut
2268 4503 2324 4549 et
2375 4493 2681 4549 intellectus
2731 4493 3157 4565 uniuscujusque
3204 4511 3391 4551 eorum

110 4598 310 4661 minimis
337 4603 458 4657 istis
489 4600 748 4671 fratribus
780 4601 908 4654 meis
938 4599 1155 4668 fecistis,
1204 4597 1331 4651 mihi
1358 4596 1577 4667 fecistis.
1603 4595 1684 4652 Ad
1715 4562 1769 4624 D
1791 4603 1857 4643 ex
1904 4587 2011 4642 illis
2056 4597 2345 4659 augeatur,
2374 4595 2429 4642 et
2474 4587 2719 4642 ornatior
2755 4600 2936 4642 sermo
2969 4588 3346 4645 iutroducatur
3374 4630 3389 4657 ,

110 4688 313 4758 iujustos
342 4703 534 4750 autem
572 4693 651 4747 sic
685 4711 698 4746 :
732 4690 958 4758 Quando
997 4707 1101 4744 non
1139 4689 1335 4761 fecistis
1372 4688 1466 4741 uni
1500 4703 1565 4742 ex
1586 4688 1687 4741 mi-

107 4783 261 4853 nimis,
284 4804 378 4845 nec
406 4785 545 4845 mihi
580 4784 797 4853 fecistis.
829 4782 937 4839 Nec
965 4783 1147 4851 itaque
1188 4779 1393 4836 addidit
1428 4777 1687 4834 fratribus

108 4877 241 4941 meis,
263 4878 734 4955 quematlmodum
760 4876 886 4932 fecit
913 4892 1035 4931 cum
1064 4874 1375 4943 loqueretur
1399 4872 1464 4927 ad
1484 4871 1684 4941 justos,

105 4964 268 5023 Valens
307 4970 593 5041 justorum
651 4967 933 5024 benefacta
968 5008 982 5032 ,
1032 4964 1254 5037 grandia
1306 4974 1363 5021 et
1414 4964 1684 5036 pra-cipua

106 5062 368 5117 ostendere
392 5102 409 5128 ,
464 5070 526 5117 et
571 5075 789 5116 reorum
821 5059 1007 5130 culpas
1044 5060 1095 5113 in
1144 5057 1289 5112 milio
1328 5071 1679 5128 exaggerare.

104 5144 347 5215 Quoniam
396 5150 704 5226 gratiosius
732 5151 945 5206 videtur
983 5165 1119 5219 opus
1159 5151 1383 5212 bonum,
1431 5147 1574 5218 quod
1625 5146 1685 5200 fit

103 5240 147 5295 in
177 5246 547 5315 sanctioribus
581 5255 636 5302 et
672 5243 958 5317 praecipuis
989 5241 1187 5299 Christi
1225 5240 1507 5313 discipulis
1535 5281 1549 5305 ,
1591 5238 1681 5310 qui

99 5346 307 5402 possunt
335 5340 530 5397 dicere
563 5355 686 5396 cum
721 5337 889 5395 Paulo
914 5320 1160 5417 apostolo
1192 5354 1204 5391 :
1241 5333 1547 5390 Imitatores
1583 5332 1686 5387 mei

99 5438 242 5485 estote
262 5434 401 5488 sicut
431 5442 485 5509 et
510 5450 604 5505 ego
635 5431 830 5489 Christi
861 5430 912 5507 (I
936 5429 1061 5486 Cor.
1096 5447 1172 5493 x1,
1205 5430 1256 5502 1)
1280 5472 1292 5492 .
1340 5446 1502 5502 quam
1530 5428 1591 5482 fit
1632 5427 1685 5482 in

97 5518 261 5577 minus
310 5524 550 5579 sanctis.
602 5524 867 5592 Quoniam
908 5524 997 5579 hic
1034 5523 1306 5596 priet-iptio
1358 5522 1557 5576 fratres
1599 5519 1684 5574 di-

97 5621 279 5668 cuntur
308 5612 548 5677 Christi,
572 5614 665 5685 qui
698 5615 870 5687 magis
894 5612 1103 5670 faciunt
1130 5613 1460 5668 voluntatem
1483 5610 1679 5666 Patris.

96 5695 509 5781 Verumtamen,
539 5707 639 5761 etsi
689 5708 756 5762 ita
809 5705 1020 5778 loquar,
1069 5706 1119 5761 in
1164 5704 1310 5760 nullo
1343 5701 1685 5759 excusabiles

94 5803 235 5847 erunt
287 5797 382 5867 qui
429 5810 539 5850 nec
569 5795 828 5853 fratribus
858 5797 1059 5853 Christi
1106 5797 1244 5852 bona
1301 5796 1545 5852 fecerunt
1573 5838 1585 5862 ,
1629 5804 1683 5850 et

1793 4682 1839 4739 si
1862 4680 2133 4753 quomodo
2160 4677 2362 4749 aliquid
2407 4681 2472 4734 de
2501 4688 2650 4734 tanta
2684 4679 2967 4749 majestate
3005 4681 3167 4748 digne
3195 4680 3391 4736 intelli-

1794 4783 1972 4849 gatur.
2008 4773 2275 4841 Quoniam
2308 4773 2423 4843 ipse
2449 4784 2529 4829 est
2560 4774 2701 4828 filius
2732 4774 2990 4840 hominis,
3016 4776 3107 4845 qui
3143 4777 3291 4830 venit
3335 4775 3388 4830 in

1794 4870 1924 4925 sede
1955 4867 2258 4939 majestatis
2291 4883 2434 4933 suae;
2478 4869 2593 4937 ipse
2636 4866 2898 4923 Dominus
2944 4883 3227 4923 servorum
3270 4866 3387 4921 illa;-

1795 4977 1947 5027 rum,
1981 4959 2073 5031 qui
2111 4960 2257 5014 venit
2294 4961 2556 5014 rationem
2592 4976 2822 5032 ponere,
2854 4961 3068 5029 quando
3092 4968 3147 5014 et
3180 4959 3389 5031 angelo-

1791 5068 1911 5107 rum
1938 5050 2147 5107 clamor
2173 5052 2347 5107 media
2377 5062 2536 5108 nocte
2559 5050 2734 5108 factus
2765 5052 2981 5108 dicitur.
3014 5051 3083 5107 Et
3110 5060 3239 5107 time
3262 5061 3390 5109 ante

1789 5147 1973 5203 sedem
2004 5144 2305 5216 majestatis
2338 5162 2450 5202 sua:
2477 5162 2627 5202 more
2666 5143 2869 5214 judicis
2908 5147 3391 5217 congregalmntur

1790 5255 1979 5296 omnes
2009 5248 2234 5312 gentes;
2271 5249 2326 5296 et
2371 5256 2492 5310 qua:
2540 5238 2719 5295 oleum
2759 5255 2943 5294 secum
2992 5232 3303 5294 detulerunt
3332 5239 3386 5294 in

1791 5332 1937 5389 vasis
1962 5331 2095 5396 suis,
2115 5341 2168 5386 et
2188 5332 2277 5402 qui
2313 5332 2513 5386 talenta
2537 5329 2697 5400 dupla
2723 5327 2988 5395 fecerunt,
3015 5338 3071 5383 et
3098 5329 3149 5383 in
3181 5329 3390 5386 dextris

1796 5425 1897 5497 ipsi
1929 5440 2059 5481 oves
2100 5433 2279 5479 erunt.
2314 5421 2522 5491 Quibus
2546 5421 2798 5476 omnibus
2827 5419 3071 5490 profecto
3102 5437 3263 5492 supra
3309 5422 3392 5476 di-

1796 5524 1943 5571 ctum
1969 5514 2170 5570 fuerat:
2195 5512 2422 5585 Vigilare
2443 5514 2566 5581 quia
2589 5511 2797 5565 nescitis
2821 5512 2961 5565 diem
2989 5528 3150 5583 neque
3178 5511 3385 5565 horam.

1797 5610 1975 5667 Unum
2014 5616 2095 5665 est
2130 5623 2258 5679 ergo
2292 5610 2435 5677 quod
2463 5604 2590 5661 dicit
2621 5622 2635 5659 :
2664 5601 3169 5676 Congregabuntur;
3201 5612 3254 5658 et
3300 5620 3389 5658 ac‘

1795 5706 1946 5760 cessit
1985 5704 2074 5773 qui
2109 5690 2337 5774 quinque
2382 5700 2578 5754 talenta
2621 5697 2858 5766 fecerat;
2905 5712 3113 5754 necnon
3154 5708 3207 5753 et
3242 5696 3387 5771 quod

1794 5796 1867 5849 ait
1904 5792 2095 5848 :r'f'unc
2126 5784 2474 5845 surrexerunt
2512 5804 2706 5841 omnes.
2755 5786 3016 5842 Simili'er
3042 5796 3091 5841 et
3131 5787 3271 5857 quod
3297 5785 3387 5841 hic
