4016 6354
647 337 744 397 871

1465 336 1522 392 5.
1563 336 1827 394 PASCHA
1838 336 1919 393 Sll
1963 331 2240 391 RADBER

2348 327 2640 388 ABBATIS
2679 327 3130 386 uURBEIENStS
3730 347 3804 403 ετξ

647 464 972 525 separantur
1001 466 1132 508 oves
1165 449 1236 506 ab
1262 451 1454 517 haulis,
1485 461 1539 506 et
1563 452 1672 509 illic
1694 453 1852 509 fatuae
1876 460 2006 508 eunt
2032 464 2236 514 emere;
2269 453 2314 511 Α
2345 445 2489 502 facta
2511 452 2597 500 est
2624 444 2761 500 mira
2787 441 3249 500 commemoratio.
3281 441 3401 502 Haec
3426 445 3532 504 ideo
3553 449 3750 521 dixerim,
3765 468 3808 512 ut

649 561 858 602 necnon
887 553 943 600 et
968 543 1112 616 quod
1132 559 1325 601 servus
1349 543 1557 599 inutilis
1576 543 1877 614 judicatur.
1909 545 2048 613 Quia
2071 545 2244 601 donec

648 639 716 694 ad
742 638 1007 708 judicium
1053 653 1216 695 causa
1249 637 1468 703 veniat,
1509 653 1700 694 omnes
1737 639 1884 695 misti
1934 648 2079 694 sunt.
2136 638 2242 694 Sed

649 746 773 787 cum
805 729 1023 804 1069
1045 730 1244 786 dixerit
1274 730 1366 803 qui
1391 746 1421 784 a
1451 731 1658 787 dextris
1682 740 1862 795 erunt,
1896 732 2084 797 venite,
2114 741 2245 787 tunc

648 833 706 881 ct
735 841 856 897 quae
884 832 1088 897 paratae
1113 832 1296 890 erunt,
1325 826 1582 895 quoniam
1612 825 1742 896 ipsa:
1782 834 1908 881 sunt
1935 826 2132 896 quibus
2158 823 2247 894 ju-

649 917 762 982 bet,
809 911 1092 973 intrabunt
1134 932 1258 973 cum
1283 931 1350 971 eo
1374 916 1442 971 ad
1469 917 1704 988 nuptias.
1738 915 1877 984 Quid
1909 916 2016 973 erit
2061 916 2246 973 dicere

655 1020 707 1080 et
731 1026 890 1068 servo
919 1009 1063 1067 bono
1094 1028 1108 1065 :
1141 1007 1309 1082 Euge,
1344 1011 1485 1064 intra
1516 1011 1572 1064 in
1616 1010 1870 1082 gaudium
1906 1009 2117 1065 Domini
2146 1011 2244 1065 tui.

652 1102 824 1162 Porro
851 1103 945 1174 qui
999 1119 1032 1159 a
1076 1103 1315 1160 sinistris
1359 1111 1539 1168 erunt,
1585 1104 1727 1174 quod
1751 1113 1834 1160 est
1867 1104 2047 1160 dicere
2093 1103 2245 1161 illis:

654 1195 906 1263 Quandiu
931 1213 1034 1252 non
1064 1196 1262 1266 fecistis
1301 1197 1390 1252 nni
1417 1197 1606 1263 dehis,
1653 1214 1744 1253 nec
1778 1199 1909 1252 mihi
1935 1199 2154 1270 fecistis,
2179 1201 2249 1256 ite

648 1286 705 1343 in
747 1287 918 1359 ignem
959 1298 1256 1355 a'ternum;
1293 1290 1398 1346 hoc
1437 1299 1522 1346 est
1558 1290 1932 1362 improperare
1963 1308 2125 1349 servo
2160 1293 2246 1349 in-

650 1378 792 1444 utili,
814 1387 870 1434 et
894 1379 1078 1436 dicere
1106 1398 1119 1434 :
1152 1378 1342 1436 Tollite
1372 1380 1629 1436 talentum
1649 1381 1714 1435 ab
1743 1399 1823 1449 eo,
1846 1394 1892 1438 et
1914 1385 2101 1440 mittite
2128 1402 2248 1442 eum

650 1471 704 1524 in
724 1469 964 1526 tenebras
984 1473 1302 1538 exteriores;
1325 1481 1488 1544 atque
1513 1473 1814 1546 virginibus
1834 1475 1996 1532 fatuis
2028 1491 2250 1549 respon-

653 1562 783 1618 dere
815 1561 941 1617 dtim
972 1562 1190 1635 pulsant
1232 1564 1358 1636 quia
1398 1565 1580 1621 clausa
1611 1575 1697 1622 est
1717 1567 1903 1638 janua,
1933 1570 2106 1624 nescio
2135 1586 2245 1625 vos.

654 1653 789 1722 Quia
822 1655 938 1712 vias
971 1671 1094 1727 quae
1123 1672 1155 1711 a
1185 1657 1396 1713 dextris
1425 1666 1553 1713 sunt
1593 1658 1742 1713 novit
1783 1659 2046 1716 Dominus
2073 1701 2087 1726 ,
2129 1675 2249 1730 qua:

655 1757 838 1804 autem
869 1765 899 1804 a
931 1749 1170 1806 sinistris
1197 1761 1322 1806 sunt
1348 1766 1620 1822 perversae
1673 1761 1853 1808 erunt.
1889 1752 2016 1810 Haec
2047 1755 2248 1810 idcirco

2344 554 2410 594 ex
2440 536 2834 618 hocgintelligat
2878 535 3248 608 unusquisque
3289 551 3380 608 per
3424 537 3605 620 singula
3644 559 3810 603 concor-

2349 630 2496 686 diam
2539 615 3020 702 evangelistarum,
3065 640 3122 686 et
3170 645 3287 700 qua
3323 615 3680 704 quamplurimis
3720 638 3812 698 locis

2347 740 2511 780 causa
2533 723 2820 780 brevitatis
2847 723 3030 789 omisi,
3054 721 3334 796 diligenter
3353 724 3577 796 colligere
3598 743 3652 785 ac
3668 732 3815 788 sentire

2348 832 2468 887 quae
2507 817 2610 887 ipsi
2654 832 2762 872 non
2813 816 3021 880 dicunt,
3055 815 3285 872 studeat.
3322 815 3448 884 Quia
3479 834 3614 876 nemo
3641 823 3712 892 qui
3737 824 3816 882 hac

2348 910 2530 966 omnia
2555 911 2756 967 litteris
2781 909 3241 983 comprehendere
3259 911 3439 980 possit.
3460 910 3684 980 Quoniam
3700 915 3741 970 in
3759 918 3818 974 his

2349 1001 2586 1069 omissis,
2640 1004 2888 1069 variatis,
2946 1019 3011 1058 ac
3057 1002 3414 1074 transpositis,
3448 1003 3568 1059 nihil
3605 1005 3816 1074 dictorum,

2350 1095 2439 1151 ubi
2467 1095 2550 1152 vel
2585 1095 2696 1162 ubi,
2728 1107 2890 1152 vacat
2916 1110 2947 1150 a
2973 1095 3252 1168 mysterio.
3295 1095 3439 1153 Unde
3463 1104 3515 1150 et
3536 1110 3670 1168 supra
3689 1097 3818 1154 volens

2355 1187 2637 1245 ostendere
2681 1187 3014 1260 evangelista
3064 1187 3212 1259 quod
3257 1189 3430 1242 omnia
3474 1189 3522 1243 in
3561 1197 3821 1246 Incusat-aet

2315 1282 2317 1285 ’
2343 1272 2609 1349 pondere,
2639 1289 2697 1335 et
2741 1294 2973 1335 numero
3007 1279 3292 1335 constituit
3319 1278 3469 1340 Deus,
3497 1279 3716 1350 praemisit
3734 1295 3820 1337 con-

2352 1372 2770 1429 summationem
2838 1371 3222 1444 perfectionis;
3291 1382 3345 1428 et
3408 1371 3558 1444 coepit
3603 1381 3824 1429 monstrate

2352 1479 2514 1534 quam
2556 1464 2802 1536 proxima
2851 1472 2972 1520 erat
3017 1463 3176 1531 hora,
3208 1463 3276 1519 de
3304 1477 3405 1534 qua
3445 1462 3585 1519 Matri
3619 1477 3709 1519 suae
3737 1463 3821 1518 alibi

2352 1557 2566 1612 dixerat
2596 1572 2612 1612 :
2644 1555 2784 1625 Quia
2809 1557 3043 1612 nondum
3067 1555 3201 1612 venit
3232 1556 3362 1611 hora
3401 1572 3506 1611 mea
3531 1554 3683 1622 (Joan.
3708 1569 3753 1618 ll,
3772 1552 3820 1624 i).

2353 1632 2421 1705 Et
2446 1650 2567 1708 ideo
2608 1650 2684 1706 ait
2716 1650 2999 1723 discipulis
3037 1651 3174 1716 suis,
3196 1659 3255 1706 ut
3274 1650 3565 1707 ostenderet
3595 1664 3694 1720 qua:
3714 1648 3820 1704 dico:

2354 1742 2512 1799 Scitis
2540 1745 2668 1816 quia
2697 1754 2814 1816 post
2843 1745 3061 1800 biduum
3082 1744 3279 1816 pascha
3304 1744 3409 1815 ῥα.
3434 1743 3542 1815 Ipsa
3564 1752 3635 1798 est
3665 1755 3824 1811 namque

649 1853 819 1909 parva
852 1839 1033 1905 intuli,
1073 1849 1132 1894 ut
1161 1855 1228 1895 ex
1260 1841 1447 1912 paucis
1478 1852 1772 1914 cognoscat
1795 1844 2032 1914 prudens
2075 1845 2247 1900 lector
2276 1845 2325 1906 Β
2351 1835 2486 1891 “ora
2513 1836 2764 1906 Ραθεοῖιίι
2788 1846 2844 1892 ει
2871 1836 3237 1907 Ρηθοτάίηδιε
3277 1845 3400 1891 θυῖε
3439 1833 3606 1889 ω¹¹ηάί
3643 1830 3825 1888 consum

647 1934 891 2004 cogitare
912 1949 1073 2004 quam
1097 1932 1365 2004 profunda
1395 1944 1524 1990 sunt
1547 1935 1886 2005 cloquiorutn
1923 1936 2018 1992 Dei
2045 1946 2248 2009 myste-

650 2024 753 2088 ria,
784 2033 838 2080 et
872 2024 1199 2080 adumbrata
1240 2027 1508 2081 dictorum
1559 2037 1918 2084 sacramenta.
1955 2028 2126 2096 Quam
2157 2047 2249 2085 va-

648 2112 734 2170 ria
754 2114 1013 2171 ettlorida
1031 2117 1426 2172 sententiarum
1442 2118 1761 2189 aenigmata;
1788 2127 1846 2172 ut
1869 2129 1924 2175 et
1957 2132 2251 2179 exerceant

654 2208 896 2263 animum
933 2208 1182 2276 lectoris,
1230 2220 1288 2266 et
1336 2210 1613 2267 fastidium
1653 2213 1938 2283 detergant
1971 2228 2248 2274 exornata:

659 2315 840 2356 rerum
875 2316 1164 2357 causarum
1215 2302 1422 2374 figurat.
1473 2303 1701 2375 Ipsaque
1731 2306 1935 2362 veritas
1961 2307 2013 2362 in
2043 2308 2248 2365 eisdem

649 2390 862 2447 obtecta
888 2393 1094 2449 excitet
1122 2394 1438 2450 aviditatem
1467 2394 1716 2467 legentis,
1746 2406 1802 2452 et
1833 2398 2141 2454 auditorqu
2166 2401 2249 2455 in-

651 2481 1000 2552 telligentiam
1029 2527 1044 2549 ,
1074 2501 1196 2542 cum
1231 2486 1398 2542 fuerit
1430 2496 1673 2544 reserata
1700 2528 1716 2556 ,
1745 2497 1807 2545 ut
1837 2505 2051 2562 semper
2074 2493 2129 2548 in
2152 2492 2246 2548 ob-

651 2575 827 2631 scuris
856 2578 1059 2633 veritas
1084 2579 1294 2634 avidius
1321 2580 1647 2651 requiratur.

720 2666 869 2738 (Car.
899 2667 1115 2742 XXVI.)
1147 2669 1212 2724 Et
1236 2671 1436 2741 factum
1462 2683 1536 2728 est
1569 2690 1687 2728 cum
1715 2689 2129 2734 consummasset
2157 2678 2248 2735 Je-

646 2777 737 2816 sus
763 2778 1026 2817 sermones
1049 2768 1143 2817 Itos
1178 2781 1377 2830 omnes,
1407 2765 1534 2819 dicit
1582 2767 1855 2838 discipulis
1901 2770 2033 2825 suis.
2071 2771 2243 2839 Quin-

647 2851 806 2921 quies
832 2851 978 2906 enitn
1012 2853 1255 2908 invenies
1287 2854 1340 2908 in
1368 2855 1476 2910 hoc
1499 2855 1794 2927 Evangelio
1822 2859 1962 2915 hanc
1992 2877 2247 2916 consum-

646 2941 942 2998 mationem
990 2945 1160 3008 verbi,
1205 2953 1261 3000 et
1304 2960 1521 3017 semper
1569 2947 1959 3018 perfectionem
2007 2953 2247 3009 insinuat

648 3049 851 3089 rerum.
881 3035 1018 3104 Quia
1067 3037 1202 3092 nihil
1247 3047 1329 3093 est
1375 3041 1517 3110 quod
1563 3040 1721 3097 Jesus
1773 3046 2019 3114 cmperit,
2059 3047 2161 3102 nisi
2191 3057 2248 3104 et

649 3128 1171 3183 consummationem
1217 3129 1571 3200 perfectionis
1635 3133 1854 3191 habeat.
1905 3136 2012 3192 Sed
2067 3147 2246 3208 potest

2352 1926 2573 1984 tionem.
2600 1928 2676 1984 De
2697 1943 2802 2000 qua
2827 1929 2960 1984 hora
2987 1929 3118 1985 diclt
3139 1928 3289 1984 Patri
3316 1942 3413 1983 suo
3438 1945 3450 1980 :
3475 1923 3634 1991 Pater,
3653 1923 3761 1979 talia
3778 1937 3828 1975 ne

2348 2038 2413 2076 ex
2440 2021 2540 2076 Itac
2568 2022 2700 2076 liora
2727 2021 2910 2093 (Joan.
2935 2037 3032 2088 xn,
3055 2021 3170 2094 27),
3187 2032 3246 2078 et
3272 2021 3466 2077 clarius
3485 2031 3702 2092 appareat
3721 2031 3827 2088 quam

2350 2111 2627 2168 evidenter
2658 2113 2730 2168 sit
2770 2114 2840 2170 ab
2870 2113 2989 2184 ipso
3020 2113 3297 2184 praescita,
3325 2111 3451 2167 Ideo
3488 2111 3608 2178 veni,
3634 2107 3830 2180 inquitit

2349 2205 2485 2261 hanc
2507 2207 2714 2262 lteram.
2745 2206 2852 2264 Sed
2885 2217 3084 2264 etcum
3123 2217 3250 2264 orat
3273 2207 3339 2263 ad
3364 2206 3586 2270 Patrem,
3614 2200 3830 2260 chimatdi-

2349 2314 2478 2355 cens
2511 2318 2524 2354 :
2556 2296 2742 2366 Pater,
2797 2302 2933 2355 venit
2983 2301 3140 2366 hora,
3164 2300 3404 2370 clari/ica
3446 2297 3626 2353 Filium
3644 2307 3770 2358 tuum,
3797 2299 3829 2344 Il

2347 2390 2658 2448 Fitiustuus
2683 2392 2934 2464 clariﬁcet
2956 2407 3005 2450 te
3027 2393 3213 2466 (Joan.
3247 2411 3383 2460 xvn,
3414 2392 3515 2465 il).
3545 2391 3674 2460 Quod
3695 2388 3729 2444 si
3749 2400 3832 2457 ergo

2348 2485 2539 2540 horam
2571 2485 2843 2556 passionis
2874 2502 2987 2542 suae
3011 2487 3231 2559 alonge
3274 2497 3382 2543 tam
3412 2485 3661 2543 evidenter
3683 2478 3831 2554 praesci-

2347 2578 2424 2633 vit
2451 2578 2620 2644 ﬁlius,
2650 2596 2759 2636 non
2790 2595 3081 2651 possumus
3111 2581 3388 2647 dubitare,
3412 2581 3544 2636 sicut
3569 2574 3759 2634 haeretici
3778 2587 3832 2626 vo

2347 2671 2485 2739 lunt,
2517 2674 2660 2744 quod
2687 2674 3020 2745 ignoraverit
3047 2675 3190 2732 dietn
3218 2677 3482 2732 adventus
3500 2673 3594 2738 sui,
3618 2680 3664 2726 et
3685 2666 3833 2740 quando

2347 2764 2472 2821 ﬁnis
2509 2766 2579 2820 sit
2605 2765 2814 2832 saeculi,
2841 2767 2970 2822 dum
3006 2768 3198 2823 horam
3251 2777 3308 2824 et
3357 2767 3494 2824 diem
3537 2760 3761 2821 constituit
3795 2770 3834 2809 ac

2347 2859 2714 2915 dinumeravit
2739 2860 3010 2931 passionis
3039 2875 3170 2917 suae.
3214 2860 3508 2933 Propterea
3543 2855 3721 2930 quoties
3752 2848 3837 2906 insi'

2347 2952 2466 3006 dias
2505 2968 2533 3005 a
2573 2950 2775 3008 Judzeis
2798 2968 2990 3022 passus
3017 2961 3124 3018 est,
3148 2953 3373 3024 quoties
3399 2950 3651 3022 quaesitus,
3683 2953 3835 3012 nonpo-

2347 3044 2449 3098 tuit
2478 3045 2627 3114 prius
2653 3045 2762 3114 pati
2793 3045 2964 3102 donec
2988 3045 3202 3102 veniret
3232 3047 3366 3102 hora
3390 3054 3444 3101 et
3464 3053 3673 3112 tempus.
3697 3037 3746 3092 Et
3759 3048 3837 3091 eum

2346 3145 2490 3191 esset
2513 3137 2754 3206 quotidie
2776 3137 2977 3200 docens
3018 3154 3114 3194 eos
3144 3138 3202 3194 in
3253 3138 3468 3210 templo,
3508 3151 3602 3190 non
3627 3129 3763 3204 potuit
3791 3137 3836 3180 lc-

646 3219 818 3275 vidcri
847 3220 1006 3277 alicui
1032 3225 1387 3290 contrarium,
1416 3227 1561 3297 quod
1591 3227 1874 3286 Mattltzeus
1909 3240 1966 3284 et
1999 3231 2233 3298 Marcus,
2267 3230 2312 3293 C
2344 3231 2483 3298 neri,
2531 3231 2704 3287 donec
2749 3241 3157 3289 consummaret
3211 3247 3406 3289 omnes
3468 3240 3708 3287 sermones
3737 3223 3836 3282 istos.

644 3322 997 3383 posteaquam
1029 3314 1270 3370 dixerint
1293 3314 1499 3371 Pascha
1527 3328 1651 3388 post
1677 3320 1899 3374 biduum
1930 3321 2070 3389 ﬁeri,
2097 3339 2239 3379 cont-

645 3417 1085 3461 memoraverunt
1116 3408 1260 3478 quod
1301 3417 1419 3464 erat
1454 3409 1615 3466 Jesus
1641 3411 1696 3466 in
1724 3410 2010 3480 Bethania,
2040 3415 2131 3472 ubi
2174 3417 2241 3473 de

648 3508 926 3569 unguento
975 3499 1064 3554 illo
1102 3502 1342 3571 pretioso
1393 3513 1667 3559 narratur.
1704 3505 1771 3560 Et
1807 3504 2066 3573 Joannes,
2119 3521 2240 3566 ante

644 3609 738 3649 sea:
761 3594 872 3649 dies
897 3591 1120 3650 Pascha:
1139 3637 1152 3660 ,
1181 3597 1314 3652 dicit
1336 3597 1522 3654 Jesum
1555 3601 1768 3658 venisse
1808 3602 1860 3656 in
1891 3603 2236 3672 Bethaniatn,

643 3689 712 3746 dc
759 3692 950 3748 eodem
998 3704 1272 3766 unguento
1336 3705 1677 3752 narraturus.
1737 3698 1893 3755 Unde
1953 3701 2236 3770 qttmritur,

643 3784 916 3855 quomodo
960 3786 1256 3841 secundum
1302 3787 1400 3843 hos
1455 3788 1591 3843 dttos
1617 3797 1737 3858 post
1774 3789 1994 3844 biduum
2033 3790 2242 3847 Pascha

647 3873 890 3930 futurum
937 3877 1092 3930 erat?
1133 3875 1266 3933 Cum
1316 3888 1500 3950 postea
1553 3897 1713 3950 quam
1765 3881 1817 3936 id
1862 3883 2116 3938 dixerunt
2156 3883 2242 3938 in-

645 3967 937 4021 veniantur
959 3985 1082 4024 cum
1117 3967 1326 4025 Joanne
1370 3973 1422 4027 in
1468 3972 1758 4038 Bethania,
1790 3974 1918 4030 illud
1950 3977 2094 4047 quod
2129 3977 2243 4047 ipse

645 4056 714 4113 de
761 4069 1037 4129 unguento
1088 4071 1480 4117 commemorat
1523 4074 1832 4130 narrantes,
1879 4067 2097 4136 quando
2124 4067 2240 4138 ipse

641 4149 882 4208 Joannes
904 4159 1026 4223 post
1053 4169 1149 4208 sex
1181 4154 1295 4209 dies
1325 4153 1568 4210 futurum
1596 4155 1804 4212 Pascha
1835 4159 2104 4228 prmdicit.
2132 4158 2240 4216 Sed

646 4245 738 4316 qui
771 4246 836 4300 de
874 4245 1070 4301 talibus
1111 4256 1419 4312 moventur,
1457 4262 1564 4302 non
1613 4247 1919 4320 intelligunt
1963 4265 2126 4320 quam
2153 4251 2238 4306 di-

643 4339 951 4409 spensative
1002 4339 1146 4395 inter
1197 4355 1256 4395 se
1297 4341 1645 4412 evangelista:
1685 4340 1789 4397 hoc
1839 4342 2060 4408 faciunt,
2098 4353 2159 4399 ut
2186 4353 2243 4400 et

642 4431 930 4487 veritatem
966 4434 1042 4488 rei
1075 4449 1182 4488 non
1233 4443 1468 4499 taceant,
1515 4443 1570 4490 et
1611 4435 1867 4491 nonnulla
1902 4453 2236 4510 quamszepe,

643 4541 796 4581 more
823 4537 1268 4598 gemmarum,ut
1313 4527 1593 4598 pulchrius
1643 4529 1786 4585 dicta
1835 4531 2235 4600 resplendeant,

2343 3340 2480 3394 quos
2508 3333 2870 3395 proposuerat
2909 3325 3023 3381 suis
3065 3325 3333 3382 intimare
3362 3321 3639 3394 discipulis.
3663 3318 3716 3373 Et
3744 3323 3838 3385 post-

2341 3430 2506 3485 quam
2561 3416 2964 3472 consummavit
3011 3433 3202 3474 omnes
3264 3431 3544 3475 sermones
3582 3415 3719 3475 istos,
3759 3417 3840 3461 tunc

2343 3507 2480 3563 dixit
2529 3508 2808 3580 discipulis
2861 3509 2976 3564 suis
3007 3507 3124 3578 jam
3173 3510 3234 3566 in
3280 3509 3537 3566 Bethania
3569 3525 3582 3561 :
3611 3497 3839 3569 Scititqlia

2341 3611 2456 3671 post
2515 3601 2734 3656 biduum
2784 3604 2981 3674 past/ta
3025 3603 3134 3673 ﬁet.
3178 3604 3252 3660 Et
3306 3603 3616 3665 notandum,
3658 3595 3754 3668 ιιιιὶε
3773 3603 3841 3645 ιιοη

2343 3693 2480 3748 dixit
2509 3702 2719 3749 tantum
2746 3709 2938 3752 omnes
2967 3711 3280 3762 sermones,
3312 3697 3410 3753 sed
3442 3693 3650 3754 addidit,
3675 3688 3750 3742 hos
3769 3695 3840 3738 om-

2343 3803 2458 3851 nes,
2489 3788 2543 3844 id
2583 3799 2667 3844 est
2699 3805 2838 3860 quos
2861 3789 3072 3846 locutus
3098 3789 3284 3848 fuerat
3321 3805 3507 3847 coram
3539 3788 3613 3844 eis
3645 3784 3692 3840 in
3724 3785 3843 3835 ωοίὶιε

2343 3880 2570 3947 Oliveti;
2603 3899 2710 3938 non
2760 3899 2898 3954 quos
2952 3885 3131 3940 adhuc
3181 3886 3476 3943 locuturus
3523 3890 3629 3939 erat
3665 3879 3706 3932 in
3741 3884 3840 3928 cena

2344 3992 2467 4032 cum
2491 3977 2792 4050 discipulis,
2816 3986 2911 4034 aut
2937 3979 2989 4034 in
3017 3981 3178 4036 domo
3203 3981 3454 4038 Simonis
3477 3975 3676 4050 lepros'l.
3701 3963 3839 4043 1071

2345 4070 2411 4126 de
2442 4069 2670 4126 muliere
2695 4071 2989 4127 accedente
3023 4072 3089 4126 ad
3120 4088 3202 4138 se,
3235 4090 3336 4130 seu
3370 4082 3428 4129 et
3464 4071 3564 4126 alia
3595 4060 3838 4158 quam“?

2343 4181 2462 4234 quae
2486 4173 2667 4236 potest
2691 4165 2923 4238 diligens
2961 4165 3133 4221 lector
3159 4168 3544 4231 considerare,
3571 4173 3623 4220 et
3657 4157 3845 4213 viderem

2343 4256 2449 4322 his,
2481 4256 2626 4327 quod
2654 4254 2789 4312 nihil
2831 4265 3008 4321 vacat,
3041 4258 3136 4314 sed
3182 4260 3378 4315 omnia
3408 4259 3562 4330 plena
3588 4259 3694 4311 sunt
3725 4254 3847 4301 sacta-

2341 4349 2559 4404 mcntis.
2591 4349 2772 4422 Scitis.
2797 4342 2994 4420 inquit,
3022 4351 3146 4422 quia
3180 4363 3304 4424 post
3331 4353 3552 4408 biduum
3589 4341 3757 4403 Pascha
3777 4335 3848 4406 ﬁ“,

2341 4450 2388 4494 ct
2438 4440 2581 4509 ﬁlius
2621 4440 2848 4496 hominis
2895 4442 3136 4496 tradetur
3177 4444 3252 4496 ad
3299 4430 3849 4513 cruci/igendtmt.1:0“8e

2343 4547 2505 4602 supra
2528 4529 2642 4601 jam
2673 4533 2777 4588 ista
2827 4530 3143 4604 frequenter
3175 4534 3538 4604 przedixerat,
3568 4528 3654 4585 sed
3687 4532 3793 4579 nunc
3814 4521 3851 4566 ut

640 4615 766 4673 aliis
792 4617 846 4672 in
880 4618 1014 4674 locis
1050 4619 1226 4690 posita
1264 4630 1548 4687 exornent,
1587 4632 1745 4692 prout
1775 4638 2116 4694 consequens
2150 4641 2237 4680 ra-
2264 4609 2316 4668 D
2343 4624 2477 4689 dixi,
2502 4635 2557 4680 et
2581 4626 2772 4681 horam
2795 4634 2850 4680 et
2876 4626 3017 4682 diem
3046 4625 3316 4683 declarat.
3343 4627 3414 4683 Et
3439 4626 3556 4683 ideo
3575 4621 3749 4696 priores
3763 4620 3852 4683 W‘

641 4707 720 4765 tio
749 4709 935 4774 dictat,
977 4709 1115 4765 sicut
1144 4711 1247 4766 hoc
1291 4712 1407 4766 loco
1440 4712 1748 4768 Matthzeum
1794 4723 1849 4768 et
1893 4715 2131 4771 Marcum
2158 4714 2238 4772 fe-

639 4799 782 4858 cisse
809 4802 1108 4869 cernimus,
1153 4805 1244 4874 qui
1286 4803 1415 4860 il.‘ud
1459 4807 1601 4876 quod
1637 4805 1840 4863 factum
1879 4805 1993 4876 jam
2025 4819 2143 4864 crat
2171 4811 2237 4866 de

641 4906 919 4967 unguento
959 4898 1013 4953 in
1046 4899 1328 4965 Bethania,
1359 4902 1541 4971 potius
1582 4904 1993 4974 recapitulando
2045 4921 2236 4975 posue-

639 4997 800 5053 runt;
828 4998 882 5044 et
911 4990 1031 5046 ideo
1053 5008 1158 5047 non
1182 5003 1306 5063 post
1329 4994 1458 5048 illud
1480 4994 1724 5062 biduum,
1754 4998 1846 5051 sed
1873 4997 2087 5069 1070
2111 5009 2238 5058 ante

639 5077 844 5137 factum
891 5093 992 5150 est,
1040 5101 1162 5139 cum
1209 5087 1388 5142 adhuc
1424 5103 1518 5142 sex
1552 5089 1668 5144 dies
1712 5103 1896 5146 essent
1948 5108 2118 5163 usque
2163 5095 2233 5149 ad

639 5169 873 5230 Pascha.
907 5175 1114 5232 Idcirco
1139 5192 1300 5232 nemo
1332 5179 1545 5234 illorum
1587 5197 1710 5235 cum
1741 5183 1969 5239 dixisset
1996 5191 2119 5256 p’ost
2144 5185 2228 5240 bi-

638 5265 802 5322 duum
848 5267 1056 5323 Pascha
1091 5269 1350 5335 iuturutn,
1381 5273 1637 5326 continuo
1679 5273 1874 5342 adjecit
1905 5284 1964 5330 ut
2005 5277 2226 5342 diceret,

636 5367 759 5429 post
788 5359 923 5427 haec,
953 5377 1070 5415 cum
1091 5372 1220 5416 esset
1261 5361 1315 5417 in
1354 5361 1634 5429 Bethania,
1660 5367 1753 5420 sed
1795 5367 2041 5423 consulte
2070 5368 2231 5424 atnho

636 5459 873 5518 tantum,
903 5469 1028 5510 cum
1055 5466 1199 5512 esset
1227 5457 1279 5512 in
1310 5457 1593 5514 Bethania.
1630 5458 1783 5527 Quod
1809 5461 1995 5532 utique
2022 5462 2226 5519 intelli-

633 5547 782 5620 gitur
806 5548 1034 5617 factum,
1076 5561 1368 5624 antequam
1402 5552 1534 5608 illud
1565 5554 1633 5610 de
1673 5554 1885 5612 Pascha
1933 5557 2226 5625 diceretur,

636 5653 732 5695 seu
760 5652 958 5700 caetera
986 5659 1107 5715 quae
1144 5645 1289 5700 dicta
1334 5645 1610 5702 dicuntur.
1643 5647 1780 5715 Quia
1819 5659 1942 5704 ante
1979 5665 2071 5705 sea:
2117 5652 2227 5706 dies

643 5727 847 5788 Pascha
895 5745 1120 5793 venerat
1176 5737 1304 5793 illuc
1329 5734 1492 5793 Jesus
1527 5736 1684 5807 juxta
1712 5739 1996 5807 Joannem,
2046 5752 2102 5799 et
2151 5743 2224 5800 ibi

633 5829 763 5881 tunc
796 5825 995 5885 factum
1037 5839 1123 5887 est
1168 5830 1298 5889 illud
1346 5831 1680 5901 convivium,
1731 5833 1826 5894 ubi
1851 5833 1921 5892 de
1948 5845 2222 5908 unguento

2341 4717 2566 4772 miserat
2589 4733 2872 4774 sermones
2893 4717 2962 4774 de
2988 4718 3160 4790 gloria
3188 4729 3247 4774 et
3263 4719 3526 4776 claritate
3550 4717 3768 4772 adventus
3782 4698 3852 4762 sui.

2340 4827 2476 4882 quos
2506 4811 2559 4866 in
2606 4812 2710 4868 hoc
2745 4828 2851 4868 uno
2898 4813 3182 4879 conclusit,
3220 4815 3277 4869 in
3337 4830 3450 4887 quo
3497 4806 3782 4886 permaxima
3816 4806 3852 4850 δε

2339 4916 2628 4960 venturum
2655 4906 2707 4961 in
2736 4921 2903 4976 regno
2929 4922 3052 4962 cum
3079 4907 3296 4977 angelis
3323 4908 3467 4974 suis,
3511 4903 3636 4962 etin
3657 4897 3759 4956 sedc

2333 4993 2550 5064 jcstatis
2575 5011 2687 5051 sua:
2714 5013 2992 5053 sessurum
3024 5012 3083 5054 se
3111 4998 3389 5066 declarat,
3423 5009 3481 5055 et
3508 4994 3738 5053 continuo
3767 4989 3855 5076 ξίιυξ

2341 5088 2706 5159 dispensative
2749 5104 2808 5145 se
2843 5104 3127 5158 passurum
3179 5090 3234 5145 in
3262 5091 3540 5162 proximo,
3589 5094 3642 5141 ut
3681 5068 3856 5170 diet.‘il’“_li

2339 5191 2738 5235 sacramentum
2783 5181 2964 5237 crucis
2991 5181 3291 5238 admistqu
3343 5199 3470 5240 esse
3513 5178 3680 5252 glorise
3699 5178 3854 5228 πιθηκ-

2341 5273 2488 5339 tatis,
2517 5272 2832 5329 ﬁdelissime
2867 5282 3224 5346 cognoscant,
3260 5285 3323 5331 et
3356 5275 3413 5331 in
3459 5271 3603 5330 nullo
3642 5255 3858 5322 formident

2339 5363 2406 5419 de
2457 5371 2680 5428 eventu,
2713 5363 2805 5434 qui
2847 5365 3076 5420 audiunt
3117 5364 3357 5437 gloriam
3391 5375 3450 5422 et
3478 5363 3776 5433 majestate!!!
3801 5360 3857 5400 κ’

2339 5457 2574 5528 gnantis.
2609 5455 2782 5512 Porro
2810 5466 2936 5530 post
2968 5457 3190 5514 biduum
3226 5459 3444 5529 pascha
3493 5455 3606 5514 ﬁeri
3647 5451 3857 5524 propterea

2337 5554 2678 5626 pronuntiat,
2715 5562 2776 5609 ut
2821 5555 3027 5612 scirent
3073 5556 3269 5612 horam
3321 5557 3625 5628 praescitam
3665 5547 3756 5617 jam
3794 5549 3856 5588 *θ’

2337 5649 2517 5716 uisse;
2554 5649 2854 5705 secundum
2900 5650 3046 5722 quod
3075 5651 3431 5709 ostendimus
3475 5663 3594 5708 eum
3635 5657 3724 5701 non
3748 5637 3860 5709 110559

2336 5742 2494 5807 mori,
2519 5751 2815 5813 antequam
2843 5743 3028 5799 omnia
3059 5743 3330 5801 doctrina:
3354 5760 3468 5801 sua:
3489 5739 3711 5812 expleret
3727 5735 3858 5829 εξεξῇ

2332 5842 2539 5893 menta.
2569 5809 2871 5906 Oportebat
2897 5850 3028 5907 ergo
3071 5845 3131 5894 ut
3168 5837 3412 5908 primum
3441 5809 3734 5892 dissolveret
3764 5809 3856 5878 itlutl
