4016 6354
625 307 730 363 875

1427 308 1484 364 S.
1526 309 1882 367 PASCHASII
1922 310 2267 368 RADBERTI
2299 310 2590 371 ABBATIS
2627 313 3076 373 CORBEIENSIS
3689 333 3765 393 373

626 432 793 488 strat;
818 422 911 479 sed
932 423 1039 479 hoc
1065 423 1238 478 solum
1272 424 1421 478 omni
1467 426 1662 479 astutia
1702 442 1897 483 cavere
1926 442 1986 483 se
2016 429 2211 483 adhor—
2238 433 2291 493 Α
2315 429 2577 495 dazorum,
2610 431 2867 488 festinent
2887 447 3080 490 omnes
3098 447 3165 489 ac
3190 432 3237 489 si
3258 447 3387 491 nova
3418 444 3767 511 conspersis,»

626 524 832 582 tantur,
862 532 929 571 ne
963 515 1144 586 populi
1172 515 1373 570 auxilio
1404 518 1469 570 de
1494 516 1708 572 illorum
1762 520 2014 576 manibus
2056 520 2209 577 tolle-

627 620 798 665 retur.
828 609 1044 684 1074
1065 610 1357 664 Imitantur
1376 611 1573 666 etenim
1598 612 1755 679 Cain,
1781 613 1934 683 cujus
1977 616 2209 685 prophe-

628 700 757 755 tiam
782 701 1001 770 eXpIere
1031 702 1270 771 cupiunt,
1305 710 1362 755 ut
1392 702 1560 758 libere
1593 688 1724 760 Abel
1780 705 2005 761 fratrem
2050 724 2208 763 suum

625 808 748 849 eum
774 792 898 849 dolo
919 793 1268 848 interﬁciant.
1310 792 1375 847 Et
1406 796 1527 851 ideo
1580 796 1667 851 ille
1716 798 1827 852 ait:
1860 798 2210 869 Egrediamur

621 886 677 938 in
702 901 942 955 :ampum
986 882 1137 951 (Gen.
1169 901 1243 949 iv,
1268 884 1344 955 8),
1376 896 1577 943 uteum
1606 890 1872 958 perimere
1914 900 2095 960 posset
2139 908 2207 945 nc

622 978 896 1033 evaderet.
932 976 1039 1032 Sed
1066 976 1256 1043 Iudas,
1289 980 1399 1033 imo
1440 978 1686 1035 diabolus
1716 996 1814 1051 per
1836 997 1958 1035 eum
2004 997 2208 1052 praeve-

624 1070 703 1123 nit
731 1084 800 1124 ex
853 1068 938 1124 die
984 1067 1122 1124 festo
1177 1071 1463 1124 consilium
1502 1087 1735 1133 eorum,
1789 1089 1911 1127 eum
1960 1074 2207 1143 qumsivit

621 1161 989 1230 sponsionem,
1021 1161 1150 1231 quid
1178 1162 1227 1216 ei
1259 1162 1456 1217 vellent
1490 1162 1639 1217 dare.
1678 1163 1743 1218 Et
1780 1165 1976 1219 exinde
2006 1165 2205 1235 quassi-

619 1253 695 1306 vit
732 1252 1213 1324 opportunitatem,
1274 1262 1329 1309 ut
1379 1270 1502 1310 eum
1558 1255 1641 1310 eis
1681 1257 1939 1311 traderet.
1998 1256 2207 1315 Idcirco

620 1347 792 1418 gavisi
816 1347 881 1400 de
911 1354 1061 1401 tanto
1082 1356 1300 1413 eventu,
1326 1364 1432 1403 non
1458 1348 1775 1417 curantjam
1819 1366 1922 1420 qua
1952 1351 2044 1405 ﬁat
2084 1352 2202 1419 die;

619 1445 674 1492 et
693 1438 815 1493 ideo
839 1439 892 1492 in
927 1447 1086 1493 nocte
1109 1453 1215 1507 qua
1245 1440 1513 1494 debebant
1534 1442 1732 1509 pascha
1756 1443 2068 1508 comedere,
2099 1452 2207 1498 salo

619 1536 785 1600 agunt
829 1538 884 1583 et
904 1530 1235 1584 meditantur
1264 1531 1470 1599 pariter
1492 1547 1617 1586 eum
1651 1532 1767 1603 ipso
1816 1533 2101 1600 traditore,
2148 1543 2209 1589 ut

617 1633 739 1675 cum
768 1629 1132 1692 opportunum
1175 1622 1480 1676 invenerint
1509 1623 1710 1690 locum,
1766 1641 1892 1679 mox
1941 1641 2064 1681 eum
2115 1643 2208 1682 ca-

615 1720 784 1789 piant.
814 1719 921 1775 Sed
952 1722 1076 1791 quia
1100 1719 1215 1790 jam
1246 1730 1470 1776 venerat
1492 1721 1628 1788 dies,
1660 1731 1716 1777 et
1755 1723 1886 1777 hora
1923 1740 1952 1778 a
2008 1723 2207 1779 smculo

2311 522 2525 579 lebrare
2574 539 2772 580 novum
2837 526 3040 596 pascha
3091 527 3145 582 in
3193 528 3385 600 azymis
3434 532 3698 595 sinceritatis
3733 555 3773 599 et

2311 616 2582 683 veritatis,
2615 625 2673 672 et
2718 632 2825 673 non
2869 633 2993 673 cum
3022 616 3223 674 Iudaeis
3268 619 3318 674 in
3364 630 3593 679 vetustate
3636 627 3776 689 littera

2310 722 2649 777 permanere.
2684 708 2790 764 Sed
2829 711 2955 780 quia
3003 710 3266 783 benignus
3304 709 3541 781 Salvator,
3576 716 3666 785 jam
3691 732 3776 778 ante

2310 819 2404 856 sea:
2458 803 2569 858 dies
2626 800 2869 869 Paschre,
2902 805 3050 859 venit
3106 805 3159 859 in
3194 805 3456 873 Bethania,
3507 812 3625 867 unde
3653 822 3696 869 et
3726 815 3781 870 al-

2312 904 2425 950 tera
2456 896 2541 951 die
2570 913 2690 951 cum
2722 897 2996 968 triumpho
3023 906 3080 954 et
3109 899 3274 955 ramis
3295 899 3580 969 palmarum,
3603 904 3781 975 acsijam

2307 987 2500 1053 victor,
2527 988 2841 1053 celebravit,
2880 989 3241 1046 reascendens
3278 990 3672 1064 Hierosolymam,
3707 996 3787 1064 glo-

2309 1082 2445 1138 riam
2475 1083 2866 1138 monomachiee
2892 1098 3023 1151 suae,
3077 1100 3241 1155 quam
3284 1085 3568 1155 expleturos
3606 1094 3701 1140 erat
3748 1087 3786 1143 in

2307 1177 2576 1247 proximo.
2610 1176 2725 1244 Qua
2752 1178 2819 1232 de
2872 1191 3037 1232 causa
3066 1185 3123 1232 et
3172 1178 3271 1247 ipsi
3300 1178 3550 1247 principes
3582 1179 3789 1245 commoti,

2308 1278 2707 1339 congregantur
2731 1268 2783 1323 in
2800 1269 2998 1323 atriutn
3020 1269 3280 1339 principis
3307 1270 3636 1333 sacerdotum,
3656 1280 3702 1325 ut
3722 1271 3791 1325 im-

2307 1359 2551 1429 pleretur
2586 1359 2716 1415 illud
2743 1360 2887 1431 quod
2902 1359 3106 1415 dictum
3128 1361 3279 1416 estin
3294 1360 3515 1429 Psalmo,
3533 1362 3640 1432 quia
3668 1362 3796 1433 populi

2307 1455 2546 1509 meditati
2565 1465 2685 1510 sunt
2712 1455 2915 1520 inania,
2938 1464 2986 1508 et
3009 1455 3601 1526 priueipes'convenerunt
3617 1455 3661 1508 in
3679 1468 3794 1507 unum

2309 1549 2557 1603 adversm
2586 1547 2893 1612 Dominam,
2916 1557 2964 1601 et
2991 1547 3239 1601 adversus
3264 1545 3518 1602 Christum
3550 1546 3648 1615 ejus
3673 1542 3795 1615 (Psal.

2309 1658 2371 1707 tt,
2397 1642 2451 1708 I,
2474 1640 2553 1713 2).
2585 1640 2753 1708 Quos,
2779 1640 2906 1711 quia
2931 1640 2983 1694 in
3016 1638 3139 1695 dolo
3169 1640 3450 1696 consilium
3482 1640 3601 1694 inire
3618 1638 3799 1693 laborant

2308 1741 2496 1788 contra
2528 1731 2833 1792 Dominum,
2866 1730 3260 1803 relinquamus,
3287 1739 3343 1786 et
3359 1728 3646 1785 festinemus
3665 1742 3802 1799 oppor-

617 1820 744 1865 nota
770 1810 1017 1878 Domino,
1046 1812 1187 1866 ultra
1212 1812 1417 1867 dill‘erri
1444 1829 1549 1868 non
1589 1815 1782 1883 potuit,
1816 1814 1956 1868 sicut
1986 1828 2087 1869 nec
2112 1829 2198 1867 an-

2310 1832 2438 1877 tune
2467 1824 2601 1879 satis
2630 1824 2787 1879 ﬁnire
2810 1823 3034 1888 librum,
3055 1834 3111 1876 ut
3161 1821 3429 1878 Salvatori
3474 1829 3639 1876 nostro
3670 1832 3801 1873 rursus

618 1903 850 1975 ticipari.
896 1903 1003 1960 Sed
1051 1906 1187 1960 inito
1220 1906 1470 1972 consilio,
1502 1914 1562 1962 ut
1604 1908 1778 1974 aiunt,
1820 1918 2016 1979 quarta
2070 1909 2206 1965 feria

616 2005 742 2051 ante
771 1996 912 2051 diem
951 1998 1166 2066 paseh:e
1218 1999 1271 2052 in
1320 2000 1561 2054 crastino
1605 2002 1671 2055 ad
1720 2016 2028 2071 vesperum,
2080 2017 2206 2057 mox

617 2100 787 2155 agnus
818 2086 1005 2157 legalis
1026 2088 1319 2153 occiditur,
1364 2090 1624 2145 continuo
1660 2100 1845 2146 noster
1872 2092 2059 2161 Agnus
2108 2108 2207 2161 pro

613 2178 788 2233 salute
818 2180 987 2235 totius
1016 2180 1220 2241 mundi,
1246 2196 1310 2234 ac
1342 2180 1387 2235 si
1416 2181 1533 2251 ipso
1562 2181 1877 2250 plenilunio,
1912 2191 2200 2236 mactatur.

615 2268 815 2341 Sicque
849 2271 910 2325 ﬁt
946 2280 1138 2327 utnon
1177 2273 1231 2327 in
1267 2273 1354 2328 die
1392 2272 1536 2333 festo
1562 2290 1751 2329 eorum
1772 2276 2075 2341 occidatur,
2100 2277 2197 2331 sed

612 2362 666 2417 in
725 2364 832 2419 alio
886 2364 973 2420 die
1024 2364 1293 2431 diﬁ‘ertur,
1343 2375 1403 2421 ut
1440 2369 1642 2437 pascha
1669 2376 1935 2433 nostrum,
1974 2368 2057 2422 his
2102 2384 2200 2423 ex-

610 2455 768 2525 pletis
795 2457 1049 2514 omnibus
1076 2474 1195 2529 qua:
1217 2458 1427 2514 umbra:
1456 2468 1634 2526 erant,
1657 2460 1769 2529 jam
1814 2462 1868 2515 in
1904 2461 2049 2516 clara
2080 2460 2203 2516 luce

608 2546 985 2604 immolaretur
1006 2548 1295 2607 Christus:
1329 2558 1389 2606 ut
1409 2551 1781 2622 relinquentes
1815 2568 2062 2624 azymam
2104 2550 2198 2607 Ju-

2309 1918 2363 1972 in
2384 1916 2701 1971 Bethaniam
2729 1931 3018 1972 occurrere
3041 1916 3333 1988 possimus.
3348 1914 3595 1982 Quoniam
3609 1910 3804 1966 Bethania

2306 2009 2493 2063 domus
2517 2009 2819 2064 obedientia:
2846 2008 3257 2080 interpretatur,
3290 2015 3349 2061 ut
3371 2004 3555 2061 ibidem
3576 2018 3675 2058 cum
3692 1999 3807 2054 disci-

2306 2102 2467 2171 pulis,
2499 2117 2620 2170 quae
2643 2108 2797 2171 gesta
2826 2108 2955 2155 sunt
2981 2115 3012 2154 a
3042 2098 3296 2161 Domino,
3329 2096 3510 2151 videre
3533 2092 3704 2150 mentis
3721 2104 3807 2145 ocu—

2309 2192 2359 2246 lo
2392 2201 2445 2246 et
2473 2191 2776 2263 intelligere
2800 2190 3099 2255 valeamus,
3127 2190 3258 2261 quia
3294 2187 3445 2243 valde
3491 2185 3685 2257 mystica
3720 2186 3807 2235 sunt

2311 2292 2365 2339 et
2384 2284 2719 2339 admiranda.
2751 2283 2984 2340 Orantes
3009 2295 3068 2339 ut
3105 2299 3231 2338 cum
3281 2281 3508 2346 Lazaro,
3556 2276 3715 2335 solutis
3744 2273 3812 2330 cri-

2311 2376 2567 2440 minibus,
2592 2376 2694 2431 etsi
2746 2376 2920 2430 ultimi
2949 2377 3003 2430 in
3034 2375 3313 2441 convivio,
3349 2389 3456 2445 quo
3504 2387 3615 2429 cum
3648 2366 3810 2425 Domino

2310 2466 2650 2532 convivatur,
2679 2465 2840 2538 digne
2861 2467 3123 2523 interesse
3147 2480 3483 2524 mereamur.

2156 2668 3801 2698 —_—__—____—_——_—_‘

1512 2799 1727 2873 1075
1774 2797 2191 2859 PROLOGUS
2232 2797 2446 2861 LIBRI
2492 2796 2967 2863 DUODECIMI.

2169 2947 2490 2964 _

679 3007 961 3078 Quondam
990 3007 1166 3063 adhuc
1187 3021 1322 3078 puer
1348 3021 1473 3062 cum
1497 3020 1675 3061 essem
1703 3014 1757 3061 et
1790 3006 1982 3077 ingens
2019 3014 2197 3060 trans-
2223 3009 2270 3073 α
2302 3006 2481 3069 modo,
2521 3004 2711 3061 saltem
2736 3004 3048 3075 juvenibus,
3091 3005 3157 3061 de
3197 3005 3370 3077 pleno
3394 3002 3651 3077 passionis
3678 2991 3823 3059 Christi

610 3114 801 3163 natare
838 3103 1063 3174 pelagus
1085 3101 1281 3156 vellem
1322 3100 1485 3171 paqu
1526 3110 1817 3171 antequam
1850 3100 2000 3154 littus
2038 3100 2197 3153 attin-

608 3210 811 3269 gerem,
844 3193 1137 3263 conspicio.
1165 3192 1230 3246 Et
1252 3206 1380 3247 ecce
1406 3190 1618 3246 eminus
1648 3191 1860 3246 videtur
1882 3190 2047 3245 nimia
2078 3205 2195 3244 sur-

606 3302 735 3361 gere
757 3287 1007 3352 altitudo,
1039 3294 1093 3341 et
1120 3284 1508 3341 inaccessibilis
1529 3281 1676 3339 ﬂuvii
1704 3291 1891 3355 portus
1923 3297 2191 3338 crescere.

607 3380 726 3449 Quo
794 3388 1002 3435 terrore
1059 3378 1359 3451 perculsus,
1422 3378 1560 3448 εαξρί
1619 3377 1729 3446 jam
1794 3377 1964 3432 multo
2010 3376 2197 3431 labore

606 3469 860 3543 fatigatus
885 3471 1173 3540 dispicere,
1208 3469 1354 3540 quod
1379 3485 1480 3524 nec
1528 3477 1827 3524 retrorsum
1861 3468 2041 3523 redire
2072 3483 2198 3539 pos-

606 3580 739 3628 sem,
765 3579 866 3619 nec
895 3565 948 3617 in
987 3572 1133 3618 tanta
1188 3563 1554 3617 immensitate
1598 3562 1772 3632 pelagi
1833 3562 1956 3616 boni
2006 3569 2196 3631 portus

604 3657 809 3712 exitum
841 3655 1106 3729 invenire.
1131 3653 1208 3707 Ita
1241 3662 1293 3707 et
1339 3670 1483 3707 ntmc
1520 3654 1674 3718 mihi,
1727 3653 2056 3717 charissimi,
2104 3668 2195 3708 oc-

604 3747 795 3809 currit,
832 3745 1050 3799 tandem
1101 3743 1371 3813 explicitis
1419 3743 1472 3798 in
1522 3743 1770 3798 Matthan
1822 3742 2068 3797 undecim
2098 3757 2195 3795 ex-

605 3839 977 3909 planationum
1004 3837 1180 3903 libris,
1213 3838 1265 3890 in
1293 3838 1398 3892 hoc
1426 3836 1616 3890 ultimo
1648 3834 1849 3890 laboris
1880 3835 1982 3889 mei
2007 3849 2191 3903 opere,

605 3936 667 3982 ut
693 3936 840 3982 tanta
870 3936 1335 3981 sacramentorum
1393 3926 1487 3981 Dei
1545 3924 1906 3995 profunditas,
1936 3935 2193 3995 tantaque

606 4020 910 4078 divinorum
940 4019 1278 4088 eloquiorum
1317 4019 1626 4073 obscuritas
1667 4027 1873 4072 restare
1924 4017 2189 4081 videatur,

605 4122 667 4169 ut
688 4128 788 4169 nec
821 4113 1072 4168 omittere
1094 4127 1287 4181 queam
1312 4126 1431 4179 qua:
1457 4110 1657 4164 dudum
1694 4111 2018 4165 exhortatus
2066 4110 2191 4163 hinc

606 4206 732 4261 inde
777 4222 806 4259 a
835 4205 989 4260 vobis
1042 4204 1448 4267 inchoaveram,
1480 4217 1579 4256 nec
1632 4203 1848 4271 explere
1898 4218 1981 4254 me
2034 4216 2190 4270 posse

606 4296 872 4352 conﬁdam
903 4312 1072 4365 pauca
1092 4310 1211 4365 qua:
1234 4302 1460 4349 restant.
1489 4294 1749 4361 Quoniam
1775 4293 1985 4357 ﬁebilis,
2014 4303 2060 4348 et
2097 4293 2188 4347 diu

2299 3107 2664 3166 sacramento,
2688 3099 2771 3154 vel
2797 3114 2968 3169 pauca
2995 3099 3154 3171 digne
3185 3101 3582 3172 quaerentibus,
3607 3109 3823 3166 exponam.

2298 3190 2472 3246 Credo
2497 3192 2642 3261 quod
2676 3206 2782 3245 non
2812 3192 2988 3246 aberit
3027 3190 3079 3245 in
3115 3199 3367 3247 tractatu
3412 3191 3616 3247 dicendi
3640 3186 3825 3247 facultas.

2300 3297 2420 3337 cum
2437 3281 2598 3335 fuerit
2625 3281 2678 3336 in
2701 3281 3034 3351 perﬁciendo
3055 3291 3317 3354 prompta
3341 3293 3398 3338 et
3420 3283 3602 3338 devota
3627 3280 3825 3335 voluntas.

2300 3371 2563 3439 Quoniam
2588 3373 2678 3427 vix
2700 3387 2822 3428 esse
2844 3380 3025 3444 potest
3054 3383 3114 3428 ut
3136 3374 3307 3430 boum
3334 3374 3625 3431 voluntatis
3645 3370 3824 3426 animum

2299 3463 2634 3533 possibilitas
2664 3465 2884 3520 deserat
2908 3465 3190 3521 virtutum.
3219 3466 3388 3523 Sicut
3410 3482 3442 3524 e
3463 3464 3712 3522 contrario
3736 3458 3831 3515 difﬁ-

2298 3555 2580 3617 cillimum,
2615 3564 2672 3610 ut
2710 3565 2969 3625 sequatur
2993 3556 3343 3614 abundantia
3386 3574 3581 3614 sensus
3604 3554 3830 3613 hominem»

2298 3648 2388 3717 qui
2422 3647 2553 3700 nulli
2575 3647 2689 3700 vult
2714 3647 2868 3701 alteri
2895 3647 3165 3717 impartiri
3198 3651 3508 3719 pecuniam
3540 3647 3675 3704 verbi
3702 3664 3713 3699 :
3738 3641 3834 3697 unde

2299 3737 2545 3807 quamvis
2570 3737 2695 3791 vilis
2733 3737 2982 3792 videatur
3025 3741 3231 3806 oratio,
3274 3740 3570 3812 prolixitas
3613 3732 3833 3807 πυκιναὶ·

2298 3830 2455 3884 datur
2480 3827 2774 3899 superﬂua,
2802 3837 2858 3884 et
2906 3829 3190 3888 temeritas
3234 3848 3268 3887 a
3308 3833 3635 3904 quibusdam
3657 3827 3837 3896 culpetur

2297 3920 2517 3991 ignara;
2544 3920 2648 3974 erit
2676 3920 2810 3974 mihi
2848 3920 3071 3992 ‘clypeus
3096 3923 3454 3980 defensionis
3484 3925 3598 3994 ipsa
3641 3921 3753 3975 bona
3772 3925 3834 3966 το·

2296 4012 2497 4078 luntas,
2529 4020 2585 4067 et
2608 4012 2776 4068 lorica
2800 4011 3028 4083 iustitia:
3049 4014 3393 4072 intercessio
3416 4028 3599 4072 vestra
3626 4023 3673 4070 et
3704 4010 3836 4065 induta

2295 4101 2517 4157 veritas.
2543 4102 2677 4169 Quia
2702 4103 2746 4157 si
2778 4118 2936 4159 nemo
2962 4104 3053 4173 qui
3079 4107 3326 4163 docendi
3374 4106 3612 4165 cilicium
3644 4107 3759 4159 tenet
3777 4108 3837 4149 se-

2296 4209 2457 4247 curus
2480 4210 2602 4250 esse
2626 4205 2801 4264 potest
2827 4196 2893 4251 de
2926 4198 3130 4253 talento
3171 4200 3288 4255 sibi
3322 4201 3641 4265 commisso,
3682 4208 3756 4248 ηδε
3781 4201 3844 4242 ωε

2296 4283 2575 4353 ullusjure
2605 4287 3003 4354 reprehendere
3026 4298 3230 4356 petest,
3274 4293 3325 4345 si
3352 4306 3420 4345 ea
3448 4290 3603 4345 vobis
3641 4276 3843 4357 ροςεειιιί·

598 4394 712 4464 jam
728 4393 912 4463 jejuna
939 4391 1136 4454 oratio,
1169 4389 1510 4445 saecularium
1542 4404 1721 4444 rerum
1746 4389 1890 4444 curis
1924 4396 2071 4442 retro
2112 4386 2187 4442 fa-
2214 4370 2269 4431 D
2295 4375 2415 4442 b118,
2440 4378 2851 4448 quilmscunquc
2877 4381 3055 4435 verbis
3077 4383 3351 4453 supplere
3382 4386 3550 4454 Cupio
3571 4382 3748 4438 Oli05"5
3763 4382 3847 4464 (ῐξιίθ

603 4486 794 4554 tigata,
826 4484 1050 4538 nmltum
1085 4479 1537 4545 formidat,eliam
1569 4496 1652 4545 ea,
1678 4495 1797 4550 quce
1829 4481 1993 4534 sentit
2018 4478 2184 4548 loqui,

603 4580 693 4635 ubi
725 4594 784 4633 se
811 4578 959 4657 videt
989 4592 1087 4632 nec
1116 4591 1299 4640 sensu,
1324 4590 1423 4629 nec
1465 4575 1679 4645 ingenio
1725 4589 1881 4644 posse
1920 4571 2183 4628 suﬁiccre.

607 4670 713 4726 Sed
745 4671 871 4741 quia
914 4668 1093 4723 divina
1147 4677 1289 4721 recte
1336 4665 1722 4736 qumrcntibus,
1772 4679 1987 4734 semper
2036 4664 2188 4719 inde-

603 4764 796 4820 ﬁciens
814 4762 965 4817 verbi
1012 4776 1207 4816 census
1254 4760 1444 4813 adesse
1499 4757 1853 4827 promittitur.
1914 4755 2065 4810 Unde
2108 4755 2187 4809 ait

598 4850 853 4927 ‘perdives
882 4854 1139 4907 Dominus
1170 4851 1371 4905 oratori
1402 4864 1499 4905 suo
1524 4868 1535 4902 :
1580 4849 1734 4919 Aperi
1756 4866 1811 4901 os
1843 4858 1991 4901 tuum
2020 4855 2068 4901 et
2092 4863 2185 4917 ego

602 4946 894 5017 adimplebo
918 4944 1049 4998 illud
1079 4942 1250 5016 (Psal.
1292 4958 1455 5004 Lxxx,
1488 4941 1591 5012 ll).
1622 4941 1685 4996 Et
1737 4942 1855 4995 ideo
1900 4940 2112 5009 exigam
2155 4953 2186 4992 a

602 5042 828 5111 meipso,
877 5038 1021 5109 quod
1066 5036 1262 5090 vestris
1320 5033 1805 5089 intervenientibus
1840 5032 2069 5111 meritis
2119 5045 2187 5085 ex

602 5131 745 5188 dono
768 5130 1043 5202 largitoris
1067 5141 1355 5198 prtesumo.
1386 5126 1559 5198 Agam
1583 5136 1640 5180 ut
1662 5140 1954 5196 coeperam,
1986 5124 2031 5178 si
2060 5137 2190 5192 quo-

2299 4469 2440 4524 male
2461 4470 2552 4523 diu
2583 4470 2792 4539 neglexi
2819 4482 3111 4542 occupatus
3141 4474 3669 4547 1076laboribus
3687 4461 3842 4521 alienis.

2298 4562 2563 4629 Quoniam
2594 4564 2971 4619 sicutdebitor
3015 4564 3089 4619 fui
3123 4567 3179 4620 in
3224 4570 3607 4631 absolvendo,
3655 4552 3850 4633 quidquid

2298 4665 2427 4710 tunc
2464 4656 2644 4710 minus
2678 4656 2837 4712 licuit
2857 4667 2918 4712 ut
2959 4658 3282 4726 redderem,
3323 4661 3406 4716 ita
3462 4670 3521 4716 et
3551 4670 3687 4714 nunc
3718 4664 3791 4705 vos
3813 4650 3851 4698 ει

2293 4747 2396 4817 ipsi
2424 4749 2621 4818 quibus
2641 4748 2828 4803 laboro
2849 4747 3119 4804 debitores
3144 4760 3286 4805 sunt
3303 4763 3372 4806 ut
3401 4754 3631 4807 audiant
3649 4759 3748 4817 qua
3764 4737 3855 4793 δάε·

2296 4840 2423 4895 liter
2460 4857 2603 4895 nunc
2631 4840 2881 4910 utrisque
2925 4839 3112 4896 oﬁ‘ero.
3146 4841 3449 4909 Quoniam
3501 4836 3708 4899 obnoxii
3741 4832 3855 4886 erit!“

2297 4930 2491 5000 culpae,
2521 4931 2567 4985 si
2608 4945 2713 4985 non
2766 4932 3107 5001 perceperint
3155 4944 3478 5004 gratanter
3527 4950 3594 4990 ex
3639 4919 3857 4991 οδεθφῖον

2298 5040 2419 5095 quae
2468 5026 2618 5081 vobis
2662 5025 2823 5080 simul
2865 5034 2920 5081 et
2955 5025 3083 5092 illis,
3123 5027 3384 5086 devotus
3436 5028 3528 5085 vel
3579 5036 3727 5098 quam
3768 5021 3857 5069 se"

2298 5122 2465 5177 reddo

611 5242 3855 5302 ___________________________.__...

1718 5414 2017 5502 LIBER
2096 5411 2789 5493 DUODECIMUS.

2022 5581 2420 5598 ﬂ

676 5660 807 5718 Cum
839 5670 969 5718 esset
988 5657 1145 5715 Iesus
1172 5662 1228 5711 tn
1252 5653 1510 5711 Bethania
1555 5654 1609 5709 in
1637 5652 1791 5708 domo
1837 5651 2065 5708 Simonis
2108 5649 2185 5704 le-

604 5757 769 5826 ;‘rosi,
795 5754 1006 5809 accessit
1034 5751 1102 5805 ad
1119 5766 1234 5805 eum
1268 5748 1455 5802 mulier
1483 5747 1674 5802 habens
1722 5744 2044 5800 aiabastrum
2087 5758 2186 5798 ειη-
2214 5780 2221 5783 ς

2294 5600 2470 5719 patenti
2492 5643 2727 5715 pretiosi,
2759 5653 2809 5699 et
2856 5641 3041 5714 eludit
3089 5658 3266 5713 super
3296 5656 3473 5718 caput
3524 5645 3686 5717 ερεὶαι
3708 5644 3866 5696 roal-

2295 5740 2476 5796 beatis.
2511 5737 2660 5794 Multi
2690 5737 2971 5794 doctorum
3001 5738 3069 5794 de
3096 5737 3206 5793 hoc
3237 5737 3379 5796 loco
3406 5739 3679 5795 dubitant.
3710 5737 3853 5787 utrm
