  <div class='ocr_page' id='page_1' title='image "/cluster/home/n/w/nwhite01/storage/ocr_20150623/120/hvd.32044015466923/445.png"; bbox 0 0 4016 6354; ppageno 0'>
   <div class='ocr_carea' id='block_1_1' title="bbox 584 385 2170 456">
    <p class='ocr_par' dir='ltr' id='par_1_1' title="bbox 584 393 2170 456">
     <span class='ocr_line' id='line_1_1' title="bbox 584 393 2170 456; baseline -0.003 -1"><span class='ocrx_word' id='word_1_1' title='bbox 584 399 690 455; x_wconf 81' lang='lat'><strong>879</strong></span> <span class='ocrx_word' id='word_1_2' title='bbox 1389 398 1448 456; x_wconf 80' lang='lat' dir='ltr'><strong>S.</strong></span> <span class='ocrx_word' id='word_1_3' title='bbox 1488 395 1849 456; x_wconf 74' lang='lat' dir='ltr'><strong>PASCHASII</strong></span> <span class='ocrx_word' id='word_1_4' title='bbox 1882 393 2170 452; x_wconf 77' lang='lat' dir='ltr'><strong>BADBER&#39;</strong></span> 
     </span>
    </p>
   </div>
   <div class='ocr_carea' id='block_1_2' title="bbox 2165 385 3751 456">
    <p class='ocr_par' dir='ltr' id='par_1_2' title="bbox 2165 385 3751 456">
     <span class='ocr_line' id='line_1_2' title="bbox 2165 385 3751 456; baseline -0.004 -5"><span class='ocrx_word' id='word_1_5' title='bbox 2165 392 2233 451; x_wconf 81' lang='lat' dir='ltr'><strong>TI</strong></span> <span class='ocrx_word' id='word_1_6' title='bbox 2269 387 2564 447; x_wconf 83' lang='lat' dir='ltr'><strong>ABBATIS</strong></span> <span class='ocrx_word' id='word_1_7' title='bbox 2600 385 3050 446; x_wconf 78' lang='lat' dir='ltr'><strong>CORBEIENSIS</strong></span> <span class='ocrx_word' id='word_1_8' title='bbox 3668 396 3751 456; x_wconf 70' lang='lat'><strong>330</strong></span> 
     </span>
    </p>
   </div>
   <div class='ocr_carea' id='block_1_3' title="bbox 584 499 3756 583">
    <p class='ocr_par' dir='ltr' id='par_1_3' title="bbox 584 499 3756 583">
     <span class='ocr_line' id='line_1_3' title="bbox 584 499 3756 583; baseline -0.003 -7"><span class='ocrx_word' id='word_1_9' title='bbox 584 517 785 583; x_wconf 76' lang='lat' dir='ltr'><strong>fuerat,</strong></span> <span class='ocrx_word' id='word_1_10' title='bbox 811 526 871 572; x_wconf 90' lang='lat' dir='ltr'><strong>ut</strong></span> <span class='ocrx_word' id='word_1_11' title='bbox 896 523 952 573; x_wconf 90' lang='lat' dir='ltr'><strong>et</strong></span> <span class='ocrx_word' id='word_1_12' title='bbox 978 530 1081 572; x_wconf 89' lang='lat' dir='ltr'><strong>nos</strong></span> <span class='ocrx_word' id='word_1_13' title='bbox 1108 528 1296 571; x_wconf 88' lang='lat' dir='ltr'><strong>omnes</strong></span> <span class='ocrx_word' id='word_1_14' title='bbox 1331 513 1556 581; x_wconf 72' lang='lat' dir='ltr'><strong>fuimus,</strong></span> <span class='ocrx_word' id='word_1_15' title='bbox 1597 522 1655 571; x_wconf 89' lang='lat' dir='ltr'><strong>et</strong></span> <span class='ocrx_word' id='word_1_16' title='bbox 1693 527 1836 569; x_wconf 92' lang='lat' dir='ltr'><strong>nunc</strong></span> <span class='ocrx_word' id='word_1_17' title='bbox 1881 510 2058 567; x_wconf 86' lang='lat' dir='ltr'><strong>adhuc</strong></span> <span class='ocrx_word' id='word_1_18' title='bbox 2099 523 2169 565; x_wconf 76' lang='lat' dir='ltr'><strong>ex</strong></span> <span class='ocrx_word' id='word_1_19' title='bbox 2195 512 2251 574; x_wconf 76' lang='grc' dir='ltr'><strong>Α</strong></span> <span class='ocrx_word' id='word_1_20' title='bbox 2274 505 2444 561; x_wconf 91' lang='lat' dir='ltr'><strong>simus</strong></span> <span class='ocrx_word' id='word_1_21' title='bbox 2471 502 2721 559; x_wconf 74' lang='lat' dir='ltr'><strong>Salvator</strong></span> <span class='ocrx_word' id='word_1_22' title='bbox 2746 517 2813 558; x_wconf 79' lang='lat' dir='ltr'><strong>ex</strong></span> <span class='ocrx_word' id='word_1_23' title='bbox 2837 499 2944 557; x_wconf 87' lang='lat' dir='ltr'>illis</span> <span class='ocrx_word' id='word_1_24' title='bbox 2974 499 3227 571; x_wconf 83' lang='lat' dir='ltr'><strong>supernis</strong></span> <span class='ocrx_word' id='word_1_25' title='bbox 3255 501 3501 561; x_wconf 76' lang='lat' dir='ltr'><strong>montibus</strong></span> <span class='ocrx_word' id='word_1_26' title='bbox 3518 506 3756 580; x_wconf 84' lang='lat' dir='ltr'><strong>descendit,</strong></span> 
     </span>
    </p>
   </div>
   <div class='ocr_carea' id='block_1_4' title="bbox 584 590 3762 680">
    <p class='ocr_par' dir='ltr' id='par_1_4' title="bbox 584 590 3762 680">
     <span class='ocr_line' id='line_1_4' title="bbox 584 590 3762 680; baseline -0.003 -13"><span class='ocrx_word' id='word_1_27' title='bbox 584 593 811 680; x_wconf 84' lang='lat' dir='ltr'><strong>antiquo</strong></span> <span class='ocrx_word' id='word_1_28' title='bbox 854 607 985 663; x_wconf 90' lang='lat' dir='ltr'><strong>vitio</strong></span> <span class='ocrx_word' id='word_1_29' title='bbox 1028 604 1143 677; x_wconf 86' lang='lat' dir='ltr'><strong>jam</strong></span> <span class='ocrx_word' id='word_1_30' title='bbox 1172 613 1413 671; x_wconf 89' lang='lat' dir='ltr'><strong>curatus,</strong></span> <span class='ocrx_word' id='word_1_31' title='bbox 1462 620 1495 660; x_wconf 88' lang='lat' dir='ltr'><strong>a</strong></span> <span class='ocrx_word' id='word_1_32' title='bbox 1539 604 1770 662; x_wconf 89' lang='lat' dir='ltr'><strong>Domino</strong></span> <span class='ocrx_word' id='word_1_33' title='bbox 1797 604 1874 658; x_wconf 90' lang='lat' dir='ltr'><strong>ita</strong></span> <span class='ocrx_word' id='word_1_34' title='bbox 1907 610 2165 667; x_wconf 89' lang='lat' dir='ltr'><strong>vocatur;</strong></span> <span class='ocrx_word' id='word_1_35' title='bbox 2275 594 2403 666; x_wconf 86' lang='lat' dir='ltr'><strong>quia</strong></span> <span class='ocrx_word' id='word_1_36' title='bbox 2432 594 2499 649; x_wconf 92' lang='lat' dir='ltr'><strong>de</strong></span> <span class='ocrx_word' id='word_1_37' title='bbox 2522 592 2677 650; x_wconf 63' lang='lat' dir='ltr'><strong>caelis</strong></span> <span class='ocrx_word' id='word_1_38' title='bbox 2709 593 2763 648; x_wconf 92' lang='lat' dir='ltr'><strong>in</strong></span> <span class='ocrx_word' id='word_1_39' title='bbox 2794 590 3052 647; x_wconf 86' lang='lat' dir='ltr'><strong>mundqu</strong></span> <span class='ocrx_word' id='word_1_40' title='bbox 3082 590 3246 647; x_wconf 89' lang='lat' dir='ltr'><strong>venit.</strong></span> <span class='ocrx_word' id='word_1_41' title='bbox 3278 590 3388 649; x_wconf 86' lang='lat' dir='ltr'><strong>Non</strong></span> <span class='ocrx_word' id='word_1_42' title='bbox 3414 595 3540 651; x_wconf 89' lang='lat' dir='ltr'><strong>enim</strong></span> <span class='ocrx_word' id='word_1_43' title='bbox 3570 598 3644 655; x_wconf 88' lang='lat' dir='ltr'><strong>ille</strong></span> <span class='ocrx_word' id='word_1_44' title='bbox 3666 601 3762 659; x_wconf 83' lang='lat' dir='ltr'><strong>visi-</strong></span> 
     </span>
    </p>
   </div>
   <div class='ocr_carea' id='block_1_5' title="bbox 583 683 3763 772">
    <p class='ocr_par' dir='ltr' id='par_1_5' title="bbox 583 683 3763 772">
     <span class='ocr_line' id='line_1_5' title="bbox 583 683 3763 772; baseline -0.002 -16"><span class='ocrx_word' id='word_1_45' title='bbox 583 699 672 758; x_wconf 91' lang='lat' dir='ltr'><strong>vel</strong></span> <span class='ocrx_word' id='word_1_46' title='bbox 700 699 828 772; x_wconf 83' lang='lat' dir='ltr'><strong>quia</strong></span> <span class='ocrx_word' id='word_1_47' title='bbox 874 696 1054 753; x_wconf 90' lang='lat' dir='ltr'><strong>adhuc</strong></span> <span class='ocrx_word' id='word_1_48' title='bbox 1094 710 1284 752; x_wconf 87' lang='lat' dir='ltr'><strong>omnes</strong></span> <span class='ocrx_word' id='word_1_49' title='bbox 1319 697 1419 751; x_wconf 88' lang='lat' dir='ltr'><strong>sub</strong></span> <span class='ocrx_word' id='word_1_50' title='bbox 1446 703 1672 766; x_wconf 88' lang='lat' dir='ltr'><strong>peccato</strong></span> <span class='ocrx_word' id='word_1_51' title='bbox 1697 708 1998 750; x_wconf 83' lang='lat' dir='ltr'><strong>versamur.</strong></span> <span class='ocrx_word' id='word_1_52' title='bbox 2031 691 2171 760; x_wconf 83' lang='lat' dir='ltr'><strong>Quia</strong></span> <span class='ocrx_word' id='word_1_53' title='bbox 2273 684 2399 742; x_wconf 86' lang='lat' dir='ltr'><strong>bilis</strong></span> <span class='ocrx_word' id='word_1_54' title='bbox 2418 694 2538 742; x_wconf 80' lang='lat' dir='ltr'><strong>erat</strong></span> <span class='ocrx_word' id='word_1_55' title='bbox 2567 686 2719 756; x_wconf 88' lang='lat' dir='ltr'><strong>prius</strong></span> <span class='ocrx_word' id='word_1_56' title='bbox 2740 685 2795 740; x_wconf 91' lang='lat' dir='ltr'><strong>in</strong></span> <span class='ocrx_word' id='word_1_57' title='bbox 2817 685 2923 740; x_wconf 92' lang='lat' dir='ltr'><strong>hoc</strong></span> <span class='ocrx_word' id='word_1_58' title='bbox 2950 683 3170 749; x_wconf 88' lang='lat' dir='ltr'><strong>mundo,</strong></span> <span class='ocrx_word' id='word_1_59' title='bbox 3198 686 3288 741; x_wconf 89' lang='lat' dir='ltr'><strong>sed</strong></span> <span class='ocrx_word' id='word_1_60' title='bbox 3311 685 3592 746; x_wconf 73' lang='lat' dir='ltr'><strong>obedientite</strong></span> <span class='ocrx_word' id='word_1_61' title='bbox 3613 692 3763 764; x_wconf 77' lang='lat' dir='ltr'><strong>pietate</strong></span> 
     </span>
    </p>
   </div>
   <div class='ocr_carea' id='block_1_6' title="bbox 582 776 3762 860">
    <p class='ocr_par' dir='ltr' id='par_1_6' title="bbox 582 776 3762 860">
     <span class='ocr_line' id='line_1_6' title="bbox 582 776 3762 860; baseline 0.003 -27"><span class='ocrx_word' id='word_1_62' title='bbox 582 791 632 847; x_wconf 69' lang='grc' dir='ltr'><strong>,ί</strong></span> <span class='ocrx_word' id='word_1_63' title='bbox 671 789 961 846; x_wconf 61' lang='lat' dir='ltr'><strong>dixerimus</strong></span> <span class='ocrx_word' id='word_1_64' title='bbox 985 786 1126 860; x_wconf 86' lang='lat' dir='ltr'><strong>quod</strong></span> <span class='ocrx_word' id='word_1_65' title='bbox 1153 796 1422 857; x_wconf 82' lang='lat' dir='ltr'><strong>peccatum</strong></span> <span class='ocrx_word' id='word_1_66' title='bbox 1467 802 1570 841; x_wconf 83' lang='lat' dir='ltr'><strong>non</strong></span> <span class='ocrx_word' id='word_1_67' title='bbox 1614 784 1897 850; x_wconf 84' lang='lat' dir='ltr'><strong>habemus,</strong></span> <span class='ocrx_word' id='word_1_68' title='bbox 1926 782 2028 853; x_wconf 96' lang='lat' dir='ltr'><strong>ipsi</strong></span> <span class='ocrx_word' id='word_1_69' title='bbox 2076 799 2170 838; x_wconf 89' lang='lat' dir='ltr'><strong>nos</strong></span> <span class='ocrx_word' id='word_1_70' title='bbox 2273 778 2473 834; x_wconf 90' lang='lat' dir='ltr'><strong>missus</strong></span> <span class='ocrx_word' id='word_1_71' title='bbox 2502 792 2533 832; x_wconf 92' lang='lat' dir='ltr'><strong>a</strong></span> <span class='ocrx_word' id='word_1_72' title='bbox 2566 776 2750 843; x_wconf 83' lang='lat' dir='ltr'><strong>Patre,</strong></span> <span class='ocrx_word' id='word_1_73' title='bbox 2778 777 2929 833; x_wconf 86' lang='lat' dir='ltr'><strong>venit</strong></span> <span class='ocrx_word' id='word_1_74' title='bbox 2952 776 3005 831; x_wconf 93' lang='lat' dir='ltr'><strong>in</strong></span> <span class='ocrx_word' id='word_1_75' title='bbox 3036 776 3180 832; x_wconf 90' lang='lat' dir='ltr'><strong>hunc</strong></span> <span class='ocrx_word' id='word_1_76' title='bbox 3210 778 3471 847; x_wconf 92' lang='lat' dir='ltr'><strong>mundum,</strong></span> <span class='ocrx_word' id='word_1_77' title='bbox 3497 790 3550 837; x_wconf 90' lang='lat' dir='ltr'><strong>ut</strong></span> <span class='ocrx_word' id='word_1_78' title='bbox 3569 782 3662 854; x_wconf 86' lang='lat' dir='ltr'><strong>ipse</strong></span> <span class='ocrx_word' id='word_1_79' title='bbox 3678 787 3762 844; x_wconf 83' lang='lat' dir='ltr'><strong>ait:</strong></span> 
     </span>
    </p>
   </div>
   <div class='ocr_carea' id='block_1_7' title="bbox 581 860 3766 950">
    <p class='ocr_par' dir='ltr' id='par_1_7' title="bbox 581 860 3766 950">
     <span class='ocr_line' id='line_1_7' title="bbox 581 860 3766 950; baseline -0.001 -12"><span class='ocrx_word' id='word_1_80' title='bbox 581 860 903 947; x_wconf 72' lang='lat' dir='ltr'><strong>seducimus,</strong></span> <span class='ocrx_word' id='word_1_81' title='bbox 926 887 976 936; x_wconf 88' lang='lat' dir='ltr'><strong>et</strong></span> <span class='ocrx_word' id='word_1_82' title='bbox 1010 879 1197 934; x_wconf 73' lang='lat' dir='ltr'><strong>veritas</strong></span> <span class='ocrx_word' id='word_1_83' title='bbox 1224 879 1281 933; x_wconf 86' lang='lat' dir='ltr'><strong>in</strong></span> <span class='ocrx_word' id='word_1_84' title='bbox 1303 878 1453 933; x_wconf 85' lang='lat' dir='ltr'><strong>nobis</strong></span> <span class='ocrx_word' id='word_1_85' title='bbox 1482 894 1588 932; x_wconf 79' lang='lat' dir='ltr'><strong>non</strong></span> <span class='ocrx_word' id='word_1_86' title='bbox 1626 887 1701 933; x_wconf 92' lang='lat' dir='ltr'><strong>est</strong></span> <span class='ocrx_word' id='word_1_87' title='bbox 1744 876 1798 950; x_wconf 92' lang='lat' dir='ltr'><strong>(I</strong></span> <span class='ocrx_word' id='word_1_88' title='bbox 1827 876 1987 932; x_wconf 84' lang='lat' dir='ltr'><strong>Joan.</strong></span> <span class='ocrx_word' id='word_1_89' title='bbox 2018 893 2056 943; x_wconf 83' lang='grc' dir='ltr'><strong>ι,</strong></span> <span class='ocrx_word' id='word_1_90' title='bbox 2088 876 2165 946; x_wconf 91' lang='lat'><strong>8).</strong></span> <span class='ocrx_word' id='word_1_91' title='bbox 2272 867 2421 924; x_wconf 80' lang='lat' dir='ltr'><strong>Sicut</strong></span> <span class='ocrx_word' id='word_1_92' title='bbox 2450 868 2640 924; x_wconf 86' lang='lat' dir='ltr'><strong>misisti</strong></span> <span class='ocrx_word' id='word_1_93' title='bbox 2668 886 2749 925; x_wconf 88' lang='lat' dir='ltr'><strong>me</strong></span> <span class='ocrx_word' id='word_1_94' title='bbox 2771 871 2884 925; x_wconf 82' lang='lat' dir='ltr'><strong>veni</strong></span> <span class='ocrx_word' id='word_1_95' title='bbox 2913 870 2967 924; x_wconf 85' lang='lat' dir='ltr'><strong>in</strong></span> <span class='ocrx_word' id='word_1_96' title='bbox 2997 870 3273 926; x_wconf 85' lang='lat' dir='ltr'><strong>mundum.</strong></span> <span class='ocrx_word' id='word_1_97' title='bbox 3304 870 3430 929; x_wconf 90' lang='lat' dir='ltr'><strong>Cum</strong></span> <span class='ocrx_word' id='word_1_98' title='bbox 3465 888 3579 946; x_wconf 89' lang='lat' dir='ltr'><strong>ergo</strong></span> <span class='ocrx_word' id='word_1_99' title='bbox 3609 877 3766 936; x_wconf 75' lang='lat' dir='ltr'><strong>audivit</strong></span> 
     </span>
    </p>
   </div>
   <div class='ocr_carea' id='block_1_8' title="bbox 580 961 3764 1046">
    <p class='ocr_par' dir='ltr' id='par_1_8' title="bbox 580 961 3764 1046">
     <span class='ocr_line' id='line_1_8' title="bbox 580 961 3764 1046; baseline -0.002 -14"><span class='ocrx_word' id='word_1_100' title='bbox 580 975 639 1032; x_wconf 91' lang='lat' dir='ltr'><strong>ln</strong></span> <span class='ocrx_word' id='word_1_101' title='bbox 694 972 911 1046; x_wconf 78' lang='lat'><strong>1079</strong></span> <span class='ocrx_word' id='word_1_102' title='bbox 957 986 1120 1043; x_wconf 88' lang='lat' dir='ltr'><strong>quam</strong></span> <span class='ocrx_word' id='word_1_103' title='bbox 1166 970 1421 1025; x_wconf 87' lang='lat' dir='ltr'><strong>nimirum</strong></span> <span class='ocrx_word' id='word_1_104' title='bbox 1463 969 1682 1024; x_wconf 87' lang='lat' dir='ltr'><strong>domum</strong></span> <span class='ocrx_word' id='word_1_105' title='bbox 1704 1008 1719 1035; x_wconf 97' lang='lat'><strong>,</strong></span> <span class='ocrx_word' id='word_1_106' title='bbox 1750 968 1876 1038; x_wconf 85' lang='lat' dir='ltr'><strong>quia</strong></span> <span class='ocrx_word' id='word_1_107' title='bbox 1902 967 2060 1023; x_wconf 85' lang='lat' dir='ltr'><strong>Jesus</strong></span> <span class='ocrx_word' id='word_1_108' title='bbox 2090 968 2172 1023; x_wconf 86' lang='lat' dir='ltr'><strong>in-</strong></span> <span class='ocrx_word' id='word_1_109' title='bbox 2273 961 2467 1018; x_wconf 88' lang='lat' dir='ltr'><strong>mulier</strong></span> <span class='ocrx_word' id='word_1_110' title='bbox 2496 962 2598 1019; x_wconf 91' lang='lat' dir='ltr'><strong>ista</strong></span> <span class='ocrx_word' id='word_1_111' title='bbox 2624 962 2838 1020; x_wconf 85' lang='lat' dir='ltr'><strong>venisse</strong></span> <span class='ocrx_word' id='word_1_112' title='bbox 2860 961 3160 1030; x_wconf 89' lang='lat' dir='ltr'><strong>Christum,</strong></span> <span class='ocrx_word' id='word_1_113' title='bbox 3190 972 3380 1022; x_wconf 86' lang='lat' dir='ltr'><strong>etesse</strong></span> <span class='ocrx_word' id='word_1_114' title='bbox 3402 965 3452 1021; x_wconf 91' lang='lat' dir='ltr'><strong>in</strong></span> <span class='ocrx_word' id='word_1_115' title='bbox 3471 967 3609 1023; x_wconf 89' lang='lat' dir='ltr'><strong>domo</strong></span> <span class='ocrx_word' id='word_1_116' title='bbox 3628 969 3764 1028; x_wconf 81' lang='lat' dir='ltr'><strong>Simo-</strong></span> 
     </span>
    </p>
   </div>
   <div class='ocr_carea' id='block_1_9' title="bbox 582 1054 3766 1130">
    <p class='ocr_par' dir='ltr' id='par_1_9' title="bbox 582 1054 3766 1130">
     <span class='ocr_line' id='line_1_9' title="bbox 582 1054 3766 1130; baseline -0.001 -10"><span class='ocrx_word' id='word_1_117' title='bbox 582 1066 774 1122; x_wconf 86' lang='lat' dir='ltr'><strong>troivit</strong></span> <span class='ocrx_word' id='word_1_118' title='bbox 795 1074 851 1119; x_wconf 92' lang='lat' dir='ltr'><strong>et</strong></span> <span class='ocrx_word' id='word_1_119' title='bbox 884 1062 1227 1127; x_wconf 88' lang='lat' dir='ltr'><strong>convivatur,</strong></span> <span class='ocrx_word' id='word_1_120' title='bbox 1255 1060 1489 1117; x_wconf 89' lang='lat' dir='ltr'><strong>accessit</strong></span> <span class='ocrx_word' id='word_1_121' title='bbox 1514 1059 1732 1126; x_wconf 90' lang='lat' dir='ltr'><strong>mulier,</strong></span> <span class='ocrx_word' id='word_1_122' title='bbox 1776 1059 1827 1114; x_wconf 92' lang='lat' dir='ltr'><strong>id</strong></span> <span class='ocrx_word' id='word_1_123' title='bbox 1866 1067 1950 1114; x_wconf 62' lang='lat' dir='ltr'><strong>est</strong></span> <span class='ocrx_word' id='word_1_124' title='bbox 1975 1058 2169 1115; x_wconf 87' lang='lat' dir='ltr'><strong>Eccle-</strong></span> <span class='ocrx_word' id='word_1_125' title='bbox 2273 1054 2392 1119; x_wconf 90' lang='lat' dir='ltr'><strong>nis,</strong></span> <span class='ocrx_word' id='word_1_126' title='bbox 2424 1054 2657 1110; x_wconf 89' lang='lat' dir='ltr'><strong>accessit</strong></span> <span class='ocrx_word' id='word_1_127' title='bbox 2697 1064 2754 1110; x_wconf 91' lang='lat' dir='ltr'><strong>et</strong></span> <span class='ocrx_word' id='word_1_128' title='bbox 2803 1054 2953 1126; x_wconf 88' lang='lat' dir='ltr'><strong>ipsa,</strong></span> <span class='ocrx_word' id='word_1_129' title='bbox 2986 1070 3107 1126; x_wconf 67' lang='lat' dir='ltr'><strong>qua:</strong></span> <span class='ocrx_word' id='word_1_130' title='bbox 3145 1057 3327 1112; x_wconf 84' lang='lat' dir='ltr'><strong>sanari</strong></span> <span class='ocrx_word' id='word_1_131' title='bbox 3356 1073 3455 1114; x_wconf 90' lang='lat' dir='ltr'><strong>non</strong></span> <span class='ocrx_word' id='word_1_132' title='bbox 3486 1071 3657 1130; x_wconf 81' lang='lat' dir='ltr'><strong>posset,</strong></span> <span class='ocrx_word' id='word_1_133' title='bbox 3691 1064 3766 1121; x_wconf 86' lang='lat' dir='ltr'><strong>nisi</strong></span> 
     </span>
    </p>
   </div>
   <div class='ocr_carea' id='block_1_10' title="bbox 580 1131 3769 1221">
    <p class='ocr_par' dir='ltr' id='par_1_10' title="bbox 580 1131 3769 1221">
     <span class='ocr_line' id='line_1_10' title="bbox 580 1131 3769 1221; baseline -0.001 -8"><span class='ocrx_word' id='word_1_134' title='bbox 580 1156 681 1214; x_wconf 88' lang='lat' dir='ltr'><strong>sia.</strong></span> <span class='ocrx_word' id='word_1_135' title='bbox 703 1155 972 1220; x_wconf 83' lang='lat' dir='ltr'><strong>Accessit,</strong></span> <span class='ocrx_word' id='word_1_136' title='bbox 1002 1153 1098 1211; x_wconf 88' lang='lat' dir='ltr'><strong>sed</strong></span> <span class='ocrx_word' id='word_1_137' title='bbox 1122 1168 1232 1209; x_wconf 90' lang='lat' dir='ltr'><strong>non</strong></span> <span class='ocrx_word' id='word_1_138' title='bbox 1256 1167 1449 1217; x_wconf 90' lang='lat' dir='ltr'><strong>vacua,</strong></span> <span class='ocrx_word' id='word_1_139' title='bbox 1474 1151 1601 1221; x_wconf 87' lang='lat' dir='ltr'><strong>quia</strong></span> <span class='ocrx_word' id='word_1_140' title='bbox 1637 1148 1817 1205; x_wconf 90' lang='lat' dir='ltr'><strong>attulit</strong></span> <span class='ocrx_word' id='word_1_141' title='bbox 1844 1148 2170 1204; x_wconf 79' lang='lat' dir='ltr'><strong>alabastrum</strong></span> <span class='ocrx_word' id='word_1_142' title='bbox 2275 1145 2511 1201; x_wconf 86' lang='lat' dir='ltr'><strong>venisset</strong></span> <span class='ocrx_word' id='word_1_143' title='bbox 2537 1131 2787 1203; x_wconf 75' lang='lat' dir='ltr'><strong>Christus</strong></span> <span class='ocrx_word' id='word_1_144' title='bbox 2834 1146 2891 1201; x_wconf 94' lang='lat' dir='ltr'><strong>in</strong></span> <span class='ocrx_word' id='word_1_145' title='bbox 2937 1155 3157 1203; x_wconf 90' lang='lat' dir='ltr'><strong>terram.</strong></span> <span class='ocrx_word' id='word_1_146' title='bbox 3199 1146 3305 1203; x_wconf 88' lang='lat' dir='ltr'><strong>Sed</strong></span> <span class='ocrx_word' id='word_1_147' title='bbox 3345 1149 3475 1205; x_wconf 86' lang='lat' dir='ltr'><strong>sicut</strong></span> <span class='ocrx_word' id='word_1_148' title='bbox 3504 1151 3673 1208; x_wconf 86' lang='lat' dir='ltr'><strong>dictum</strong></span> <span class='ocrx_word' id='word_1_149' title='bbox 3691 1162 3769 1219; x_wconf 82' lang='lat' dir='ltr'><strong>est,</strong></span> 
     </span>
    </p>
   </div>
   <div class='ocr_carea' id='block_1_11' title="bbox 580 1237 3770 1322">
    <p class='ocr_par' dir='ltr' id='par_1_11' title="bbox 580 1237 3770 1322">
     <span class='ocr_line' id='line_1_11' title="bbox 580 1237 3770 1322; baseline -0.002 -15"><span class='ocrx_word' id='word_1_150' title='bbox 580 1249 832 1322; x_wconf 72' lang='lat' dir='ltr'><strong>unguenti</strong></span> <span class='ocrx_word' id='word_1_151' title='bbox 878 1246 1128 1320; x_wconf 75' lang='lat' dir='ltr'><strong>pretiosi;</strong></span> <span class='ocrx_word' id='word_1_152' title='bbox 1175 1255 1251 1312; x_wconf 91' lang='lat' dir='ltr'><strong>et,</strong></span> <span class='ocrx_word' id='word_1_153' title='bbox 1279 1254 1341 1301; x_wconf 90' lang='lat' dir='ltr'><strong>ut</strong></span> <span class='ocrx_word' id='word_1_154' title='bbox 1388 1243 1628 1301; x_wconf 82' lang='lat' dir='ltr'><strong>Joannes</strong></span> <span class='ocrx_word' id='word_1_155' title='bbox 1686 1244 1797 1309; x_wconf 89' lang='lat' dir='ltr'><strong>ait,</strong></span> <span class='ocrx_word' id='word_1_156' title='bbox 1848 1252 2170 1313; x_wconf 79' lang='lat' dir='ltr'><strong>unguentum</strong></span> <span class='ocrx_word' id='word_1_157' title='bbox 2272 1237 2561 1308; x_wconf 73' lang='lat' dir='ltr'><strong>quaerenda</strong></span> <span class='ocrx_word' id='word_1_158' title='bbox 2604 1246 2689 1294; x_wconf 86' lang='lat' dir='ltr'><strong>est</strong></span> <span class='ocrx_word' id='word_1_159' title='bbox 2735 1239 3092 1295; x_wconf 88' lang='lat' dir='ltr'><strong>consonantia</strong></span> <span class='ocrx_word' id='word_1_160' title='bbox 3120 1240 3648 1312; x_wconf 86' lang='lat' dir='ltr'><strong>evangelistarum,et</strong></span> <span class='ocrx_word' id='word_1_161' title='bbox 3680 1259 3770 1316; x_wconf 90' lang='lat' dir='ltr'><strong>pro-</strong></span> 
     </span>
    </p>
   </div>
   <div class='ocr_carea' id='block_1_12' title="bbox 578 1327 3772 1411">
    <p class='ocr_par' dir='ltr' id='par_1_12' title="bbox 578 1327 3772 1411">
     <span class='ocr_line' id='line_1_12' title="bbox 578 1327 3772 1411; baseline -0.003 -15"><span class='ocrx_word' id='word_1_162' title='bbox 578 1340 736 1396; x_wconf 84' lang='lat' dir='ltr'><strong>nardi</strong></span> <span class='ocrx_word' id='word_1_163' title='bbox 779 1340 977 1411; x_wconf 84' lang='lat' dir='ltr'><strong>pistici,</strong></span> <span class='ocrx_word' id='word_1_164' title='bbox 1021 1339 1147 1409; x_wconf 90' lang='lat' dir='ltr'><strong>quia</strong></span> <span class='ocrx_word' id='word_1_165' title='bbox 1179 1335 1355 1393; x_wconf 91' lang='lat' dir='ltr'><strong>ﬁdelis</strong></span> <span class='ocrx_word' id='word_1_166' title='bbox 1382 1336 1553 1390; x_wconf 87' lang='lat' dir='ltr'><strong>venit.</strong></span> <span class='ocrx_word' id='word_1_167' title='bbox 1589 1333 1725 1389; x_wconf 83' lang='lat' dir='ltr'><strong>Nam</strong></span> <span class='ocrx_word' id='word_1_168' title='bbox 1777 1333 1938 1404; x_wconf 89' lang='lat' dir='ltr'><strong>pistis</strong></span> <span class='ocrx_word' id='word_1_169' title='bbox 1982 1333 2171 1390; x_wconf 65' lang='lat' dir='ltr'><strong>Graece</strong></span> <span class='ocrx_word' id='word_1_170' title='bbox 2272 1327 2477 1398; x_wconf 79' lang='lat' dir='ltr'><strong>prielas</strong></span> <span class='ocrx_word' id='word_1_171' title='bbox 2530 1327 2822 1385; x_wconf 85' lang='lat' dir='ltr'><strong>dictorum.</strong></span> <span class='ocrx_word' id='word_1_172' title='bbox 2882 1329 3020 1386; x_wconf 86' lang='lat' dir='ltr'><strong>Nam</strong></span> <span class='ocrx_word' id='word_1_173' title='bbox 3079 1332 3255 1389; x_wconf 87' lang='lat' dir='ltr'><strong>Lucas</strong></span> <span class='ocrx_word' id='word_1_174' title='bbox 3305 1335 3537 1405; x_wconf 82' lang='lat' dir='ltr'><strong>quamvis</strong></span> <span class='ocrx_word' id='word_1_175' title='bbox 3584 1335 3772 1393; x_wconf 80' lang='lat' dir='ltr'><strong>similiter</strong></span> 
     </span>
    </p>
   </div>
   <div class='ocr_carea' id='block_1_13' title="bbox 579 1417 3772 1500">
    <p class='ocr_par' dir='ltr' id='par_1_13' title="bbox 579 1417 3772 1500">
     <span class='ocr_line' id='line_1_13' title="bbox 579 1417 3772 1500; baseline -0.003 -15"><span class='ocrx_word' id='word_1_176' title='bbox 579 1429 713 1499; x_wconf 81' lang='lat' dir='ltr'><strong>fides</strong></span> <span class='ocrx_word' id='word_1_177' title='bbox 734 1429 818 1485; x_wconf 89' lang='lat' dir='ltr'><strong>vel</strong></span> <span class='ocrx_word' id='word_1_178' title='bbox 839 1428 1012 1500; x_wconf 73' lang='lat' dir='ltr'><strong>fidelis</strong></span> <span class='ocrx_word' id='word_1_179' title='bbox 1033 1429 1268 1494; x_wconf 87' lang='lat' dir='ltr'><strong>dicitur;</strong></span> <span class='ocrx_word' id='word_1_180' title='bbox 1303 1442 1370 1483; x_wconf 90' lang='lat' dir='ltr'><strong>eo</strong></span> <span class='ocrx_word' id='word_1_181' title='bbox 1402 1427 1548 1499; x_wconf 86' lang='lat' dir='ltr'><strong>quod</strong></span> <span class='ocrx_word' id='word_1_182' title='bbox 1591 1424 1929 1483; x_wconf 66' lang='lat' dir='ltr'><strong>hrec‘mulier</strong></span> <span class='ocrx_word' id='word_1_183' title='bbox 1954 1425 2169 1497; x_wconf 85' lang='lat' dir='ltr'><strong>plenam</strong></span> <span class='ocrx_word' id='word_1_184' title='bbox 2273 1417 2476 1489; x_wconf 74' lang='lat' dir='ltr'><strong>aliquid</strong></span> <span class='ocrx_word' id='word_1_185' title='bbox 2508 1419 2681 1486; x_wconf 78' lang='lat' dir='ltr'><strong>dicat,</strong></span> <span class='ocrx_word' id='word_1_186' title='bbox 2714 1436 3020 1493; x_wconf 88' lang='lat' dir='ltr'><strong>nomenque</strong></span> <span class='ocrx_word' id='word_1_187' title='bbox 3048 1426 3339 1481; x_wconf 87' lang='lat' dir='ltr'><strong>conveniat</strong></span> <span class='ocrx_word' id='word_1_188' title='bbox 3360 1426 3491 1497; x_wconf 88' lang='lat' dir='ltr'><strong>apud</strong></span> <span class='ocrx_word' id='word_1_189' title='bbox 3528 1441 3660 1496; x_wconf 81' lang='lat' dir='ltr'><strong>quem</strong></span> <span class='ocrx_word' id='word_1_190' title='bbox 3681 1443 3772 1484; x_wconf 76' lang='lat' dir='ltr'><strong>con-</strong></span> 
     </span>
    </p>
   </div>
   <div class='ocr_carea' id='block_1_14' title="bbox 578 1510 3771 1593">
    <p class='ocr_par' dir='ltr' id='par_1_14' title="bbox 578 1510 3771 1593">
     <span class='ocr_line' id='line_1_14' title="bbox 578 1510 3771 1593; baseline 0.003 -29"><span class='ocrx_word' id='word_1_191' title='bbox 578 1516 740 1575; x_wconf 79' lang='lat' dir='ltr'><strong>ﬁdem</strong></span> <span class='ocrx_word' id='word_1_192' title='bbox 787 1518 999 1586; x_wconf 63' lang='lat' dir='ltr'><strong>detulit,</strong></span> <span class='ocrx_word' id='word_1_193' title='bbox 1039 1518 1281 1588; x_wconf 79' lang='lat' dir='ltr'><strong>alioquin</strong></span> <span class='ocrx_word' id='word_1_194' title='bbox 1308 1517 1377 1573; x_wconf 89' lang='lat' dir='ltr'><strong>ad</strong></span> <span class='ocrx_word' id='word_1_195' title='bbox 1403 1515 1589 1573; x_wconf 71' lang='lat' dir='ltr'><strong>Iesum</strong></span> <span class='ocrx_word' id='word_1_196' title='bbox 1618 1517 1877 1572; x_wconf 83' lang='lat' dir='ltr'><strong>accedere</strong></span> <span class='ocrx_word' id='word_1_197' title='bbox 1906 1531 2013 1571; x_wconf 89' lang='lat' dir='ltr'><strong>non</strong></span> <span class='ocrx_word' id='word_1_198' title='bbox 2040 1532 2169 1587; x_wconf 73' lang='lat' dir='ltr'><strong>pos-</strong></span> <span class='ocrx_word' id='word_1_199' title='bbox 2272 1510 2492 1593; x_wconf 85' lang='lat' dir='ltr'><strong>vivatus</strong></span> <span class='ocrx_word' id='word_1_200' title='bbox 2516 1522 2600 1568; x_wconf 90' lang='lat' dir='ltr'><strong>est</strong></span> <span class='ocrx_word' id='word_1_201' title='bbox 2627 1513 2907 1582; x_wconf 86' lang='lat' dir='ltr'><strong>Dominus,</strong></span> <span class='ocrx_word' id='word_1_202' title='bbox 2937 1525 2998 1571; x_wconf 89' lang='lat' dir='ltr'><strong>ut</strong></span> <span class='ocrx_word' id='word_1_203' title='bbox 3029 1515 3220 1574; x_wconf 86' lang='lat' dir='ltr'><strong>Simon</strong></span> <span class='ocrx_word' id='word_1_204' title='bbox 3249 1519 3389 1575; x_wconf 84' lang='lat' dir='ltr'><strong>sicut</strong></span> <span class='ocrx_word' id='word_1_205' title='bbox 3412 1526 3463 1574; x_wconf 91' lang='lat' dir='ltr'><strong>et</strong></span> <span class='ocrx_word' id='word_1_206' title='bbox 3483 1519 3574 1576; x_wconf 87' lang='lat' dir='ltr'><strong>iste</strong></span> <span class='ocrx_word' id='word_1_207' title='bbox 3596 1519 3771 1586; x_wconf 80' lang='lat' dir='ltr'><strong>dicatur,</strong></span> 
     </span>
    </p>
   </div>
   <div class='ocr_carea' id='block_1_15' title="bbox 580 1606 3773 1685">
    <p class='ocr_par' dir='ltr' id='par_1_15' title="bbox 580 1606 3773 1685">
     <span class='ocr_line' id='line_1_15' title="bbox 580 1606 3773 1685; baseline 0.002 -17"><span class='ocrx_word' id='word_1_208' title='bbox 580 1618 686 1677; x_wconf 87' lang='lat' dir='ltr'><strong>set,</strong></span> <span class='ocrx_word' id='word_1_209' title='bbox 718 1625 895 1681; x_wconf 88' lang='lat' dir='ltr'><strong>neque</strong></span> <span class='ocrx_word' id='word_1_210' title='bbox 923 1610 1144 1666; x_wconf 89' lang='lat' dir='ltr'><strong>domum</strong></span> <span class='ocrx_word' id='word_1_211' title='bbox 1174 1607 1499 1664; x_wconf 74' lang='lat' dir='ltr'><strong>obedientia:</strong></span> <span class='ocrx_word' id='word_1_212' title='bbox 1530 1607 1758 1672; x_wconf 84' lang='lat' dir='ltr'><strong>intrare,</strong></span> <span class='ocrx_word' id='word_1_213' title='bbox 1794 1606 1898 1660; x_wconf 89' lang='lat' dir='ltr'><strong>nisi</strong></span> <span class='ocrx_word' id='word_1_214' title='bbox 1925 1620 2168 1675; x_wconf 86' lang='lat' dir='ltr'><strong>unguen-</strong></span> <span class='ocrx_word' id='word_1_215' title='bbox 2271 1627 2380 1667; x_wconf 86' lang='lat' dir='ltr'><strong>non</strong></span> <span class='ocrx_word' id='word_1_216' title='bbox 2411 1621 2589 1668; x_wconf 89' lang='lat' dir='ltr'><strong>tamen</strong></span> <span class='ocrx_word' id='word_1_217' title='bbox 2623 1612 2886 1685; x_wconf 88' lang='lat' dir='ltr'><strong>leprosus.</strong></span> <span class='ocrx_word' id='word_1_218' title='bbox 2926 1613 3081 1672; x_wconf 88' lang='lat' dir='ltr'><strong>Unde</strong></span> <span class='ocrx_word' id='word_1_219' title='bbox 3106 1633 3215 1674; x_wconf 89' lang='lat' dir='ltr'><strong>non</strong></span> <span class='ocrx_word' id='word_1_220' title='bbox 3238 1627 3326 1674; x_wconf 92' lang='lat' dir='ltr'><strong>est</strong></span> <span class='ocrx_word' id='word_1_221' title='bbox 3345 1627 3521 1674; x_wconf 89' lang='lat' dir='ltr'><strong>contra</strong></span> <span class='ocrx_word' id='word_1_222' title='bbox 3545 1629 3773 1675; x_wconf 83' lang='lat' dir='ltr'><strong>consuetu-</strong></span> 
     </span>
    </p>
   </div>
   <div class='ocr_carea' id='block_1_16' title="bbox 576 1697 3776 1776">
    <p class='ocr_par' dir='ltr' id='par_1_16' title="bbox 576 1697 3776 1776">
     <span class='ocr_line' id='line_1_16' title="bbox 576 1697 3776 1776; baseline 0.002 -18"><span class='ocrx_word' id='word_1_223' title='bbox 576 1712 690 1760; x_wconf 91' lang='lat' dir='ltr'><strong>tum</strong></span> <span class='ocrx_word' id='word_1_224' title='bbox 716 1701 843 1759; x_wconf 87' lang='lat' dir='ltr'><strong>ﬁdei</strong></span> <span class='ocrx_word' id='word_1_225' title='bbox 864 1703 1159 1776; x_wconf 89' lang='lat' dir='ltr'><strong>pretiosum</strong></span> <span class='ocrx_word' id='word_1_226' title='bbox 1184 1699 1405 1756; x_wconf 81' lang='lat' dir='ltr'><strong>all‘erret</strong></span> <span class='ocrx_word' id='word_1_227' title='bbox 1428 1708 1483 1755; x_wconf 92' lang='lat' dir='ltr'><strong>et</strong></span> <span class='ocrx_word' id='word_1_228' title='bbox 1511 1699 1651 1755; x_wconf 89' lang='lat' dir='ltr'><strong>bene</strong></span> <span class='ocrx_word' id='word_1_229' title='bbox 1678 1699 1933 1754; x_wconf 89' lang='lat' dir='ltr'><strong>olentem.</strong></span> <span class='ocrx_word' id='word_1_230' title='bbox 1963 1697 2038 1753; x_wconf 88' lang='lat' dir='ltr'><strong>De</strong></span> <span class='ocrx_word' id='word_1_231' title='bbox 2060 1714 2169 1769; x_wconf 89' lang='lat' dir='ltr'><strong>quo</strong></span> <span class='ocrx_word' id='word_1_232' title='bbox 2272 1702 2474 1770; x_wconf 90' lang='lat' dir='ltr'><strong>dinem,</strong></span> <span class='ocrx_word' id='word_1_233' title='bbox 2512 1704 2598 1760; x_wconf 90' lang='lat' dir='ltr'><strong>vel</strong></span> <span class='ocrx_word' id='word_1_234' title='bbox 2621 1714 2810 1761; x_wconf 90' lang='lat' dir='ltr'><strong>contra</strong></span> <span class='ocrx_word' id='word_1_235' title='bbox 2833 1706 3122 1771; x_wconf 88' lang='lat' dir='ltr'><strong>rationem,</strong></span> <span class='ocrx_word' id='word_1_236' title='bbox 3158 1717 3221 1763; x_wconf 92' lang='lat' dir='ltr'><strong>ut</strong></span> <span class='ocrx_word' id='word_1_237' title='bbox 3240 1709 3346 1764; x_wconf 90' lang='lat' dir='ltr'><strong>duo</strong></span> <span class='ocrx_word' id='word_1_238' title='bbox 3372 1707 3531 1765; x_wconf 79' lang='lat' dir='ltr'><strong>fuisse</strong></span> <span class='ocrx_word' id='word_1_239' title='bbox 3552 1709 3776 1765; x_wconf 83' lang='lat' dir='ltr'><strong>credantur</strong></span> 
     </span>
    </p>
   </div>
   <div class='ocr_carea' id='block_1_17' title="bbox 575 1788 3776 1869">
    <p class='ocr_par' dir='ltr' id='par_1_17' title="bbox 575 1788 3776 1869">
     <span class='ocr_line' id='line_1_17' title="bbox 575 1788 3776 1869; baseline 0.001 -19"><span class='ocrx_word' id='word_1_240' title='bbox 575 1802 853 1866; x_wconf 88' lang='lat' dir='ltr'><strong>unguento</strong></span> <span class='ocrx_word' id='word_1_241' title='bbox 881 1808 1079 1865; x_wconf 90' lang='lat' dir='ltr'><strong>sponsa</strong></span> <span class='ocrx_word' id='word_1_242' title='bbox 1115 1791 1343 1858; x_wconf 89' lang='lat' dir='ltr'><strong>Christi,</strong></span> <span class='ocrx_word' id='word_1_243' title='bbox 1379 1806 1498 1861; x_wconf 80' lang='lat' dir='ltr'><strong>quae</strong></span> <span class='ocrx_word' id='word_1_244' title='bbox 1536 1799 1621 1846; x_wconf 88' lang='lat' dir='ltr'><strong>est</strong></span> <span class='ocrx_word' id='word_1_245' title='bbox 1654 1788 1919 1855; x_wconf 85' lang='lat' dir='ltr'><strong>Ecclesia,</strong></span> <span class='ocrx_word' id='word_1_246' title='bbox 1954 1789 2088 1845; x_wconf 88' lang='lat' dir='ltr'><strong>dicit</strong></span> <span class='ocrx_word' id='word_1_247' title='bbox 2113 1791 2169 1845; x_wconf 93' lang='lat' dir='ltr'><strong>in</strong></span> <span class='ocrx_word' id='word_1_248' title='bbox 2272 1793 2434 1851; x_wconf 90' lang='lat' dir='ltr'><strong>unius</strong></span> <span class='ocrx_word' id='word_1_249' title='bbox 2468 1795 2724 1852; x_wconf 87' lang='lat' dir='ltr'><strong>nominis.</strong></span> <span class='ocrx_word' id='word_1_250' title='bbox 2770 1795 2907 1864; x_wconf 86' lang='lat' dir='ltr'><strong>Quia</strong></span> <span class='ocrx_word' id='word_1_251' title='bbox 2937 1798 3038 1853; x_wconf 91' lang='lat' dir='ltr'><strong>etsi</strong></span> <span class='ocrx_word' id='word_1_252' title='bbox 3066 1806 3249 1869; x_wconf 86' lang='lat' dir='ltr'><strong>potest</strong></span> <span class='ocrx_word' id='word_1_253' title='bbox 3291 1814 3427 1855; x_wconf 92' lang='lat' dir='ltr'><strong>unus</strong></span> <span class='ocrx_word' id='word_1_254' title='bbox 3454 1799 3598 1855; x_wconf 90' lang='lat' dir='ltr'><strong>homo</strong></span> <span class='ocrx_word' id='word_1_255' title='bbox 3628 1799 3776 1855; x_wconf 81' lang='lat' dir='ltr'><strong>habere</strong></span> 
     </span>
    </p>
   </div>
   <div class='ocr_carea' id='block_1_18' title="bbox 575 1871 3776 1960">
    <p class='ocr_par' dir='ltr' id='par_1_18' title="bbox 575 1871 3776 1960">
     <span class='ocr_line' id='line_1_18' title="bbox 575 1871 3776 1960; baseline 0 -17"><span class='ocrx_word' id='word_1_256' title='bbox 575 1885 816 1944; x_wconf 85' lang='lat' dir='ltr'><strong>Canticis</strong></span> <span class='ocrx_word' id='word_1_257' title='bbox 849 1905 863 1940; x_wconf 90' lang='lat'><strong>:</strong></span> <span class='ocrx_word' id='word_1_258' title='bbox 898 1884 1118 1940; x_wconf 85' lang='lat' dir='ltr'><strong>Nardus</strong></span> <span class='ocrx_word' id='word_1_259' title='bbox 1158 1900 1277 1938; x_wconf 89' lang='lat' dir='ltr'><strong>mea</strong></span> <span class='ocrx_word' id='word_1_260' title='bbox 1319 1883 1461 1938; x_wconf 83' lang='lat' dir='ltr'><strong>dedit</strong></span> <span class='ocrx_word' id='word_1_261' title='bbox 1494 1889 1711 1937; x_wconf 85' lang='lat' dir='ltr'><strong>odorem</strong></span> <span class='ocrx_word' id='word_1_262' title='bbox 1739 1899 1891 1936; x_wconf 87' lang='lat' dir='ltr'><strong>suum</strong></span> <span class='ocrx_word' id='word_1_263' title='bbox 1919 1880 2097 1953; x_wconf 84' lang='lat' dir='ltr'><strong>(Cant.</strong></span> <span class='ocrx_word' id='word_1_264' title='bbox 2126 1898 2166 1947; x_wconf 83' lang='grc' dir='ltr'>ι,</span> <span class='ocrx_word' id='word_1_265' title='bbox 2199 1871 2247 1933; x_wconf 88' lang='grc' dir='ltr'>Β</span> <span class='ocrx_word' id='word_1_266' title='bbox 2275 1883 2382 1939; x_wconf 91' lang='lat' dir='ltr'><strong>duo</strong></span> <span class='ocrx_word' id='word_1_267' title='bbox 2421 1885 2639 1940; x_wconf 80' lang='lat' dir='ltr'><strong>nomina</strong></span> <span class='ocrx_word' id='word_1_268' title='bbox 2669 1927 2685 1952; x_wconf 93' lang='lat'><strong>,</strong></span> <span class='ocrx_word' id='word_1_269' title='bbox 2740 1887 2909 1942; x_wconf 88' lang='lat' dir='ltr'><strong>multo</strong></span> <span class='ocrx_word' id='word_1_270' title='bbox 2958 1889 3131 1960; x_wconf 87' lang='lat' dir='ltr'><strong>magis</strong></span> <span class='ocrx_word' id='word_1_271' title='bbox 3178 1898 3405 1959; x_wconf 85' lang='lat' dir='ltr'><strong>possunt</strong></span> <span class='ocrx_word' id='word_1_272' title='bbox 3449 1904 3596 1944; x_wconf 89' lang='lat' dir='ltr'><strong>unum</strong></span> <span class='ocrx_word' id='word_1_273' title='bbox 3632 1904 3776 1945; x_wconf 80' lang='lat' dir='ltr'><strong>nomen</strong></span> 
     </span>
    </p>
   </div>
   <div class='ocr_carea' id='block_1_19' title="bbox 577 1964 3777 2052">
    <p class='ocr_par' dir='ltr' id='par_1_19' title="bbox 577 1964 3777 2052">
     <span class='ocr_line' id='line_1_19' title="bbox 577 1964 3777 2052; baseline 0 -18"><span class='ocrx_word' id='word_1_274' title='bbox 577 1980 690 2052; x_wconf 77' lang='grc'><strong>12).</strong></span> <span class='ocrx_word' id='word_1_275' title='bbox 740 1978 809 2034; x_wconf 85' lang='grc' dir='ltr'><strong>Ει</strong></span> <span class='ocrx_word' id='word_1_276' title='bbox 843 1964 966 2033; x_wconf 83' lang='lat' dir='ltr'><strong>ideo</strong></span> <span class='ocrx_word' id='word_1_277' title='bbox 1005 1992 1169 2047; x_wconf 90' lang='lat' dir='ltr'><strong>quam</strong></span> <span class='ocrx_word' id='word_1_278' title='bbox 1219 1976 1499 2047; x_wconf 89' lang='lat' dir='ltr'><strong>signanter</strong></span> <span class='ocrx_word' id='word_1_279' title='bbox 1528 1973 1789 2038; x_wconf 86' lang='lat' dir='ltr'><strong>Joannes,</strong></span> <span class='ocrx_word' id='word_1_280' title='bbox 1832 1970 2167 2043; x_wconf 84' lang='lat' dir='ltr'><strong>Unguentum</strong></span> <span class='ocrx_word' id='word_1_281' title='bbox 2273 1973 2476 2029; x_wconf 89' lang='lat' dir='ltr'><strong>habere</strong></span> <span class='ocrx_word' id='word_1_282' title='bbox 2508 1975 2615 2030; x_wconf 92' lang='lat' dir='ltr'><strong>duo</strong></span> <span class='ocrx_word' id='word_1_283' title='bbox 2654 1976 2902 2032; x_wconf 90' lang='lat' dir='ltr'><strong>homines</strong></span> <span class='ocrx_word' id='word_1_284' title='bbox 2930 1993 3024 2033; x_wconf 89' lang='lat' dir='ltr'><strong>seu</strong></span> <span class='ocrx_word' id='word_1_285' title='bbox 3056 1978 3260 2049; x_wconf 88' lang='lat' dir='ltr'><strong>plures.</strong></span> <span class='ocrx_word' id='word_1_286' title='bbox 3298 1978 3495 2035; x_wconf 85' lang='lat' dir='ltr'><strong>idcirco</strong></span> <span class='ocrx_word' id='word_1_287' title='bbox 3518 1981 3668 2049; x_wconf 89' lang='lat' dir='ltr'><strong>potius</strong></span> <span class='ocrx_word' id='word_1_288' title='bbox 3696 1995 3777 2034; x_wconf 86' lang='lat' dir='ltr'><strong>crc-</strong></span> 
     </span>
    </p>
   </div>
   <div class='ocr_carea' id='block_1_20' title="bbox 577 2065 3776 2141">
    <p class='ocr_par' dir='ltr' id='par_1_20' title="bbox 577 2065 3776 2141">
     <span class='ocr_line' id='line_1_20' title="bbox 577 2065 3776 2141; baseline -0 -17"><span class='ocrx_word' id='word_1_289' title='bbox 577 2070 735 2125; x_wconf 83' lang='lat' dir='ltr'><strong>uardi</strong></span> <span class='ocrx_word' id='word_1_290' title='bbox 778 2068 975 2140; x_wconf 82' lang='lat' dir='ltr'><strong>pistici,</strong></span> <span class='ocrx_word' id='word_1_291' title='bbox 1016 2070 1113 2134; x_wconf 89' lang='lat' dir='ltr'><strong>ait,</strong></span> <span class='ocrx_word' id='word_1_292' title='bbox 1159 2083 1284 2122; x_wconf 89' lang='lat' dir='ltr'><strong>nam</strong></span> <span class='ocrx_word' id='word_1_293' title='bbox 1313 2077 1369 2127; x_wconf 83' lang='lat' dir='ltr'><strong>et</strong></span> <span class='ocrx_word' id='word_1_294' title='bbox 1396 2082 1591 2122; x_wconf 85' lang='lat' dir='ltr'><strong>nomen</strong></span> <span class='ocrx_word' id='word_1_295' title='bbox 1622 2066 1806 2136; x_wconf 87' lang='lat' dir='ltr'><strong>sponsi</strong></span> <span class='ocrx_word' id='word_1_296' title='bbox 1833 2075 2165 2135; x_wconf 81' lang='lat' dir='ltr'><strong>unguentum</strong></span> <span class='ocrx_word' id='word_1_297' title='bbox 2272 2065 2437 2121; x_wconf 86' lang='lat' dir='ltr'><strong>dibile</strong></span> <span class='ocrx_word' id='word_1_298' title='bbox 2465 2075 2547 2122; x_wconf 89' lang='lat' dir='ltr'><strong>est</strong></span> <span class='ocrx_word' id='word_1_299' title='bbox 2572 2067 2737 2122; x_wconf 88' lang='lat' dir='ltr'><strong>alium</strong></span> <span class='ocrx_word' id='word_1_300' title='bbox 2762 2067 2930 2123; x_wconf 79' lang='lat' dir='ltr'><strong>fuisse</strong></span> <span class='ocrx_word' id='word_1_301' title='bbox 2950 2068 3098 2123; x_wconf 90' lang='lat' dir='ltr'><strong>illum</strong></span> <span class='ocrx_word' id='word_1_302' title='bbox 3128 2069 3405 2126; x_wconf 88' lang='lat' dir='ltr'><strong>Simonem</strong></span> <span class='ocrx_word' id='word_1_303' title='bbox 3426 2085 3525 2126; x_wconf 89' lang='lat' dir='ltr'><strong>non</strong></span> <span class='ocrx_word' id='word_1_304' title='bbox 3551 2069 3776 2141; x_wconf 85' lang='lat' dir='ltr'><strong>leprosum,</strong></span> 
     </span>
    </p>
   </div>
   <div class='ocr_carea' id='block_1_21' title="bbox 574 2156 3776 2232">
    <p class='ocr_par' dir='ltr' id='par_1_21' title="bbox 574 2156 3776 2232">
     <span class='ocr_line' id='line_1_21' title="bbox 574 2156 3776 2232; baseline -0.001 -15"><span class='ocrx_word' id='word_1_305' title='bbox 574 2159 805 2217; x_wconf 78' lang='lat' dir='ltr'><strong>eﬂ&#39;usum</strong></span> <span class='ocrx_word' id='word_1_306' title='bbox 845 2168 948 2216; x_wconf 89' lang='lat' dir='ltr'><strong>est.</strong></span> <span class='ocrx_word' id='word_1_307' title='bbox 992 2158 1158 2214; x_wconf 87' lang='lat' dir='ltr'><strong>Multa</strong></span> <span class='ocrx_word' id='word_1_308' title='bbox 1200 2158 1467 2229; x_wconf 85' lang='lat' dir='ltr'><strong>siquidem</strong></span> <span class='ocrx_word' id='word_1_309' title='bbox 1515 2173 1718 2230; x_wconf 89' lang='lat' dir='ltr'><strong>genera</strong></span> <span class='ocrx_word' id='word_1_310' title='bbox 1763 2167 2166 2229; x_wconf 88' lang='lat' dir='ltr'><strong>unguentorum</strong></span> <span class='ocrx_word' id='word_1_311' title='bbox 2273 2156 2326 2211; x_wconf 91' lang='lat' dir='ltr'><strong>in</strong></span> <span class='ocrx_word' id='word_1_312' title='bbox 2350 2157 2507 2228; x_wconf 89' lang='lat' dir='ltr'><strong>cujus</strong></span> <span class='ocrx_word' id='word_1_313' title='bbox 2528 2158 2747 2213; x_wconf 91' lang='lat' dir='ltr'><strong>domum</strong></span> <span class='ocrx_word' id='word_1_314' title='bbox 2770 2159 2880 2224; x_wconf 90' lang='lat' dir='ltr'><strong>illa,</strong></span> <span class='ocrx_word' id='word_1_315' title='bbox 2901 2176 3023 2231; x_wconf 75' lang='lat' dir='ltr'><strong>qua:</strong></span> <span class='ocrx_word' id='word_1_316' title='bbox 3045 2162 3329 2232; x_wconf 87' lang='lat' dir='ltr'><strong>peccatrix</strong></span> <span class='ocrx_word' id='word_1_317' title='bbox 3349 2162 3555 2227; x_wconf 90' lang='lat' dir='ltr'><strong>dicitur,</strong></span> <span class='ocrx_word' id='word_1_318' title='bbox 3582 2161 3776 2223; x_wconf 84' lang='lat' dir='ltr'><strong>intravit;</strong></span> 
     </span>
    </p>
   </div>
   <div class='ocr_carea' id='block_1_22' title="bbox 576 2247 3779 2320">
    <p class='ocr_par' dir='ltr' id='par_1_22' title="bbox 576 2247 3779 2320">
     <span class='ocr_line' id='line_1_22' title="bbox 576 2247 3779 2320; baseline -0.001 -13"><span class='ocrx_word' id='word_1_319' title='bbox 576 2260 723 2317; x_wconf 89' lang='lat' dir='ltr'><strong>sunt,</strong></span> <span class='ocrx_word' id='word_1_320' title='bbox 754 2260 809 2307; x_wconf 87' lang='lat' dir='ltr'><strong>et</strong></span> <span class='ocrx_word' id='word_1_321' title='bbox 838 2250 962 2306; x_wconf 87' lang='lat' dir='ltr'><strong>ideo</strong></span> <span class='ocrx_word' id='word_1_322' title='bbox 987 2249 1080 2306; x_wconf 88' lang='lat' dir='ltr'><strong>hic</strong></span> <span class='ocrx_word' id='word_1_323' title='bbox 1106 2249 1272 2305; x_wconf 86' lang='lat' dir='ltr'><strong>multa</strong></span> <span class='ocrx_word' id='word_1_324' title='bbox 1300 2250 1535 2305; x_wconf 87' lang='lat' dir='ltr'><strong>varietas</strong></span> <span class='ocrx_word' id='word_1_325' title='bbox 1578 2259 1682 2304; x_wconf 91' lang='lat' dir='ltr'><strong>est.</strong></span> <span class='ocrx_word' id='word_1_326' title='bbox 1721 2249 1987 2316; x_wconf 85' lang='lat' dir='ltr'><strong>Quoniam</strong></span> <span class='ocrx_word' id='word_1_327' title='bbox 2021 2249 2166 2304; x_wconf 90' lang='lat' dir='ltr'><strong>aliud</strong></span> <span class='ocrx_word' id='word_1_328' title='bbox 2273 2262 2369 2303; x_wconf 89' lang='lat' dir='ltr'><strong>seu</strong></span> <span class='ocrx_word' id='word_1_329' title='bbox 2394 2247 2559 2303; x_wconf 79' lang='lat' dir='ltr'><strong>fuerit</strong></span> <span class='ocrx_word' id='word_1_330' title='bbox 2583 2249 2637 2303; x_wconf 93' lang='lat' dir='ltr'><strong>in</strong></span> <span class='ocrx_word' id='word_1_331' title='bbox 2667 2248 2929 2306; x_wconf 86' lang='lat' dir='ltr'><strong>Bethania</strong></span> <span class='ocrx_word' id='word_1_332' title='bbox 2956 2251 3044 2306; x_wconf 87' lang='lat' dir='ltr'><strong>illa</strong></span> <span class='ocrx_word' id='word_1_333' title='bbox 3069 2252 3287 2317; x_wconf 86' lang='lat' dir='ltr'><strong>domus,</strong></span> <span class='ocrx_word' id='word_1_334' title='bbox 3316 2268 3407 2309; x_wconf 90' lang='lat' dir='ltr'><strong>seu</strong></span> <span class='ocrx_word' id='word_1_335' title='bbox 3429 2268 3545 2308; x_wconf 85' lang='lat' dir='ltr'><strong>non.</strong></span> <span class='ocrx_word' id='word_1_336' title='bbox 3578 2251 3689 2320; x_wconf 84' lang='lat' dir='ltr'><strong>Quia</strong></span> <span class='ocrx_word' id='word_1_337' title='bbox 3711 2264 3779 2306; x_wconf 83' lang='lat' dir='ltr'><strong>nec</strong></span> 
     </span>
    </p>
   </div>
   <div class='ocr_carea' id='block_1_23' title="bbox 575 2332 3778 2416">
    <p class='ocr_par' dir='ltr' id='par_1_23' title="bbox 575 2332 3778 2416">
     <span class='ocr_line' id='line_1_23' title="bbox 575 2332 3778 2416; baseline -0.001 -16"><span class='ocrx_word' id='word_1_338' title='bbox 575 2353 661 2400; x_wconf 90' lang='lat' dir='ltr'><strong>est</strong></span> <span class='ocrx_word' id='word_1_339' title='bbox 699 2342 831 2400; x_wconf 90' lang='lat' dir='ltr'><strong>illud</strong></span> <span class='ocrx_word' id='word_1_340' title='bbox 868 2332 982 2416; x_wconf 88' lang='lat' dir='ltr'><strong>quo</strong></span> <span class='ocrx_word' id='word_1_341' title='bbox 1021 2342 1188 2414; x_wconf 84' lang='lat' dir='ltr'><strong>pedes</strong></span> <span class='ocrx_word' id='word_1_342' title='bbox 1226 2340 1440 2397; x_wconf 89' lang='lat' dir='ltr'><strong>Domini</strong></span> <span class='ocrx_word' id='word_1_343' title='bbox 1487 2349 1785 2412; x_wconf 83' lang='lat' dir='ltr'><strong>unguntur,</strong></span> <span class='ocrx_word' id='word_1_344' title='bbox 1834 2355 1934 2396; x_wconf 91' lang='lat' dir='ltr'><strong>nec</strong></span> <span class='ocrx_word' id='word_1_345' title='bbox 1986 2350 2167 2397; x_wconf 89' lang='lat' dir='ltr'><strong>tamen</strong></span> <span class='ocrx_word' id='word_1_346' title='bbox 2271 2339 2447 2395; x_wconf 89' lang='lat' dir='ltr'><strong>Lucas</strong></span> <span class='ocrx_word' id='word_1_347' title='bbox 2474 2339 2800 2398; x_wconf 85' lang='lat' dir='ltr'><strong>Bethaniam</strong></span> <span class='ocrx_word' id='word_1_348' title='bbox 2831 2345 3107 2411; x_wconf 88' lang='lat' dir='ltr'><strong>nominat,</strong></span> <span class='ocrx_word' id='word_1_349' title='bbox 3138 2361 3240 2401; x_wconf 89' lang='lat' dir='ltr'><strong>nec</strong></span> <span class='ocrx_word' id='word_1_350' title='bbox 3282 2346 3550 2402; x_wconf 89' lang='lat' dir='ltr'><strong>civitatem</strong></span> <span class='ocrx_word' id='word_1_351' title='bbox 3584 2344 3778 2414; x_wconf 83' lang='lat' dir='ltr'><strong>aliquam,</strong></span> 
     </span>
    </p>
   </div>
   <div class='ocr_carea' id='block_1_24' title="bbox 575 2433 3782 2510">
    <p class='ocr_par' dir='ltr' id='par_1_24' title="bbox 575 2433 3782 2510">
     <span class='ocr_line' id='line_1_24' title="bbox 575 2433 3782 2510; baseline -0.002 -16"><span class='ocrx_word' id='word_1_352' title='bbox 575 2437 892 2505; x_wconf 81' lang='lat' dir='ltr'><strong>eﬂ‘unditur,</strong></span> <span class='ocrx_word' id='word_1_353' title='bbox 931 2452 1107 2510; x_wconf 87' lang='lat' dir='ltr'><strong>neque</strong></span> <span class='ocrx_word' id='word_1_354' title='bbox 1135 2435 1363 2491; x_wconf 90' lang='lat' dir='ltr'><strong>multum</strong></span> <span class='ocrx_word' id='word_1_355' title='bbox 1409 2434 1743 2493; x_wconf 81' lang='lat' dir='ltr'><strong>odoriferum</strong></span> <span class='ocrx_word' id='word_1_356' title='bbox 1786 2435 2011 2501; x_wconf 89' lang='lat' dir='ltr'><strong>dicitur,</strong></span> <span class='ocrx_word' id='word_1_357' title='bbox 2038 2435 2166 2504; x_wconf 90' lang='lat' dir='ltr'><strong>quia</strong></span> <span class='ocrx_word' id='word_1_358' title='bbox 2271 2433 2356 2489; x_wconf 87' lang='lat' dir='ltr'><strong>vel</strong></span> <span class='ocrx_word' id='word_1_359' title='bbox 2382 2434 2698 2502; x_wconf 85' lang='lat' dir='ltr'><strong>castellum;</strong></span> <span class='ocrx_word' id='word_1_360' title='bbox 2731 2451 2905 2505; x_wconf 85' lang='lat' dir='ltr'><strong>neque</strong></span> <span class='ocrx_word' id='word_1_361' title='bbox 2931 2438 3172 2508; x_wconf 85' lang='lat' dir='ltr'><strong>ejusdem</strong></span> <span class='ocrx_word' id='word_1_362' title='bbox 3196 2440 3275 2495; x_wconf 89' lang='lat' dir='ltr'><strong>rei</strong></span> <span class='ocrx_word' id='word_1_363' title='bbox 3314 2438 3545 2495; x_wconf 87' lang='lat' dir='ltr'><strong>narratio</strong></span> <span class='ocrx_word' id='word_1_364' title='bbox 3570 2438 3617 2492; x_wconf 91' lang='lat' dir='ltr'><strong>in</strong></span> <span class='ocrx_word' id='word_1_365' title='bbox 3643 2434 3782 2492; x_wconf 85' lang='lat' dir='ltr'><strong>eodem</strong></span> 
     </span>
    </p>
   </div>
   <div class='ocr_carea' id='block_1_25' title="bbox 573 2522 3782 2602">
    <p class='ocr_par' dir='ltr' id='par_1_25' title="bbox 573 2522 3782 2602">
     <span class='ocr_line' id='line_1_25' title="bbox 573 2522 3782 2602; baseline -0.002 -15"><span class='ocrx_word' id='word_1_366' title='bbox 573 2530 853 2602; x_wconf 79' lang='lat' dir='ltr'><strong>peccatrix</strong></span> <span class='ocrx_word' id='word_1_367' title='bbox 884 2530 1080 2587; x_wconf 89' lang='lat' dir='ltr'><strong>mulier</strong></span> <span class='ocrx_word' id='word_1_368' title='bbox 1104 2539 1413 2596; x_wconf 86' lang='lat' dir='ltr'><strong>accusatur,</strong></span> <span class='ocrx_word' id='word_1_369' title='bbox 1440 2538 1497 2585; x_wconf 92' lang='lat' dir='ltr'><strong>et</strong></span> <span class='ocrx_word' id='word_1_370' title='bbox 1518 2528 1665 2584; x_wconf 90' lang='lat' dir='ltr'><strong>aliud</strong></span> <span class='ocrx_word' id='word_1_371' title='bbox 1690 2529 1834 2600; x_wconf 87' lang='lat' dir='ltr'><strong>quod</strong></span> <span class='ocrx_word' id='word_1_372' title='bbox 1877 2529 1968 2585; x_wconf 87' lang='lat' dir='ltr'><strong>hic</strong></span> <span class='ocrx_word' id='word_1_373' title='bbox 2005 2543 2168 2599; x_wconf 89' lang='lat' dir='ltr'><strong>super</strong></span> <span class='ocrx_word' id='word_1_374' title='bbox 2270 2522 2389 2580; x_wconf 89' lang='lat' dir='ltr'><strong>loco</strong></span> <span class='ocrx_word' id='word_1_375' title='bbox 2414 2526 2630 2580; x_wconf 87' lang='lat' dir='ltr'><strong>videtur</strong></span> <span class='ocrx_word' id='word_1_376' title='bbox 2659 2527 2888 2582; x_wconf 91' lang='lat' dir='ltr'><strong>versari.</strong></span> <span class='ocrx_word' id='word_1_377' title='bbox 2928 2527 3270 2601; x_wconf 87' lang='lat' dir='ltr'><strong>Quapropter</strong></span> <span class='ocrx_word' id='word_1_378' title='bbox 3311 2537 3483 2601; x_wconf 90' lang='lat' dir='ltr'><strong>potest</strong></span> <span class='ocrx_word' id='word_1_379' title='bbox 3523 2527 3653 2592; x_wconf 88' lang='lat' dir='ltr'><strong>ﬁeri,</strong></span> <span class='ocrx_word' id='word_1_380' title='bbox 3674 2527 3782 2596; x_wconf 77' lang='lat' dir='ltr'><strong>juxta</strong></span> 
     </span>
    </p>
   </div>
   <div class='ocr_carea' id='block_1_26' title="bbox 575 2615 3781 2696">
    <p class='ocr_par' dir='ltr' id='par_1_26' title="bbox 575 2615 3781 2696">
     <span class='ocr_line' id='line_1_26' title="bbox 575 2615 3781 2696; baseline -0.003 -17"><span class='ocrx_word' id='word_1_381' title='bbox 575 2630 739 2696; x_wconf 85' lang='lat' dir='ltr'><strong>caput</strong></span> <span class='ocrx_word' id='word_1_382' title='bbox 775 2621 903 2678; x_wconf 88' lang='lat' dir='ltr'><strong>Jesu</strong></span> <span class='ocrx_word' id='word_1_383' title='bbox 945 2620 1175 2678; x_wconf 75' lang='lat' dir='ltr'><strong>eﬁ‘usum</strong></span> <span class='ocrx_word' id='word_1_384' title='bbox 1220 2629 1699 2686; x_wconf 87' lang='lat' dir='ltr'><strong>commemoratur,</strong></span> <span class='ocrx_word' id='word_1_385' title='bbox 1724 2630 1781 2676; x_wconf 86' lang='lat' dir='ltr'><strong>et</strong></span> <span class='ocrx_word' id='word_1_386' title='bbox 1806 2620 1951 2675; x_wconf 90' lang='lat' dir='ltr'><strong>aliud</strong></span> <span class='ocrx_word' id='word_1_387' title='bbox 1974 2636 2082 2692; x_wconf 90' lang='lat' dir='ltr'><strong>quo</strong></span> <span class='ocrx_word' id='word_1_388' title='bbox 2110 2620 2165 2676; x_wconf 90' lang='lat' dir='ltr'><strong>in</strong></span> <span class='ocrx_word' id='word_1_389' title='bbox 2272 2616 2416 2684; x_wconf 88' lang='lat' dir='ltr'><strong>quod</strong></span> <span class='ocrx_word' id='word_1_390' title='bbox 2440 2615 2625 2671; x_wconf 74' lang='lat' dir='ltr'><strong>eximii</strong></span> <span class='ocrx_word' id='word_1_391' title='bbox 2649 2617 3781 2693; x_wconf 81' lang='lat' dir='ltr'><strong>patresAmbrosiusetAugustinussentiunt,</strong></span> 
     </span>
    </p>
   </div>
   <div class='ocr_carea' id='block_1_27' title="bbox 573 2703 3783 2785">
    <p class='ocr_par' dir='ltr' id='par_1_27' title="bbox 573 2703 3783 2785">
     <span class='ocr_line' id='line_1_27' title="bbox 573 2703 3783 2785; baseline -0.002 -16"><span class='ocrx_word' id='word_1_392' title='bbox 573 2712 783 2769; x_wconf 80' lang='lat' dir='ltr'><strong>Joanne</strong></span> <span class='ocrx_word' id='word_1_393' title='bbox 806 2711 972 2785; x_wconf 90' lang='lat' dir='ltr'><strong>pedes</strong></span> <span class='ocrx_word' id='word_1_394' title='bbox 996 2711 1212 2769; x_wconf 88' lang='lat' dir='ltr'><strong>Domini</strong></span> <span class='ocrx_word' id='word_1_395' title='bbox 1244 2720 1539 2783; x_wconf 82' lang='lat' dir='ltr'><strong>unguntur,</strong></span> <span class='ocrx_word' id='word_1_396' title='bbox 1564 2722 1621 2768; x_wconf 85' lang='lat' dir='ltr'><strong>et</strong></span> <span class='ocrx_word' id='word_1_397' title='bbox 1648 2711 1803 2767; x_wconf 88' lang='lat' dir='ltr'><strong>nardi</strong></span> <span class='ocrx_word' id='word_1_398' title='bbox 1836 2712 2015 2783; x_wconf 89' lang='lat' dir='ltr'><strong>pistici</strong></span> <span class='ocrx_word' id='word_1_399' title='bbox 2042 2726 2167 2768; x_wconf 90' lang='lat' dir='ltr'><strong>esse</strong></span> <span class='ocrx_word' id='word_1_400' title='bbox 2270 2718 2432 2759; x_wconf 69' lang='lat' dir='ltr'><strong>“nam</strong></span> <span class='ocrx_word' id='word_1_401' title='bbox 2456 2706 2811 2778; x_wconf 75' lang='lat' dir='ltr'><strong>eantdemQIle</strong></span> <span class='ocrx_word' id='word_1_402' title='bbox 2841 2707 3123 2765; x_wconf 85' lang='lat' dir='ltr'><strong>mulierem</strong></span> <span class='ocrx_word' id='word_1_403' title='bbox 3153 2703 3328 2766; x_wconf 82' lang='lat' dir='ltr'><strong>fuisse</strong></span> <span class='ocrx_word' id='word_1_404' title='bbox 3356 2725 3474 2781; x_wconf 70' lang='lat' dir='ltr'><strong>quae</strong></span> <span class='ocrx_word' id='word_1_405' title='bbox 3502 2707 3729 2779; x_wconf 80' lang='lat' dir='ltr'><strong>peccatrix</strong></span> <span class='ocrx_word' id='word_1_406' title='bbox 3746 2706 3783 2759; x_wconf 86' lang='lat' dir='ltr'><strong>in</strong></span> 
     </span>
    </p>
   </div>
   <div class='ocr_carea' id='block_1_28' title="bbox 572 2796 3783 2874">
    <p class='ocr_par' dir='ltr' id='par_1_28' title="bbox 572 2796 3783 2874">
     <span class='ocr_line' id='line_1_28' title="bbox 572 2796 3783 2874; baseline -0.001 -13"><span class='ocrx_word' id='word_1_407' title='bbox 572 2804 773 2861; x_wconf 91' lang='lat' dir='ltr'><strong>dicitur</strong></span> <span class='ocrx_word' id='word_1_408' title='bbox 800 2802 955 2873; x_wconf 88' lang='lat' dir='ltr'><strong>cujus</strong></span> <span class='ocrx_word' id='word_1_409' title='bbox 984 2805 1152 2859; x_wconf 90' lang='lat' dir='ltr'><strong>odore</strong></span> <span class='ocrx_word' id='word_1_410' title='bbox 1193 2811 1309 2857; x_wconf 88' lang='lat' dir='ltr'><strong>tota</strong></span> <span class='ocrx_word' id='word_1_411' title='bbox 1356 2802 1597 2873; x_wconf 87' lang='lat' dir='ltr'><strong>repletur</strong></span> <span class='ocrx_word' id='word_1_412' title='bbox 1633 2803 1847 2859; x_wconf 87' lang='lat' dir='ltr'><strong>domus.</strong></span> <span class='ocrx_word' id='word_1_413' title='bbox 1887 2804 1958 2859; x_wconf 87' lang='lat' dir='ltr'><strong>Et</strong></span> <span class='ocrx_word' id='word_1_414' title='bbox 1985 2804 2168 2860; x_wconf 89' lang='lat' dir='ltr'><strong>omnia</strong></span> <span class='ocrx_word' id='word_1_415' title='bbox 2271 2796 2495 2853; x_wconf 75' lang='lat' dir='ltr'><strong>CiVilate</strong></span> <span class='ocrx_word' id='word_1_416' title='bbox 2540 2813 2662 2854; x_wconf 82' lang='lat' dir='ltr'><strong>esse</strong></span> <span class='ocrx_word' id='word_1_417' title='bbox 2709 2807 2983 2867; x_wconf 80' lang='lat' dir='ltr'><strong>narratur,</strong></span> <span class='ocrx_word' id='word_1_418' title='bbox 3019 2802 3106 2856; x_wconf 89' lang='lat' dir='ltr'><strong>cui</strong></span> <span class='ocrx_word' id='word_1_419' title='bbox 3151 2802 3309 2873; x_wconf 85' lang='lat' dir='ltr'><strong>(quia</strong></span> <span class='ocrx_word' id='word_1_420' title='bbox 3330 2802 3482 2874; x_wconf 80' lang='lat' dir='ltr'><strong>juxta</strong></span> <span class='ocrx_word' id='word_1_421' title='bbox 3522 2799 3783 2873; x_wconf 72' lang='lat' dir='ltr'><strong>paradigma.</strong></span> 
     </span>
    </p>
   </div>
   <div class='ocr_carea' id='block_1_29' title="bbox 574 2885 3783 2964">
    <p class='ocr_par' dir='ltr' id='par_1_29' title="bbox 574 2885 3783 2964">
     <span class='ocr_line' id='line_1_29' title="bbox 574 2885 3783 2964; baseline -0.002 -12"><span class='ocrx_word' id='word_1_422' title='bbox 574 2895 692 2952; x_wconf 58' lang='lat' dir='ltr'><strong>haec</strong></span> <span class='ocrx_word' id='word_1_423' title='bbox 718 2896 1072 2951; x_wconf 89' lang='lat' dir='ltr'><strong>odoramenta</strong></span> <span class='ocrx_word' id='word_1_424' title='bbox 1099 2893 1167 2949; x_wconf 92' lang='lat' dir='ltr'><strong>de</strong></span> <span class='ocrx_word' id='word_1_425' title='bbox 1188 2893 1409 2949; x_wconf 89' lang='lat' dir='ltr'><strong>nomine</strong></span> <span class='ocrx_word' id='word_1_426' title='bbox 1432 2894 1655 2949; x_wconf 87' lang='lat' dir='ltr'><strong>veniunt</strong></span> <span class='ocrx_word' id='word_1_427' title='bbox 1677 2894 1999 2960; x_wconf 88' lang='lat' dir='ltr'><strong>Salvatoris,</strong></span> <span class='ocrx_word' id='word_1_428' title='bbox 2022 2895 2167 2964; x_wconf 92' lang='lat' dir='ltr'><strong>quod</strong></span> <span class='ocrx_word' id='word_1_429' title='bbox 2270 2885 2443 2943; x_wconf 81' lang='lat' dir='ltr'><strong>Deum</strong></span> <span class='ocrx_word' id='word_1_430' title='bbox 2486 2886 2675 2943; x_wconf 71' lang='lat' dir='ltr'><strong>dilexit</strong></span> <span class='ocrx_word' id='word_1_431' title='bbox 2719 2888 2970 2960; x_wconf 85' lang='lat' dir='ltr'><strong>multum)</strong></span> <span class='ocrx_word' id='word_1_432' title='bbox 2998 2890 3221 2946; x_wconf 82' lang='lat' dir='ltr'><strong>dimissa</strong></span> <span class='ocrx_word' id='word_1_433' title='bbox 3248 2901 3384 2946; x_wconf 88' lang='lat' dir='ltr'><strong>sunt</strong></span> <span class='ocrx_word' id='word_1_434' title='bbox 3411 2901 3615 2962; x_wconf 86' lang='lat' dir='ltr'><strong>peccata</strong></span> <span class='ocrx_word' id='word_1_435' title='bbox 3648 2887 3783 2942; x_wconf 76' lang='lat' dir='ltr'><strong>multa-</strong></span> 
     </span>
    </p>
   </div>
   <div class='ocr_carea' id='block_1_30' title="bbox 573 2976 3785 3054">
    <p class='ocr_par' dir='ltr' id='par_1_30' title="bbox 573 2976 3785 3054">
     <span class='ocr_line' id='line_1_30' title="bbox 573 2976 3785 3054; baseline -0.003 -13"><span class='ocrx_word' id='word_1_436' title='bbox 573 2983 803 3041; x_wconf 79' lang='lat' dir='ltr'><strong>eﬁ&#39;usum</strong></span> <span class='ocrx_word' id='word_1_437' title='bbox 827 2991 911 3039; x_wconf 88' lang='lat' dir='ltr'><strong>est</strong></span> <span class='ocrx_word' id='word_1_438' title='bbox 934 2997 1099 3054; x_wconf 90' lang='lat' dir='ltr'><strong>super</strong></span> <span class='ocrx_word' id='word_1_439' title='bbox 1140 2991 1352 3039; x_wconf 87' lang='lat' dir='ltr'><strong>mentes</strong></span> <span class='ocrx_word' id='word_1_440' title='bbox 1376 2982 1753 3050; x_wconf 85' lang='lat' dir='ltr'><strong>credentium,</strong></span> <span class='ocrx_word' id='word_1_441' title='bbox 1797 2992 1853 3040; x_wconf 91' lang='lat' dir='ltr'><strong>et</strong></span> <span class='ocrx_word' id='word_1_442' title='bbox 1887 2983 2009 3039; x_wconf 88' lang='lat' dir='ltr'><strong>ideo</strong></span> <span class='ocrx_word' id='word_1_443' title='bbox 2036 2984 2166 3040; x_wconf 61' lang='lat' dir='ltr'><strong>adu.</strong></span> <span class='ocrx_word' id='word_1_444' title='bbox 2271 2978 2383 3034; x_wconf 88' lang='lat' dir='ltr'><strong>Sed</strong></span> <span class='ocrx_word' id='word_1_445' title='bbox 2421 2979 2666 3034; x_wconf 87' lang='lat' dir='ltr'><strong>eamdem</strong></span> <span class='ocrx_word' id='word_1_446' title='bbox 2710 2978 2938 3035; x_wconf 81' lang='lat' dir='ltr'><strong>Mariam</strong></span> <span class='ocrx_word' id='word_1_447' title='bbox 2973 2989 3188 3037; x_wconf 88' lang='lat' dir='ltr'><strong>constat</strong></span> <span class='ocrx_word' id='word_1_448' title='bbox 3223 2982 3317 3038; x_wconf 90' lang='lat' dir='ltr'><strong>bis</strong></span> <span class='ocrx_word' id='word_1_449' title='bbox 3363 2983 3463 3037; x_wconf 88' lang='lat' dir='ltr'><strong>hoc</strong></span> <span class='ocrx_word' id='word_1_450' title='bbox 3490 2981 3676 3044; x_wconf 79' lang='lat' dir='ltr'><strong>fecisse,</strong></span> <span class='ocrx_word' id='word_1_451' title='bbox 3698 2976 3785 3047; x_wconf 81' lang='lat' dir='ltr'><strong>quia</strong></span> 
     </span>
    </p>
   </div>
   <div class='ocr_carea' id='block_1_31' title="bbox 575 3069 3787 3147">
    <p class='ocr_par' dir='ltr' id='par_1_31' title="bbox 575 3069 3787 3147">
     <span class='ocr_line' id='line_1_31' title="bbox 575 3069 3787 3147; baseline -0.002 -18"><span class='ocrx_word' id='word_1_452' title='bbox 575 3073 890 3131; x_wconf 67' lang='lat' dir='ltr'><strong>lescentulaa</strong></span> <span class='ocrx_word' id='word_1_453' title='bbox 930 3073 1163 3144; x_wconf 85' lang='lat' dir='ltr'><strong>diligunt</strong></span> <span class='ocrx_word' id='word_1_454' title='bbox 1192 3090 1349 3141; x_wconf 86' lang='lat' dir='ltr'><strong>eum;</strong></span> <span class='ocrx_word' id='word_1_455' title='bbox 1380 3083 1435 3129; x_wconf 85' lang='lat' dir='ltr'><strong>et</strong></span> <span class='ocrx_word' id='word_1_456' title='bbox 1460 3075 1612 3146; x_wconf 89' lang='lat' dir='ltr'><strong>ungit</strong></span> <span class='ocrx_word' id='word_1_457' title='bbox 1646 3089 1752 3129; x_wconf 89' lang='lat' dir='ltr'><strong>una</strong></span> <span class='ocrx_word' id='word_1_458' title='bbox 1781 3090 1969 3131; x_wconf 89' lang='lat' dir='ltr'><strong>earum</strong></span> <span class='ocrx_word' id='word_1_459' title='bbox 2000 3074 2167 3147; x_wconf 89' lang='lat' dir='ltr'><strong>pedes</strong></span> <span class='ocrx_word' id='word_1_460' title='bbox 2272 3069 2531 3143; x_wconf 79' lang='lat' dir='ltr'><strong>diligebat</strong></span> <span class='ocrx_word' id='word_1_461' title='bbox 2559 3070 2872 3141; x_wconf 89' lang='lat' dir='ltr'><strong>plurimum.</strong></span> <span class='ocrx_word' id='word_1_462' title='bbox 2907 3071 3063 3129; x_wconf 88' lang='lat' dir='ltr'><strong>Unde</strong></span> <span class='ocrx_word' id='word_1_463' title='bbox 3094 3081 3150 3129; x_wconf 87' lang='lat' dir='ltr'><strong>et</strong></span> <span class='ocrx_word' id='word_1_464' title='bbox 3191 3074 3430 3130; x_wconf 89' lang='lat' dir='ltr'><strong>accessit</strong></span> <span class='ocrx_word' id='word_1_465' title='bbox 3467 3073 3672 3144; x_wconf 87' lang='lat' dir='ltr'><strong>primum</strong></span> <span class='ocrx_word' id='word_1_466' title='bbox 3700 3082 3787 3124; x_wconf 86' lang='lat' dir='ltr'><strong>cum</strong></span> 
     </span>
    </p>
   </div>
   <div class='ocr_carea' id='block_1_32' title="bbox 575 3162 3788 3240">
    <p class='ocr_par' dir='ltr' id='par_1_32' title="bbox 575 3162 3788 3240">
     <span class='ocr_line' id='line_1_32' title="bbox 575 3162 3788 3240; baseline -0.002 -19"><span class='ocrx_word' id='word_1_467' title='bbox 575 3166 790 3221; x_wconf 84' lang='lat' dir='ltr'><strong>Domini</strong></span> <span class='ocrx_word' id='word_1_468' title='bbox 844 3180 967 3222; x_wconf 88' lang='lat' dir='ltr'><strong>cum</strong></span> <span class='ocrx_word' id='word_1_469' title='bbox 1019 3164 1233 3221; x_wconf 79' lang='lat' dir='ltr'><strong>ﬂetibus</strong></span> <span class='ocrx_word' id='word_1_470' title='bbox 1275 3176 1332 3222; x_wconf 89' lang='lat' dir='ltr'><strong>et</strong></span> <span class='ocrx_word' id='word_1_471' title='bbox 1385 3166 1671 3240; x_wconf 82' lang='lat' dir='ltr'><strong>lacrymis;</strong></span> <span class='ocrx_word' id='word_1_472' title='bbox 1723 3166 1829 3222; x_wconf 89' lang='lat' dir='ltr'><strong>alia</strong></span> <span class='ocrx_word' id='word_1_473' title='bbox 1875 3181 2007 3223; x_wconf 92' lang='lat' dir='ltr'><strong>vero</strong></span> <span class='ocrx_word' id='word_1_474' title='bbox 2048 3183 2169 3238; x_wconf 84' lang='lat' dir='ltr'><strong>quae</strong></span> <span class='ocrx_word' id='word_1_475' title='bbox 2205 3231 2239 3240; x_wconf 82' lang='lat'>_</span> <span class='ocrx_word' id='word_1_476' title='bbox 2272 3163 2439 3219; x_wconf 90' lang='lat' dir='ltr'><strong>multa</strong></span> <span class='ocrx_word' id='word_1_477' title='bbox 2460 3164 2797 3220; x_wconf 90' lang='lat' dir='ltr'><strong>humanitate</strong></span> <span class='ocrx_word' id='word_1_478' title='bbox 2821 3173 2877 3220; x_wconf 89' lang='lat' dir='ltr'><strong>et</strong></span> <span class='ocrx_word' id='word_1_479' title='bbox 2902 3165 3108 3236; x_wconf 89' lang='lat' dir='ltr'><strong>pudore</strong></span> <span class='ocrx_word' id='word_1_480' title='bbox 3134 3166 3342 3235; x_wconf 91' lang='lat' dir='ltr'><strong>nimio;</strong></span> <span class='ocrx_word' id='word_1_481' title='bbox 3368 3168 3545 3237; x_wconf 90' lang='lat' dir='ltr'><strong>sicque</strong></span> <span class='ocrx_word' id='word_1_482' title='bbox 3569 3162 3788 3219; x_wconf 79' lang='lat' dir='ltr'><strong>meruitex</strong></span> 
     </span>
    </p>
   </div>
   <div class='ocr_carea' id='block_1_33' title="bbox 573 3231 3789 3330">
    <p class='ocr_par' dir='ltr' id='par_1_33' title="bbox 573 3231 3789 3330">
     <span class='ocr_line' id='line_1_33' title="bbox 573 3231 3789 3330; baseline -0.001 -18"><span class='ocrx_word' id='word_1_483' title='bbox 573 3256 837 3327; x_wconf 85' lang='lat' dir='ltr'><strong>optimam</strong></span> <span class='ocrx_word' id='word_1_484' title='bbox 861 3264 1073 3327; x_wconf 91' lang='lat' dir='ltr'><strong>partem</strong></span> <span class='ocrx_word' id='word_1_485' title='bbox 1094 3255 1277 3327; x_wconf 79' lang='lat' dir='ltr'><strong>elegit,</strong></span> <span class='ocrx_word' id='word_1_486' title='bbox 1306 3231 1521 3329; x_wconf 73' lang='lat' dir='ltr'><strong>semper</strong></span> <span class='ocrx_word' id='word_1_487' title='bbox 1548 3231 1739 3315; x_wconf 86' lang='lat' dir='ltr'><strong>sedere</strong></span> <span class='ocrx_word' id='word_1_488' title='bbox 1763 3258 1832 3313; x_wconf 92' lang='lat' dir='ltr'><strong>ad</strong></span> <span class='ocrx_word' id='word_1_489' title='bbox 1864 3257 2029 3330; x_wconf 90' lang='lat' dir='ltr'><strong>pedes</strong></span> <span class='ocrx_word' id='word_1_490' title='bbox 2052 3231 2169 3330; x_wconf 76' lang='lat' dir='ltr'><strong>ejus</strong></span> <span class='ocrx_word' id='word_1_491' title='bbox 2195 3231 2242 3294; x_wconf 55' lang='grc' dir='ltr'><strong>(ἶ</strong></span> <span class='ocrx_word' id='word_1_492' title='bbox 2274 3257 2525 3313; x_wconf 90' lang='lat' dir='ltr'><strong>ubertate</strong></span> <span class='ocrx_word' id='word_1_493' title='bbox 2552 3231 2918 3328; x_wconf 79' lang='lat' dir='ltr'><strong>lacrymarum</strong></span> <span class='ocrx_word' id='word_1_494' title='bbox 2933 3298 2949 3323; x_wconf 94' lang='lat'><strong>,</strong></span> <span class='ocrx_word' id='word_1_495' title='bbox 2974 3266 3031 3314; x_wconf 92' lang='lat' dir='ltr'><strong>et</strong></span> <span class='ocrx_word' id='word_1_496' title='bbox 3055 3231 3357 3317; x_wconf 85' lang='lat' dir='ltr'><strong>dilectione</strong></span> <span class='ocrx_word' id='word_1_497' title='bbox 3383 3231 3622 3322; x_wconf 75' lang='lat' dir='ltr'><strong>maxima,</strong></span> <span class='ocrx_word' id='word_1_498' title='bbox 3645 3253 3789 3311; x_wconf 78' lang='lat' dir='ltr'><strong>remis-</strong></span> 
     </span>
    </p>
   </div>
   <div class='ocr_carea' id='block_1_34' title="bbox 575 3347 3787 3425">
    <p class='ocr_par' dir='ltr' id='par_1_34' title="bbox 575 3347 3787 3425">
     <span class='ocr_line' id='line_1_34' title="bbox 575 3347 3787 3425; baseline -0 -20"><span class='ocrx_word' id='word_1_499' title='bbox 575 3349 730 3405; x_wconf 89' lang='lat' dir='ltr'><strong>novit</strong></span> <span class='ocrx_word' id='word_1_500' title='bbox 774 3358 835 3404; x_wconf 91' lang='lat' dir='ltr'><strong>ut</strong></span> <span class='ocrx_word' id='word_1_501' title='bbox 880 3349 1066 3405; x_wconf 89' lang='lat' dir='ltr'><strong>audiat</strong></span> <span class='ocrx_word' id='word_1_502' title='bbox 1106 3348 1330 3405; x_wconf 89' lang='lat' dir='ltr'><strong>verbum</strong></span> <span class='ocrx_word' id='word_1_503' title='bbox 1376 3351 1587 3406; x_wconf 88' lang='lat' dir='ltr'><strong>salutis.</strong></span> <span class='ocrx_word' id='word_1_504' title='bbox 1621 3348 1909 3424; x_wconf 88' lang='lat' dir='ltr'><strong>Unguento</strong></span> <span class='ocrx_word' id='word_1_505' title='bbox 1950 3352 2170 3422; x_wconf 89' lang='lat' dir='ltr'><strong>quidem</strong></span> <span class='ocrx_word' id='word_1_506' title='bbox 2274 3349 2488 3405; x_wconf 89' lang='lat' dir='ltr'><strong>sionem</strong></span> <span class='ocrx_word' id='word_1_507' title='bbox 2536 3358 2904 3420; x_wconf 86' lang='lat' dir='ltr'><strong>peccatorum.</strong></span> <span class='ocrx_word' id='word_1_508' title='bbox 2932 3349 3001 3405; x_wconf 83' lang='lat' dir='ltr'><strong>Et</strong></span> <span class='ocrx_word' id='word_1_509' title='bbox 3026 3351 3155 3422; x_wconf 90' lang='lat' dir='ltr'><strong>quia</strong></span> <span class='ocrx_word' id='word_1_510' title='bbox 3184 3364 3472 3425; x_wconf 88' lang='lat' dir='ltr'><strong>acceptum</strong></span> <span class='ocrx_word' id='word_1_511' title='bbox 3515 3351 3612 3406; x_wconf 84' lang='lat' dir='ltr'><strong>Deo</strong></span> <span class='ocrx_word' id='word_1_512' title='bbox 3642 3347 3787 3404; x_wconf 76' lang='lat' dir='ltr'><strong>fuerat.</strong></span> 
     </span>
    </p>
   </div>
   <div class='ocr_carea' id='block_1_35' title="bbox 575 3440 3791 3517">
    <p class='ocr_par' dir='ltr' id='par_1_35' title="bbox 575 3440 3791 3517">
     <span class='ocr_line' id='line_1_35' title="bbox 575 3440 3791 3517; baseline -0.003 -19"><span class='ocrx_word' id='word_1_513' title='bbox 575 3443 735 3514; x_wconf 89' lang='lat' dir='ltr'><strong>ungit</strong></span> <span class='ocrx_word' id='word_1_514' title='bbox 762 3442 981 3499; x_wconf 89' lang='lat' dir='ltr'><strong>eosdem</strong></span> <span class='ocrx_word' id='word_1_515' title='bbox 1018 3442 1215 3514; x_wconf 90' lang='lat' dir='ltr'><strong>pedes,</strong></span> <span class='ocrx_word' id='word_1_516' title='bbox 1268 3442 1364 3499; x_wconf 91' lang='lat' dir='ltr'><strong>sed</strong></span> <span class='ocrx_word' id='word_1_517' title='bbox 1396 3450 1506 3499; x_wconf 91' lang='lat' dir='ltr'><strong>tam</strong></span> <span class='ocrx_word' id='word_1_518' title='bbox 1532 3444 1673 3500; x_wconf 90' lang='lat' dir='ltr'><strong>miro</strong></span> <span class='ocrx_word' id='word_1_519' title='bbox 1723 3452 1778 3501; x_wconf 91' lang='lat' dir='ltr'><strong>et</strong></span> <span class='ocrx_word' id='word_1_520' title='bbox 1824 3445 2079 3517; x_wconf 86' lang='lat' dir='ltr'><strong>mystico,</strong></span> <span class='ocrx_word' id='word_1_521' title='bbox 2111 3453 2171 3501; x_wconf 90' lang='lat' dir='ltr'><strong>ut</strong></span> <span class='ocrx_word' id='word_1_522' title='bbox 2271 3440 2534 3513; x_wconf 90' lang='lat' dir='ltr'><strong>quidquid</strong></span> <span class='ocrx_word' id='word_1_523' title='bbox 2578 3442 2773 3499; x_wconf 89' lang='lat' dir='ltr'><strong>devote</strong></span> <span class='ocrx_word' id='word_1_524' title='bbox 2808 3443 3046 3515; x_wconf 88' lang='lat' dir='ltr'><strong>primum</strong></span> <span class='ocrx_word' id='word_1_525' title='bbox 3075 3442 3378 3512; x_wconf 87' lang='lat' dir='ltr'><strong>obtulerat,</strong></span> <span class='ocrx_word' id='word_1_526' title='bbox 3421 3457 3477 3500; x_wconf 86' lang='lat' dir='ltr'><strong>et</strong></span> <span class='ocrx_word' id='word_1_527' title='bbox 3517 3442 3743 3497; x_wconf 87' lang='lat' dir='ltr'><strong>laudatum</strong></span> <span class='ocrx_word' id='word_1_528' title='bbox 3769 3450 3791 3489; x_wconf 83' lang='lat' dir='ltr'><strong>a</strong></span> 
     </span>
    </p>
   </div>
   <div class='ocr_carea' id='block_1_36' title="bbox 574 3530 3790 3608">
    <p class='ocr_par' dir='ltr' id='par_1_36' title="bbox 574 3530 3790 3608">
     <span class='ocr_line' id='line_1_36' title="bbox 574 3530 3790 3608; baseline -0.002 -17"><span class='ocrx_word' id='word_1_529' title='bbox 574 3536 696 3608; x_wconf 86' lang='lat' dir='ltr'><strong>ejus</strong></span> <span class='ocrx_word' id='word_1_530' title='bbox 724 3537 891 3592; x_wconf 91' lang='lat' dir='ltr'><strong>odore</strong></span> <span class='ocrx_word' id='word_1_531' title='bbox 928 3544 1039 3592; x_wconf 88' lang='lat' dir='ltr'><strong>tota</strong></span> <span class='ocrx_word' id='word_1_532' title='bbox 1079 3535 1356 3607; x_wconf 89' lang='lat' dir='ltr'><strong>repleatur</strong></span> <span class='ocrx_word' id='word_1_533' title='bbox 1403 3536 1615 3592; x_wconf 89' lang='lat' dir='ltr'><strong>domus.</strong></span> <span class='ocrx_word' id='word_1_534' title='bbox 1661 3535 1835 3592; x_wconf 89' lang='lat' dir='ltr'><strong>Porro</strong></span> <span class='ocrx_word' id='word_1_535' title='bbox 1875 3537 2057 3602; x_wconf 87' lang='lat' dir='ltr'><strong>tertia,</strong></span> <span class='ocrx_word' id='word_1_536' title='bbox 2102 3537 2170 3592; x_wconf 92' lang='lat' dir='ltr'><strong>de</strong></span> <span class='ocrx_word' id='word_1_537' title='bbox 2272 3535 2526 3602; x_wconf 89' lang='lat' dir='ltr'><strong>Domino,</strong></span> <span class='ocrx_word' id='word_1_538' title='bbox 2556 3551 2665 3592; x_wconf 92' lang='lat' dir='ltr'><strong>non</strong></span> <span class='ocrx_word' id='word_1_539' title='bbox 2694 3537 2960 3593; x_wconf 87' lang='lat' dir='ltr'><strong>dubitavit</strong></span> <span class='ocrx_word' id='word_1_540' title='bbox 2996 3537 3198 3594; x_wconf 88' lang='lat' dir='ltr'><strong>iterare</strong></span> <span class='ocrx_word' id='word_1_541' title='bbox 3224 3540 3281 3593; x_wconf 91' lang='lat' dir='ltr'><strong>in</strong></span> <span class='ocrx_word' id='word_1_542' title='bbox 3312 3538 3478 3603; x_wconf 83' lang='lat' dir='ltr'><strong>facto,</strong></span> <span class='ocrx_word' id='word_1_543' title='bbox 3499 3545 3550 3592; x_wconf 89' lang='lat' dir='ltr'><strong>et</strong></span> <span class='ocrx_word' id='word_1_544' title='bbox 3572 3530 3790 3605; x_wconf 83' lang='lat' dir='ltr'><strong>pretiosius</strong></span> 
     </span>
    </p>
   </div>
   <div class='ocr_carea' id='block_1_37' title="bbox 574 3622 3791 3700">
    <p class='ocr_par' dir='ltr' id='par_1_37' title="bbox 574 3622 3791 3700">
     <span class='ocr_line' id='line_1_37' title="bbox 574 3622 3791 3700; baseline -0.003 -16"><span class='ocrx_word' id='word_1_545' title='bbox 574 3642 682 3698; x_wconf 89' lang='lat' dir='ltr'><strong>qua</strong></span> <span class='ocrx_word' id='word_1_546' title='bbox 714 3627 804 3684; x_wconf 92' lang='lat' dir='ltr'><strong>hic</strong></span> <span class='ocrx_word' id='word_1_547' title='bbox 833 3636 1113 3694; x_wconf 88' lang='lat' dir='ltr'><strong>narratur,</strong></span> <span class='ocrx_word' id='word_1_548' title='bbox 1139 3627 1284 3683; x_wconf 89' lang='lat' dir='ltr'><strong>aliud</strong></span> <span class='ocrx_word' id='word_1_549' title='bbox 1314 3626 1506 3683; x_wconf 90' lang='lat' dir='ltr'><strong>detulit</strong></span> <span class='ocrx_word' id='word_1_550' title='bbox 1528 3636 1881 3700; x_wconf 70' lang='lat' dir='ltr'><strong>unguentum,</strong></span> <span class='ocrx_word' id='word_1_551' title='bbox 1910 3637 1966 3684; x_wconf 92' lang='lat' dir='ltr'><strong>et</strong></span> <span class='ocrx_word' id='word_1_552' title='bbox 1982 3627 2172 3685; x_wconf 83' lang='lat' dir='ltr'><strong>eﬁ‘udit</strong></span> <span class='ocrx_word' id='word_1_553' title='bbox 2271 3626 2489 3694; x_wconf 78' lang='lat' dir='ltr'><strong>offerre,</strong></span> <span class='ocrx_word' id='word_1_554' title='bbox 2516 3644 2625 3700; x_wconf 91' lang='lat' dir='ltr'><strong>quo</strong></span> <span class='ocrx_word' id='word_1_555' title='bbox 2652 3627 2954 3699; x_wconf 87' lang='lat' dir='ltr'><strong>repleretur</strong></span> <span class='ocrx_word' id='word_1_556' title='bbox 2974 3638 3088 3685; x_wconf 90' lang='lat' dir='ltr'><strong>tota</strong></span> <span class='ocrx_word' id='word_1_557' title='bbox 3111 3631 3311 3687; x_wconf 86' lang='lat' dir='ltr'><strong>domus</strong></span> <span class='ocrx_word' id='word_1_558' title='bbox 3334 3648 3400 3687; x_wconf 80' lang='lat' dir='ltr'><strong>ea:</strong></span> <span class='ocrx_word' id='word_1_559' title='bbox 3421 3630 3572 3685; x_wconf 88' lang='lat' dir='ltr'><strong>odore</strong></span> <span class='ocrx_word' id='word_1_560' title='bbox 3585 3622 3791 3697; x_wconf 78' lang='lat' dir='ltr'><strong>unguenti.</strong></span> 
     </span>
    </p>
   </div>
   <div class='ocr_carea' id='block_1_38' title="bbox 577 3711 3792 3793">
    <p class='ocr_par' dir='ltr' id='par_1_38' title="bbox 577 3711 3792 3793">
     <span class='ocr_line' id='line_1_38' title="bbox 577 3711 3792 3793; baseline -0.003 -18"><span class='ocrx_word' id='word_1_561' title='bbox 577 3733 744 3790; x_wconf 88' lang='lat' dir='ltr'><strong>super</strong></span> <span class='ocrx_word' id='word_1_562' title='bbox 763 3727 927 3790; x_wconf 87' lang='lat' dir='ltr'><strong>caput</strong></span> <span class='ocrx_word' id='word_1_563' title='bbox 951 3718 1088 3790; x_wconf 90' lang='lat' dir='ltr'><strong>ejus,</strong></span> <span class='ocrx_word' id='word_1_564' title='bbox 1120 3718 1264 3789; x_wconf 90' lang='lat' dir='ltr'><strong>quod</strong></span> <span class='ocrx_word' id='word_1_565' title='bbox 1290 3719 1593 3789; x_wconf 87' lang='lat' dir='ltr'><strong>pretiosum</strong></span> <span class='ocrx_word' id='word_1_566' title='bbox 1617 3719 1785 3776; x_wconf 80' lang='lat' dir='ltr'><strong>fuisse</strong></span> <span class='ocrx_word' id='word_1_567' title='bbox 1806 3719 2165 3790; x_wconf 67' lang='lat' dir='ltr'><strong>praedicatur;</strong></span> <span class='ocrx_word' id='word_1_568' title='bbox 2273 3717 2382 3775; x_wconf 81' lang='lat' dir='ltr'><strong>Nec</strong></span> <span class='ocrx_word' id='word_1_569' title='bbox 2402 3719 2568 3790; x_wconf 77' lang='lat' dir='ltr'><strong>igitur</strong></span> <span class='ocrx_word' id='word_1_570' title='bbox 2586 3720 2783 3775; x_wconf 91' lang='lat' dir='ltr'><strong>mirum</strong></span> <span class='ocrx_word' id='word_1_571' title='bbox 2799 3719 2844 3775; x_wconf 93' lang='lat' dir='ltr'><strong>si</strong></span> <span class='ocrx_word' id='word_1_572' title='bbox 2866 3729 2921 3775; x_wconf 90' lang='lat' dir='ltr'><strong>et</strong></span> <span class='ocrx_word' id='word_1_573' title='bbox 2941 3735 3009 3776; x_wconf 81' lang='lat' dir='ltr'><strong>ex</strong></span> <span class='ocrx_word' id='word_1_574' title='bbox 3035 3722 3211 3793; x_wconf 84' lang='lat' dir='ltr'><strong>gratia</strong></span> <span class='ocrx_word' id='word_1_575' title='bbox 3235 3721 3390 3778; x_wconf 82' lang='lat' dir='ltr'><strong>intus</strong></span> <span class='ocrx_word' id='word_1_576' title='bbox 3414 3719 3649 3778; x_wconf 85' lang='lat' dir='ltr'><strong>divinitus</strong></span> <span class='ocrx_word' id='word_1_577' title='bbox 3670 3711 3792 3781; x_wconf 84' lang='lat' dir='ltr'><strong>inspi-</strong></span> 
     </span>
    </p>
   </div>
   <div class='ocr_carea' id='block_1_39' title="bbox 575 3800 3791 3884">
    <p class='ocr_par' dir='ltr' id='par_1_39' title="bbox 575 3800 3791 3884">
     <span class='ocr_line' id='line_1_39' title="bbox 575 3800 3791 3884; baseline 0.002 -19"><span class='ocrx_word' id='word_1_578' title='bbox 575 3811 875 3881; x_wconf 89' lang='lat' dir='ltr'><strong>pretiosum</strong></span> <span class='ocrx_word' id='word_1_579' title='bbox 911 3810 1097 3880; x_wconf 88' lang='lat' dir='ltr'><strong>utique</strong></span> <span class='ocrx_word' id='word_1_580' title='bbox 1140 3810 1268 3880; x_wconf 89' lang='lat' dir='ltr'><strong>quia</strong></span> <span class='ocrx_word' id='word_1_581' title='bbox 1304 3809 1568 3866; x_wconf 87' lang='lat' dir='ltr'><strong>divinum.</strong></span> <span class='ocrx_word' id='word_1_582' title='bbox 1615 3811 1870 3882; x_wconf 83' lang='lat' dir='ltr'><strong>Alioquin</strong></span> <span class='ocrx_word' id='word_1_583' title='bbox 1900 3812 2004 3868; x_wconf 85' lang='lat' dir='ltr'><strong>nisi</strong></span> <span class='ocrx_word' id='word_1_584' title='bbox 2034 3811 2171 3867; x_wconf 87' lang='lat' dir='ltr'><strong>divi-</strong></span> <span class='ocrx_word' id='word_1_585' title='bbox 2272 3817 2385 3863; x_wconf 88' lang='lat' dir='ltr'><strong>rata</strong></span> <span class='ocrx_word' id='word_1_586' title='bbox 2408 3849 2424 3875; x_wconf 93' lang='lat'><strong>,</strong></span> <span class='ocrx_word' id='word_1_587' title='bbox 2473 3824 2580 3864; x_wconf 89' lang='lat' dir='ltr'><strong>non</strong></span> <span class='ocrx_word' id='word_1_588' title='bbox 2611 3810 2784 3865; x_wconf 89' lang='lat' dir='ltr'><strong>solum</strong></span> <span class='ocrx_word' id='word_1_589' title='bbox 2811 3811 3010 3867; x_wconf 89' lang='lat' dir='ltr'><strong>iterare</strong></span> <span class='ocrx_word' id='word_1_590' title='bbox 3043 3812 3420 3884; x_wconf 69' lang='lat' dir='ltr'><strong>prmsumpsit,</strong></span> <span class='ocrx_word' id='word_1_591' title='bbox 3440 3824 3613 3867; x_wconf 88' lang='lat' dir='ltr'><strong>verum</strong></span> <span class='ocrx_word' id='word_1_592' title='bbox 3637 3800 3791 3878; x_wconf 74' lang='grc'><strong>1081</strong></span> 
     </span>
    </p>
   </div>
   <div class='ocr_carea' id='block_1_40' title="bbox 576 3890 3794 3975">
    <p class='ocr_par' dir='ltr' id='par_1_40' title="bbox 576 3890 3794 3975">
     <span class='ocr_line' id='line_1_40' title="bbox 576 3890 3794 3975; baseline -0.001 -19"><span class='ocrx_word' id='word_1_593' title='bbox 576 3915 707 3956; x_wconf 88' lang='lat' dir='ltr'><strong>num</strong></span> <span class='ocrx_word' id='word_1_594' title='bbox 740 3908 907 3966; x_wconf 85' lang='lat' dir='ltr'><strong>esset,</strong></span> <span class='ocrx_word' id='word_1_595' title='bbox 932 3914 1098 3972; x_wconf 91' lang='lat' dir='ltr'><strong>super</strong></span> <span class='ocrx_word' id='word_1_596' title='bbox 1140 3908 1305 3972; x_wconf 90' lang='lat' dir='ltr'><strong>caput</strong></span> <span class='ocrx_word' id='word_1_597' title='bbox 1336 3900 1539 3959; x_wconf 90' lang='lat' dir='ltr'><strong>Christi</strong></span> <span class='ocrx_word' id='word_1_598' title='bbox 1581 3900 1783 3958; x_wconf 83' lang='lat' dir='ltr'><strong>ell‘undi</strong></span> <span class='ocrx_word' id='word_1_599' title='bbox 1812 3919 1921 3959; x_wconf 90' lang='lat' dir='ltr'><strong>non</strong></span> <span class='ocrx_word' id='word_1_600' title='bbox 1952 3912 2167 3974; x_wconf 88' lang='lat' dir='ltr'><strong>posset;</strong></span> <span class='ocrx_word' id='word_1_601' title='bbox 2272 3899 2436 3955; x_wconf 90' lang='lat' dir='ltr'><strong>etiam</strong></span> <span class='ocrx_word' id='word_1_602' title='bbox 2469 3909 2526 3956; x_wconf 92' lang='lat' dir='ltr'><strong>et</strong></span> <span class='ocrx_word' id='word_1_603' title='bbox 2550 3916 2669 3970; x_wconf 86' lang='lat' dir='ltr'><strong>quae</strong></span> <span class='ocrx_word' id='word_1_604' title='bbox 2696 3900 2875 3956; x_wconf 89' lang='lat' dir='ltr'><strong>divina</strong></span> <span class='ocrx_word' id='word_1_605' title='bbox 2902 3910 3026 3956; x_wconf 89' lang='lat' dir='ltr'><strong>sunt</strong></span> <span class='ocrx_word' id='word_1_606' title='bbox 3053 3901 3109 3956; x_wconf 89' lang='lat' dir='ltr'><strong>in</strong></span> <span class='ocrx_word' id='word_1_607' title='bbox 3137 3902 3368 3960; x_wconf 88' lang='lat' dir='ltr'><strong>Christo</strong></span> <span class='ocrx_word' id='word_1_608' title='bbox 3413 3900 3614 3975; x_wconf 82' lang='lat' dir='ltr'><strong>plenius</strong></span> <span class='ocrx_word' id='word_1_609' title='bbox 3652 3890 3794 3949; x_wconf 69' lang='lat' dir='ltr'><strong>meruil</strong></span> 
     </span>
    </p>
   </div>
   <div class='ocr_carea' id='block_1_41' title="bbox 577 3982 3796 4064">
    <p class='ocr_par' dir='ltr' id='par_1_41' title="bbox 577 3982 3796 4064">
     <span class='ocr_line' id='line_1_41' title="bbox 577 3982 3796 4064; baseline -0.001 -18"><span class='ocrx_word' id='word_1_610' title='bbox 577 3991 707 4063; x_wconf 88' lang='lat' dir='ltr'><strong>quia</strong></span> <span class='ocrx_word' id='word_1_611' title='bbox 750 3990 806 4047; x_wconf 92' lang='lat' dir='ltr'><strong>in</strong></span> <span class='ocrx_word' id='word_1_612' title='bbox 854 3999 1020 4062; x_wconf 90' lang='lat' dir='ltr'><strong>caput</strong></span> <span class='ocrx_word' id='word_1_613' title='bbox 1044 3988 1248 4048; x_wconf 88' lang='lat' dir='ltr'><strong>Christi</strong></span> <span class='ocrx_word' id='word_1_614' title='bbox 1275 3991 1419 4048; x_wconf 89' lang='lat' dir='ltr'><strong>Deus</strong></span> <span class='ocrx_word' id='word_1_615' title='bbox 1436 4033 1452 4060; x_wconf 93' lang='lat'><strong>,</strong></span> <span class='ocrx_word' id='word_1_616' title='bbox 1484 4001 1542 4048; x_wconf 91' lang='lat' dir='ltr'><strong>et</strong></span> <span class='ocrx_word' id='word_1_617' title='bbox 1566 3993 1621 4047; x_wconf 92' lang='lat' dir='ltr'><strong>in</strong></span> <span class='ocrx_word' id='word_1_618' title='bbox 1648 3992 1819 4049; x_wconf 90' lang='lat' dir='ltr'><strong>Deum</strong></span> <span class='ocrx_word' id='word_1_619' title='bbox 1856 3993 1993 4049; x_wconf 86' lang='lat' dir='ltr'><strong>nihil</strong></span> <span class='ocrx_word' id='word_1_620' title='bbox 2022 3993 2170 4051; x_wconf 87' lang='lat' dir='ltr'><strong>aliud</strong></span> <span class='ocrx_word' id='word_1_621' title='bbox 2273 3988 2592 4061; x_wconf 84' lang='lat' dir='ltr'><strong>intelligere.</strong></span> <span class='ocrx_word' id='word_1_622' title='bbox 2619 3989 2685 4044; x_wconf 85' lang='lat' dir='ltr'><strong>Et</strong></span> <span class='ocrx_word' id='word_1_623' title='bbox 2711 3990 2832 4046; x_wconf 91' lang='lat' dir='ltr'><strong>ideo</strong></span> <span class='ocrx_word' id='word_1_624' title='bbox 2854 4005 2959 4046; x_wconf 91' lang='lat' dir='ltr'><strong>non</strong></span> <span class='ocrx_word' id='word_1_625' title='bbox 2983 3990 3181 4046; x_wconf 88' lang='lat' dir='ltr'><strong>mirum</strong></span> <span class='ocrx_word' id='word_1_626' title='bbox 3208 3991 3251 4047; x_wconf 90' lang='lat' dir='ltr'><strong>si</strong></span> <span class='ocrx_word' id='word_1_627' title='bbox 3279 3992 3399 4064; x_wconf 85' lang='lat' dir='ltr'><strong>ipsa</strong></span> <span class='ocrx_word' id='word_1_628' title='bbox 3425 4006 3579 4062; x_wconf 87' lang='lat' dir='ltr'><strong>quam</strong></span> <span class='ocrx_word' id='word_1_629' title='bbox 3601 3982 3796 4044; x_wconf 70' lang='lat' dir='ltr'><strong>Domitius</strong></span> 
     </span>
    </p>
   </div>
   <div class='ocr_carea' id='block_1_42' title="bbox 582 4082 3793 4156">
    <p class='ocr_par' dir='ltr' id='par_1_42' title="bbox 582 4082 3793 4156">
     <span class='ocr_line' id='line_1_42' title="bbox 582 4082 3793 4156; baseline -0.003 -17"><span class='ocrx_word' id='word_1_630' title='bbox 582 4091 784 4155; x_wconf 63' lang='lat' dir='ltr'><strong>praeter</strong></span> <span class='ocrx_word' id='word_1_631' title='bbox 811 4082 867 4138; x_wconf 89' lang='lat' dir='ltr'><strong>id</strong></span> <span class='ocrx_word' id='word_1_632' title='bbox 893 4083 1037 4154; x_wconf 91' lang='lat' dir='ltr'><strong>quod</strong></span> <span class='ocrx_word' id='word_1_633' title='bbox 1067 4082 1309 4138; x_wconf 87' lang='lat' dir='ltr'><strong>divinum</strong></span> <span class='ocrx_word' id='word_1_634' title='bbox 1336 4092 1422 4139; x_wconf 88' lang='lat' dir='ltr'><strong>est</strong></span> <span class='ocrx_word' id='word_1_635' title='bbox 1444 4083 1612 4139; x_wconf 84' lang='lat' dir='ltr'><strong>cadit.</strong></span> <span class='ocrx_word' id='word_1_636' title='bbox 1636 4083 1716 4141; x_wconf 83' lang='lat' dir='ltr'><strong>Ac</strong></span> <span class='ocrx_word' id='word_1_637' title='bbox 1743 4099 1841 4156; x_wconf 88' lang='lat' dir='ltr'><strong>per</strong></span> <span class='ocrx_word' id='word_1_638' title='bbox 1876 4085 1981 4140; x_wconf 92' lang='lat' dir='ltr'><strong>hoc</strong></span> <span class='ocrx_word' id='word_1_639' title='bbox 2017 4085 2173 4156; x_wconf 86' lang='lat' dir='ltr'><strong>quid-</strong></span> <span class='ocrx_word' id='word_1_640' title='bbox 2272 4082 2562 4155; x_wconf 90' lang='lat' dir='ltr'><strong>plurimum</strong></span> <span class='ocrx_word' id='word_1_641' title='bbox 2585 4082 2861 4154; x_wconf 86' lang='lat' dir='ltr'><strong>diligebat,</strong></span> <span class='ocrx_word' id='word_1_642' title='bbox 2897 4084 3157 4138; x_wconf 83' lang='lat' dir='ltr'><strong>meretrix</strong></span> <span class='ocrx_word' id='word_1_643' title='bbox 3177 4083 3352 4141; x_wconf 80' lang='lat' dir='ltr'><strong>fuisse</strong></span> <span class='ocrx_word' id='word_1_644' title='bbox 3380 4084 3603 4145; x_wconf 88' lang='lat' dir='ltr'><strong>dicatur,</strong></span> <span class='ocrx_word' id='word_1_645' title='bbox 3625 4085 3671 4132; x_wconf 91' lang='lat' dir='ltr'><strong>et</strong></span> <span class='ocrx_word' id='word_1_646' title='bbox 3687 4082 3793 4130; x_wconf 81' lang='lat' dir='ltr'><strong>soror</strong></span> 
     </span>
    </p>
   </div>
   <div class='ocr_carea' id='block_1_43' title="bbox 581 4169 3791 4248">
    <p class='ocr_par' dir='ltr' id='par_1_43' title="bbox 581 4169 3791 4248">
     <span class='ocr_line' id='line_1_43' title="bbox 581 4169 3791 4248; baseline -0.003 -16"><span class='ocrx_word' id='word_1_647' title='bbox 581 4176 712 4246; x_wconf 90' lang='lat' dir='ltr'><strong>quid</strong></span> <span class='ocrx_word' id='word_1_648' title='bbox 732 4187 817 4232; x_wconf 88' lang='lat' dir='ltr'><strong>est</strong></span> <span class='ocrx_word' id='word_1_649' title='bbox 836 4189 944 4248; x_wconf 89' lang='lat' dir='ltr'><strong>quo</strong></span> <span class='ocrx_word' id='word_1_650' title='bbox 963 4175 1276 4231; x_wconf 89' lang='lat' dir='ltr'><strong>humanitas</strong></span> <span class='ocrx_word' id='word_1_651' title='bbox 1295 4175 1497 4232; x_wconf 88' lang='lat' dir='ltr'><strong>Christi</strong></span> <span class='ocrx_word' id='word_1_652' title='bbox 1520 4176 1759 4246; x_wconf 87' lang='lat' dir='ltr'><strong>ungitur,</strong></span> <span class='ocrx_word' id='word_1_653' title='bbox 1778 4192 1897 4247; x_wconf 66' lang='lat' dir='ltr'><strong>quae</strong></span> <span class='ocrx_word' id='word_1_654' title='bbox 1918 4178 2171 4235; x_wconf 88' lang='lat' dir='ltr'><strong>deorsum</strong></span> <span class='ocrx_word' id='word_1_655' title='bbox 2274 4175 2467 4231; x_wconf 83' lang='lat' dir='ltr'><strong>Lazari</strong></span> <span class='ocrx_word' id='word_1_656' title='bbox 2496 4183 2552 4232; x_wconf 91' lang='lat' dir='ltr'><strong>et</strong></span> <span class='ocrx_word' id='word_1_657' title='bbox 2595 4173 2852 4241; x_wconf 69' lang='lat' dir='ltr'><strong>Marthae;</strong></span> <span class='ocrx_word' id='word_1_658' title='bbox 2902 4174 3029 4245; x_wconf 90' lang='lat' dir='ltr'><strong>quia</strong></span> <span class='ocrx_word' id='word_1_659' title='bbox 3067 4191 3175 4230; x_wconf 88' lang='lat' dir='ltr'><strong>non</strong></span> <span class='ocrx_word' id='word_1_660' title='bbox 3217 4175 3340 4246; x_wconf 90' lang='lat' dir='ltr'><strong>ipsa</strong></span> <span class='ocrx_word' id='word_1_661' title='bbox 3371 4175 3522 4248; x_wconf 87' lang='lat' dir='ltr'><strong>prius</strong></span> <span class='ocrx_word' id='word_1_662' title='bbox 3555 4169 3791 4228; x_wconf 70' lang='lat' dir='ltr'><strong>Demittunt.</strong></span> 
     </span>
    </p>
   </div>
   <div class='ocr_carea' id='block_1_44' title="bbox 580 4255 3792 4339">
    <p class='ocr_par' dir='ltr' id='par_1_44' title="bbox 580 4255 3792 4339">
     <span class='ocr_line' id='line_1_44' title="bbox 580 4255 3792 4339; baseline -0.002 -17"><span class='ocrx_word' id='word_1_663' title='bbox 580 4274 686 4333; x_wconf 90' lang='lat' dir='ltr'><strong>est,</strong></span> <span class='ocrx_word' id='word_1_664' title='bbox 718 4282 914 4339; x_wconf 90' lang='lat' dir='ltr'><strong>purum</strong></span> <span class='ocrx_word' id='word_1_665' title='bbox 938 4274 995 4321; x_wconf 90' lang='lat' dir='ltr'><strong>et</strong></span> <span class='ocrx_word' id='word_1_666' title='bbox 1020 4266 1397 4322; x_wconf 88' lang='lat' dir='ltr'><strong>ﬁdelissimum</strong></span> <span class='ocrx_word' id='word_1_667' title='bbox 1429 4281 1551 4322; x_wconf 90' lang='lat' dir='ltr'><strong>esse</strong></span> <span class='ocrx_word' id='word_1_668' title='bbox 1577 4266 1771 4334; x_wconf 88' lang='lat' dir='ltr'><strong>debet,</strong></span> <span class='ocrx_word' id='word_1_669' title='bbox 1814 4266 1969 4337; x_wconf 86' lang='lat' dir='ltr'><strong>cujus</strong></span> <span class='ocrx_word' id='word_1_670' title='bbox 2006 4270 2172 4326; x_wconf 92' lang='lat' dir='ltr'><strong>odore</strong></span> <span class='ocrx_word' id='word_1_671' title='bbox 2274 4268 2371 4324; x_wconf 86' lang='lat' dir='ltr'><strong>sed</strong></span> <span class='ocrx_word' id='word_1_672' title='bbox 2398 4267 2660 4324; x_wconf 90' lang='lat' dir='ltr'><strong>Dominus</strong></span> <span class='ocrx_word' id='word_1_673' title='bbox 2680 4282 2802 4322; x_wconf 90' lang='lat' dir='ltr'><strong>eam</strong></span> <span class='ocrx_word' id='word_1_674' title='bbox 2833 4256 2984 4337; x_wconf 85' lang='lat' dir='ltr'><strong>prius</strong></span> <span class='ocrx_word' id='word_1_675' title='bbox 3008 4266 3173 4339; x_wconf 88' lang='lat' dir='ltr'><strong>elegit</strong></span> <span class='ocrx_word' id='word_1_676' title='bbox 3193 4283 3260 4324; x_wconf 93' lang='lat' dir='ltr'><strong>ac</strong></span> <span class='ocrx_word' id='word_1_677' title='bbox 3286 4268 3499 4334; x_wconf 79' lang='lat' dir='ltr'><strong>dilexit,</strong></span> <span class='ocrx_word' id='word_1_678' title='bbox 3526 4268 3594 4321; x_wconf 86' lang='lat' dir='ltr'><strong>ita</strong></span> <span class='ocrx_word' id='word_1_679' title='bbox 3620 4270 3667 4317; x_wconf 89' lang='lat' dir='ltr'><strong>ut</strong></span> <span class='ocrx_word' id='word_1_680' title='bbox 3687 4255 3792 4314; x_wconf 53' lang='lat' dir='ltr'><strong>dein;</strong></span> 
     </span>
    </p>
   </div>
   <div class='ocr_carea' id='block_1_45' title="bbox 579 4350 3798 4437">
    <p class='ocr_par' dir='ltr' id='par_1_45' title="bbox 579 4350 3798 4437">
     <span class='ocr_line' id='line_1_45' title="bbox 579 4350 3798 4437; baseline -0.002 -22"><span class='ocrx_word' id='word_1_681' title='bbox 579 4365 695 4415; x_wconf 90' lang='lat' dir='ltr'><strong>tota</strong></span> <span class='ocrx_word' id='word_1_682' title='bbox 732 4356 1093 4429; x_wconf 90' lang='lat' dir='ltr'><strong>adimpleatur</strong></span> <span class='ocrx_word' id='word_1_683' title='bbox 1128 4358 1322 4413; x_wconf 92' lang='lat' dir='ltr'><strong>domus</strong></span> <span class='ocrx_word' id='word_1_684' title='bbox 1345 4357 1529 4425; x_wconf 88' lang='lat' dir='ltr'><strong>sicuti,</strong></span> <span class='ocrx_word' id='word_1_685' title='bbox 1553 4372 1651 4428; x_wconf 90' lang='lat' dir='ltr'><strong>per</strong></span> <span class='ocrx_word' id='word_1_686' title='bbox 1679 4357 2019 4415; x_wconf 89' lang='lat' dir='ltr'><strong>Ezechielem</strong></span> <span class='ocrx_word' id='word_1_687' title='bbox 2042 4376 2170 4415; x_wconf 88' lang='lat' dir='ltr'><strong>nar-</strong></span> <span class='ocrx_word' id='word_1_688' title='bbox 2277 4373 2403 4431; x_wconf 90' lang='lat' dir='ltr'><strong>ceps</strong></span> <span class='ocrx_word' id='word_1_689' title='bbox 2436 4359 2551 4430; x_wconf 88' lang='lat' dir='ltr'><strong>ipsa</strong></span> <span class='ocrx_word' id='word_1_690' title='bbox 2579 4358 2807 4415; x_wconf 90' lang='lat' dir='ltr'><strong>multum</strong></span> <span class='ocrx_word' id='word_1_691' title='bbox 2845 4350 3095 4437; x_wconf 84' lang='lat' dir='ltr'><strong>diligeret</strong></span> <span class='ocrx_word' id='word_1_692' title='bbox 3129 4354 3450 4415; x_wconf 79' lang='lat' dir='ltr'><strong>D‘ominum.</strong></span> <span class='ocrx_word' id='word_1_693' title='bbox 3481 4357 3558 4414; x_wconf 78' lang='lat' dir='ltr'><strong>Ac</strong></span> <span class='ocrx_word' id='word_1_694' title='bbox 3581 4355 3798 4427; x_wconf 57' lang='lat' dir='ltr'><strong>proptere!</strong></span> 
     </span>
    </p>
   </div>
   <div class='ocr_carea' id='block_1_46' title="bbox 582 4438 3798 4524">
    <p class='ocr_par' dir='ltr' id='par_1_46' title="bbox 582 4438 3798 4524">
     <span class='ocr_line' id='line_1_46' title="bbox 582 4438 3798 4524; baseline 0 -17"><span class='ocrx_word' id='word_1_695' title='bbox 582 4459 737 4507; x_wconf 86' lang='lat' dir='ltr'><strong>ratur</strong></span> <span class='ocrx_word' id='word_1_696' title='bbox 764 4451 912 4524; x_wconf 91' lang='lat' dir='ltr'><strong>quod</strong></span> <span class='ocrx_word' id='word_1_697' title='bbox 951 4449 1147 4507; x_wconf 87' lang='lat' dir='ltr'><strong>viderit</strong></span> <span class='ocrx_word' id='word_1_698' title='bbox 1167 4449 1453 4507; x_wconf 90' lang='lat' dir='ltr'><strong>Dominum</strong></span> <span class='ocrx_word' id='word_1_699' title='bbox 1479 4452 1758 4507; x_wconf 89' lang='lat' dir='ltr'><strong>sedentem</strong></span> <span class='ocrx_word' id='word_1_700' title='bbox 1788 4468 1952 4523; x_wconf 90' lang='lat' dir='ltr'><strong>super</strong></span> <span class='ocrx_word' id='word_1_701' title='bbox 1976 4452 2169 4509; x_wconf 89' lang='lat' dir='ltr'><strong>solium</strong></span> <span class='ocrx_word' id='word_1_702' title='bbox 2276 4438 2401 4521; x_wconf 65' lang='lat' dir='ltr'><strong>prce</strong></span> <span class='ocrx_word' id='word_1_703' title='bbox 2441 4449 2611 4505; x_wconf 88' lang='lat' dir='ltr'><strong>nimio</strong></span> <span class='ocrx_word' id='word_1_704' title='bbox 2651 4462 2875 4514; x_wconf 89' lang='lat' dir='ltr'><strong>amore,</strong></span> <span class='ocrx_word' id='word_1_705' title='bbox 2927 4448 3045 4520; x_wconf 86' lang='lat' dir='ltr'><strong>ipsa</strong></span> <span class='ocrx_word' id='word_1_706' title='bbox 3088 4448 3353 4519; x_wconf 86' lang='lat' dir='ltr'><strong>optimam</strong></span> <span class='ocrx_word' id='word_1_707' title='bbox 3407 4455 3639 4521; x_wconf 85' lang='lat' dir='ltr'><strong>partem.</strong></span> <span class='ocrx_word' id='word_1_708' title='bbox 3681 4444 3798 4507; x_wconf 62' lang='grc'><strong>(11³³⁸³</strong></span> 
     </span>
    </p>
   </div>
   <div class='ocr_carea' id='block_1_47' title="bbox 582 4525 3800 4616">
    <p class='ocr_par' dir='ltr' id='par_1_47' title="bbox 582 4525 3800 4616">
     <span class='ocr_line' id='line_1_47' title="bbox 582 4525 3800 4616; baseline 0 -16"><span class='ocrx_word' id='word_1_709' title='bbox 582 4544 858 4603; x_wconf 81' lang='lat' dir='ltr'><strong>excelsum</strong></span> <span class='ocrx_word' id='word_1_710' title='bbox 898 4536 975 4602; x_wconf 91' lang='lat' dir='ltr'><strong>et</strong></span> <span class='ocrx_word' id='word_1_711' title='bbox 998 4544 1372 4611; x_wconf 62' lang='lat' dir='ltr'><strong>elevatum,&quot;et</strong></span> <span class='ocrx_word' id='word_1_712' title='bbox 1394 4560 1459 4600; x_wconf 91' lang='lat' dir='ltr'><strong>ea</strong></span> <span class='ocrx_word' id='word_1_713' title='bbox 1489 4560 1609 4615; x_wconf 58' lang='lat' dir='ltr'><strong>qua</strong></span> <span class='ocrx_word' id='word_1_714' title='bbox 1633 4546 1735 4602; x_wconf 89' lang='lat' dir='ltr'><strong>sub</strong></span> <span class='ocrx_word' id='word_1_715' title='bbox 1762 4545 1879 4616; x_wconf 90' lang='lat' dir='ltr'><strong>ipso</strong></span> <span class='ocrx_word' id='word_1_716' title='bbox 1903 4555 2060 4602; x_wconf 88' lang='lat' dir='ltr'><strong>erant</strong></span> <span class='ocrx_word' id='word_1_717' title='bbox 2087 4563 2173 4601; x_wconf 86' lang='lat' dir='ltr'><strong>re-</strong></span> <span class='ocrx_word' id='word_1_718' title='bbox 2203 4602 2248 4616; x_wconf 45' lang='lat'>“</span> <span class='ocrx_word' id='word_1_719' title='bbox 2277 4539 2449 4596; x_wconf 82' lang='lat' dir='ltr'><strong>eiecta</strong></span> <span class='ocrx_word' id='word_1_720' title='bbox 2477 4539 2735 4609; x_wconf 72' lang='lat' dir='ltr'><strong>elegerat.</strong></span> <span class='ocrx_word' id='word_1_721' title='bbox 2768 4539 3025 4596; x_wconf 71' lang='lat' dir='ltr'><strong>ardenter</strong></span> <span class='ocrx_word' id='word_1_722' title='bbox 3045 4543 3287 4607; x_wconf 71' lang='lat' dir='ltr'><strong>tenebat.</strong></span> <span class='ocrx_word' id='word_1_723' title='bbox 3326 4549 3385 4597; x_wconf 70' lang='lat' dir='ltr'><strong>et</strong></span> <span class='ocrx_word' id='word_1_724' title='bbox 3426 4540 3547 4596; x_wconf 76' lang='lat' dir='ltr'><strong>ideo</strong></span> <span class='ocrx_word' id='word_1_725' title='bbox 3569 4555 3596 4592; x_wconf 72' lang='grc' dir='ltr'><strong>ει</strong></span> <span class='ocrx_word' id='word_1_726' title='bbox 3618 4525 3800 4600; x_wconf 48' lang='lat' dir='ltr'><strong>mliti“</strong></span> 
     </span>
    </p>
   </div>
   <div class='ocr_carea' id='block_1_48' title="bbox 582 4602 3799 4707">
    <p class='ocr_par' dir='ltr' id='par_1_48' title="bbox 582 4602 3799 4707">
     <span class='ocr_line' id='line_1_48' title="bbox 582 4602 3799 4707; baseline -0.005 -18"><span class='ocrx_word' id='word_1_727' title='bbox 582 4632 803 4707; x_wconf 88' lang='lat' dir='ltr'><strong>plebant</strong></span> <span class='ocrx_word' id='word_1_728' title='bbox 851 4632 1129 4705; x_wconf 89' lang='lat' dir='ltr'><strong>templum,</strong></span> <span class='ocrx_word' id='word_1_729' title='bbox 1168 4602 1289 4690; x_wconf 38' lang='lat' dir='ltr'><strong>non,</strong></span> <span class='ocrx_word' id='word_1_730' title='bbox 1313 4602 1696 4691; x_wconf 49' lang='lat' dir='ltr'><strong>minus.0dore</strong></span> <span class='ocrx_word' id='word_1_731' title='bbox 1735 4602 1897 4706; x_wconf 71' lang='lat' dir='ltr'><strong>quam</strong></span> <span class='ocrx_word' id='word_1_732' title='bbox 1929 4635 2175 4692; x_wconf 84' lang='lat' dir='ltr'><strong>claritate</strong></span> <span class='ocrx_word' id='word_1_733' title='bbox 2200 4602 2253 4662; x_wconf 68' lang='grc' dir='ltr'><strong>Β</strong></span> <span class='ocrx_word' id='word_1_734' title='bbox 2279 4632 2493 4688; x_wconf 91' lang='lat' dir='ltr'><strong>Domini</strong></span> <span class='ocrx_word' id='word_1_735' title='bbox 2522 4602 2791 4687; x_wconf 44' lang='lat' dir='ltr'><strong>in&#39;del&#39;essa</strong></span> <span class='ocrx_word' id='word_1_736' title='bbox 2824 4647 2931 4687; x_wconf 89' lang='lat' dir='ltr'><strong>non</strong></span> <span class='ocrx_word' id='word_1_737' title='bbox 2973 4602 3283 4689; x_wconf 53' lang='lat' dir='ltr'><strong>recedebat;</strong></span> <span class='ocrx_word' id='word_1_738' title='bbox 3315 4631 3458 4688; x_wconf 85' lang='lat' dir='ltr'><strong>Nam</strong></span> <span class='ocrx_word' id='word_1_739' title='bbox 3490 4631 3589 4687; x_wconf 89' lang='lat' dir='ltr'><strong>hoc</strong></span> <span class='ocrx_word' id='word_1_740' title='bbox 3613 4636 3660 4682; x_wconf 90' lang='lat' dir='ltr'><strong>et</strong></span> <span class='ocrx_word' id='word_1_741' title='bbox 3682 4621 3799 4677; x_wconf 82' lang='lat' dir='ltr'><strong>Joan-</strong></span> 
     </span>
    </p>
   </div>
   <div class='ocr_carea' id='block_1_49' title="bbox 582 4724 3129 4798">
    <p class='ocr_par' dir='ltr' id='par_1_49' title="bbox 582 4724 3129 4798">
     <span class='ocr_line' id='line_1_49' title="bbox 582 4724 3129 4798; baseline 0 -19"><span class='ocrx_word' id='word_1_742' title='bbox 582 4726 823 4784; x_wconf 87' lang='lat' dir='ltr'><strong>virtutis.</strong></span> <span class='ocrx_word' id='word_1_743' title='bbox 852 4725 1006 4783; x_wconf 86' lang='lat' dir='ltr'><strong>Unde</strong></span> <span class='ocrx_word' id='word_1_744' title='bbox 1024 4742 1122 4798; x_wconf 87' lang='lat' dir='ltr'><strong>per</strong></span> <span class='ocrx_word' id='word_1_745' title='bbox 1146 4728 1247 4783; x_wconf 90' lang='lat' dir='ltr'><strong>has</strong></span> <span class='ocrx_word' id='word_1_746' title='bbox 1267 4725 1605 4782; x_wconf 83' lang='lat' dir='ltr'><strong>diﬁ‘erentias</strong></span> <span class='ocrx_word' id='word_1_747' title='bbox 1624 4742 1828 4795; x_wconf 90' lang='lat' dir='ltr'><strong>rerum,</strong></span> <span class='ocrx_word' id='word_1_748' title='bbox 1856 4743 1949 4784; x_wconf 88' lang='lat' dir='ltr'><strong>seu</strong></span> <span class='ocrx_word' id='word_1_749' title='bbox 1972 4729 2045 4783; x_wconf 91' lang='lat' dir='ltr'><strong>sit</strong></span> <span class='ocrx_word' id='word_1_750' title='bbox 2068 4745 2172 4784; x_wconf 89' lang='lat' dir='ltr'><strong>una</strong></span> <span class='ocrx_word' id='word_1_751' title='bbox 2276 4740 2390 4792; x_wconf 88' lang='lat' dir='ltr'><strong>nes,</strong></span> <span class='ocrx_word' id='word_1_752' title='bbox 2422 4725 2567 4795; x_wconf 90' lang='lat' dir='ltr'><strong>quod</strong></span> <span class='ocrx_word' id='word_1_753' title='bbox 2596 4724 2711 4794; x_wconf 90' lang='lat' dir='ltr'><strong>ipsa</strong></span> <span class='ocrx_word' id='word_1_754' title='bbox 2737 4725 2827 4790; x_wconf 89' lang='lat' dir='ltr'><strong>sit,</strong></span> <span class='ocrx_word' id='word_1_755' title='bbox 2870 4724 3129 4780; x_wconf 91' lang='lat' dir='ltr'><strong>insinuat.</strong></span> 
     </span>
    </p>
   </div>
   <div class='ocr_carea' id='block_1_50' title="bbox 583 4815 3799 4891">
    <p class='ocr_par' dir='ltr' id='par_1_50' title="bbox 583 4815 3799 4891">
     <span class='ocr_line' id='line_1_50' title="bbox 583 4815 3799 4891; baseline -0.001 -17"><span class='ocrx_word' id='word_1_756' title='bbox 583 4817 780 4875; x_wconf 87' lang='lat' dir='ltr'><strong>mulier</strong></span> <span class='ocrx_word' id='word_1_757' title='bbox 809 4834 931 4890; x_wconf 75' lang='lat' dir='ltr'><strong>qua:</strong></span> <span class='ocrx_word' id='word_1_758' title='bbox 957 4818 1060 4874; x_wconf 90' lang='lat' dir='ltr'><strong>hoc</strong></span> <span class='ocrx_word' id='word_1_759' title='bbox 1088 4819 1286 4875; x_wconf 87' lang='lat' dir='ltr'><strong>iterato</strong></span> <span class='ocrx_word' id='word_1_760' title='bbox 1317 4818 1459 4890; x_wconf 88' lang='lat' dir='ltr'><strong>gerit</strong></span> <span class='ocrx_word' id='word_1_761' title='bbox 1485 4817 1651 4889; x_wconf 92' lang='lat' dir='ltr'><strong>(quod</strong></span> <span class='ocrx_word' id='word_1_762' title='bbox 1695 4835 1803 4874; x_wconf 92' lang='lat' dir='ltr'><strong>non</strong></span> <span class='ocrx_word' id='word_1_763' title='bbox 1837 4819 2043 4891; x_wconf 88' lang='lat' dir='ltr'><strong>credo),</strong></span> <span class='ocrx_word' id='word_1_764' title='bbox 2079 4834 2172 4875; x_wconf 89' lang='lat' dir='ltr'><strong>seu</strong></span> <span class='ocrx_word' id='word_1_765' title='bbox 2348 4815 2482 4870; x_wconf 81' lang='lat' dir='ltr'><strong>Erat</strong></span> <span class='ocrx_word' id='word_1_766' title='bbox 2519 4825 2695 4870; x_wconf 85' lang='lat' dir='ltr'><strong>autem</strong></span> <span class='ocrx_word' id='word_1_767' title='bbox 2714 4856 2730 4882; x_wconf 92' lang='lat'><strong>,</strong></span> <span class='ocrx_word' id='word_1_768' title='bbox 2761 4815 2975 4887; x_wconf 90' lang='lat' dir='ltr'><strong>inquit,</strong></span> <span class='ocrx_word' id='word_1_769' title='bbox 3006 4816 3224 4888; x_wconf 86' lang='lat' dir='ltr'><strong>quidam</strong></span> <span class='ocrx_word' id='word_1_770' title='bbox 3270 4818 3530 4891; x_wconf 82' lang='lat' dir='ltr'><strong>languens</strong></span> <span class='ocrx_word' id='word_1_771' title='bbox 3560 4815 3757 4870; x_wconf 62' lang='lat' dir='ltr'><strong>Latum</strong></span> <span class='ocrx_word' id='word_1_772' title='bbox 3778 4818 3799 4853; x_wconf 74' lang='grc' dir='ltr'>α</span> 
     </span>
    </p>
   </div>
   <div class='ocr_carea' id='block_1_51' title="bbox 584 4896 3799 4977">
    <p class='ocr_par' dir='ltr' id='par_1_51' title="bbox 584 4896 3799 4977">
     <span class='ocr_line' id='line_1_51' title="bbox 584 4896 3799 4977; baseline -0.004 -12"><span class='ocrx_word' id='word_1_773' title='bbox 584 4910 699 4966; x_wconf 86' lang='lat' dir='ltr'><strong>sint</strong></span> <span class='ocrx_word' id='word_1_774' title='bbox 725 4910 845 4966; x_wconf 70' lang='lat' dir='ltr'><strong>dure</strong></span> <span class='ocrx_word' id='word_1_775' title='bbox 867 4910 954 4965; x_wconf 89' lang='lat' dir='ltr'><strong>vel</strong></span> <span class='ocrx_word' id='word_1_776' title='bbox 985 4918 1113 4974; x_wconf 90' lang='lat' dir='ltr'><strong>tres,</strong></span> <span class='ocrx_word' id='word_1_777' title='bbox 1153 4910 1377 4967; x_wconf 90' lang='lat' dir='ltr'><strong>omnino</strong></span> <span class='ocrx_word' id='word_1_778' title='bbox 1405 4910 1649 4966; x_wconf 90' lang='lat' dir='ltr'><strong>ﬁdelium</strong></span> <span class='ocrx_word' id='word_1_779' title='bbox 1676 4908 1977 4966; x_wconf 82' lang='lat' dir='ltr'><strong>diﬁ‘erentia</strong></span> <span class='ocrx_word' id='word_1_780' title='bbox 2006 4911 2059 4966; x_wconf 90' lang='lat' dir='ltr'><strong>in</strong></span> <span class='ocrx_word' id='word_1_781' title='bbox 2091 4910 2176 4965; x_wconf 82' lang='lat' dir='ltr'><strong>liis</strong></span> <span class='ocrx_word' id='word_1_782' title='bbox 2277 4908 2536 4963; x_wconf 81' lang='lat' dir='ltr'><strong>Bethania</strong></span> <span class='ocrx_word' id='word_1_783' title='bbox 2561 4908 2625 4962; x_wconf 89' lang='lat' dir='ltr'><strong>de</strong></span> <span class='ocrx_word' id='word_1_784' title='bbox 2651 4905 2863 4962; x_wconf 86' lang='lat' dir='ltr'><strong>castello</strong></span> <span class='ocrx_word' id='word_1_785' title='bbox 2892 4907 3082 4963; x_wconf 78' lang='lat' dir='ltr'><strong>Maria:</strong></span> <span class='ocrx_word' id='word_1_786' title='bbox 3108 4921 3156 4964; x_wconf 87' lang='lat' dir='ltr'><strong>et</strong></span> <span class='ocrx_word' id='word_1_787' title='bbox 3186 4908 3441 4977; x_wconf 70' lang='lat' dir='ltr'><strong>Marmor,</strong></span> <span class='ocrx_word' id='word_1_788' title='bbox 3471 4920 3690 4965; x_wconf 79' lang='lat' dir='ltr'><strong>sororum</strong></span> <span class='ocrx_word' id='word_1_789' title='bbox 3704 4896 3799 4967; x_wconf 68' lang='lat' dir='ltr'><strong>eju-</strong></span> 
     </span>
    </p>
   </div>
   <div class='ocr_carea' id='block_1_52' title="bbox 587 4992 3802 5081">
    <p class='ocr_par' dir='ltr' id='par_1_52' title="bbox 587 4992 3802 5081">
     <span class='ocr_line' id='line_1_52' title="bbox 587 4992 3802 5081; baseline -0.002 -23"><span class='ocrx_word' id='word_1_790' title='bbox 587 5003 1012 5081; x_wconf 82' lang='lat' dir='ltr'><strong>demonstratur.</strong></span> <span class='ocrx_word' id='word_1_791' title='bbox 1036 5001 1105 5055; x_wconf 87' lang='lat' dir='ltr'><strong>Et</strong></span> <span class='ocrx_word' id='word_1_792' title='bbox 1130 5002 1249 5056; x_wconf 91' lang='lat' dir='ltr'><strong>ideo</strong></span> <span class='ocrx_word' id='word_1_793' title='bbox 1278 5003 1505 5056; x_wconf 89' lang='lat' dir='ltr'><strong>multum</strong></span> <span class='ocrx_word' id='word_1_794' title='bbox 1538 5000 1696 5069; x_wconf 88' lang='lat' dir='ltr'><strong>juvat</strong></span> <span class='ocrx_word' id='word_1_795' title='bbox 1721 5003 2173 5074; x_wconf 82' lang='lat' dir='ltr'><strong>evangelistarum</strong></span> <span class='ocrx_word' id='word_1_796' title='bbox 2281 4998 2458 5054; x_wconf 76' lang='lat' dir='ltr'><strong>Maria</strong></span> <span class='ocrx_word' id='word_1_797' title='bbox 2485 5009 2661 5053; x_wconf 85' lang='lat' dir='ltr'><strong>autem</strong></span> <span class='ocrx_word' id='word_1_798' title='bbox 2688 5007 2803 5053; x_wconf 87' lang='lat' dir='ltr'><strong>erat</strong></span> <span class='ocrx_word' id='word_1_799' title='bbox 2826 5015 2945 5069; x_wconf 73' lang='lat' dir='ltr'><strong>qua:</strong></span> <span class='ocrx_word' id='word_1_800' title='bbox 2977 5000 3128 5055; x_wconf 70' lang='lat' dir='ltr'><strong>unxit</strong></span> <span class='ocrx_word' id='word_1_801' title='bbox 3167 5000 3460 5056; x_wconf 87' lang='lat' dir='ltr'><strong>Dominum</strong></span> <span class='ocrx_word' id='word_1_802' title='bbox 3499 5001 3745 5068; x_wconf 60' lang='lat' dir='ltr'><strong>unguento,</strong></span> <span class='ocrx_word' id='word_1_803' title='bbox 3768 4992 3802 5035; x_wconf 70' lang='grc' dir='ltr'><strong>ετ</strong></span> 
     </span>
    </p>
   </div>
   <div class='ocr_carea' id='block_1_53' title="bbox 588 5084 3802 5168">
    <p class='ocr_par' dir='ltr' id='par_1_53' title="bbox 588 5084 3802 5168">
     <span class='ocr_line' id='line_1_53' title="bbox 588 5084 3802 5168; baseline -0.003 -19"><span class='ocrx_word' id='word_1_804' title='bbox 588 5093 897 5159; x_wconf 88' lang='lat' dir='ltr'><strong>diversitas,</strong></span> <span class='ocrx_word' id='word_1_805' title='bbox 924 5103 984 5147; x_wconf 92' lang='lat' dir='ltr'><strong>ut</strong></span> <span class='ocrx_word' id='word_1_806' title='bbox 1016 5094 1313 5149; x_wconf 77' lang='lat' dir='ltr'><strong>ostendant</strong></span> <span class='ocrx_word' id='word_1_807' title='bbox 1356 5094 1409 5149; x_wconf 90' lang='lat' dir='ltr'><strong>in</strong></span> <span class='ocrx_word' id='word_1_808' title='bbox 1458 5095 1677 5168; x_wconf 75' lang='lat'><strong>1080</strong></span> <span class='ocrx_word' id='word_1_809' title='bbox 1717 5096 1877 5152; x_wconf 90' lang='lat' dir='ltr'><strong>domo</strong></span> <span class='ocrx_word' id='word_1_810' title='bbox 1907 5096 2169 5162; x_wconf 85' lang='lat' dir='ltr'><strong>Simonis,</strong></span> <span class='ocrx_word' id='word_1_811' title='bbox 2276 5093 2487 5147; x_wconf 76' lang='lat' dir='ltr'><strong>extersit</strong></span> <span class='ocrx_word' id='word_1_812' title='bbox 2520 5092 2673 5163; x_wconf 85' lang='lat' dir='ltr'><strong>pedes</strong></span> <span class='ocrx_word' id='word_1_813' title='bbox 2704 5091 2820 5162; x_wconf 83' lang='lat' dir='ltr'><strong>ejus</strong></span> <span class='ocrx_word' id='word_1_814' title='bbox 2844 5090 3051 5163; x_wconf 81' lang='lat' dir='ltr'><strong>capillis</strong></span> <span class='ocrx_word' id='word_1_815' title='bbox 3079 5094 3213 5159; x_wconf 84' lang='lat' dir='ltr'><strong>suis,</strong></span> <span class='ocrx_word' id='word_1_816' title='bbox 3241 5093 3396 5163; x_wconf 86' lang='lat' dir='ltr'><strong>cujus</strong></span> <span class='ocrx_word' id='word_1_817' title='bbox 3430 5092 3593 5162; x_wconf 80' lang='lat' dir='ltr'><strong>frater</strong></span> <span class='ocrx_word' id='word_1_818' title='bbox 3622 5084 3802 5140; x_wconf 73' lang='grc' dir='ltr'><strong>ιαωτιυ</strong></span> 
     </span>
    </p>
   </div>
   <div class='ocr_carea' id='block_1_54' title="bbox 588 5174 3802 5259">
    <p class='ocr_par' dir='ltr' id='par_1_54' title="bbox 588 5174 3802 5259">
     <span class='ocr_line' id='line_1_54' title="bbox 588 5174 3802 5259; baseline -0.001 -17"><span class='ocrx_word' id='word_1_819' title='bbox 588 5186 734 5259; x_wconf 85' lang='lat' dir='ltr'><strong>quod</strong></span> <span class='ocrx_word' id='word_1_820' title='bbox 769 5186 989 5258; x_wconf 85' lang='lat' dir='ltr'><strong>quidam</strong></span> <span class='ocrx_word' id='word_1_821' title='bbox 1030 5184 1308 5241; x_wconf 76' lang='lat' dir='ltr'><strong>eﬁ‘undant</strong></span> <span class='ocrx_word' id='word_1_822' title='bbox 1343 5202 1505 5258; x_wconf 89' lang='lat' dir='ltr'><strong>super</strong></span> <span class='ocrx_word' id='word_1_823' title='bbox 1529 5196 1692 5258; x_wconf 80' lang='lat' dir='ltr'><strong>caput</strong></span> <span class='ocrx_word' id='word_1_824' title='bbox 1718 5186 1845 5244; x_wconf 88' lang='lat' dir='ltr'><strong>Jesu</strong></span> <span class='ocrx_word' id='word_1_825' title='bbox 1876 5189 2170 5259; x_wconf 86' lang='lat' dir='ltr'><strong>pretiosum</strong></span> <span class='ocrx_word' id='word_1_826' title='bbox 2275 5182 2647 5252; x_wconf 73' lang='lat' dir='ltr'><strong>inﬁrmabatur</strong></span> <span class='ocrx_word' id='word_1_827' title='bbox 2690 5182 2869 5250; x_wconf 77' lang='lat' dir='ltr'><strong>(Joan.</strong></span> <span class='ocrx_word' id='word_1_828' title='bbox 2916 5198 2995 5249; x_wconf 79' lang='lat' dir='ltr'><strong>XI,</strong></span> <span class='ocrx_word' id='word_1_829' title='bbox 3027 5182 3077 5248; x_wconf 82' lang='grc'><strong>1,</strong></span> <span class='ocrx_word' id='word_1_830' title='bbox 3103 5184 3182 5254; x_wconf 73' lang='grc'><strong>2).</strong></span> <span class='ocrx_word' id='word_1_831' title='bbox 3216 5180 3345 5238; x_wconf 75' lang='lat' dir='ltr'><strong>Hoc</strong></span> <span class='ocrx_word' id='word_1_832' title='bbox 3374 5182 3561 5238; x_wconf 83' lang='lat' dir='ltr'><strong>dicens</strong></span> <span class='ocrx_word' id='word_1_833' title='bbox 3604 5174 3802 5231; x_wconf 60' lang='grc' dir='ltr'><strong>ποθηηεεν</strong></span> 
     </span>
    </p>
   </div>
   <div class='ocr_carea' id='block_1_55' title="bbox 589 5260 3805 5351">
    <p class='ocr_par' dir='ltr' id='par_1_55' title="bbox 589 5260 3805 5351">
     <span class='ocr_line' id='line_1_55' title="bbox 589 5260 3805 5351; baseline -0.004 -17"><span class='ocrx_word' id='word_1_834' title='bbox 589 5287 953 5351; x_wconf 89' lang='lat' dir='ltr'><strong>unguentum;</strong></span> <span class='ocrx_word' id='word_1_835' title='bbox 988 5278 1206 5350; x_wconf 90' lang='lat' dir='ltr'><strong>quidam</strong></span> <span class='ocrx_word' id='word_1_836' title='bbox 1235 5285 1417 5333; x_wconf 89' lang='lat' dir='ltr'><strong>autem</strong></span> <span class='ocrx_word' id='word_1_837' title='bbox 1445 5287 1655 5351; x_wconf 90' lang='lat' dir='ltr'><strong>ungunt</strong></span> <span class='ocrx_word' id='word_1_838' title='bbox 1688 5281 2061 5335; x_wconf 90' lang='lat' dir='ltr'><strong>tantummodo</strong></span> <span class='ocrx_word' id='word_1_839' title='bbox 2083 5295 2173 5351; x_wconf 77' lang='lat' dir='ltr'><strong>pe-</strong></span> <span class='ocrx_word' id='word_1_840' title='bbox 2276 5275 2559 5330; x_wconf 88' lang='lat' dir='ltr'><strong>conﬁrmat</strong></span> <span class='ocrx_word' id='word_1_841' title='bbox 2605 5274 2748 5343; x_wconf 88' lang='lat' dir='ltr'><strong>quod</strong></span> <span class='ocrx_word' id='word_1_842' title='bbox 2788 5271 2964 5330; x_wconf 88' lang='lat' dir='ltr'><strong>Lucas</strong></span> <span class='ocrx_word' id='word_1_843' title='bbox 3007 5273 3063 5328; x_wconf 89' lang='lat' dir='ltr'><strong>in</strong></span> <span class='ocrx_word' id='word_1_844' title='bbox 3106 5272 3267 5328; x_wconf 90' lang='lat' dir='ltr'><strong>domo</strong></span> <span class='ocrx_word' id='word_1_845' title='bbox 3312 5272 3557 5329; x_wconf 91' lang='lat' dir='ltr'><strong>Simonis</strong></span> <span class='ocrx_word' id='word_1_846' title='bbox 3584 5260 3805 5335; x_wconf 63' lang='lat' dir='ltr'><strong>cujusdam</strong></span> 
     </span>
    </p>
   </div>
   <div class='ocr_carea' id='block_1_56' title="bbox 494 5357 3804 5444">
    <p class='ocr_par' dir='ltr' id='par_1_56' title="bbox 494 5357 3804 5444">
     <span class='ocr_line' id='line_1_56' title="bbox 494 5357 3804 5444; baseline -0.007 -14"><span class='ocrx_word' id='word_1_847' title='bbox 494 5357 515 5367; x_wconf 44' lang='grc'><strong>“</strong></span> <span class='ocrx_word' id='word_1_848' title='bbox 591 5370 689 5429; x_wconf 80' lang='lat' dir='ltr'><strong>des</strong></span> <span class='ocrx_word' id='word_1_849' title='bbox 716 5386 841 5429; x_wconf 89' lang='lat' dir='ltr'><strong>cum</strong></span> <span class='ocrx_word' id='word_1_850' title='bbox 868 5370 1153 5443; x_wconf 88' lang='lat' dir='ltr'><strong>lacrymis;</strong></span> <span class='ocrx_word' id='word_1_851' title='bbox 1194 5369 1416 5441; x_wconf 90' lang='lat' dir='ltr'><strong>quidam</strong></span> <span class='ocrx_word' id='word_1_852' title='bbox 1455 5384 1584 5425; x_wconf 91' lang='lat' dir='ltr'><strong>vero</strong></span> <span class='ocrx_word' id='word_1_853' title='bbox 1620 5367 1900 5425; x_wconf 80' lang='lat' dir='ltr'><strong>eﬁ‘undunt</strong></span> <span class='ocrx_word' id='word_1_854' title='bbox 1929 5369 2193 5444; x_wconf 85' lang='lat' dir='ltr'><strong>largiter,</strong></span> <span class='ocrx_word' id='word_1_855' title='bbox 2276 5368 2477 5424; x_wconf 82' lang='lat' dir='ltr'><strong>factum</strong></span> <span class='ocrx_word' id='word_1_856' title='bbox 2502 5367 2664 5424; x_wconf 82' lang='lat' dir='ltr'><strong>fuisse</strong></span> <span class='ocrx_word' id='word_1_857' title='bbox 2688 5369 2948 5424; x_wconf 87' lang='lat' dir='ltr'><strong>narravit.</strong></span> <span class='ocrx_word' id='word_1_858' title='bbox 2970 5366 3289 5439; x_wconf 91' lang='lat' dir='ltr'><strong>Jamitaque</strong></span> <span class='ocrx_word' id='word_1_859' title='bbox 3316 5367 3490 5423; x_wconf 74' lang='lat' dir='ltr'><strong>Maria</strong></span> <span class='ocrx_word' id='word_1_860' title='bbox 3514 5367 3611 5421; x_wconf 90' lang='lat' dir='ltr'><strong>hoc</strong></span> <span class='ocrx_word' id='word_1_861' title='bbox 3631 5360 3804 5444; x_wconf 63' lang='lat' dir='ltr'><strong>fecerat</strong></span> 
     </span>
    </p>
   </div>
   <div class='ocr_carea' id='block_1_57' title="bbox 590 5439 3809 5534">
    <p class='ocr_par' dir='ltr' id='par_1_57' title="bbox 590 5439 3809 5534">
     <span class='ocr_line' id='line_1_57' title="bbox 590 5439 3809 5534; baseline -0.007 -11"><span class='ocrx_word' id='word_1_862' title='bbox 590 5463 669 5523; x_wconf 83' lang='lat' dir='ltr'><strong>ita</strong></span> <span class='ocrx_word' id='word_1_863' title='bbox 707 5474 769 5521; x_wconf 89' lang='lat' dir='ltr'><strong>ut</strong></span> <span class='ocrx_word' id='word_1_864' title='bbox 814 5439 998 5521; x_wconf 73' lang='lat' dir='ltr'><strong>omnis</strong></span> <span class='ocrx_word' id='word_1_865' title='bbox 1023 5439 1227 5520; x_wconf 23' lang='lat' dir='ltr'><strong>domus-</strong></span> <span class='ocrx_word' id='word_1_866' title='bbox 1240 5461 1495 5519; x_wconf 78' lang='lat' dir='ltr'><strong>Ecclesiae</strong></span> <span class='ocrx_word' id='word_1_867' title='bbox 1521 5461 1881 5534; x_wconf 89' lang='lat' dir='ltr'><strong>adimpleatur</strong></span> <span class='ocrx_word' id='word_1_868' title='bbox 1913 5478 1982 5518; x_wconf 80' lang='lat' dir='ltr'><strong>ex</strong></span> <span class='ocrx_word' id='word_1_869' title='bbox 2008 5439 2175 5520; x_wconf 79' lang='lat' dir='ltr'><strong>odore</strong></span> <span class='ocrx_word' id='word_1_870' title='bbox 2279 5461 2433 5529; x_wconf 89' lang='lat' dir='ltr'><strong>Quod</strong></span> <span class='ocrx_word' id='word_1_871' title='bbox 2459 5469 2640 5517; x_wconf 89' lang='lat' dir='ltr'><strong>autem</strong></span> <span class='ocrx_word' id='word_1_872' title='bbox 2666 5461 2721 5516; x_wconf 92' lang='lat' dir='ltr'><strong>in</strong></span> <span class='ocrx_word' id='word_1_873' title='bbox 2749 5460 3013 5517; x_wconf 90' lang='lat' dir='ltr'><strong>Bethania</strong></span> <span class='ocrx_word' id='word_1_874' title='bbox 3036 5477 3226 5517; x_wconf 87' lang='lat' dir='ltr'><strong>rursus</strong></span> <span class='ocrx_word' id='word_1_875' title='bbox 3255 5459 3456 5516; x_wconf 81' lang='lat' dir='ltr'><strong>fecisse</strong></span> <span class='ocrx_word' id='word_1_876' title='bbox 3475 5456 3681 5517; x_wconf 89' lang='lat' dir='ltr'><strong>dicitur,</strong></span> <span class='ocrx_word' id='word_1_877' title='bbox 3700 5439 3809 5534; x_wconf 63' lang='lat' dir='ltr'><strong>aliud</strong></span> 
     </span>
    </p>
   </div>
   <div class='ocr_carea' id='block_1_58' title="bbox 592 5532 3810 5626">
    <p class='ocr_par' dir='ltr' id='par_1_58' title="bbox 592 5532 3810 5626">
     <span class='ocr_line' id='line_1_58' title="bbox 592 5532 3810 5626; baseline -0.004 -14"><span class='ocrx_word' id='word_1_878' title='bbox 592 5556 900 5613; x_wconf 87' lang='lat' dir='ltr'><strong>divinitatis</strong></span> <span class='ocrx_word' id='word_1_879' title='bbox 921 5554 1147 5612; x_wconf 85' lang='lat' dir='ltr'><strong>Christi.</strong></span> <span class='ocrx_word' id='word_1_880' title='bbox 1171 5554 1240 5610; x_wconf 89' lang='lat' dir='ltr'><strong>Et</strong></span> <span class='ocrx_word' id='word_1_881' title='bbox 1261 5562 1387 5610; x_wconf 90' lang='lat' dir='ltr'><strong>nota</strong></span> <span class='ocrx_word' id='word_1_882' title='bbox 1414 5554 1557 5622; x_wconf 90' lang='lat' dir='ltr'><strong>quod</strong></span> <span class='ocrx_word' id='word_1_883' title='bbox 1580 5532 1746 5609; x_wconf 78' lang='lat' dir='ltr'><strong>etiam</strong></span> <span class='ocrx_word' id='word_1_884' title='bbox 1777 5562 1834 5609; x_wconf 91' lang='lat' dir='ltr'><strong>et</strong></span> <span class='ocrx_word' id='word_1_885' title='bbox 1859 5553 1991 5626; x_wconf 89' lang='lat' dir='ltr'><strong>ipse,</strong></span> <span class='ocrx_word' id='word_1_886' title='bbox 2023 5553 2176 5623; x_wconf 88' lang='lat' dir='ltr'><strong>cujus</strong></span> <span class='ocrx_word' id='word_1_887' title='bbox 2280 5563 2363 5611; x_wconf 86' lang='lat' dir='ltr'><strong>est</strong></span> <span class='ocrx_word' id='word_1_888' title='bbox 2406 5555 2548 5625; x_wconf 90' lang='lat' dir='ltr'><strong>quod</strong></span> <span class='ocrx_word' id='word_1_889' title='bbox 2594 5554 2662 5609; x_wconf 91' lang='lat' dir='ltr'><strong>ad</strong></span> <span class='ocrx_word' id='word_1_890' title='bbox 2691 5555 3058 5611; x_wconf 89' lang='lat' dir='ltr'><strong>narrationem</strong></span> <span class='ocrx_word' id='word_1_891' title='bbox 3105 5554 3265 5610; x_wconf 71' lang='lat' dir='ltr'><strong>Lucae</strong></span> <span class='ocrx_word' id='word_1_892' title='bbox 3303 5568 3417 5609; x_wconf 90' lang='lat' dir='ltr'><strong>non</strong></span> <span class='ocrx_word' id='word_1_893' title='bbox 3449 5547 3687 5624; x_wconf 86' lang='lat' dir='ltr'><strong>pertinet.</strong></span> <span class='ocrx_word' id='word_1_894' title='bbox 3730 5532 3810 5593; x_wconf 72' lang='lat' dir='ltr'><strong>Sed</strong></span> 
     </span>
    </p>
   </div>
   <div class='ocr_carea' id='block_1_59' title="bbox 593 5630 3811 5720">
    <p class='ocr_par' dir='ltr' id='par_1_59' title="bbox 593 5630 3811 5720">
     <span class='ocr_line' id='line_1_59' title="bbox 593 5630 3811 5720; baseline -0.003 -17"><span class='ocrx_word' id='word_1_895' title='bbox 593 5654 682 5704; x_wconf 80' lang='lat' dir='ltr'><strong>est</strong></span> <span class='ocrx_word' id='word_1_896' title='bbox 700 5647 911 5712; x_wconf 89' lang='lat' dir='ltr'><strong>domus,</strong></span> <span class='ocrx_word' id='word_1_897' title='bbox 926 5646 1114 5703; x_wconf 90' lang='lat' dir='ltr'><strong>Simon</strong></span> <span class='ocrx_word' id='word_1_898' title='bbox 1139 5645 1459 5717; x_wconf 88' lang='lat' dir='ltr'><strong>appellatur.</strong></span> <span class='ocrx_word' id='word_1_899' title='bbox 1478 5640 1666 5702; x_wconf 72' lang='lat' dir='ltr'><strong>Sitnén</strong></span> <span class='ocrx_word' id='word_1_900' title='bbox 1687 5660 1921 5717; x_wconf 91' lang='lat' dir='ltr'><strong>namque</strong></span> <span class='ocrx_word' id='word_1_901' title='bbox 1934 5646 2176 5703; x_wconf 87' lang='lat' dir='ltr'><strong>obediens</strong></span> <span class='ocrx_word' id='word_1_902' title='bbox 2282 5647 2425 5717; x_wconf 92' lang='lat' dir='ltr'><strong>quod</strong></span> <span class='ocrx_word' id='word_1_903' title='bbox 2469 5647 2522 5702; x_wconf 92' lang='lat' dir='ltr'><strong>in</strong></span> <span class='ocrx_word' id='word_1_904' title='bbox 2552 5645 2814 5703; x_wconf 89' lang='lat' dir='ltr'><strong>Bethania</strong></span> <span class='ocrx_word' id='word_1_905' title='bbox 2857 5655 3065 5720; x_wconf 90' lang='lat' dir='ltr'><strong>gestum</strong></span> <span class='ocrx_word' id='word_1_906' title='bbox 3094 5662 3127 5701; x_wconf 89' lang='lat' dir='ltr'><strong>a</strong></span> <span class='ocrx_word' id='word_1_907' title='bbox 3157 5646 3328 5702; x_wconf 88' lang='lat' dir='ltr'><strong>tribus</strong></span> <span class='ocrx_word' id='word_1_908' title='bbox 3355 5630 3564 5718; x_wconf 77' lang='lat' dir='ltr'><strong>pariter</strong></span> <span class='ocrx_word' id='word_1_909' title='bbox 3587 5638 3811 5696; x_wconf 51' lang='lat' dir='ltr'><strong>narratus</strong></span> 
     </span>
    </p>
   </div>
   <div class='ocr_carea' id='block_1_60' title="bbox 580 5731 3814 5812">
    <p class='ocr_par' dir='ltr' id='par_1_60' title="bbox 580 5731 3814 5812">
     <span class='ocr_line' id='line_1_60' title="bbox 580 5731 3814 5812; baseline -0.002 -17"><span class='ocrx_word' id='word_1_910' title='bbox 580 5736 654 5795; x_wconf 75' lang='grc' dir='ltr'><strong>ὀι</strong></span> <span class='ocrx_word' id='word_1_911' title='bbox 682 5737 798 5811; x_wconf 86' lang='lat' dir='ltr'><strong>ipse</strong></span> <span class='ocrx_word' id='word_1_912' title='bbox 817 5740 1225 5812; x_wconf 85' lang='lat' dir='ltr'><strong>interpretatur,</strong></span> <span class='ocrx_word' id='word_1_913' title='bbox 1246 5738 1371 5810; x_wconf 90' lang='lat' dir='ltr'><strong>quia</strong></span> <span class='ocrx_word' id='word_1_914' title='bbox 1401 5740 1455 5794; x_wconf 91' lang='lat' dir='ltr'><strong>in</strong></span> <span class='ocrx_word' id='word_1_915' title='bbox 1485 5738 1645 5794; x_wconf 90' lang='lat' dir='ltr'><strong>domo</strong></span> <span class='ocrx_word' id='word_1_916' title='bbox 1669 5739 1989 5797; x_wconf 82' lang='lat' dir='ltr'><strong>obedientiae</strong></span> <span class='ocrx_word' id='word_1_917' title='bbox 2018 5754 2179 5796; x_wconf 88' lang='lat' dir='ltr'><strong>nemo</strong></span> <span class='ocrx_word' id='word_1_918' title='bbox 2281 5739 2485 5795; x_wconf 88' lang='lat' dir='ltr'><strong>Joanne</strong></span> <span class='ocrx_word' id='word_1_919' title='bbox 2520 5739 2747 5805; x_wconf 87' lang='lat' dir='ltr'><strong>scilicet,</strong></span> <span class='ocrx_word' id='word_1_920' title='bbox 2773 5749 2829 5795; x_wconf 92' lang='lat' dir='ltr'><strong>et</strong></span> <span class='ocrx_word' id='word_1_921' title='bbox 2871 5739 3142 5806; x_wconf 71' lang='lat' dir='ltr'><strong>Matthmo,</strong></span> <span class='ocrx_word' id='word_1_922' title='bbox 3178 5753 3235 5797; x_wconf 91' lang='lat' dir='ltr'><strong>et</strong></span> <span class='ocrx_word' id='word_1_923' title='bbox 3258 5738 3463 5803; x_wconf 73' lang='lat' dir='ltr'><strong>Marco,</strong></span> <span class='ocrx_word' id='word_1_924' title='bbox 3493 5737 3628 5793; x_wconf 89' lang='lat' dir='ltr'><strong>sicut</strong></span> <span class='ocrx_word' id='word_1_925' title='bbox 3666 5731 3814 5785; x_wconf 65' lang='lat' dir='ltr'><strong>b08105</strong></span> 
     </span>
    </p>
   </div>
   <div class='ocr_carea' id='block_1_61' title="bbox 598 5812 3813 5905">
    <p class='ocr_par' dir='ltr' id='par_1_61' title="bbox 598 5812 3813 5905">
     <span class='ocr_line' id='line_1_61' title="bbox 598 5812 3813 5905; baseline -0.001 -19"><span class='ocrx_word' id='word_1_926' title='bbox 598 5829 978 5889; x_wconf 77' lang='lat' dir='ltr'><strong>nisiobediens</strong></span> <span class='ocrx_word' id='word_1_927' title='bbox 999 5832 1159 5902; x_wconf 86' lang='lat' dir='ltr'><strong>digne</strong></span> <span class='ocrx_word' id='word_1_928' title='bbox 1179 5830 1456 5897; x_wconf 87' lang='lat' dir='ltr'><strong>inhabitat,</strong></span> <span class='ocrx_word' id='word_1_929' title='bbox 1477 5831 1532 5887; x_wconf 88' lang='lat' dir='ltr'><strong>in</strong></span> <span class='ocrx_word' id='word_1_930' title='bbox 1550 5827 1705 5900; x_wconf 87' lang='lat' dir='ltr'><strong>cujus</strong></span> <span class='ocrx_word' id='word_1_931' title='bbox 1723 5828 1885 5888; x_wconf 90' lang='lat' dir='ltr'><strong>domo</strong></span> <span class='ocrx_word' id='word_1_932' title='bbox 1905 5830 2178 5903; x_wconf 78' lang='lat' dir='ltr'><strong>benignis-</strong></span> <span class='ocrx_word' id='word_1_933' title='bbox 2282 5831 2641 5903; x_wconf 81' lang='lat' dir='ltr'><strong>Hieronymus</strong></span> <span class='ocrx_word' id='word_1_934' title='bbox 2687 5841 2735 5887; x_wconf 81' lang='lat' dir='ltr'><strong>et</strong></span> <span class='ocrx_word' id='word_1_935' title='bbox 2774 5831 3029 5901; x_wconf 65' lang='lat' dir='ltr'><strong>prazfatus</strong></span> <span class='ocrx_word' id='word_1_936' title='bbox 3072 5830 3331 5905; x_wconf 84' lang='lat' dir='ltr'><strong>Origenes</strong></span> <span class='ocrx_word' id='word_1_937' title='bbox 3372 5828 3626 5891; x_wconf 75' lang='lat' dir='ltr'><strong>sentiunt.</strong></span> <span class='ocrx_word' id='word_1_938' title='bbox 3653 5829 3743 5876; x_wconf 68' lang='lat' dir='ltr'><strong>non</strong></span> <span class='ocrx_word' id='word_1_939' title='bbox 3774 5812 3813 5865; x_wconf 65' lang='lat' dir='ltr'><strong>i&quot;</strong></span> 
     </span>
    </p>
   </div>
  </div>
