4016 6354
240 395 340 452 881

1021 384 1384 444 EXPOSITIO
1420 384 1487 442 IN
1529 382 1967 467 MATTHASUM.
2005 413 2078 428 —
2105 384 2231 443 LIB.
2268 384 2380 454 ΧΠ,
2418 384 2571 442 CAP.
2614 383 2805 442 XXVI.

3421 378 3529 436 882

239 505 426 570 semel,
454 505 524 560 ab
554 519 658 559 una
695 482 992 572 eademque
1032 510 1244 573 gestum
1272 508 1379 569 est,
1409 501 1505 557 sed
1534 516 1567 556 a
1604 498 1833 556 duabus.
1862 504 1918 565 Α
1939 501 2181 557 fractura
2213 502 2302 557 illa
2331 502 2396 557 de
2441 516 2543 572 qua
2578 500 2792 557 Marcus
2837 508 2945 555 tam
2986 498 3275 570 diligenter
3314 462 3528 563 narrat,

244 596 399 655 Unde
418 593 875 666 quemadmodum
897 591 1056 647 aliter
1071 591 1362 646 conveniat
1383 590 1835 647 considerandum

240 698 346 744 est.
375 686 517 756 Quia
556 687 608 741 in
637 683 843 742 Joanne
875 698 983 738 non
1018 683 1073 738 in
1121 682 1283 738 domo
1330 681 1568 739 Simonis
1602 697 1689 737 res
1717 690 1835 737 acta

241 786 521 843 narratur,
548 774 644 832 sed
674 783 904 838 tantum,
939 773 1064 843 quia
1117 770 1269 827 Venit
1298 771 1455 827 Iesus
1496 774 1551 829 in
1578 771 1839 827 Bethania

242 873 332 926 ubi
369 871 541 925 fuerat
586 867 828 923 Lazarus
852 877 1115 931 mortuus,
1146 881 1302 935 quem
1342 866 1611 921 suscitavit
1658 863 1839 919 Iesus.

247 960 512 1017 Fecerunt
554 970 729 1014 autem
767 960 834 1023 ei,
861 958 1057 1028 inquit,
1087 974 1288 1014 carnem
1324 957 1431 1024 ibi;
1475 966 1530 1011 et
1558 971 1664 1011 non
1709 956 1843 1011 dicit

245 1053 365 1121 ubi,
395 1052 501 1107 nisi
551 1060 610 1106 ut
645 1050 916 1120 intelligas
959 1049 1013 1104 in
1063 1048 1360 1115 Bethania;
1403 1062 1581 1119 neque
1623 1046 1745 1117 quis
1791 1044 1844 1100 ei

244 1142 455 1199 fecerat
472 1156 713 1206 caenam,
735 1141 840 1197 nisi
869 1148 1077 1195 tantum
1095 1140 1224 1212 quia
1251 1137 1465 1194 Martha
1488 1136 1840 1204 ministrabat,

245 1245 295 1291 et
345 1233 588 1289 Lazarus
618 1249 757 1288 unus
804 1241 914 1287 erat
945 1247 1012 1291 ea:
1048 1230 1490 1287 discumbentibus
1521 1228 1702 1300 (Joan.
1743 1243 1844 1294 xu,

247 1327 303 1391 l,
331 1324 411 1398 2),
442 1341 535 1381 seu
561 1334 789 1381 cratera.
818 1323 990 1381 Porro
1020 1323 1306 1379 Mattbzeus
1324 1332 1380 1377 et
1403 1322 1616 1377 Marcus
1647 1329 1757 1376 tam
1789 1320 1844 1375 in

246 1417 511 1471 Bethania
564 1432 726 1486 quam
775 1425 831 1473 et
867 1420 920 1474 in
967 1419 1127 1474 domo
1172 1416 1414 1473 Simonis
1457 1414 1697 1486 leprosi,
1725 1427 1846 1483 quae

248 1516 501 1573 narrant,
531 1519 688 1579 gesta
726 1504 895 1565 fuisse
933 1515 1384 1565 commemorant.
1429 1506 1579 1561 Unde
1608 1513 1703 1559 aut
1726 1504 1847 1559 duae

248 1599 491 1663 fuerunt.
523 1601 667 1658 sicut
707 1603 1004 1674 supradicti
1030 1602 1217 1658 volunt
1261 1600 1446 1655 eximii
1480 1605 1845 1663 tractatores;

250 1701 348 1750 aut
374 1691 422 1749 si
463 1709 626 1749 unam
652 1693 816 1749 fuisse
842 1692 1104 1756 volumus,
1129 1693 1259 1747 etin
1281 1690 1447 1747 semel
1475 1705 1586 1745 rem
1617 1698 1847 1761 gestam,

254 1798 315 1841 ut
363 1785 527 1842 Pater
581 1786 916 1857 Augustinus
969 1783 1144 1855 magis
1190 1783 1487 1838 arbitratus
1532 1789 1615 1837 est
1645 1821 1660 1847 ,
1715 1778 1847 1834 nihil

254 1879 403 1934 aliud
433 1879 739 1949 intelligere
763 1892 1053 1949 possumus
1074 1916 1091 1942 ,
1123 1876 1227 1931 nisi
1261 1875 1388 1946 quia
1419 1873 1608 1931 Simon
1652 1871 1742 1928 ille
1767 1872 1847 1927 le-

181 1959 190 1966 ’
252 1984 474 2041 prosus,
507 1976 561 2024 et
610 1969 729 2023 dum
777 1982 995 2023 sorores
1039 1966 1158 2022 ista:
1193 1981 1258 2021 ac
1307 1964 1547 2020 Lazarus
1592 1962 1847 2019 concives

255 2070 418 2116 erant
443 2068 502 2115 et
527 2058 710 2121 vicini,
743 2073 837 2114 seu
863 2057 1106 2128 contigui
1139 2056 1409 2120 domibus,
1443 2070 1508 2110 ac
1532 2052 1848 2110 familiaris-

257 2152 385 2208 simi
412 2149 569 2222 quasi
616 2149 673 2204 in
719 2148 882 2204 domo
915 2163 1020 2203 una
1052 2147 1432 2203 versabantur.
1485 2145 1639 2202 Unde
1666 2152 1723 2199 et
1764 2142 1848 2197 di-

260 2242 427 2307 citur,
449 2241 575 2311 quia
598 2241 831 2311 fecerunt
854 2240 902 2295 ei
923 2255 1125 2294 caenam
1146 2238 1241 2304 ibi,
1257 2246 1312 2293 et
1339 2253 1444 2293 non
1469 2236 1599 2292 feeit
1619 2235 1731 2301 ille,
1758 2244 1854 2290 aut

258 2337 373 2393 ille.
403 2335 472 2393 Ut
514 2334 807 2407 intelligas,
829 2334 956 2406 quia
987 2343 1097 2388 tam
1138 2347 1208 2388 ex
1248 2331 1570 2387 assiduitate
1599 2344 1719 2395 sua,
1756 2344 1852 2384 seu

260 2432 316 2484 in
346 2427 648 2493 vicinitate,
680 2441 782 2481 una
824 2434 944 2482 erat
988 2425 1181 2480 domus
1209 2423 1450 2487 illorum,
1476 2437 1639 2492 quam
1684 2427 1740 2475 et
1785 2433 1853 2474 ex

256 2516 698 2588 frequentatione
744 2513 1066 2580 Salvatoris,
1097 2513 1190 2584 qui
1232 2520 1289 2568 et
1330 2511 1607 2566 Simonem
1647 2525 1678 2564 a
1707 2508 1856 2579 lepra

258 2625 360 2666 sua
392 2618 635 2674 curarat,
664 2616 718 2663 et
738 2605 1004 2663 Lazarum
1039 2606 1091 2661 iu
1115 2620 1179 2661 ea
1208 2605 1369 2660 domo
1394 2612 1669 2659 mortuum
1702 2610 1860 2657 resu-

261 2701 583 2765 scitaverat,
608 2708 666 2755 et
709 2693 891 2753 Mariae
919 2696 1215 2770 peccatrici
1244 2703 1468 2766 peccata
1500 2692 1685 2758 multa,
1733 2692 1859 2765 quia
1901 2736 1904 2740 λ

261 2790 453 2846 dilexit
508 2788 729 2843 multum
776 2786 929 2860 (Luc.
980 2802 1078 2853 vn,
1125 2786 1252 2857 47),
1284 2785 1597 2841 indulserat.
1652 2781 1860 2851 Quibus

261 2897 334 2937 ex
367 2880 550 2937 causis
566 2878 849 2935 informari
874 2894 974 2934 nos
998 2885 1215 2949 oportet
1232 2892 1395 2932 unam
1418 2876 1588 2931 fuisse
1608 2873 1857 2939 Mariam,

262 2989 391 3045 quas
417 2983 474 3029 et
514 2974 676 3044 pedes
701 2972 914 3028 Domini
940 2969 1054 3040 jam
1083 2985 1246 3041 supra
1276 2978 1527 3035 unxcrat,
1558 2976 1614 3022 et
1650 2968 1861 3022 laverat

264 3064 550 3137 lacrymis,
574 3079 638 3120 ac
668 3062 879 3134 capillis
907 3063 1020 3118 suis
1049 3063 1369 3124 deterserat,
1406 3058 1622 3131 1082
1655 3068 1710 3115 et
1738 3072 1861 3129 qua:

264 3172 419 3212 nunc
460 3165 569 3210 tam
599 3155 764 3226 pedes
789 3154 1009 3209 unxisse
1052 3153 1347 3209 secundum
1376 3149 1664 3216 Joannem,
1694 3165 1859 3221 quam

214 3276 225 3285 -
252 3232 327 3304 et
365 3256 530 3319 caput
558 3225 859 3319 perfodisse
879 3246 1076 3301 dicitur
1098 3245 1253 3317 juxta
1284 3243 1592 3299 Matthamm
1619 3251 1675 3298 et
1714 3241 1860 3297 Mar-
1887 3225 1934 3291 C

269 3356 422 3396 cum.
456 3339 699 3407 Quorum
747 3336 992 3392 narratio
1024 3335 1151 3391 licet
1193 3335 1411 3389 diversa
1456 3334 1726 3393 videatur.
1753 3347 1862 3387 non

270 3445 405 3491 sunt
455 3433 711 3491 contrarii
759 3432 863 3488 sibi
905 3428 1366 3502 evangelistasﬁn
1412 3443 1518 3482 una
1566 3426 1865 3496 eademque

274 3512 509 3582 muliere
550 3527 764 3582 diversa
808 3532 1118 3580 narrantes.
1170 3522 1324 3591 Quod
1369 3530 1423 3578 et
1449 3536 1517 3577 ex
1548 3520 1635 3575 illa
1681 3519 1867 3591 regula

279 3617 582 3671 ostenditur
628 3631 735 3671 non
778 3630 900 3672 esse
928 3615 1283 3680 contrarium,
1313 3627 1422 3684 qua
1465 3627 1607 3682 sape
1638 3610 1697 3665 lit
1723 3610 1868 3680 quod

281 3722 428 3762 unus
452 3716 659 3778 partem
706 3723 804 3778 pro
839 3715 954 3763 toto
981 3715 1167 3776 ponat,
1194 3705 1335 3761 alter
1374 3719 1505 3760 vero
1530 3702 1784 3774 explicat,
1812 3708 1868 3757 et

279 3810 456 3854 latum
500 3799 633 3854 dicit
680 3799 824 3871 quod
852 3807 1065 3870 gestum
1092 3806 1194 3861 est,
1228 3795 1313 3850 vel
1357 3797 1501 3866 quod
1531 3795 1754 3851 dictum.
1781 3794 1867 3849 [n-

277 3890 495 3946 terdum
522 3890 684 3945 etiam
713 3906 853 3947 unus
874 3905 1064 3946 eorum
1095 3903 1259 3944 unam
1301 3895 1695 3943 commemorat
1739 3886 1869 3942 facti
1918 3903 1925 3912 ι

275 3992 515 4055 partem,
547 3981 685 4038 alter
707 3999 840 4040 vero
885 3981 1079 4049 aliam;
1115 3982 1301 4052 sicque
1327 3980 1389 4036 llt
1418 3989 1479 4036 ut
1508 3981 1671 4036 simul
1708 3981 1868 4037 ambo

224 4076 225 4079 “
279 4092 452 4132 unum
480 4087 540 4133 et
571 4092 758 4133 verum
784 4077 986 4134 dicant.
1034 4075 1106 4132 Ut
1140 4084 1271 4147 puta
1292 4116 1308 4141 ,
1350 4090 1476 4131 cum
1529 4076 1595 4131 de
1620 4074 1865 4146 quinque

276 4168 517 4238 panibus
552 4176 840 4223 narrarent
861 4165 973 4237 jam
1003 4181 1189 4238 supra,
1215 4166 1307 4221 ubi
1333 4181 1473 4222 unus
1498 4180 1687 4222 eorum
1713 4166 1871 4235 quin-

277 4273 563 4336 quagenos
602 4266 658 4314 et
685 4269 945 4315 centenos
982 4256 1322 4314 discubuisse
1367 4257 1525 4322 dixit,
1572 4257 1712 4313 alter
1738 4270 1871 4313 vero

279 4353 627 4411 solummodo
651 4352 1133 4426 quinquagenos;
1180 4360 1236 4408 et
1272 4359 1453 4409 tamen
1494 4351 1630 4407 nihil
1675 4351 1870 4407 horum

279 4453 466 4518 potest
514 4445 685 4501 videri
740 4446 1099 4511 contrarium,
1139 4445 1282 4501 sicut
1325 4458 1430 4501 nec
1474 4443 1584 4499 hic.
1638 4443 1872 4499 Proinde

280 4553 398 4593 non
426 4536 599 4593 solum
647 4540 814 4612 pedes
853 4541 1074 4596 unxisse
1096 4538 1330 4606 Domini,
1355 4540 1498 4595 hanc
1528 4528 1691 4593 uuam
1717 4551 1871 4594 eam-

282 4628 521 4699 demque
563 4627 788 4685 Mariam
824 4631 926 4686 hoc
965 4631 1021 4685 in
1065 4630 1184 4686 loco
1227 4631 1442 4694 iterum,
1474 4645 1665 4686 verum
1707 4629 1872 4684 etiam

281 4736 434 4777 nunc
455 4729 511 4777 et
541 4731 730 4794 caput;
763 4732 857 4778 aut
884 4721 1023 4780 forte
1050 4723 1202 4795 prius
1224 4731 1403 4794 caput,
1434 4721 1631 4778 deinde
1660 4720 1824 4793 pedes
1855 4737 1869 4775 :

279 4814 393 4870 nisi
438 4814 564 4884 quia
615 4813 828 4873 Marcus
873 4817 1047 4872 l’racto
1084 4815 1355 4871 alabastro
1393 4813 1671 4887 perfusum
1712 4821 1871 4885 caput

282 4892 505 4960 narrat:
526 4904 691 4962 Forte
720 4906 915 4979 aliquis
945 4916 1054 4962 tam
1092 4907 1325 4961 infestus
1348 4906 1708 4961 calumniator
1748 4904 1874 4971 erit,

279 5005 347 5053 ut
376 5006 544 5068 neget
568 4997 701 5053 nihil
729 4999 1055 5054 remansisse
1086 4999 1140 5053 in
1176 5012 1304 5053 vase
1334 4997 1529 5062 fracto,
1552 5011 1719 5068 agens
1750 5011 1880 5051 con-

283 5102 376 5146 tra
399 5091 687 5147 veritatem
711 5090 1011 5160 Evangelii.
1042 5089 1149 5147 Sed
1168 5082 1371 5147 melius
1403 5106 1467 5146 ac
1509 5089 1817 5161 religiosius
1846 5103 1877 5143 e

283 5190 487 5240 contra
539 5183 817 5239 contendit
861 5183 1001 5239 alius
1025 5221 1042 5250 ,
1071 5198 1179 5238 non
1209 5181 1377 5238 fuisse
1417 5182 1490 5237 ita
1538 5180 1792 5246 fractum,
1820 5187 1881 5234 ut

285 5283 465 5330 totum
492 5272 769 5341 ell‘uderit,
791 5275 970 5331 nitens
994 5289 1094 5346 pro
1119 5275 1352 5329 veritate
1378 5273 1676 5344 Evangelii.
1727 5271 1882 5340 Quod

286 5367 336 5422 si
365 5365 658 5423 adhucille
679 5374 785 5421 tarn
808 5381 984 5423 caecus
1014 5367 1318 5439 perstiterit
1339 5365 1425 5421 vel
1452 5377 1562 5420 tam
1590 5366 1885 5419 vehemens

288 5458 645 5530 impugnator
663 5455 932 5524 veritatis,
952 5468 1013 5513 ut
1037 5457 1494 5529 evangelistarum
1511 5456 1855 5531 concordiam
1868 5494 1884 5520 ,

288 5558 521 5621 propter
566 5548 671 5605 hoc
718 5549 1046 5606 alabastrum
1072 5546 1353 5615 ,‘voluerit
1396 5548 1708 5604 rescindere
1733 5547 1885 5616 prius

292 5641 550 5696 ordinate
572 5630 708 5696 satis
734 5642 989 5713 accipiat,
1001 5637 1250 5712 perfusus
1277 5641 1676 5712 velperuuctos
1696 5637 1883 5710 pedes,

290 5739 592 5804 antequam
637 5731 769 5789 illud
816 5732 1196 5805 frangeretur,
1228 5742 1288 5790 ut
1333 5732 1389 5791 in
1432 5732 1642 5803 integro
1698 5745 1888 5802 super—

268 5825 467 5903 fuerit
510 5813 724 5884 abunde
764 5826 897 5884 satis
925 5826 1065 5885 unde
1104 5836 1265 5900 caput
1292 5824 1671 5899 perfunderet;
1710 5824 1787 5882 ita
1827 5833 1888 5881 ut

1943 603 2114 651 totum
2158 592 2640 667 superefl‘underet,
2664 593 2742 648 in'
2763 601 2970 648 tantum
2998 600 3060 646 ut
3084 598 3196 647 tota
3224 590 3416 645 domus
3442 584 3532 644 illa

1944 685 2247 758 repleretur
2298 702 2362 740 ea:
2411 684 2570 740 odore
2613 683 2863 754 unguenti
2904 680 3088 753 (Joan.
3141 694 3257 745 xu,
3288 678 3369 750 5).
3420 676 3532 734 Nec

1944 778 2110 849 igitur
2154 778 2270 833 sine
2312 792 2475 832 causa
2523 775 2855 848 evangelista
2901 774 3006 830 hoc
3045 773 3246 829 factum
3288 774 3532 829 comme-

1944 877 2143 934 morat,
2175 884 2360 923 verum
2394 868 2519 938 quia
2547 884 2644 939 per
2689 868 2831 922 hanc
2877 864 3162 921 mulierem
3205 863 3384 919 omnis
3433 862 3536 919 Ec-

1947 959 2110 1015 clesia
2143 959 2345 1015 Christi
2379 959 2711 1031 designatur,
2739 973 2860 1029 quas
2888 957 3057 1013 multa
3083 969 3150 1012 ex
3178 956 3324 1013 dono
3346 946 3537 1028 gratiae

1946 1067 2131 1108 secum
2180 1050 2286 1107 fert
2321 1058 2596 1123 unguenta
2644 1049 2772 1105 boni
2821 1048 3027 1110 odoris,
3059 1062 3180 1117 qum
3220 1044 3467 1117 percepit
3506 1058 3539 1099 a

1946 1140 2195 1207 Domino,
2225 1140 2280 1195 in
2310 1141 2509 1211 quibus
2532 1139 2827 1212 plurimum
2865 1138 3170 1194 delectatur
3197 1144 3254 1192 et
3284 1136 3535 1205 frequen-

1946 1238 2053 1295 ter,
2085 1241 2143 1286 ut
2184 1240 2514 1303 unguentum
2555 1230 2697 1301 quod
2744 1220 3022 1286 descendit
3062 1244 3093 1284 a
3139 1228 3317 1300 capite
3339 1241 3533 1299 super-

1947 1320 2177 1378 ell'usum
2219 1324 2273 1379 in
2324 1325 2590 1388 membra,
2619 1322 2761 1380 forte
2807 1337 2981 1394 usque
3026 1322 3094 1379 ad
3138 1325 3326 1394 pedes,
3352 1336 3543 1376 rursus

1949 1428 1980 1467 a
2009 1414 2237 1484 pedibus
2278 1416 2530 1471 ordinate
2555 1415 2690 1470 satis
2722 1400 3042 1470 retundatur
3073 1414 3140 1470 ad
3170 1423 3353 1485 caput.
3399 1411 3546 1480 Quo-

1949 1506 2096 1562 niam
2141 1522 2208 1561 ex
2239 1507 2380 1576 ipso,
2407 1515 2461 1563 et
2489 1520 2587 1577 per
2616 1507 2791 1577 ipsum
2815 1507 2882 1561 ad
2908 1521 3009 1561 nos
3035 1520 3231 1576 usque,
3259 1504 3350 1575 qui
3379 1502 3544 1574 pedes

1949 1615 2164 1666 sumus,
2204 1601 2384 1656 omnis
2423 1600 2607 1656 unctio
2633 1599 2801 1655 venit.
2834 1598 3010 1654 liabet
3055 1598 3199 1654 enim
3228 1596 3385 1653 Jesus
3419 1596 3545 1667 plu-

1952 1691 2088 1746 rima
2110 1700 2166 1746 ct
2195 1693 2590 1763 pretiosissima
2613 1701 2906 1762 unguenta,
2934 1691 3077 1747 unde
3105 1706 3305 1763 sponsa
3327 1690 3475 1747 canit
3492 1690 3545 1743 in

1954 1779 2196 1836 Canticis
2224 1796 2425 1851 sponso
2457 1796 2555 1838 suo
2586 1781 2847 1838 Domino:
2880 1781 2949 1836 In
2974 1770 3132 1836 odore
3164 1790 3548 1852 unguentorum

1875 1868 1925 1930 Β
1953 1883 2165 1928 tuorum
2208 1874 2504 1941 currimus,
2545 1875 2665 1929 ideo
2711 1874 3114 1930 adolescentula:
3155 1874 3452 1929 dilexerunt
3501 1879 3551 1925 te

1954 1967 2108 2021 nimis
2133 1965 2310 2036 (Cant.
2337 1983 2375 2032 ι,
2395 1966 2475 2039 4).
2510 1965 2618 2023 Sed
2639 1968 2765 2037 quia
2791 1967 2948 2022 multi
2979 1976 3294 2023 sanctorum
3322 1954 3550 2037 propter

1955 2056 2097 2113 hanc
2125 2054 2443 2113 ellusionem
2487 2057 2869 2129 pretiosissimi
2911 2057 3170 2129 unguenti
3213 2057 3272 2113 in
3311 2044 3546 2125 corpora

1956 2164 2054 2205 sua
2105 2159 2338 2206 mortem
2392 2167 2491 2222 pro
2537 2151 2766 2207 Domino
2810 2150 3190 2217 tradiderunt,
3232 2147 3357 2218 jure
3409 2137 3552 2202 unus

1957 2242 2410 2314 evangelistarum
2440 2242 2506 2298 de
2529 2242 2707 2299 fracto
2737 2243 3014 2299 alabastro
3036 2242 3368 2299 mentionem
3394 2237 3552 2305 facit,

1956 2334 2099 2404 quod
2148 2333 2238 2388 alii
2271 2343 2577 2390 tacuerunt.
2628 2334 2765 2402 Quia
2813 2334 3027 2406 1083
3068 2335 3172 2391 etsi
3214 2348 3404 2390 omnes
3448 2348 3554 2387 un-

1958 2425 2196 2483 ctionem
2218 2425 2425 2493 gratiae,
2450 2433 2505 2480 et
2531 2422 2849 2479 effusionem
2885 2424 3171 2496 unguenti,
3196 2431 3253 2478 et
3277 2421 3549 2477 actionem

1960 2513 2086 2568 boni
2135 2513 2320 2570 odoris
2364 2514 2433 2569 ad
2461 2513 2740 2570 Christum
2796 2513 3053 2580 retulere,
3088 2514 3325 2569 maxime
3371 2522 3553 2567 tamen

1962 2612 2251 2676 martyres,
2293 2619 2523 2674 quorum
2558 2619 2788 2676 corpora
2813 2620 2911 2675 pro
2957 2603 3175 2661 Christo
3221 2603 3393 2658 fracta
3424 2610 3554 2658 sunt

1963 2705 2018 2752 et
2048 2696 2233 2751 attrita
2260 2696 2318 2751 in
2348 2704 2613 2763 mortem;
2645 2697 2843 2768 quibus
2866 2696 3165 2767 peremptis
3195 2702 3306 2750 tota
3339 2693 3548 2765 repleta

1964 2795 2050 2843 est
2074 2787 2317 2843 Ecclesia
2337 2802 2405 2842 ex
2424 2788 2592 2844 odore
2615 2787 2852 2843 nominis
2875 2786 3109 2853 Christi;
3136 2786 3283 2858 quod
3309 2800 3553 2857 unguen-

1966 2887 2079 2933 tum
2121 2876 2374 2946 ell‘usum,
2402 2888 2466 2934 ut
2506 2879 2638 2946 dixi,
2669 2880 2723 2935 in
2772 2878 3013 2935 Canticis
3046 2878 3172 2948 jure
3209 2885 3456 2935 vocatur.
3489 2876 3559 2933 Et

1964 2971 2087 3027 ideo
2116 2971 2221 3027 hoc
2248 2971 2369 3028 loco
2402 2973 2700 3042 pretiosum
2729 2987 2848 3028 esse
2883 2972 3112 3038 dicitur;
3144 2988 3244 3044 pro
3271 2987 3379 3042 quo
3415 2969 3556 3025 iudi-

1966 3065 2115 3136 gnati
2159 3073 2284 3121 sunt
2335 3065 2584 3135 discipuli
2623 3072 2679 3121 et
2727 3065 3037 3131 doluerunt,
3070 3064 3311 3119 maxime
3358 3060 3551 3128 Judas,

1966 3169 2138 3226 quare
2169 3155 2273 3212 hoc
2295 3165 2629 3228 unguentum
2653 3171 2761 3211 non
2784 3164 2868 3211 est
2893 3155 3259 3212 venundatum
3291 3144 3554 3209 treCentis

1965 3251 2243 3319 denariis,
2287 3262 2348 3307 ut
2400 3253 2623 3309 daretur
2672 3252 3021 3323 pauperibus.
3074 3248 3238 3305 Forte
3283 3246 3559 3318 discipuli,

1966 3345 2095 3416 quia
2136 3343 2365 3399 necdum
2412 3344 2783 3414 intelligebant
2824 3349 3165 3398 sacramenta
3214 3339 3341 3404 Dei;
3391 3337 3561 3395 Judas

1967 3444 2172 3497 autem,
2203 3433 2331 3502 quia
2354 3431 2442 3487 fur
2471 3441 2592 3488 erat
2624 3440 2679 3486 et
2708 3431 2868 3486 latro.
2918 3430 3173 3501 Alioquin
3216 3437 3557 3498 unguentum

1967 3525 2110 3596 quod
2134 3525 2454 3581 decurrebat
2489 3540 2518 3578 a
2543 3525 2720 3595 capite
2746 3523 2947 3580 Christi
2980 3536 3152 3593 usque
3172 3521 3240 3576 ad
3280 3519 3553 3590 reliquum

1967 3633 2181 3688 corpus,
2209 3616 2339 3688 quid
2366 3617 2577 3673 decoris
2604 3615 2689 3672 vel
2715 3614 3015 3671 honestatis
3037 3612 3274 3669 habebat
3300 3620 3362 3667 ut
3386 3612 3555 3667 ell'un-

1969 3712 2189 3768 deretur
2217 3726 2380 3782 super
2425 3720 2590 3781 caput
2634 3708 2771 3763 tanti
2821 3706 3092 3779 magistri,
3125 3704 3228 3760 nisi
3264 3718 3353 3759 res
3397 3710 3553 3771 gesta

1967 3819 2223 3877 magnum
2266 3804 2579 3860 ostenderet
2620 3798 3061 3857 sacramentum?
3112 3797 3265 3853 Unde
3308 3796 3411 3851 etsi
3458 3808 3558 3865 po-

1970 3904 2113 3951 terat
2160 3892 2462 3949 venundari
2495 3891 2665 3948 multo
2714 3890 2889 3962 pretio
2938 3889 3166 3960 darique
3202 3884 3557 3959 pauperibus,

1970 3995 2151 4041 tamen
2196 4000 2303 4039 non
2349 3984 2638 4054 oportebat
2673 3982 2824 4049 ﬁeri;
2853 3981 2980 4051 quia
3012 3980 3185 4050 magis
3231 3976 3560 4035 conveniens

1970 4087 2088 4134 erat
2132 4085 2194 4133 ut
2239 4091 2402 4149 super
2428 4086 2592 4147 caput
2619 4074 2821 4132 Christi
2868 4073 3259 4139 effunderetur,
3285 4078 3475 4128 sancta
3507 4078 3563 4124 et

1973 4168 2278 4226 admirabili
2329 4168 2612 4225 eil‘usioue.
2665 4166 2783 4224 Non
2826 4168 2975 4223 enim
3041 4174 3161 4223 erat
3224 4171 3561 4237 unguentum

1971 4263 2102 4319 illud
2124 4278 2442 4334 pauperum,
2470 4277 2573 4318 nec
2597 4260 2925 4317 conveniens
2958 4268 3019 4316 ut
3048 4258 3383 4316 divideretur
3415 4256 3562 4311 inter

1975 4354 2173 4409 multos
2200 4371 2214 4420 ;
2261 4353 2355 4409 sed
2385 4361 2447 4408 ut
2478 4352 2748 4424 integrum
2780 4366 2847 4408 ac
2890 4350 3348 4422 pretiosissimum
3375 4346 3566 4403 funde-

1976 4453 2150 4512 retur,
2181 4444 2371 4509 etiam,
2402 4443 2573 4514 fracto
2620 4442 2891 4499 alabastro
2933 4443 3129 4515 (Marc.
3165 4457 3282 4509 nv,
3312 4440 3390 4513 3),
3440 4448 3565 4495 tan-

1978 4535 2258 4593 tummodo
2285 4549 2450 4606 super
2489 4535 2672 4606 capnt‘
2696 4533 2843 4590 Jesu.
2896 4534 3126 4606 Propter
3162 4532 3327 4605 quod,
3351 4541 3407 4589 et
3451 4540 3562 4587 tam

1978 4628 2299 4698 prudentem
2369 4624 2611 4680 mulieris
2676 4633 2956 4695 gratanter
3020 4623 3257 4694 suscepit
3317 4619 3567 4677 effectum

1976 4715 2155 4779 Jesus,
2180 4724 2235 4771 et
2271 4713 2674 4785 indignantibus
2714 4714 2992 4786 discipulis
3031 4713 3160 4769 dicit
3194 4730 3207 4767 :
3241 4710 3420 4797 Sinim
3439 4726 3561 4767 eam

1976 4817 2031 4863 et
2060 4807 2227 4863 nolite
2253 4807 2302 4861 ei
2334 4805 2549 4862 molesti
2586 4820 2729 4874 esse,
2762 4806 3019 4877 quoniam
3051 4803 3195 4876 Opus
3229 4803 3422 4860 bonum
3446 4819 3570 4873 ope-

1981 4910 2099 4956 rata
2130 4909 2206 4955 est
2249 4899 2304 4953 in
2335 4915 2433 4953 me.
2468 4898 2652 4969 Usque
2693 4899 2831 4955 adeo
2857 4907 2943 4955 est
2978 4912 3111 4968 ergo
3141 4893 3330 4953 efﬁcax
3364 4892 3570 4966 hujus-

1982 4992 2128 5048 modi
2172 4992 2415 5061 operatio
2454 5000 2510 5047 et
2554 4991 2673 5047 laus
2700 5000 2810 5047 tam
2859 4989 2987 5047 boni
3031 4988 3232 5060 operis,
3260 4995 3318 5042 ut
3366 4987 3571 5042 exhor-

1982 5096 2163 5144 tentur
2193 5101 2384 5142 omnes
2430 5085 2523 5141 tali
2570 5094 2827 5157 tantoque
2856 5082 3124 5154 exemplo,
3154 5091 3211 5137 et
3246 5079 3574 5152 praedicetur

1983 5180 2093 5234 lucc
2151 5177 2340 5232 mulier
2387 5178 2576 5250 ubique
2618 5195 2712 5249 per
2751 5177 2924 5233 orbem
2970 5185 3234 5232 terrarum
3276 5174 3574 5244 ubicunque

1985 5271 2332 5343 praedicatum
2358 5268 2521 5325 fuerit
2560 5263 2935 5345 Evangelium,
2959 5277 3013 5325 et
3046 5267 3191 5339 quod
3219 5268 3336 5323 haec
3362 5265 3491 5322 fecit
3516 5265 3574 5319 in
3626 5254 3635 5263 ³

1987 5362 2305 5418 memoriam
2333 5361 2557 5417 Christi.
2586 5361 2734 5417 Alias
2758 5370 2937 5416 autem
2961 5361 3053 5432 qui
3079 5360 3235 5430 juxta
3273 5357 3571 5428 simplicem

1990 5453 2398 5523 intelligentiam
2441 5451 2628 5507 volunt
2656 5452 2759 5508 hoc
2788 5452 2989 5508 factum
3019 5452 3267 5523 accipere
3307 5448 3572 5513 mulieris,

1971 5536 2173 5605 dicant
2198 5530 2303 5603 hoc
2330 5544 2556 5602 ellusum
2582 5553 2917 5617 unguentum
2946 5560 3113 5617 super
3133 5552 3295 5616 caput
3312 5540 3439 5599 Jesu
3464 5549 3574 5595 tam

1988 5639 2332 5695 laudabiliter
2361 5638 2489 5710 quid
2514 5638 2765 5695 utilitatis
2794 5639 3071 5706 habuerit,
3095 5638 3183 5694 vel
3223 5630 3441 5710 qualem
3476 5635 3574 5690 ha-

1990 5734 2116 5789 beat
2137 5731 2292 5802 juxta
2315 5739 2520 5788 textum
2547 5720 2879 5788 narrationis
2889 5728 3187 5803 profectum
3211 5738 3269 5787 et
3288 5728 3572 5791 decorem;

1993 5824 2097 5881 nisi
2128 5823 2257 5894 quia
2284 5822 2340 5880 in
2368 5823 2626 5897 mysterio
2651 5821 2855 5883 bonum
2884 5836 3020 5895 opus
3041 5820 3191 5889 fecit,
3216 5828 3271 5879 et
3300 5820 3356 5876 in
3386 5811 3575 5875 sacra-
