4016 6354
1363 390 1420 446 8.
1457 387 1812 446 PASCHASII
1851 387 2197 444 RADBERTI
2237 383 2526 441 ABBATIS
2561 382 3010 462 CORBEIENSIS
3653 399 3732 456 sat

566 513 748 560 mento
777 501 932 572 hujus
964 501 1092 557 facti
1121 503 1336 558 devotio
1363 501 1532 557 multa
1563 502 1949 574 praetiguravit.
1989 474 2144 556 Unde
2173 499 2225 562 Α
2252 496 2417 552 Verbi
2439 512 2567 552 caro
2596 498 2663 553 ad
2713 496 3082 570 sepeliendum
3119 506 3350 572 paratur.
3393 501 3495 574 Ipse
3534 505 3664 578 igitur
3694 521 3734 568 ει

565 604 620 652 et
643 593 814 652 dixit:
852 593 989 660 Quia
1016 611 1268 666 pauperes
1297 610 1499 663 semper
1523 593 1722 647 habetis
1753 593 2037 656 vobiscum,
2069 607 2150 644 me

566 695 738 739 autem
770 701 872 738 non
897 701 1101 756 semper
1129 685 1401 739 habebitis.
1435 683 1510 740 Ac
1541 684 1584 739 si
1616 685 1840 748 diceret,
1877 682 2151 752 Pauperes

566 791 779 847 semper
807 777 1075 836 habebitis
1109 777 1161 831 in
1201 777 1398 848 quibus
1444 791 1607 846 opera
1641 775 2023 830 misericordiae
2057 789 2151 828 ex-

564 868 816 933 hibeatis,
845 884 930 923 me
959 878 1142 923 autem
1171 868 1531 937 corporaliter
1562 883 1668 922 non
1708 883 1919 937 semper
1949 865 2149 920 habere

565 961 809 1030 potestis,
843 969 899 1013 et
921 961 1040 1015 ideo
1071 960 1238 1015 semel
1269 962 1534 1031 agendum
1561 969 1643 1013 est
1673 959 1726 1013 iu
1759 974 1866 1024 me,
1898 975 2004 1028 quo
2034 967 2146 1012 tota

567 1051 758 1105 domus
793 1051 1066 1122 repleatur
1118 1067 1182 1106 ex
1237 1052 1404 1106 odore
1447 1052 1571 1106 boui
1619 1051 1822 1115 odoris,
1871 1061 1926 1106 et
1969 1051 2149 1104 omnia

569 1141 765 1210 capitis
807 1153 1215 1214 perunguantur
1253 1142 1469 1215 1m
1507 1144 1768 1197 membra.
1821 1142 1955 1209 Quia
1986 1143 2086 1196 nisi
2119 1157 2150 1195 a

567 1233 745 1304 capite
773 1242 1106 1302 unguentum
1157 1234 1258 1288 hoc
1302 1235 1607 1300 deﬂuxerit,
1645 1233 1777 1288 nihil
1833 1235 1886 1288 in
1924 1248 2151 1301 corpore

565 1328 823 1399 prodesse
851 1335 1045 1397 potest.
1075 1325 1131 1382 Si
1158 1335 1336 1384 autern
1352 1328 1532 1382 omnia
1556 1342 1891 1398 qua‘cunque
1913 1327 2152 1396 gerimus

565 1417 631 1471 ad
663 1416 875 1470 laudem
905 1415 998 1472 Dei
1017 1416 1325 1487 proficiunt,
1341 1428 1395 1472 et
1417 1419 1484 1472 ad
1511 1417 1710 1472 Christi
1741 1418 1962 1488 gloriam
1987 1417 2151 1487 quod-

563 1509 693 1566 libet
713 1526 849 1582 opns
871 1510 1123 1576 refertur,
1146 1521 1274 1567 tunc
1301 1521 1576 1583 unguento
1601 1512 1836 1582 pretioso
1859 1513 2150 1581 unguimus

563 1616 723 1677 caput
757 1607 977 1673 Christi,
1005 1617 1060 1663 et
1099 1608 1296 1663 exinde
1325 1624 1421 1678 per
1449 1617 1618 1662 totum
1657 1621 1856 1678 corpus
1903 1607 2019 1676 ejus
2047 1647 2060 1670 ,
2098 1607 2149 1660 id

561 1705 644 1752 est
681 1713 776 1768 per
814 1707 980 1754 totam
1019 1699 1257 1756 decurrit
1300 1699 1597 1754 Eeclesiam
1626 1739 1640 1764 ,
1679 1707 1731 1753 et
1777 1700 1881 1754 hoc
1925 1707 2009 1752 est
2053 1713 2150 1751 un-

563 1800 820 1860 guentum
873 1791 1032 1846 valde
1091 1791 1430 1861 pretiosum,
1480 1806 1546 1845 ex
1608 1786 1762 1857 cujus
1822 1790 1989 1844 odore
2039 1797 2148 1842 tota

565 1881 804 1952 repletur
833 1884 1272 1949 domus,scilicet
1304 1883 1543 1940 Ecclesia
1577 1883 1690 1938 Dei.
1718 1883 1795 1937 Ex
1827 1884 1930 1938 hoc
1951 1884 2148 1954 quippe

567 1973 684 2028 loco
726 1976 944 2048 quidam
995 1976 1300 2030 calumnias
1330 1983 1568 2039 movent,
1601 1989 1769 2046 quare
1798 1990 1934 2028 unus
1981 1989 2144 2027 evan-

563 2063 874 2134 gelistarum
929 2067 1104 2120 solum
1155 2066 1347 2122 ludam
1392 2068 1591 2122 dixerit
1633 2068 2037 2131 contristatum,
2085 2081 2149 2120 eo

565 2155 708 2225 quod
736 2156 938 2213 loculos
963 2158 1235 2223 habuerit,
1259 2169 1316 2214 et
1342 2159 1429 2213 l'ur
1449 2159 1518 2213 ah
1547 2159 1700 2215 initio
1729 2159 1913 2223 fuerit,
1935 2167 2148 2212 etnnnc

565 2246 849 2303 Mattbmus
894 2251 1083 2305 scribit
1108 2266 1297 2307 omnes
1320 2252 1629 2322 indignatos
1659 2251 1824 2307 fuisse
1850 2250 2143 2323 apostolos,

563 2341 864 2397 nescientes
894 2354 1106 2413 tmpum
1143 2345 1232 2416 qui
1263 2353 1486 2399 vocatur
1521 2345 1838 2416 synelepsis,
1871 2343 1958 2396 ubi
2007 2358 2146 2396 unus

559 2445 658 2501 pro
711 2432 894 2488 multis
939 2433 1177 2498 dicitur,
1215 2433 1298 2488 vel
1343 2433 1496 2490 multi
1547 2450 1644 2504 pro
1685 2449 1810 2487 uno.
1857 2433 2043 2487 Potest
2091 2444 2145 2487 et

560 2520 721 2578 aliter
762 2523 868 2582 dici
895 2566 914 2594 ,
953 2526 1096 2596 quod
1137 2525 1376 2596 Apostoli
1427 2542 1553 2581 vere
1601 2527 1909 2580 nescientes
1970 2525 2145 2579 adhuc

557 2625 895 2673 sacramenta
945 2619 1062 2683 Dei,
1110 2629 1333 2692 propter
1372 2636 1637 2692 pauperes
1686 2620 1944 2689 indignati
1996 2629 2142 2684 sunt,

554 2705 723 2765 ludas
774 2719 955 2766 autem
1005 2712 1345 2768 solummodo
1384 2722 1607 2784 pr0pter
1667 2711 1835 2768 lucra.
1889 2711 2041 2768 Unde
2087 2723 2143 2768 et

557 2801 865 2856 mussitatio
885 2801 1002 2872 ejus
1038 2805 1106 2856 ah
1135 2804 1467 2874 evangelista
1495 2820 1617 2858 cum
1645 2803 1874 2860 crimine
1897 2805 2139 2874 ponitur,

559 2895 699 2964 quod
741 2911 846 2949 non
899 2910 1084 2950 curam
1125 2913 1421 2970 pauperum
1467 2898 1736 2965 habuerit,
1760 2898 1854 2952 sed
1878 2897 2003 2968 quia
2053 2896 2142 2965 fur

553 2993 665 3039 erat
686 2995 733 3040 et
762 2985 918 3042 latro.
951 2985 1158 3044 Idcirco
1192 2987 1430 3046 Joannes
1457 3005 1526 3044 ex
1564 2990 1664 3044 hac
1690 2990 1994 3052 occasione,
2024 2987 2140 3057 ejus

553 3079 768 3136 furandi
792 3086 1233 3140 consuetudinem
1263 3084 1435 3141 voluit
1464 3087 1860 3150 demonstrare,
1885 3093 1939 3138 et
1971 3099 2139 3154 quan-

555 3179 668 3226 tum
699 3182 845 3227 esset
874 3175 1102 3246 cupidus
1131 3177 1486 3250 pecuniarum
1510 3179 1833 3248 exprimere.
1865 3178 2137 3249 Quaeritur

554 3272 732 3320 autem
757 3281 855 3320 cur
877 3267 1113 3322 dixerit:
1147 3268 1233 3322 Me
1269 3278 1443 3324 autem
1477 3285 1580 3323 non
1619 3287 1820 3340 semper
1858 3269 2128 3334 habebitis,

551 3373 672 3414 cum
719 3368 841 3432 post
867 3362 1319 3417 resurrectionem
1364 3363 1508 3420 dicat
1550 3364 1672 3418 eis:
1707 3361 1820 3434 Ego
1870 3363 2131 3417 vobiscum

548 3466 665 3504 sum
689 3467 849 3522 usque
871 3451 940 3506 ad
959 3452 1458 3507 consummationem
1485 3453 1665 3508 sa'culi
1687 3452 1901 3524 (Matth.
1935 3470 2128 3518 xxvttt,

547 3541 659 3615 20).
693 3540 803 3598 lioc
833 3543 1031 3616 quippe
1076 3545 1142 3600 de
1170 3545 1474 3614 praesentia,
1505 3553 1564 3599 ut
1595 3545 1729 3609 dixi,
1759 3545 1839 3600 sui
1887 3545 2132 3618 corporis

550 3633 814 3706 loquitur;
847 3639 990 3710 quod
1016 3654 1356 3710 nequaquam
1379 3648 1502 3710 post
1521 3639 1975 3694 resurrectionem
2006 3655 2128 3691 cum

550 3731 629 3784 eis
665 3729 738 3784 ita
785 3727 999 3786 futurus
1024 3731 1114 3797 sit,
1142 3731 1412 3802 quomodo
1443 3739 1570 3784 tunc
1612 3731 1664 3785 in
1697 3731 1841 3784 omni
1881 3731 2127 3784 convictu

547 3832 599 3873 et
631 3820 1018 3877 familiaritate.
1051 3821 1215 3892 Cujus
1252 3822 1328 3876 rei
1375 3837 1581 3876 memor
1627 3830 1682 3877 et
1715 3821 2002 3891 Apostolus
2034 3822 2126 3884 ait,

543 3909 586 3965 ι’
617 3925 940 3966 noveramus
966 3911 1240 3967 Christum
1271 3915 1562 3968 secundum
1610 3928 1851 3974 carnem.
1877 3912 1988 3980 jam
2023 3929 2126 3966 non

547 4003 797 4058 novimus
841 4019 984 4059 eum.
1035 4003 1185 4071 Quod
1227 4015 1407 4059 autem
1462 4007 1604 4060 Deus
1647 4005 1880 4059 Verbum
1928 4006 1979 4057 ul
2006 4005 2128 4074 ique

545 4093 633 4158 sit,
664 4105 720 4148 et
770 4111 891 4149 cum
941 4095 1052 4150 suis
1105 4111 1316 4166 semper
1348 4093 1565 4150 iuturus
1591 4096 1681 4162 sit,
1707 4096 2004 4150 novitvera
2068 4095 2126 4148 ii-

543 4183 660 4240 des.

620 4270 871 4340 Mittens,
916 4275 1090 4346 inquit
1116 4316 1130 4340 ,
1171 4277 1283 4330 ha’c
1323 4285 1645 4346 unguentum
1688 4276 1783 4330 hoc
1829 4277 1883 4329 in
1939 4293 2126 4346 corpus

541 4378 736 4428 meum,
760 4364 829 4420 ad
844 4363 1192 4435 sepeliendum
1220 4383 1301 4422 me
1326 4367 1466 4438 fecit.
1487 4367 1721 4420 Andiant
1749 4367 2012 4432 hieretici,
2034 4369 2123 4437 qui

541 4454 727 4509 dicunt
773 4454 1048 4512 Christum
1098 4474 1293 4528 corpus
1333 4474 1439 4514 non
1481 4459 1768 4524 habuisse;
1813 4459 2032 4514 audiant
2069 4470 2124 4514 et

2253 587 2318 640 ad
2361 587 2569 641 inferna
2611 587 2886 642 descendit
2916 587 3008 662 qui
3033 583 3112 642 'in
3169 587 3406 657 sepulcro
3430 591 3594 660 jacuit,
3634 615 3739 658 unus

2253 677 2503 748 idemque
2532 678 2783 733 Christus
2809 679 3106 744 indivisus;
3140 679 3212 734 ita
3244 689 3298 735 ut
3323 697 3414 737 nec
3437 686 3740 755 carojacuerit

2251 769 2303 824 in
2339 771 2587 842 sepulcro
2616 773 2732 826 sine
2764 773 2874 826 Deo
2917 771 3112 838 Verbo,
3136 773 3276 844 quod
3310 791 3429 831 caro
3453 775 3624 836 factum
3643 795 3740 842 est:

2253 879 2352 919 nec
2404 865 2582 919 anima
2636 867 2981 921 descenderit
3039 869 3110 922 ad
3155 867 3356 923 inferna
3382 871 3488 926 sine
3537 875 3654 943 ipso;
3695 895 3744 934 eo

2251 960 2394 1028 quod
2422 959 2474 1012 in
2501 961 2754 1014 omnibus
2778 977 2915 1015 unus
2944 971 2997 1015 et
3035 962 3150 1031 ipse
3181 971 3261 1016 est
3301 963 3546 1030 Christus,
3574 968 3688 1023 Deus
3707 983 3748 1026 et

2251 1051 2435 1118 homo,
2459 1067 2620 1106 verus
2659 1051 2751 1106 Dei
2785 1062 2837 1108 et
2865 1054 3099 1108 hominis
3126 1053 3310 1110 Filius.
3343 1055 3473 1111 Deus
3503 1059 3653 1129 itaque
3672 1077 3747 1118 nec

2253 1158 2500 1202 mortuus
2543 1157 2644 1210 est,
2689 1165 2787 1203 uec
2818 1149 3081 1218 sepultus,
3114 1159 3169 1204 et
3205 1159 3376 1204 tamen
3413 1151 3475 1205 ab
3509 1167 3566 1206 eo
3595 1153 3749 1209 dictum

2251 1250 2334 1293 est
2385 1257 2396 1292 :
2447 1238 2576 1292 "(rc
2619 1241 2756 1294 enim
2803 1242 3010 1294 mittens
3054 1253 3369 1312 unguentum
3405 1243 3492 1296 hoc
3528 1245 3575 1296 in
3608 1261 3750 1314 corpus

2252 1346 2448 1398 meum,
2475 1333 2543 1384 ad
2565 1332 2920 1402 sepeliendum
2949 1348 3028 1385 me
3051 1333 3192 1401 fecit.
3220 1333 3369 1400 Quod
3395 1349 3516 1402 ergo
3539 1335 3585 1388 iu
3603 1350 3753 1405 corpus

2253 1437 2408 1478 suum
2449 1425 2674 1480 missum
2708 1433 2812 1487 est,
2841 1425 2908 1478 ad
2949 1425 3311 1506 sepeliendum
3339 1443 3452 1480 eum
3481 1427 3650 1482 factum
3669 1439 3751 1498 est;

2250 1525 2304 1568 et
2333 1530 2439 1570 nou
2457 1515 2596 1569 idem
2623 1526 2727 1579 est,
2756 1532 2815 1570 se
2829 1532 2970 1580 esse,
2996 1532 3262 1588 suumque
3279 1533 3415 1573 esse.
3434 1517 3494 1572 Et
3519 1534 3609 1572 non
3631 1536 3755 1576 unum

2250 1614 2355 1669 est,
2389 1605 2455 1658 ad
2485 1606 2853 1675 sepeliendum
2877 1623 2935 1661 se
2961 1606 3097 1670 fieri,
3142 1624 3402 1679 suumque
3431 1625 3606 1680 corpus
3630 1611 3754 1681 ungi:

2251 1712 2428 1764 neque
2449 1699 2591 1750 enim
2621 1700 2873 1753 convenit
2905 1715 3103 1769 corpus
3133 1717 3291 1755 suum
3313 1718 3452 1767 esse,
3478 1717 3624 1772 seque
3645 1719 3759 1772 sepe-

2251 1784 2354 1838 liri.
2392 1785 2498 1840 Sed
2529 1788 2854 1842 sacramenti
2889 1789 3030 1843 istud
3080 1791 3272 1855 divini,
3305 1792 3354 1845 id
3406 1802 3482 1845 est
3511 1793 3754 1862 intelligen-

2179 1855 2226 1917 Β
2255 1878 2326 1931 tia
2358 1879 2591 1948 pietatis,
2627 1895 2732 1933 non
2775 1880 3029 1947 ignorare
3069 1881 3267 1946 Deum,
3298 1898 3453 1953 quem
3481 1885 3607 1938 scias
3629 1885 3762 1938 horni-

2255 1985 2398 2034 nem,
2425 1986 2524 2024 nec
2553 1973 3074 2041 nescireltomiuem,
3100 1992 3265 2046 quem
3291 1993 3392 2031 non
3410 1977 3604 2046 ignoras
3621 1977 3760 2040 Deum,

2252 2071 2302 2115 et
2331 2062 2431 2115 hoc
2461 2072 2540 2115 est
2563 2061 2746 2117 .lesum
2786 2064 3061 2119 Christum
3116 2083 3221 2121 non
3257 2069 3518 2132 dividere;
3539 2067 3646 2140 quia
3675 2067 3765 2120 Ver-

2251 2153 2369 2206 bum
2399 2171 2523 2208 caro
2557 2156 2755 2224 factum
2785 2167 2880 2210 est.
2909 2155 3034 2212 ideo
3059 2169 3202 2217 recta
3234 2161 3366 2216 ﬁdes
3395 2171 3490 2226 est,
3517 2177 3610 2217 non
3639 2157 3766 2230 sepul-

2252 2253 2361 2301 tum
2394 2263 2498 2301 non
2539 2259 2728 2317 putare
2768 2266 2926 2320 quem
2966 2255 3343 2308 resuscitatum
3375 2269 3490 2310 esse
3534 2253 3764 2323 intelligas,

2251 2349 2301 2392 et
2333 2341 2707 2396 resuscitatum
2737 2358 2844 2398 non
2873 2345 3149 2414 ambigere
3188 2355 3351 2415 quem
3385 2361 3569 2415 negare
3587 2360 3673 2399 non
3695 2359 3766 2396 au-

2249 2432 2378 2486 deas
2403 2447 2504 2485 non
2537 2433 2825 2503 sepultura.
2855 2434 3108 2505 Sepultus
3151 2446 3238 2490 est
3279 2447 3452 2498 autem
3478 2435 3618 2494 Iesus
3647 2433 3766 2490 Chri-

2250 2533 2385 2588 stus,
2412 2525 2535 2596 quia
2585 2535 2638 2580 et
2689 2539 2931 2582 mortuus
2964 2538 3065 2585 est.
3097 2529 3445 2604 Quapropter
3487 2547 3580 2586 non
3605 2537 3767 2602 Oportet

2247 2631 2368 2672 eum
2395 2618 2682 2687 tripartiri,
2711 2635 2885 2688 neque
2921 2619 3087 2676 dividi
3111 2620 3392 2680 Christum
3431 2623 3479 2676 in
3507 2627 3606 2676 tres
3627 2633 3766 2691 pem-

2249 2721 2365 2769 nas,
2401 2714 2458 2760 ut
2491 2708 2642 2762 dicas
2669 2706 2904 2764 Verbum
2942 2720 2998 2765 et
3031 2712 3274 2768 animam
3301 2723 3460 2784 atque
3488 2726 3675 2781 corpus,
3700 2707 3766 2765 ubi

2246 2799 2327 2852 vel
2349 2799 2463 2866 ubi,
2495 2800 2755 2869 separari.
2777 2799 2881 2855 Sed
2907 2802 3033 2872 quia
3054 2818 3194 2857 unus
3219 2814 3328 2868 est,
3358 2803 3474 2858 ideo
3487 2809 3537 2858 et
3560 2799 3765 2871 sepultus.

2244 2889 2386 2945 sicut
2419 2893 2485 2946 ad
2517 2892 2882 2964 sepeliendum
2919 2911 2978 2949 se
3012 2895 3306 2951 eontltetnr
3334 2911 3452 2952 esse
3491 2900 3767 2976 pertractum.

2242 2981 2403 3036 Amen
2449 2982 2567 3040 diro
2610 2982 2768 3048 vobis,
2803 2985 3095 3057 ubicunque
3139 2988 3483 3057 praedicatum
3529 2983 3664 3056 fuerit
3699 2980 3768 3032 hoc

2244 3069 2586 3142 Evanqeh‘um
2614 3075 2668 3129 in
2705 3079 2812 3130 toto
2841 3077 3057 3141 mundo,
3091 3078 3305 3134 dicetur
3331 3079 3470 3154 quod
3493 3088 3539 3128 et
3558 3077 3654 3130 hac
3675 3071 3770 3144 fecit

2241 3165 2294 3218 in
2317 3166 2624 3221 memoriam
2655 3165 2791 3238 ejus.
2820 3167 2950 3236 Quae
2979 3169 3238 3226 nimirum
3289 3169 3598 3242 ambiguitas
3620 3163 3767 3220 dictio-

2244 3257 2349 3321 nis,
2381 3268 2436 3312 ttt
2481 3259 2702 3330 quidam
2750 3261 2966 3325 volunt,
2997 3262 3203 3317 nullum
3261 3273 3485 3336 generat
3519 3256 3769 3328 serupulunt

2237 3349 2548 3404 dubietatis.
2591 3349 2727 3418 Quia
2759 3367 2853 3406 seu
2879 3353 3202 3425 distinguas,
3239 3356 3314 3412 ita
3337 3365 3395 3409 ut
3419 3355 3575 3414 dicas,
3601 3349 3770 3404 ubicun-

2235 3460 2339 3514 que
2367 3446 2715 3516 praedicatum
2739 3447 2904 3504 fuerit
2919 3451 3021 3504 hoc
3037 3451 3395 3522 Evangelium
3414 3454 3463 3507 in
3482 3459 3584 3506 toto
3598 3445 3770 3507 mundo.

2235 3539 2375 3609 quod
2409 3541 2828 3610 consequentius
2867 3552 2972 3606 est,
2997 3558 3090 3597 seu
3119 3544 3453 3616 distinguas,
3482 3543 3595 3613 quia
3628 3542 3670 3593 in
3689 3545 3771 3590 toto

2234 3632 2434 3685 mundo
2464 3632 2695 3700 dicetur,
2737 3648 2844 3688 non
2874 3633 3068 3689 alicubi
3101 3643 3309 3702 tamen,
3333 3653 3494 3708 quam
3524 3633 3774 3699 ubicunque

2236 3723 2394 3777 fuerit
2431 3723 2531 3778 hoc
2558 3723 2940 3796 Evangelium;
2974 3726 3186 3782 dicetur
3219 3737 3276 3783 et
3307 3729 3432 3800 quia
3477 3728 3572 3782 hoc
3603 3720 3703 3777 fecit
3733 3717 3770 3770 in

2236 3816 2552 3871 memoriam
2586 3817 2723 3885 ejus.
2759 3816 2943 3889 Neque
2967 3821 3112 3874 enim
3163 3821 3522 3894 Evangelium
3551 3819 3654 3874 sine
3691 3825 3775 3866 me-

2234 3909 2400 3961 ttzttl'ia
2423 3908 2584 3980 hujus
2611 3909 2871 3976 mulieris,
2897 3926 3014 3980 qua:
3041 3921 3121 3966 est
3145 3911 3415 3977 Ecclesia,
3430 3906 3770 3983 praedicabili".

2235 4017 2406 4070 neque
2459 4003 2717 4056 memoria
2761 4004 2930 4073 ipsius
2980 4004 3096 4060 sine
3147 4005 3453 4078 Evangelio
3493 3995 3774 4078 praedicanda

2234 4093 2632 4161 pronuntiatur.
2679 4093 2814 4162 Quia
2855 4097 3116 4150 memoria
3167 4097 3336 4166 hujus
3387 4095 3636 4158 mulieris,
3677 4102 3774 4161 pm-

2231 4184 2402 4238 sentis
2453 4194 2536 4238 est
2578 4181 2836 4240 Ecclesia:
2886 4185 3309 4256 demonstratio,
3352 4189 3497 4262 quod
3529 4179 3773 4256 susceperit

2232 4273 2539 4335 Dominum,
2573 4275 2715 4345 quod
2752 4276 2966 4348 1086
2997 4277 3280 4347 sepelierit
3333 4283 3389 4336 in
3433 4279 3536 4334 ﬁde
3571 4292 3654 4331 sua
3691 4267 3774 4324 Sal-

2233 4381 2496 4434 vatorem,
2532 4370 2674 4439 quod
2724 4371 2937 4424 tinxerit
2964 4382 3124 4442 caput
3161 4373 3283 4442 ejus
3316 4384 3590 4446 unguento
3622 4365 3779 4442 pr€|i0°

2232 4461 2446 4516 sissimo
2495 4477 2558 4514 ac
2581 4460 2775 4531 pedes;
2809 4476 2932 4514 cum
2961 4477 3084 4518 eum
3119 4466 3294 4520 Deum
3344 4476 3402 4521 et
3441 4465 3691 4521 hominem
3717 4468 3776 4505 vc.

539 4547 630 4619 qui
660 4563 782 4604 eum
825 4549 1158 4616 rescindunt,
1190 4552 1427 4607 volentes
1459 4553 1512 4608 in
1541 4552 1759 4608 Christo
1787 4553 1923 4608 duas
1951 4554 2121 4608 intro-
2150 4590 2204 4651 Β
2233 4552 2428 4608 raciter
2449 4553 2619 4606 credit
2641 4553 2824 4615 corde,
2854 4561 2908 4607 et
2933 4555 3227 4610 confitetur
3253 4573 3381 4622 ore,
3413 4573 3522 4612 una
3547 4549 3777 4610 curnb000

538 4637 736 4695 dueere
767 4655 1048 4710 personas,
1079 4645 1503 4714 nuncupativum
1537 4645 1629 4698 Dei
1659 4643 1878 4710 Filium,
1916 4653 1970 4698 et
1993 4661 2121 4714 pro-

534 4727 734 4804 prium,
781 4733 922 4788 sicut
966 4734 1101 4790 duas
1147 4718 1364 4790 constat.
1403 4753 1531 4792 vere
1564 4737 1816 4792 habuisse.
1867 4746 2114 4791 naturas.

533 4819 787 4888 Audiant,
820 4839 886 4880 ex
916 4833 1148 4896 utraque
1181 4836 1391 4894 natura,
1419 4827 1561 4898 quod
1583 4845 1724 4884 unus
1756 4829 2005 4898 idemque
2033 4837 2117 4883 est

532 4911 800 4981 Christus,
829 4925 885 4970 et
917 4917 1036 4972 ideo
1077 4935 1216 4974 unus
1244 4920 1334 4988 qui
1377 4921 1634 4990 loquitur,
1670 4922 1920 4992 idemque
1953 4923 2112 4991 cujus

535 5008 754 5079 ungitur
775 5025 1008 5082 corpus;
1049 5013 1140 5082 qui
1170 5029 1273 5068 non
1299 5015 1393 5078 ait,
1420 5018 1484 5068 ad
1517 5016 1881 5086 sepeliendum
1917 5033 2114 5086 corpus

532 5113 710 5152 meum
736 5099 839 5155 hoc
867 5097 1014 5165 fecit,
1047 5103 1140 5157 sed
1177 5105 1248 5157 ad
1280 5105 1636 5175 sepeliendum
1663 5126 1741 5160 me
1769 5108 1912 5177 fecit.
1963 5107 2118 5161 Unde

530 5199 584 5246 et
626 5192 679 5248 in
715 5195 977 5266 symbolo,
1003 5195 1146 5265 jure,
1193 5196 1466 5252 Christum
1516 5199 1604 5253 Dei
1653 5201 1843 5254 Filium
1896 5216 2112 5269 passum

527 5283 852 5339 conlitemur
871 5294 927 5341 et
941 5287 1280 5346 cruciﬁxum.
1300 5299 1593 5352 mortuum,
1613 5299 1664 5344 et
1683 5290 1971 5360 sepultum,
1990 5307 2114 5345 cum

531 5372 644 5428 sola
679 5390 809 5430 caro
833 5377 902 5431 sit
935 5394 1114 5448 passa,
1136 5379 1359 5449 solaque
1389 5381 1665 5446 crneilixa,
1689 5393 1920 5446 mortua,
1949 5393 2002 5436 et
2031 5398 2114 5438 se-

530 5463 696 5534 pulta.
725 5467 938 5540 1085
983 5469 1134 5525 Unde
1159 5479 1214 5524 et
1244 5471 1354 5536 hic,
1397 5472 1465 5525 ad
1496 5473 1870 5541 sepeliendum,
1912 5474 2110 5544 inquit,

530 5570 610 5608 me
644 5555 784 5626 fecit.
813 5559 942 5614 "uis
968 5569 1048 5636 est
1075 5577 1307 5632 namque
1336 5562 1427 5633 qui
1465 5563 1566 5618 hoc
1597 5561 1760 5616 dicit?
1795 5562 1932 5617 Vere
1957 5564 2111 5618 Chri-

532 5653 666 5709 stus,
714 5645 806 5701 Dei
853 5647 1077 5704 Verbum
1127 5670 1250 5706 caro
1305 5654 1521 5722 factum.
1575 5655 1652 5709 Ac
1695 5668 1790 5725 per
1833 5650 1954 5719 hoc,
1985 5656 2107 5726 quia

544 5729 765 5790 Verbum
799 5757 920 5794 caro
950 5741 1148 5811 factum
1193 5755 1266 5798 est
1300 5746 1480 5816 (Joan.
1515 5764 1553 5814 ι,
1595 5745 1700 5820 Η),
1732 5760 1876 5804 recte
1907 5749 1957 5803 in
1991 5750 2110 5804 uni-

529 5836 638 5883 tate
683 5844 926 5900 personre.
972 5835 1117 5894 dicit.
1159 5837 1227 5888 ad
1277 5837 1629 5906 sepeliendum
1673 5859 1750 5894 me
1780 5841 1922 5911 fecit,
1981 5841 2106 5898 dum

2231 4660 2410 4714 opere.
2447 4643 2698 4712 Attende,
2730 4663 2932 4718 quzeso,
2975 4648 3224 4703 notitiam
3260 4647 3589 4702 futurorum.
3618 4633 3775 4696 Perdi-

2230 4737 2308 4790 xit
2334 4737 2474 4791 enim
2507 4747 2627 4807 post
2657 4739 2874 4793 biduum
2914 4755 2973 4796 se
3004 4755 3320 4810 passurum,
3345 4750 3401 4794 et
3430 4739 3516 4798 die
3554 4731 3693 4790 tertia
3713 4741 3779 4782 re-

2229 4838 2622 4890 snrrectururn,
2652 4845 2717 4884 eo
2751 4831 2892 4900 qttod
2918 4841 3060 4885 esset
3087 4831 3416 4891 moriturus.
3445 4827 3635 4886 Deinde
3661 4818 3775 4881 dicit.

2225 4920 2572 4991 Evangelium
2595 4921 2646 4978 in
2676 4930 2787 4978 toto
2817 4935 3082 4979 terrarum
3108 4925 3238 4980 orbe
3261 4923 3778 4998 przedicandummum

2225 5027 2331 5082 quo
2365 5013 2682 5067 memoriam
2733 5013 2976 5072 mulieris
3007 5015 3352 5082 habendam,
3377 5015 3524 5086 quod
3554 5013 3656 5068 hace
3680 5002 3777 5060 iecit

2224 5103 2289 5156 ad
2321 5103 2655 5172 sepulturam
2685 5103 2812 5158 Jesu
2844 5103 3066 5162 Christi.
3153 5161 3162 5166 _

2300 5196 2364 5249 Et
2391 5208 2514 5251 tunc
2545 5197 2669 5250 abiit
2705 5214 2842 5251 unus
2885 5215 2950 5252 ea:
2976 5199 3250 5253 duodecint
3293 5201 3391 5271 qui
3430 5198 3620 5254 dicitur
3644 5185 3778 5244 Ιιιιίιιε

2223 5284 2522 5347 Scharioth,
2553 5287 2624 5341 ad
2653 5288 2914 5359 principes
2938 5289 3299 5354 sacerdotum,
3328 5303 3378 5345 et
3405 5289 3481 5350 ait
3504 5285 3622 5345 illis.
3660 5279 3782 5335 Tunt‘

2222 5379 2407 5448 utique
2433 5394 2554 5432 cum
2585 5387 2726 5432 esset
2758 5377 2811 5432 in
2836 5377 3114 5442 Bethania,
3141 5391 3192 5434 et
3217 5381 3453 5434 dixisset
3479 5395 3492 5432 :
3521 5376 3664 5433 Scitis
3684 5367 3778 5441 quia

2217 5484 2329 5542 post
2353 5472 2565 5525 biduum
2602 5471 2805 5526 Pascha
2827 5473 2934 5541 ﬁet.
2956 5473 3049 5529 Vel
3071 5475 3290 5546 quando
3315 5495 3327 5530 :
3355 5470 3663 5544 Congregati
3687 5468 3780 5519 sunt

2216 5567 2475 5634 principes
2507 5565 2685 5635 populi
2715 5576 2760 5622 et
2793 5567 3000 5634 scribat,
3049 5573 3102 5621 in
3155 5569 3293 5622 atrio
3337 5568 3594 5639 principis
3638 5569 3781 5615 sacer-

2215 5658 2415 5709 dotvm.
2433 5655 2567 5723 Quia
2595 5657 2844 5714 veniente
2861 5674 2990 5711 vero
3006 5657 3231 5722 Pascha,
3264 5659 3514 5714 tenebras
3541 5653 3780 5724 iugerlmb

2215 5762 2264 5803 et
2294 5749 2460 5805 Juilas
2499 5751 2551 5804 iu
2587 5759 2748 5806 nocte
2776 5750 2840 5804 ad
2886 5753 3140 5808 tenebras
3175 5751 3559 5823 pertransivit,
3601 5739 3780 5816 ut:me

2215 5843 2500 5916 pr'aasentia
2536 5843 2780 5910 recessit,
2830 5852 2885 5898 et
2917 5847 2983 5900 ad
3008 5844 3220 5903 Iudaeos
3250 5861 3455 5918 usque,
3488 5853 3547 5900 ut
3571 5837 3778 5898 traderet
