4016 6354
221 369 311 426 885

956 371 1320 431 EXPOSITIO
1355 371 1426 430 IN
1465 371 1903 430 MATTHA'EUM.
1932 405 2002 416 -—
2027 375 2153 432 LIB.
2198 377 2310 445 XII,
2351 378 2501 436 CAP.
2547 380 2734 437 XXVI.

3376 390 3481 449 886

214 486 516 553 Dominum,
571 489 836 560 pervenit.
889 487 1036 544 Unus
1067 508 1131 546 ea:
1159 493 1454 556 duodecim.
1509 492 1655 550 Unus
1695 505 1792 548 nu-
1816 496 1872 560 Α
1895 497 2069 552 noctis
2098 498 2334 566 silentio,
2364 517 2486 556 cum
2510 512 2654 558 esset
2677 505 2941 562 secretius
2969 520 3092 562 cum
3121 507 3236 563 suis
3262 507 3314 564 in
3341 522 3480 580 pras-

207 593 375 642 mero,
431 585 487 634 et
537 589 644 634 nun
692 580 919 647 merito;
961 581 1166 650 specie,
1222 597 1328 637 non
1383 583 1612 650 virtute;
1663 599 1793 639 eon-

195 671 479 742 junctione
509 673 576 728 ad
607 682 822 744 tempus
854 676 1122 744 corporis,
1164 684 1220 730 et
1265 691 1370 730 non
1404 676 1618 732 vinculo
1662 677 1794 733 cha-

197 765 400 820 ritatis.
438 765 553 821 Non
581 779 714 835 ergo
735 775 895 821 vacat
922 779 954 820 a
986 767 1268 838 mysterio,
1299 767 1441 822 duos
1456 766 1628 823 fuisse
1647 768 1792 823 inter

193 857 478 927 apostolos
528 858 630 912 hoc
667 855 890 914 nomine
935 858 1236 923 vocitatos;
1289 869 1346 913 ut
1392 876 1533 915 unius
1577 861 1791 916 dicatur

188 950 364 1007 Judas
391 951 606 1016 Jacobi,
648 951 786 1006 alter
807 965 938 1006 vero
972 951 1285 1018 Scharioth,
1312 953 1435 1022 quia
1468 951 1631 1007 .ludas
1661 969 1788 1008 con-

188 1040 353 1110 fessio
379 1041 794 1112 interpretatur.
825 1041 893 1097 Et
928 1042 1050 1097 ideo
1089 1042 1222 1098 duos
1255 1043 1388 1098 istos
1424 1043 1595 1098 fuisse
1647 1043 1790 1098 inter

188 1132 520 1202 discipulos,
579 1143 640 1188 ut
690 1151 830 1189 unus
877 1151 1067 1190 eorum
1129 1145 1338 1191 teneret
1386 1137 1616 1193 formam
1661 1154 1788 1194 vere

186 1226 591 1291 conﬁtentium,
630 1242 860 1295 quorum
914 1242 1041 1298 pars
1075 1229 1308 1284 ﬁdeliter
1345 1240 1626 1300 permanet
1663 1247 1786 1288 cum

186 1319 457 1385 Domino;
505 1320 644 1374 alter
687 1335 818 1375 vero
858 1335 1048 1375 eorum
1107 1333 1315 1392 partem
1357 1323 1630 1392 exprimit,
1684 1323 1788 1389 Qui

187 1414 514 1483 conﬁtentur
539 1431 594 1468 se
635 1431 787 1470 nosse
820 1413 1012 1480 Deum,
1055 1417 1210 1485 [actis
1236 1426 1410 1470 autem
1435 1427 1622 1487 negant
1656 1416 1785 1487 (Tit.

190 1523 228 1568 ι,
253 1506 371 1574 ‘26).
397 1505 696 1576 Propterea
723 1521 915 1562 omnes
958 1517 1242 1563 transeunt
1277 1524 1400 1563 cum
1434 1507 1535 1564 isto
1565 1508 1630 1562 ad
1659 1524 1787 1562 ava-

193 1597 402 1663 ritiam,
431 1599 496 1652 ad
531 1598 680 1653 dolos
721 1609 776 1653 et
819 1599 1060 1665 fraudes,
1093 1610 1147 1655 et
1171 1601 1474 1656 admiscent
1527 1616 1585 1657 se
1635 1601 1786 1658 falsis

197 1689 474 1747 fratribus.
506 1691 635 1763 Legi
664 1690 978 1758 Scharioth,
997 1693 1150 1759 juxta
1169 1693 1491 1750 Ilehraicam
1521 1695 1786 1767 interpre-

199 1784 458 1838 tatione'n
511 1799 541 1838 a
591 1785 826 1855 quodam
880 1785 1269 1842 exsulfocatam
1323 1787 1506 1842 vocari
1561 1787 1778 1843 debere.

1895 587 1983 642 dio
2005 587 2379 656 Gethsemani,
2407 603 2764 649 occurrerunt
2793 595 2841 649 ei
2877 611 2998 651 cum
3025 596 3304 670 gladiis_ct
3331 595 3482 653 fusti-

1893 679 2013 745 bus,
2045 690 2104 736 ut
2141 697 2266 737 cum
2297 683 2529 740 latenter
2557 687 2714 756 quasi
2765 686 2940 744 furem
2987 689 3476 760 deprehenderent.

1892 770 2077 829 Prima
2098 786 2272 830 autent
2301 794 2608 848 azymorum
2637 793 2964 837 accesserunt
2993 783 3237 854 discipuli
3287 785 3357 839 ad
3381 783 3479 842 Je-

1891 879 2008 917 sum
2035 865 2260 919 dicentes
2287 881 2305 918 :
2330 865 2430 920 Ubi
2466 869 2540 924 vis
2558 886 2803 940 paremus
2823 871 2916 925 tibi
2931 873 3199 928 comedere
3223 871 3432 930 Pascha
3456 874 3482 930 .9

1890 951 2070 1008 Prima
2093 969 2226 1024 ergo
2258 957 2372 1012 dies
2401 973 2716 1029 azymorum
2766 961 2880 1032 ipsa
2922 971 3026 1028 est,
3057 963 3274 1033 quando
3309 979 3482 1036 agnus

1892 1046 2028 1114 apud
2075 1043 2288 1104 .Iudmos
2329 1049 2712 1105 immolabatur
2737 1061 2931 1123 quarta
2981 1054 3190 1109 decima
3242 1054 3367 1109 luna
3410 1055 3478 1110 ad

1890 1151 2195 1206 vesperum,
2222 1137 2443 1210 jamque
2468 1139 2733 1198 fermento
2762 1144 2994 1214 ahjecto,
3026 1144 3169 1200 sicut
3203 1145 3260 1200 in
3292 1145 3478 1202 Exodo

1891 1237 2247 1286 monstratur.
2277 1230 2504 1301 Septem,
2535 1235 2932 1304 inquit,diebus
2959 1255 3145 1306 azyma
3174 1239 3472 1309 comedetis,

1889 1319 1974 1373 die
1987 1322 2155 1389 prima
2181 1338 2282 1375 non
2306 1323 2402 1376 erit
2427 1323 2735 1393 fermentum
2761 1329 2812 1380 in
2828 1327 3066 1382 domibus
3079 1329 3474 1400 vestris(Ea:od.

1890 1429 1988 1476 xtl,
2020 1413 2129 1484 15).
2165 1412 2334 1468 Porro
2385 1431 2699 1487 azymorum
2746 1417 2863 1474 dies
2915 1427 3121 1489 septem
3157 1429 3338 1487 erant,
3373 1419 3476 1474 Pa-

1889 1503 2031 1558 scha:
2083 1513 2263 1559 autem
2318 1521 2422 1560 una
2481 1515 2710 1575 tantum,
2743 1509 2809 1564 de
2837 1523 2944 1580 qua
2970 1509 3257 1566 Anatolius
3295 1511 3409 1566 ait:
3443 1525 3474 1568 a

1889 1593 2017 1660 ﬁne,
2046 1594 2238 1665 inquit,
2271 1597 2658 1653 tertiodecimze
2717 1599 2860 1655 luna;
2897 1609 3174 1670 computa,
3205 1602 3348 1672 quod
3389 1609 3474 1656 est

1887 1686 2100 1740 initium
2147 1690 2590 1759 quartodecimte,
2641 1692 2827 1762 sicque
2867 1709 3040 1764 usque
3095 1695 3146 1749 in
3201 1696 3308 1750 ﬁne
3338 1695 3473 1766 vigi-

1887 1778 2037 1834 sima:
2101 1779 2241 1834 lunae
2277 1821 2293 1846 ,
2342 1791 2548 1853 septem
2612 1783 2802 1841 diebus
2865 1801 3051 1858 azyma
3121 1786 3466 1856 celebratur;

202 1873 348 1942 Quod
382 1877 426 1930 si
457 1876 528 1930 ita
559 1884 665 1940 est,
708 1891 898 1948 magna
923 1879 1299 1933 convenientia
1327 1879 1408 1933 sui
1436 1879 1690 1944 nominis,
1711 1895 1765 1936 ac

1881 1869 1934 1923 in
1993 1871 2190 1940 quibus
2237 1870 2428 1926 diebus
2481 1889 2623 1930 nunc
2668 1889 2986 1947 quacunque
3033 1877 3117 1932 die
3161 1887 3352 1946 quarta
3383 1877 3471 1934 de-

205 1963 244 2020 'si
281 1979 344 2020 ex
379 1968 684 2038 prophetia,
734 1968 1010 2023 invenitur
1058 1969 1261 2023 habere
1311 1983 1436 2025 cum
1474 1969 1622 2024 exitu
1667 1985 1780 2025 sua:

215 2059 412 2122 mortis,
439 2060 696 2130 quoniam
733 2059 928 2129 laqueo
957 2076 1015 2115 se
1043 2059 1346 2130 suspendit,
1386 2068 1440 2115 et
1485 2060 1779 2117 suffocatus

214 2147 422 2203 interiit.
450 2149 717 2204 Caeterum
766 2151 832 2205 de
862 2151 1036 2220 patria
1087 2151 1170 2206 vel
1214 2152 1280 2205 de
1309 2152 1430 2205 vico
1465 2153 1607 2206 unde
1652 2151 1774 2216 fuit,

209 2236 308 2305 jam
349 2255 524 2310 supra,
557 2241 702 2312 quod
733 2241 857 2297 inde
898 2256 1164 2313 agnomen
1197 2243 1426 2298 traxerit
1455 2251 1508 2297 et
1539 2243 1665 2313 quid
1697 2243 1777 2298 in-

215 2339 520 2401 terpretetur
543 2333 797 2389 diximus.
821 2333 927 2389 lste
957 2351 1084 2406 ergo
1117 2336 1246 2389 abiit
1287 2335 1356 2390 ad
1381 2337 1640 2406 principes
1687 2353 1775 2390 sa-

213 2424 476 2491 cerdotum,
517 2427 778 2484 adversus
807 2443 929 2484 eum
956 2430 1046 2500 qui
1081 2441 1207 2486 vere
1248 2431 1324 2506 in.
1344 2439 1606 2484 :eternum
1638 2447 1770 2486 eou-

211 2516 414 2570 stitutus
459 2523 544 2573 est
599 2520 845 2574 sacerdos
876 2521 1165 2576 secundum
1211 2520 1449 2574 ordinem
1495 2519 1772 2574 Melchise-

210 2606 319 2660 dcch
354 2607 523 2679 (Psal.
555 2625 668 2676 cu,
698 2610 778 2684 4),
803 2621 860 2666 et
887 2611 1063 2667 factus
1107 2623 1190 2668 est
1217 2613 1466 2682 princeps
1515 2613 1773 2668 sacerdo-

209 2705 323 2752 tum.
355 2698 513 2767 Quid,
547 2702 746 2774 inquit,
777 2704 905 2758 milii
926 2704 1080 2761 vultis
1108 2709 1258 2771 dare,
1285 2717 1331 2760 et
1362 2722 1456 2776 ego
1483 2706 1625 2760 vobis
1652 2721 1769 2760 eum

207 2789 392 2844 tradam
412 2791 438 2844 .’
457 2791 523 2846 At
547 2792 629 2848 illi
651 2795 1030 2850 constituerunt
1058 2797 1273 2868 triginta
1309 2805 1600 2867 argenteos.
1642 2797 1770 2852 Tra-

207 2879 326 2935 duut
371 2886 562 2949 nostri,
627 2885 810 2942 infelix
839 2886 1008 2944 Iudas
1046 2889 1298 2944 damnum
1328 2889 1474 2961 quod
1519 2906 1587 2945 ex
1633 2891 1768 2945 etfu-

207 2973 341 3028 sione
379 2981 638 3049 unguenti
687 2994 746 3036 se
777 2982 1064 3052 pertulisse
1093 2983 1368 3049 credebat,
1397 2983 1630 3040 voluerit
1657 2983 1766 3038 Ma-

206 3065 342 3134 gistri
387 3071 560 3140 pretio
609 3086 999 3144 compensare;
1034 3075 1125 3146 qui
1174 3072 1342 3131 miser
1390 3091 1491 3131 nec
1546 3083 1751 3130 certam

204 3159 589 3231 postulatpretii
621 3180 912 3230 summam,
941 3176 1000 3220 ut
1025 3167 1216 3222 saltem
1249 3167 1462 3223 lucrosa
1489 3169 1765 3224 videretur

1880 1962 2020 2016 cima
2062 1961 2188 2016 luna
2219 1963 2541 2030 occurrerit,
2571 1964 2730 2038 (quia
2775 1966 2850 2021 illi
2893 1975 3098 2036 septem
3144 1967 3262 2022 dies
3305 1969 3361 2023 in
3405 1967 3469 2023 fl-

1877 2068 2010 2123 gura
2052 2056 2244 2126 erant)
2286 2055 2634 2110 verissimum
2679 2056 2887 2119 Pascha
2937 2060 3264 2114 celebratur.
3308 2059 3466 2128 Quod

1878 2154 2057 2199 autem
2089 2145 2332 2216 Apostoli
2357 2146 2562 2213 dicunt,
2597 2145 2696 2204 Ubi
2716 2151 2793 2204 vis
2817 2167 3062 2220 paremus
3085 2151 3177 2204 tibi
3203 2151 3471 2209 comedere

1882 2237 2098 2308 1088
2133 2233 2391 2292 Pascha?
2420 2254 2612 2307 magna
2647 2240 2950 2296 sollicitudo
2994 2251 3077 2296 est
3113 2251 3168 2296 et
3202 2243 3465 2298 obedien—

1880 2331 1966 2386 tia:
1989 2330 2230 2398 devotio,
2261 2339 2320 2386 ut
2346 2333 2530 2388 omnia
2564 2333 2615 2387 in
2651 2334 2930 2390 voluntate
2956 2335 3075 2406 ejus
3117 2335 3272 2402 ﬁant,
3321 2337 3467 2391 sicut

1877 2433 1933 2478 et
1959 2424 2123 2478 miser
2153 2423 2318 2478 Judas
2348 2425 2398 2478 in
2431 2425 2708 2480 voluntate
2734 2426 2933 2481 diaboli
2968 2425 3278 2482 Judzeorutn
3333 2442 3462 2496 pre-

1887 2513 2017 2567 tium
2049 2513 2209 2584 hujus
2234 2515 2512 2586 sanguinis
2542 2515 2782 2586 reliquit.
2813 2517 2952 2588 Ergo
2979 2517 3186 2573 Pascha
3213 2519 3356 2589 quod
3377 2517 3456 2573 di-

1873 2614 2022 2672 cunt,
2054 2607 2168 2676 ipse
2195 2607 2495 2662 vocabatur
2525 2623 2695 2680 agnus
2716 2609 2854 2680 apud
2884 2607 3120 2676 Judmos,
3149 2610 3242 2680 qui
3271 2609 3463 2665 immo-

1871 2698 2085 2754 labatur
2137 2699 2192 2754 in
2247 2714 2556 2770 vesperum.
2613 2702 2766 2769 Quod
2820 2702 3105 2773 oportebat
3152 2703 3458 2765 comedere,

1871 2789 1998 2859 quia
2051 2788 2227 2844 factus
2268 2791 2334 2845 de
2374 2791 2602 2847 muliere
2649 2791 2922 2860 Christus,
2977 2791 3155 2848 factus
3195 2793 3296 2848 sub
3343 2793 3460 2864 lege

1869 2889 2015 2948 erat;
2051 2896 2180 2948 non,
2222 2889 2280 2936 nt
2305 2880 2575 2938 Ohionitte
2606 2883 2744 2938 male
2773 2885 3036 2950 sentiunt,
3069 2883 3190 2940 ideo
3217 2884 3320 2940 hoc
3357 2883 3460 2938 Pa-

1868 2971 1996 3026 scha
2037 2988 2160 3028 cum
2189 2971 2392 3029 Judaeis
2431 2975 2728 3031 celebravit
2773 2976 3055 3044 Dominus,
3111 2985 3170 3032 ut
3204 2977 3458 3048 deinceps

1869 3077 2019 3118 more
2053 3061 2282 3120 Judaico
2313 3075 2648 3134 servaretur,
2679 3068 2774 3122 sed
2810 3077 2870 3123 ut
2897 3067 3219 3124 transferret
3241 3085 3371 3124 suos
3391 3069 3459 3124 de

1869 3162 2138 3210 vetustate
2179 3155 2374 3211 litterae
2409 3157 2481 3210 ad
2529 3157 2794 3228 spiritalia
2857 3169 3219 3224 sacramenta,
3267 3169 3325 3220 et
3362 3173 3457 3214 eos

201 3251 437 3318 proditio,
467 3256 560 3310 sed
587 3257 740 3326 quasi
769 3257 984 3330 1087
1009 3258 1329 3314 vilissimum
1359 3262 1579 3316 uadens
1611 3277 1764 3316 man-
1789 3239 1837 3305 C
1867 3248 1958 3318 qui
1985 3259 2143 3304 erant
2174 3250 2273 3305 sub
2306 3249 2424 3322 lege
2453 3251 2763 3306 redimeret.
2798 3252 2952 3320 Quod
2997 3253 3042 3307 si
3070 3269 3162 3308 eos
3190 3253 3457 3325 expellere

199 3345 402 3416 cipium,
461 3349 696 3419 pretium
757 3351 810 3405 in
869 3359 1140 3422 potestate
1205 3354 1384 3424 posuit
1444 3354 1762 3420 ementium,

196 3447 438 3502 quantum
475 3439 675 3496 vellent
703 3442 751 3496 ei
787 3443 937 3496 dare.
987 3441 1104 3498 Non
1147 3443 1291 3498 enim
1336 3452 1569 3515 poterat,
1621 3445 1763 3514 quod

189 3528 469 3594 promittit,
493 3529 562 3584 Et
583 3546 680 3603 ego
704 3533 842 3587 vobis
861 3549 979 3587 eum
1002 3533 1234 3601 tradam,
1263 3535 1365 3590 nisi
1398 3535 1512 3605 ipse
1540 3536 1764 3607 permit-

191 3622 358 3684 teret;
389 3621 473 3676 sed
511 3638 608 3678 sua
642 3624 973 3694 impudentia
1003 3623 1156 3691 facit,
1203 3627 1346 3696 quod
1386 3641 1492 3682 non
1531 3639 1688 3682 curat
1715 3629 1758 3684 si

182 3712 490 3768 mentiatur.
544 3715 810 3786 Loquitur
849 3717 992 3772 enim
1025 3718 1138 3789 jam
1181 3719 1485 3774 membrum
1538 3720 1755 3788 diaboli,

177 3803 262 3870 qui
302 3821 482 3876 supra,
516 3809 634 3880 ipse
663 3825 783 3864 cum
810 3797 1036 3865 Domino
1059 3811 1409 3883 loquebatur:
1433 3811 1559 3867 Haec
1579 3815 1756 3868 omnia

176 3892 266 3948 tibi
303 3895 438 3952 dabo
482 3899 698 3972 (Matth.
730 3917 801 3967 tv,
825 3901 914 3969 9);
964 3887 1054 3958 ubi
1107 3917 1394 3975 aggressus
1443 3913 1524 3958 est
1574 3915 1755 3974 caput,

174 3996 438 4052 quatenus
467 3991 723 4063 deinceps
749 3989 963 4049 facilius
991 3994 1234 4050 membra
1262 3994 1575 4065 dissiparet.
1606 3996 1751 4050 Con-

171 4076 400 4136 stitunnt
425 4098 557 4158 ergo
586 4083 634 4139 ei
657 4084 891 4154 pretium
923 4085 1228 4155 servi,quia
1251 4085 1498 4142 Christus
1527 4086 1754 4142 formant

170 4159 316 4224 servi
365 4184 710 4244 susceperat;
743 4175 794 4230 in
821 4176 976 4246 cujus
1016 4177 1188 4248 ﬁgura
1231 4177 1359 4232 olim
1388 4175 1589 4248 Joseph
1632 4194 1754 4232 cum

170 4269 312 4316 esset
362 4255 498 4320 liber
543 4281 573 4320 a
613 4265 890 4333 fratribus,
949 4267 1289 4324 Venundatus
1327 4280 1400 4324 est
1446 4270 1503 4324 in
1547 4255 1754 4324 servum

171 4348 344 4415 (Psal.
369 4373 471 4424 civ,
513 4359 624 4428 I7),
655 4367 714 4414 ut
747 4369 990 4431 tempore
1025 4359 1184 4415 famis
1205 4369 1455 4432 erogaret
1481 4359 1753 4416 frumenta

171 4437 425 4504 fratribus
446 4451 579 4505 suis.
607 4449 958 4506 Venundatus
981 4459 1063 4507 est
1083 4459 1286 4518 autem,
1321 4467 1427 4506 non
1457 4449 1615 4520 juxta
1646 4451 1750 4507 Se-

172 4542 468 4613 ptuaginta,
496 4543 687 4616 viginti
716 4545 920 4611 aureis,
939 4529 1046 4602 sed
1072 4547 1211 4602 sicut
1243 4545 1509 4604 llehraica
1550 4547 1754 4603 veritas

176 4716 386 4796 domino
417 4743 535 4795 suo,
568 4739 646 4784 tot
673 4730 948 4802 argenteis
989 4730 1210 4794 emitur,
1239 4739 1371 4801 quot
1410 4732 1749 4802 annis'pere-

175 4815 411 4878 grinatus
454 4832 538 4878 est
584 4824 639 4878 in
691 4824 792 4878 hoc
829 4825 1046 4887 mundo,
1079 4839 1251 4892 usque
1283 4823 1348 4876 ad
1394 4824 1742 4893 baptismum.

176 4896 302 4963 Nam
349 4921 401 4966 et
425 4909 624 4983 Ioseph
652 4909 710 4968 in
742 4913 915 4985 ﬁgura
943 4913 1147 4970 Christi
1182 4922 1258 4968 tot
1285 4913 1550 4968 annorum
1583 4915 1746 4970 fuisse

174 4988 380 5069 lﬁgitur,
424 5007 643 5076 quando
671 5006 822 5062 stetit
851 5006 904 5060 in
935 5014 1226 5076 conspectu
1259 5003 1580 5069 Pharaonis,
1612 5013 1745 5074 quot

176 5095 228 5142 ει
251 5079 492 5154 Christus
521 5093 830 5168 baptizatus
877 5107 980 5164 est,
1023 5099 1242 5170 quando
1284 5107 1338 5152 et
1371 5099 1540 5168 etrapit
1569 5097 1745 5152 Evan-

174 5186 363 5245 Sdium
389 5193 706 5263 prmdicare.
755 5191 820 5246 Et
861 5193 1070 5258 exinde,
1110 5193 1305 5263 inquit,
1349 5192 1613 5263 qurerebat
1650 5208 1742 5262 ορ-

164 5282 552 5352 Portunitatem,
584 5295 637 5341 ut
660 5303 782 5340 eum
803 5286 1068 5352 traderet;
1097 5286 1149 5340 id
1171 5295 1273 5350 est,
1301 5301 1366 5340 ex
1393 5300 1501 5354 quo
1527 5283 1738 5339 locutus

163 5373 250 5428 est
273 5391 386 5433 cum
415 5379 752 5450 principibus
781 5379 1143 5440 sacerdotum,
1177 5385 1232 5434 et
1281 5365 1380 5447 ipsi
1427 5375 1568 5446 pacti
1621 5383 1743 5430 sunt

159 5455 212 5510 ei
247 5469 368 5526 dare
390 5471 606 5544 triginta
636 5481 944 5544 argenteos.
971 5465 1178 5538 Quibus
1221 5469 1295 5524 ita
1336 5469 1475 5524 male
1507 5467 1737 5532 illectus,

152 5556 435 5620 (“terebat
479 5563 962 5634 opportunitatem,
995 5561 1262 5632 quomodo
1293 5575 1416 5615 eum
1469 5558 1740 5613 inveniret

146 5645 332 5710 8(Ilum
358 5671 480 5710 cum
513 5654 812 5726 discipulis,
843 5664 902 5709 ut
939 5668 1063 5709 eum
1105 5665 1170 5707 ac
1200 5651 1243 5706 si
1283 5650 1453 5706 libere
1503 5647 1740 5703 traderet

143 5729 277 5816 :‘itie
322 5748 514 5803 turbis.
552 5745 704 5816 Quod
745 5755 799 5802 et
855 5743 1033 5801 Lucas
1080 5743 1320 5800 declarat
1378 5740 1737 5796 manifestius.

134 5808 357 5896 l“circa
388 5857 453 5895 ac
477 5841 522 5896 si
551 5839 778 5912 diligens
807 5829 1110 5918 insidiator,
1138 5846 1258 5908 post
1283 5850 1516 5901 caenam,
1543 5836 1656 5906 jam
1683 5836 1735 5890 in

1781 4595 1832 4656 D

174 4639 228 4681 se
266 4633 448 4702 habet,
499 4637 624 4706 quia
676 4651 781 4692 non
827 4646 1038 4710 poterat
1074 4631 1364 4709 pretiosior
1407 4651 1530 4694 esse
1559 4655 1750 4695 servus
1781 4631 1805 4672 ‘~

1867 3341 1934 3396 de
1965 3341 2065 3396 sub
2101 3341 2231 3412 jugo
2263 3341 2398 3414 legis
2425 3343 2592 3408 venit,
2642 3343 2734 3414 qui
2777 3353 2936 3398 erant
2965 3345 3065 3400 sub
3097 3347 3248 3416 lege:
3283 3344 3454 3402 multo

1865 3431 2040 3506 magis
2070 3450 2174 3488 non
2208 3434 2461 3490 convenit
2508 3435 2628 3490 illos
2674 3437 3021 3492 introducere
3066 3439 3164 3492 sub
3192 3437 3328 3508 lege,
3352 3436 3446 3509 qui

1862 3523 2014 3593 prius
2061 3524 2266 3580 inventi
2311 3535 2436 3582 sunt
2477 3535 2631 3582 extra
2688 3527 2881 3600 legem.
2933 3528 3138 3597 Quibus
3191 3529 3451 3586 Dominus

1865 3612 1942 3666 ait.
1981 3631 1993 3666 :

1933 3700 2012 3756 Ite
2042 3704 2095 3756 in
2121 3703 2376 3758 civitatem
2406 3705 2475 3758 ad
2503 3693 2804 3773 quemdam,
2846 3717 2893 3761 et
2921 3706 3076 3762 dicite
3101 3710 3170 3775 ei,
3195 3708 3450 3781 Magister

1861 3793 1985 3846 dicit
2009 3808 2028 3846 .'
2062 3791 2284 3863 Tempus
2311 3811 2482 3849 meum
2525 3813 2682 3868 prope
2711 3807 2808 3866 est,
2835 3799 2975 3868 apud
3001 3809 3049 3853 te
3070 3799 3209 3870 facio
3238 3798 3446 3856 Pascha

1862 3903 1979 3940 cum
2030 3887 2300 3956 discipulis
2327 3891 2472 3944 meis.
2505 3889 2674 3957 Quem
2720 3890 2894 3948 locum
2948 3892 3162 3950 Marcus
3191 3903 3246 3949 et
3269 3894 3445 3952 Lucas

1859 3979 2070 4050 planius
2099 3990 2493 4052 exsequuntur,
2519 3999 2640 4038 cum
2681 3983 3128 4054 patremfamilias
3157 3986 3241 4041 vel
3274 3987 3447 4043 domi-

1861 4088 1989 4127 num
2015 4073 2208 4129 domus
2253 4073 2576 4143 quibusdam
2621 4072 2843 4142 judiciis
2880 4076 3212 4132 insinuatum
3257 4085 3440 4132 osten-

1860 4162 2013 4217 dunt.
2058 4163 2159 4230 Qui
2189 4164 2270 4218 eis
2297 4163 2639 4221 cmunculum
2692 4181 2942 4236 maguum
2971 4166 3443 4238 demonstraturus

1857 4265 1995 4323 erat,
2020 4265 2246 4312 stratum
2275 4267 2437 4326 atque
2467 4258 2782 4312 mundatum
2811 4257 2899 4314 ubi
2932 4267 3184 4330 pararent
3210 4258 3439 4316 Pascha.

1859 4347 1966 4403 Sed
2017 4347 2322 4418 Matthaaus,
2357 4365 2478 4406 cum
2525 4351 2654 4406 dicit
2693 4351 2892 4407 dixisse
2929 4351 3239 4418 Dominum,
3275 4352 3356 4408 Ite
3385 4355 3442 4413 in

1857 4441 2113 4495 civitatem
2157 4442 2227 4496 ad
2254 4443 2552 4513 quemdam,
2582 4441 2796 4497 videtur
2819 4451 3078 4513 tanquam
3120 4457 3185 4498 ex
3209 4458 3441 4516 persona

1858 4549 1954 4589 sua
2004 4534 2184 4591 studio
2213 4535 2516 4600 brevitatis,
2557 4535 2686 4590 illud
2725 4535 2794 4590 ad
2821 4537 3098 4608 quemdam
3145 4536 3436 4602 addidisse,

1859 4627 2044 4684 volens
2091 4643 2214 4682 eum
2263 4628 2541 4682 insinuare
2582 4628 2764 4698 aliquo
2796 4629 2976 4684 modo.
3010 4629 3147 4698 Quia
3177 4645 3333 4684 nemo
3360 4631 3439 4686 sic

1852 4716 2090 4786 loquitur
2120 4718 2211 4788 qui
2244 4718 2355 4772 vult
2383 4719 2589 4795 integre
2632 4718 2795 4789 loqui,
2839 4728 2898 4774 ut
2925 4721 3068 4774 dicat
3093 4720 3224 4786 suis,
3262 4719 3436 4780 [tend

1849 4809 2162 4878 quemdam;
2192 4809 2361 4880 magis
2393 4809 2536 4864 enim
2563 4818 2709 4864 stare
2739 4819 2938 4880 potest,
2971 4812 3014 4866 si
3043 4812 3184 4866 dicat
3210 4829 3224 4864 :
3247 4809 3326 4866 Ite
3369 4811 3434 4866 ad

1849 4916 2248 4972 quemcunque,
2303 4911 2395 4956 aut
2439 4901 2515 4956 lle
2560 4901 2626 4956 ad
2657 4904 2951 4974 quemlibet
2979 4920 2994 4971 ;
3023 4918 3122 4960 nec
3152 4911 3332 4958 tamen
3363 4904 3434 4958 ita

1850 5003 2033 5050 certus
2065 4995 2468 5050 demonstratur
2497 4996 2660 5051 homo
2695 4997 2763 5052 ad
2793 5012 2954 5068 quem
3001 4999 3264 5051 mittatur.
3326 4994 3434 5050 Sed

1855 5085 2066 5142 Marcus
2115 5094 2170 5141 et
2236 5085 2412 5142 Lucas
2474 5096 2681 5143 certum
2753 5103 2875 5142 eum
2953 5088 3245 5143 ostendunt
3304 5087 3434 5142 insi-

1854 5196 2050 5236 nuasse
2099 5182 2409 5247 Dominum,
2449 5183 2702 5252 quamvis
2746 5184 2911 5237 tacito
2942 5181 3178 5236 nomine.
3213 5170 3434 5236 sciebat

1851 5287 2088 5343 namque
2142 5271 2402 5328 Dominus
2455 5273 2520 5328 ad
2567 5289 2724 5342 quem
2753 5273 3010 5332 mitteret,
3061 5271 3226 5327 etiam
3275 5279 3328 5326 et
3357 5270 3430 5326 illi

1851 5382 1989 5436 quos
2030 5367 2296 5431 mittebat,
2333 5367 2564 5436 qualiter
2589 5381 2712 5420 eum
2753 5366 2996 5419 invenire
3029 5369 3270 5435 possent,
3307 5363 3428 5434 qui-

1850 5460 2082 5516 buslibet
2114 5459 2349 5526 indiciis,
2379 5460 2502 5530 quia
2526 5459 2787 5523 sciebant,
2815 5473 2922 5512 non
2955 5457 3075 5512 ideo
3114 5456 3194 5512 sic
3222 5455 3432 5526 integre

1849 5563 2030 5623 posset
2059 5551 2182 5614 dici,
2226 5553 2302 5606 lte
2328 5553 2394 5606 ad
2421 5551 2738 5622 quemlibet.
2771 5548 2924 5616 Quod
2957 5547 3120 5602 etiam
3150 5546 3264 5616 ipsa
3287 5545 3430 5606 inte-

1849 5647 2017 5716 gritas
2039 5645 2332 5700 locutionis
2357 5644 2613 5708 admittit,
2645 5641 2737 5696 sed
2783 5657 2889 5696 non
2915 5642 3018 5695 hoc
3045 5639 3192 5705 loco;
3227 5645 3432 5710 quanto

1850 5739 2028 5793 minus
2079 5745 2187 5792 tam
2247 5734 2490 5790 absolute
2519 5735 2622 5788 dici
2655 5735 2852 5804 potuit,
2888 5731 2970 5785 Ite
3019 5731 3088 5785 ad
3128 5731 3426 5803 quemdam.

1850 5829 2188 5886 Manifestum
2237 5836 2322 5883 est
2377 5827 2443 5907 ad
2494 5835 2700 5882 certum
2754 5825 2990 5896 aliquem
3048 5839 3142 5879 eos
3192 5823 3424 5890 misisse,
