4016 6354
659 397 762 454 88'!
1469 398 1541 469 5..
1568 397 1925 457 PASCHASII
1963 396 2245 454 RADBER‘

2223 393 2306 450 lTl
2346 394 2519 450 ABBA
2530 393 2636 451 TIS
2673 391 3119 451 CORBEIENSIS
3733 408 3809 463 εδδ

658 514 801 583 quad
833 528 897 568 ex
925 526 1151 583 persona
1184 528 1279 568 sua
1330 521 1540 583 poterat
1576 513 1917 586 Evangelista
1962 513 2119 569 nobis
2164 512 2244 568 di-
2273 515 2320 574 Α
2350 510 2498 565 mino
2543 510 2705 583 digne
2753 508 3077 567 celebretur.
3126 507 3264 567 Hinc
3310 521 3388 567 est
3425 515 3549 585 quod
3568 517 3662 574 ait:
3687 520 3745 579 Ite
3765 530 3814 584 ad

654 621 801 671 cere,
840 605 988 661 misit
1031 620 1129 660 eos
1163 606 1228 661 ad
1257 606 1545 677 quemdam
1581 613 1640 659 ut
1689 605 1932 661 dicerent
1962 606 2011 660 ei
2041 622 2054 658 :
2089 604 2243 674 Apud
2348 601 2659 673 quemdam,
2685 610 2744 656 ut
2770 601 2848 657 illi
2878 601 3080 669 dicant,
3120 601 3216 674 qui
3243 600 3447 660 Christo
3470 621 3636 677 parare
3658 611 3815 672 deside.

653 705 706 751 te
726 696 864 766 facio
897 693 1127 750 Pascha.
1185 696 1292 751 Aut
1330 705 1477 751 certe
1517 696 1611 761 ita,
1651 696 1800 750 misit
1829 711 1922 749 eos
1952 694 2018 751 ad
2052 708 2244 763 qncm-
2347 695 2683 752 ratPascha.

655 786 780 843 dant
840 786 1027 842 dicens
1084 804 1096 840 :
1154 786 1253 851 Ite,
1310 786 1476 842 dicite
1522 787 1572 842 ei
1599 827 1613 852 ,
1662 786 1804 857 apud
1858 795 1909 840 te
1966 783 2106 839 facio
2146 782 2245 837 Pa-
2433 786 2648 859 Vespere
2681 796 2855 843 autem
2899 788 3039 859 facto
3085 789 3431 845 discumbebat
3477 809 3579 848 rum
3613 796 3820 855 duodecim

653 879 804 934 scha.
860 878 938 933 Ac
986 895 1082 949 per
1135 879 1238 934 hoc
1266 920 1281 944 ,
1341 890 1401 934 ut
1459 879 1807 934 doctissimus
1847 878 2011 933 Pater
2057 877 2242 949 Augu-
2345 879 2618 949 discipulis
2641 879 2771 934 suis.
2816 879 2872 934 Id
2902 889 2988 935 est
3029 880 3081 935 in
3116 880 3231 951 ipsa
3267 884 3432 949 prima
3455 883 3532 939 die
3558 899 3815 956 alymorum,

656 973 835 1027 stinns
895 972 1052 1036 vult,
1106 988 1229 1027 cum
1284 972 1613 1043 evangelista
1666 973 1830 1026 verba
1884 970 2097 1024 Domini
2144 984 2243 1039 po-
2346 971 2564 1041 quando
2607 971 2833 1026 miserat
2873 986 2987 1037 eos,
3038 980 3100 1027 ut
3124 982 3376 1042 pararent
3399 971 3582 1030 Pascha
3607 980 3661 1031 ad
3683 995 3821 1051 ηερε.

654 1065 873 1128 suisset,
927 1062 1008 1118 Ite
1066 1064 1435 1126 iit-civitatem,
1492 1063 1815 1133 interposuit
1860 1063 1973 1131 ipse
2005 1061 2071 1115 de
2120 1076 2240 1126 suo,
2346 1076 2487 1116 rum.
2539 1062 2686 1117 Inter
2713 1078 2851 1132 quos
2875 1071 2995 1118 erat
3022 1073 3077 1119 et
3099 1062 3266 1120 ludas
3292 1066 3495 1136 quando
3539 1069 3722 1125 miserat
3741 1089 3820 1136 eos.

652 1156 725 1211 ad
775 1156 1072 1227 quemdam.
1130 1154 1247 1209 Non
1286 1155 1409 1223 quia
1454 1155 1555 1208 hoc
1581 1154 1837 1208 Dominus
1883 1153 2101 1213 dixerit,
2148 1154 2242 1207 sed
2345 1162 2401 1209 et
2439 1156 2656 1225 quando
2698 1155 2973 1211 discubuit
3003 1156 3057 1211 in
3084 1171 3284 1212 caena:
3321 1159 3443 1214 Erat
3464 1170 3623 1216 autem
3643 1164 3752 1219 sicut
3770 1167 3825 1220 lu-

651 1255 715 1301 ut
762 1248 874 1317 ipse
917 1247 1217 1301 insinuaret
1257 1248 1420 1301 tacito
1465 1247 1681 1302 nomine
1735 1245 1900 1301 fuisse
1953 1244 2241 1315 quemdam
2346 1262 2446 1316 pus
2479 1247 2739 1304 insidians
2769 1251 2911 1304 inter
2934 1265 3122 1322 agnos,
3152 1251 3276 1320 quia
3303 1250 3412 1321 jam
3451 1253 3499 1308 in
3531 1270 3613 1309 cor
3643 1257 3733 1323 ejus
3752 1260 3824 1313 mi-

658 1339 716 1396 in
772 1340 992 1394 civitate
1035 1339 1104 1394 ad
1155 1354 1315 1410 quem
1376 1355 1505 1395 suos
1560 1339 1820 1394 Dominus
1865 1338 2132 1402 mittebat,
2184 1345 2244 1391 ut
2286 1352 2291 1359 '
2347 1349 2492 1394 serat
2534 1340 2805 1407 diabolus,
2839 1350 2899 1397 ut
2925 1342 3163 1399 traderet
3213 1356 3357 1398 eum.
3393 1344 3580 1413 Quibus
3616 1347 3827 1405 alentibus

652 1441 1023 1503 prmpararent
1046 1432 1095 1486 ei
1127 1431 1353 1486 Pascha.
1388 1430 1515 1495 Sed,
1548 1447 1640 1487 seu
1681 1432 1789 1485 sint
1815 1432 1971 1484 verba
2009 1430 2240 1495 Domini,
2347 1432 2502 1485 dixit:
2532 1433 2695 1488 Amen
2716 1434 2834 1488 dico
2853 1435 3020 1496 vobis,
3042 1438 3166 1507 quia
3191 1453 3326 1491 unus
3352 1448 3559 1492 oestrum
3583 1456 3650 1494 me
3665 1442 3827 1495 tradis-

658 1526 875 1597 1089
896 1541 987 1580 seu
1016 1525 1348 1596 evangelista
1382 1527 1485 1581 hoc
1514 1526 1781 1581 addiderit
1817 1526 1883 1580 de
1912 1541 2035 1589 suo,
2063 1525 2241 1579 minus
2349 1542 2439 1579 rus
2466 1537 2561 1581 est.
2590 1526 2763 1583 Solito
2800 1544 2952 1584 more
2990 1531 3222 1596 Veritas,
3260 1531 3385 1601 quia
3424 1531 3525 1587 falli
3567 1548 3657 1589 non
3681 1544 3823 1604 potest,

653 1620 874 1688 quidem
922 1634 1065 1699 nunc
1111 1619 1369 1689 temporis
1415 1620 1610 1673 usitata
1655 1618 1856 1673 locutio
1878 1626 1980 1672 est.
2031 1618 2095 1671 Et
2122 1618 2243 1673 ideo
2346 1634 2467 1674 cum
2493 1622 2802 1690 iuramento
2826 1623 3087 1694 loquitur.
3119 1624 3240 1695 Ipse
3272 1626 3406 1680 enim
3432 1626 3608 1682 sciebat
3623 1629 3723 1698 quid
3741 1640 3828 1683 esset

651 1711 903 1781 egregius
932 1711 1119 1767 doctor
1146 1710 1505 1783 Hieronymus
1532 1712 1625 1769 ait.
1649 1713 1790 1781 quod
1820 1712 1922 1766 hoc
1950 1709 2067 1765 loco
2094 1724 2243 1764 more
2346 1713 2673 1779 in-homine;
2700 1714 2906 1771 idcirco
2944 1731 3051 1771 non
3084 1727 3205 1771 erat
3223 1732 3383 1789 opus,
3411 1729 3463 1772 ut
3492 1721 3776 1774 testimonium
3799 1721 3827 1773 ei

652 1809 897 1855 veterum
928 1817 1066 1855 nova
1093 1800 1374 1871 Scriptura
1406 1811 1709 1856 conservat.
1742 1801 2076 1871 Frequenter
2110 1800 2242 1869 legi-
2278 1877 2301 1879 ῃ
2345 1804 2462 1875 quis
2487 1804 2773 1875 perhiberet
2808 1805 2873 1860 de
2903 1806 3113 1861 homine
3134 1806 3316 1878 (Joan.
3355 1824 3417 1873 tt,
3441 1806 3545 1879 25).
3572 1807 3747 1864 Poterat
3766 1809 3830 1863 it:-

650 1907 793 1955 mus,
823 1893 1021 1961 inquit,
1049 1893 1185 1947 dixit
1214 1893 1300 1947 ille
1332 1892 1427 1954 illi,
1455 1901 1509 1946 et
1537 1893 1627 1946 illo
1658 1892 1710 1945 in
1741 1892 1858 1946 loco
1883 1900 1940 1945 et
1962 1890 2071 1955 illo,
2100 1890 2244 1960 quod
2275 1877 2321 1939 Β
2347 1911 2453 1966 que
2495 1895 2825 1966 proditorem
2853 1912 3009 1952 suum
3055 1913 3179 1953 mox
3213 1877 3829 1969 specialiusdemonstrare.

650 1982 916 2038 Ilebraice
963 1985 1164 2039 dicitur
1200 1984 1493 2047 Phe/mont',
1531 1992 1587 2039 et
1613 1983 1879 2048 Helmoni,
1920 1998 2018 2039 nec
2063 1992 2242 2039 tamen
2345 2007 2445 2046 nec
2472 2000 2652 2046 [amen
2684 1990 2830 2057 fecit,
2858 1992 2953 2048 sed
2982 1993 3190 2048 crimen
3229 1993 3400 2049 ιηίιιίι
3430 1993 3482 2048 in
3510 2006 3714 2057 numero,
3737 2000 3777 2046 ut
3797 2002 3832 2044 et

651 2089 1009 2145 personarum
1063 2077 1414 2146 let-orumque
1458 2077 1680 2146 ponitur
1727 2074 2114 2131 tnanil‘estatio.
2178 2077 2245 2133 Et
2345 2082 2570 2137 alTeetus
2599 2082 2921 2151 probaretur
2949 2084 3310 2155 singulorum,
3359 2093 3415 2139 et
3440 2084 3621 2140 misero
3641 2081 3831 2154 proditori

652 2164 776 2220 ideo
803 2177 1010 2222 certum
1033 2178 1113 2223 est
1145 2169 1324 2239 aliqua
1354 2186 1420 2223 ex
1453 2183 1616 2224 causa
1642 2168 1929 2224 Dominum
1952 2184 2242 2240 personam
2344 2173 2497 2230 locus
2541 2173 2766 2229 daretur
2808 2174 3163 2243 pteniteutite.
3212 2173 3458 2245 Equum
3506 2189 3707 2244 namque
3742 2179 3830 2234 erat,

652 2269 721 2311 ex
769 2257 989 2311 nomine
1040 2274 1148 2313 non
1202 2261 1500 2323 indicasse;
1540 2258 1681 2315 forte
1712 2271 1770 2314 ut
1798 2261 2049 2316 omnibus
2100 2262 2241 2317 facta
2343 2265 2468 2334 quia
2501 2264 2826 2333 pratdixerat
2871 2266 3179 2335 passionem
3216 2280 3403 2332 suam,
3431 2274 3487 2319 ut
3513 2274 3562 2320 et
3589 2264 3830 2335 proditorem

651 2351 757 2406 viis
789 2352 956 2408 libera
1002 2354 1278 2410 festivitati
1317 2356 1532 2412 occasio
1562 2357 1912 2426 prmberelur.
1951 2356 2237 2413 Verumta-

2342 2355 2684 2428 praedieeret.
2720 2354 2795 2409 Ex
2828 2364 3079 2424 utroque,
3112 2353 3424 2410 ultroneum
3456 2364 3511 2409 ut
3538 2361 3833 2409 monstraretur

580 2428 589 2439 ’
650 2457 777 2499 men
802 2448 943 2515 quod
974 2448 1165 2517 reliqui
1201 2448 1266 2502 de
1298 2449 1517 2504 homine
1545 2460 1801 2520 portante
1840 2450 2086 2522 lagenam
2117 2468 2241 2507 eum
2343 2448 2557 2503 venisse
2584 2463 2643 2502 se
2668 2447 2736 2501 ad
2767 2447 3012 2505 eamdem
3046 2448 3385 2518 passionem.
3412 2445 3517 2502 Nec
3546 2455 3695 2502 tamen
3719 2442 3834 2497 maui-

652 2550 814 2606 aqna,
850 2547 903 2592 et
945 2537 1011 2593 de
1040 2540 1321 2594 cmnaculo
1361 2557 1577 2612 magno,
1609 2556 1703 2597 seu
1747 2550 1919 2598 strato
1964 2544 2240 2609 dixerunt,
2344 2539 2481 2595 teste
2524 2541 2702 2610 arguit
2738 2555 2888 2605 eum,
2933 2538 3088 2609 cujus
3133 2540 3366 2596 consilia
3414 2540 3465 2594 in
3501 2538 3646 2594 corde
3680 2534 3831 2591 latentia

652 2626 866 2683 Domini
898 2629 1195 2685 Salvatoris
1223 2642 1349 2686 sunt
1373 2635 1561 2697 verba,
1592 2643 1643 2689 et
1674 2649 1866 2705 magna
1900 2635 1951 2688 in
1982 2651 2039 2690 se
2069 2635 2245 2691 conti-
2343 2631 2556 2686 occulte
2591 2630 2967 2702 deprehendit,
2999 2630 3043 2685 si
3089 2628 3230 2685 forte
3271 2631 3334 2685 in
3369 2627 3670 2686 conscientia
3701 2624 3832 2694 depre-

650 2730 785 2775 nent
816 2733 1181 2785 sacramenta,
1210 2739 1329 2793 qure
1361 2726 1473 2779 suis
1505 2726 1556 2780 in
1582 2725 1715 2780 locis
1744 2728 2061 2795 exponenda
2089 2736 2237 2782 sunt.
2344 2723 2548 2777 hensns
2581 2737 2704 2776 eum
2752 2722 3002 2777 crederet
3050 2723 3191 2776 scire
3239 2730 3298 2775 ut
3333 2721 3520 2785 Deum.
3546 2733 3651 2789 (11η
3683 2713 3837 2787 Pu”bal

648 2808 824 2865 Porro
849 2815 991 2879 quod
1023 2812 1129 2866 ait:
1168 2811 1422 2882 Magister
1453 2814 1601 2875 dicit,
1642 2827 1844 2885 tempus
1875 2834 2047 2871 meum
2083 2835 2241 2889 prope
2343 2815 2515 2869 latere
2558 2815 2714 2885 quasi
2761 2814 3059 2869 hominem.
3111 2813 3220 2869 Sed
3263 2816 3441 2870 miser
3478 2822 3721 2884 postquam
3750 2807 3836 2861 vidit

650 2909 771 2965 est,
835 2902 974 2972 apud
1016 2913 1064 2956 te
1108 2902 1249 2972 facio
1292 2900 1500 2958 Pascha
1556 2922 1674 2959 cum
1732 2907 2004 2977 discipulis
2065 2911 2191 2963 meis
2222 2951 2237 2975 ,
2343 2907 2732 2963 conscientiam
2760 2922 2914 2962 suam
2945 2906 3112 2964 latere
3153 2923 3259 2964 non
3287 2924 3475 2978 posse,
3505 2906 3652 2963 nimia
3677 2899 3837 2958 infideli-

650 2993 865 3049 videtur
892 2996 1109 3063 quidem
1140 2998 1207 3049 de
1235 3005 1476 3066 tempore
1526 2998 1885 3054 solemnitatis
1909 2999 2132 3056 Pascha:
2161 3001 2241 3056 di-
2345 3006 2455 3053 tate
2491 3007 2754 3064 etecatur;
2807 2998 3009 3055 idcirco
3054 2998 3193 3055 ultra
3238 2999 3599 3070 prmsumpsit,
3638 2994 3705 3049 vel
3728 2990 3837 3046 nimia

651 3092 830 3149 cere?
855 3086 1000 3154 quod
1032 3094 1240 3156 tempus
1273 3103 1377 3145 nou
1408 3103 1565 3143 snum
1616 3097 1848 3155 tantum,
1878 3092 1970 3146 sed
1997 3092 2239 3147 omnium
2345 3090 2708 3160 impudentia,
2763 3090 2975 3147 occulte
3006 3091 3404 3161 deprehensus,
3441 3107 3541 3147 non
3571 3085 3759 3145 erubuit.
3796 3081 3838 3136 Et

650 3188 771 3235 erat
791 3179 1121 3237 Iudaeorum.
1152 3182 1219 3236 Et
1249 3183 1370 3237 ideo
1396 3184 1576 3254 potius
1607 3184 1761 3241 nobis
1790 3186 2039 3257 quamvis
2068 3187 2241 3242 laten-
2268 3238 2311 3257 η
2344 3182 2636 3236 contristati
2659 3180 2807 3236 valde
2827 3192 3086 3252 coeperunt
3109 3182 3313 3253 singuli
3335 3184 3537 3238 dicere:
3564 3174 3836 3248 Ναιιιιιὶάεθο

648 3282 737 3328 ter
766 3270 895 3328 illud
938 3275 1175 3330 insinuat
1213 3283 1424 3345 tempus
1453 3277 1595 3346 quod
1628 3293 1782 3331 suum
1814 3278 2090 3347 proprium
2118 3294 2239 3334 esse
2266 3270 2312 3302 υ
2341 3293 2481 3341 sum,
2528 3274 2784 3330 Domine?
2812 3274 2925 3330 Hoc
2965 3276 3165 3348 quippe
3190 3276 3375 3333 virtus
3425 3285 3507 3331 est
3545 3270 3837 3343 apostolorum.

644 3365 1013 3435 recognoscit,
1038 3365 1261 3437 jamque
1305 3367 1635 3436 proximum,
1666 3366 1885 3438 quando
1908 3368 1975 3422 ad
2015 3370 2115 3423 hoc
2143 3385 2238 3423 ve-
2341 3366 2432 3435 qui
2470 3365 2589 3435 plus
2627 3365 2924 3422 credebant
2957 3367 3140 3422 verbis
3177 3366 3402 3422 Domini
3450 3366 3560 3430 sui,
3594 3376 3724 3433 quam
3754 3370 3838 3411 oon:

647 3466 809 3511 uerat
839 3468 895 3510 ut
928 3466 1223 3526 pateretur.
1257 3457 1325 3512 Et
1369 3459 1471 3513 hoc
1498 3468 1581 3513 est
1610 3468 1823 3530 tempus
1862 3459 1979 3528 ejus
2025 3469 2080 3515 et
2103 3460 2239 3516 hora
2342 3457 2583 3512 scientiae
2614 3471 2744 3511 suae.
2777 3455 3035 3513 Sciebant
3070 3454 3186 3526 iam
3236 3457 3442 3530 singuli
3471 3472 3536 3513 ex
3559 3452 3755 3511 doctrina
3776 3446 3841 3501 09'

646 3562 770 3620 qua:
796 3558 1055 3604 venerat:
1084 3546 1150 3603 Ut
1188 3551 1432 3605 transiret
1466 3551 1530 3605 de
1554 3551 1651 3605 hoc
1688 3551 1883 3605 mundo
1906 3552 1976 3605 ad
1998 3549 2239 3619 Patrem,
2342 3546 2494 3612 mini,
2526 3547 2653 3602 licet
2704 3548 2857 3603 bona:
2903 3548 3250 3604 conscientiae
3314 3557 3515 3611 essent,
3544 3554 3594 3600 et
3618 3539 3760 3599 mundi
3796 3534 3839 3588 ab

647 3642 791 3711 quod
821 3651 904 3696 est
933 3641 1275 3696 verissimum
1306 3640 1513 3698 Pascha
1544 3641 1744 3698 facere.
1791 3641 1905 3697 Hoc
1934 3643 2239 3699 celebratu-
2340 3638 2484 3691 omni
2517 3637 2822 3707 proditione
2852 3638 3118 3709 Magistri,
3150 3640 3306 3710 quod
3359 3637 3647 3696 mortalitas
3677 3632 3838 3688 illiilla“:l

645 3748 740 3789 rus
771 3743 887 3787 erat
915 3748 1040 3789 eum
1070 3747 1137 3788 eo
1169 3734 1238 3788 ad
1266 3748 1426 3803 quem
1462 3734 1713 3790 mittebat
1736 3749 1864 3790 suos
1894 3735 2149 3805 quoniam
2183 3735 2237 3789 in
2342 3742 2618 3797 nunquam
2653 3728 2706 3782 in
2738 3726 2928 3784 eodem
2955 3737 3099 3784 statu
3129 3740 3449 3799 permanet.
3494 3729 3558 3784 Et
3583 3728 3685 3781 ideo
3707 3715 3837 3786 ςῑιιειιιί

648 3839 715 3880 eo
738 3825 980 3879 omnium
1008 3832 1128 3879 erat
1154 3823 1326 3895 ﬁgura
1352 3840 1541 3881 eorum
1569 3825 1660 3895 qui
1689 3826 1756 3880 ad
1788 3825 1934 3880 illam
1958 3824 2237 3880 cmleslem
2341 3814 2694 3873 formidantes
2720 3818 2785 3873 de
2809 3832 2890 3883 se.
2914 3819 3306 3875 considerabat
3334 3818 3686 3890 unusquisque
3713 3818 3839 3866 eorum

648 3913 950 3971 Jerusalem
1006 3923 1133 3969 sunt
1180 3915 1481 3971 ascensuri.
1533 3914 1614 3970 Ad
1652 3930 1813 3989 quem
1868 3915 1970 3971 iste
2007 3916 2234 3980 intrans,
2340 3922 2409 3965 ne
2451 3909 2589 3965 forte
2638 3911 2753 3981 ipse
2780 3919 2946 3967 esset.
2977 3911 3067 3981 qui
3099 3913 3474 3986 prtecognitus
3497 3919 3607 3968 erat
3631 3921 3685 3963 ac
3707 3904 3741 3960 si
3760 3912 3839 3989 ΡΨ

647 4022 759 4063 non
811 4016 992 4063 tamen
1036 4007 1155 4063 sine
1185 4022 1324 4078 aqua
1372 3987 1704 4072 refectionis,
1737 4022 1910 4077 neque
1940 4008 2059 4062 sine
2096 4022 2235 4078 aqua
2339 4004 2502 4059 ditor.
2553 4001 2707 4070 Quod
2734 4002 2781 4057 si
2811 4000 2885 4057 illi
2914 4001 3016 4057 sibi
3043 4002 3181 4057 bene
3210 4004 3426 4059 conscii
3458 4003 3636 4058 timent
3656 4005 3701 4052 et
3719 3987 3840 4049 formi-

647 4100 928 4170 baptismi,
956 4099 1079 4169 quia
1102 4097 1217 4168 jam
1245 4098 1313 4152 de
1339 4098 1486 4153 fonte
1517 4098 1641 4152 vita:
1672 4097 1776 4153 sibi
1806 4095 2062 4154 hauserat
2090 4098 2237 4152 salu-
2340 4099 2473 4155 dant
2496 4098 2652 4169 quasi
2682 4096 2905 4163 inﬁrmi,
2933 4096 3064 4167 quid
3088 4095 3156 4151 de
3192 4098 3362 4155 nobis
3408 4095 3659 4169 agendum
3685 4078 3837 4151 esbi'i

649 4201 782 4256 tem,
830 4190 1092 4247 festinans
1150 4189 1377 4245 introire
1426 4190 1479 4244 in
1526 4188 1837 4254 civitatem,
1886 4189 1977 4243 ubi
2019 4187 2237 4245 Christo
2341 4205 2617 4262 nunquam
2668 4189 3056 4245 conscientiam
3101 4187 3370 4261 perfectae
3420 4184 3693 4261 puritatis,
3725 4184 3843 4244 παιιιε

645 4298 899 4354 magnum
929 4290 1216 4353 paraverat
1244 4280 1585 4336 ctenaculum
1616 4288 1867 4344 stratum,
1901 4278 1989 4333 ubi
2020 4293 2237 4334 accum-
2340 4285 2661 4341 charitatcm
2689 4284 2833 4340 circa
2864 4282 3032 4339 Deum
3061 4282 3374 4355 perfectam
3401 4265 3842 4354 accepimus?0ttod

645 4378 800 4434 heret
846 4374 1103 4447 Magister
1144 4374 1413 4430 veritatis.
1463 4372 1781 4443 Magistrum
1822 4387 1953 4442 ergo
1991 4387 2050 4428 se
2077 4382 2238 4428 vocat
2339 4376 2385 4431 si
2413 4374 2702 4447 Apostolus
2727 4388 2925 4444 corpus
2954 4389 3111 4428 suum
3137 4375 3398 4431 servituti
3427 4372 3654 4443 subjicit,
3676 4380 3730 4422 ne
3751 4360 3843 4415 ίοηῦ

646 4484 712 4528 ex
740 4468 1128 4525 consuetudine
1160 4467 1306 4522 illius
1332 4465 1471 4521 forte
1495 4464 1561 4520 ad
1588 4480 1748 4535 quem
1779 4465 2060 4529 mittebat;
2091 4463 2234 4534 apud
2340 4464 2603 4537 reprobus
2651 4464 2989 4529 inveniatur,
3035 4478 3158 4519 cum
3212 4462 3342 4521 aliis
3405 4463 3652 4537 praedicat
3687 4450 3841 4509 verbum

645 4575 809 4632 queat
847 4559 1012 4615 etiam
1051 4567 1105 4613 et
1131 4557 1340 4612 Pascha
1387 4556 1519 4612 illud
1547 4554 1679 4612 Novi
1712 4555 2045 4613 Testamenti
2095 4553 2235 4611 cele-
2260 4605 2312 4632 η
2340 4556 2574 4613 salutis:
2615 4564 2820 4628 quanto
2865 4555 3039 4625 magis
3087 4554 3288 4612 timere
3336 4570 3443 4612 nos
3489 4556 3701 4626 oportet,
3737 4549 3778 4598 el
3808 4537 3844 4590 ίιι

643 4605 904 4709 ίταιιιινιιε
935 4661 1055 4708 erat
1094 4666 1214 4709 cum
1242 4651 1523 4721 discipulis
1557 4651 1689 4707 suis.
1739 4651 1890 4719 Quod
1927 4650 2066 4706 forte
2096 4659 2234 4706 tem-
2260 4605 2313 4667 Β
2338 4649 2593 4707 omnibus
2618 4605 2721 4705 tios
2746 4648 2857 4704 Deo
2887 4648 3267 4705 committere?
3318 4649 3427 4718 Qui
3455 4605 3587 4717 quos
3610 4636 3792 4716 priescit,
3811 4637 3844 4683 et

644 4724 748 4815 pus
775 4761 929 4802 suum
973 4744 1083 4816 jam
1131 4748 1184 4801 in
1229 4757 1571 4804 sacramento
1600 4746 1815 4803 dicebat
1847 4747 2057 4815 adesse,
2086 4745 2227 4816 quod
2344 4743 2552 4816 1091
2573 4752 2758 4810 vocat;
2787 4752 2841 4799 et
2868 4758 3005 4814 quos
3033 4745 3333 4810 vocaverit,
3365 4742 3491 4801 illos
3517 4750 3571 4797 et
3591 4727 3842 4825 sanctiﬁ-O'U

646 4837 836 4892 eadem
868 4839 956 4893 die
984 4839 1301 4909 espleturus
1327 4848 1449 4894 erat
1469 4838 1683 4910 quando
1715 4838 1964 4894 transivit
1990 4838 2056 4893 ad
2099 4836 2230 4892 illud
2339 4851 2480 4907 quos
2507 4848 2638 4889 vero
2666 4832 3115 4898 sanctiﬁcat-erit,
3142 4832 3265 4889 illos
3301 4843 3360 4890 et
3396 4830 3666 4904 justiﬁcaL
3694 4818 3843 4887 οων

648 4928 884 4999 typicum
914 4928 1136 4983 Pascha.
1190 4928 1255 4983 Et
1304 4929 1423 4983 ideo
1465 4909 1657 4983 domus
1688 4928 1777 4983 illa
1829 4944 1934 4984 non
1976 4930 2229 4985 deorsum
2337 4930 2511 5001 tingit,
2544 4928 2739 4998 inquit,
2772 4943 2973 4981 mecum
3002 4943 3214 4981 manum
3246 4926 3305 4980 in
3338 4920 3679 4997 paropsidem,
3707 4909 3770 4967 δίε
3794 4918 3844 4958 ἰδ

644 5028 785 5083 erat,
812 5021 908 5075 sed
938 5019 991 5074 in
1019 5019 1286 5089 superiori
1338 5019 1640 5075 (cenaculo.
1685 5019 1753 5074 Et
1779 5035 1972 5091 magna
2003 5028 2143 5086 erat,
2170 5028 2230 5074 ut
2340 5021 2547 5085 tradet;
2570 5016 2744 5073 Filius
2771 5017 2980 5089 quidem
3019 5017 3244 5071 hominis
3287 5017 3463 5081 vadit,
3502 5016 3631 5070 sicut
3663 5002 3844 5095 εεήρίπξι

646 5118 865 5179 caperet
889 5108 1073 5166 Jesum
1104 5108 1340 5164 Verbum
1378 5110 1470 5165 Dei
1498 5109 1681 5165 Patris
1722 5120 1776 5166 et
1813 5112 2132 5183 sapientiam
2163 5127 2227 5167 ac
2331 5122 2407 5168 est
2443 5112 2509 5167 de
2539 5110 2653 5165 illo.
2691 5108 2807 5165 Hoc
2841 5109 3039 5181 quippe
3074 5122 3142 5165 ex
3182 5108 3390 5163 indicio
3429 5098 3726 5179 prepheticat
3742 5096 3845 5145 νοαε

643 5204 962 5270 veritatem;
994 5216 1114 5273 quae
1132 5202 1311 5257 outnia
1346 5217 1452 5257 non
1485 5203 1631 5272 capit
1657 5203 1762 5257 nisi
1788 5217 1981 5274 magna
2010 5203 2223 5259 domus.
2332 5201 2486 5267 dicit,
2529 5199 2684 5271 quasi
2730 5198 2937 5253 diceret
2968 5198 3108 5266 :Qui
3154 5199 3455 5254 manducat
3481 5206 3664 5267 panem
3696 5189 3844 5274 meum

642 5291 713 5349 Et
744 5301 806 5348 ut
842 5293 1002 5364 digna
1048 5294 1119 5349 sit
1165 5302 1315 5347 tanto
1363 5308 1637 5357 mansore,
1679 5273 1904 5349 necesse
1944 5302 2027 5349 est
2064 5299 2124 5348 ut
2158 5294 2229 5348 sit
2330 5290 2615 5365 Ampliabit
2656 5290 2932 5346 adversum
2971 5307 3053 5345 me
3094 5290 3580 5362 supplantationem
3618 5273 3760 5356 (Ρηίι

642 5355 930 5453 mundata:
954 5387 1129 5442 nullas
1179 5387 1233 5441 in
1277 5402 1335 5442 se
1365 5386 1574 5442 habens
1604 5355 1827 5441 malitiae
1861 5388 2069 5443 sordes.
2095 5387 2228 5455 Quae
2332 5355 2444 5453 10):
2499 5380 2610 5437 Nec
2657 5381 2823 5453 igitur
2864 5355 3273 5453 disert-pat'l'iic
3322 5393 3525 5435 sensus
3551 5355 3847 5465 abboc

644 5476 1157 5534 domusin’civitate
1194 5476 1491 5533 Jerusalem
1519 5492 1640 5533 esse
1664 5480 1944 5549 probatur,
1977 5479 2029 5533 id
2056 5453 2140 5534 est
2170 5480 2223 5533 in
2330 5473 2445 5526 ait:
2491 5470 2596 5536 Qui
2651 5469 2863 5540 intingit
2919 5485 3133 5524 manum
3185 5485 3394 5524 mecum
3454 5468 3509 5521 in
3565 5453 3845 5537 ρατορδίάιπε

642 5566 904 5624 Ecclesia.
957 5567 1022 5622 Et
1054 5567 1174 5623 ideo
1203 5571 1366 5623 homo
1413 5567 1525 5633 ille,
1561 5548 1767 5623 scilicet
1802 5567 2052 5624 dominus
2081 5567 2223 5624 illius
2329 5566 2414 5618 hic
2439 5580 2518 5619 me
2541 5562 2733 5617 tradet.
2767 5561 2977 5630 Quibus
3003 5561 3182 5619 verbis
3212 5562 3515 5635 discipulos
3542 5553 3684 5629 quasi
3707 5548 3849 5635 libero?

643 5661 873 5727 domus,
936 5661 1052 5717 sine
1118 5662 1334 5715 nomine
1394 5673 1745 5726 monstratur,
1816 5668 1873 5715 ut
1937 5675 2223 5716 commune
2332 5654 2563 5716 relaxat,
2596 5650 2944 5721 dum‘solum
2973 5654 3302 5723 proditorem
3352 5651 3613 5709 declarat.
3642 5639 3729 5712 Qui
3750 5626 3850 5705 qm

647 5750 862 5822 1090
911 5753 982 5807 sit
1027 5751 1276 5805 omnibus
1326 5752 1430 5807 hoc
1489 5753 1803 5823 mysterium
1830 5792 1843 5816 ,
1914 5751 2222 5819 quicunque
2332 5746 2419 5802 alii
2466 5745 2731 5812 fecerunt,
2758 5759 2865 5801 non
2897 5743 3075 5815 potuit
3116 5757 3341 5799 manum
3374 5741 3652 5797 retrahere
3688 5734 3851 5823 ’νενο-

643 5820 859 5895 Christo
897 5857 1088 5911 parare
1113 5840 1298 5895 volunt
1326 5820 1638 5909 hospitium.
1666 5856 1773 5911 quo
1791 5840 2001 5895 Pascha
2048 5854 2077 5893 ο
2113 5838 2214 5894 Do-
2331 5840 2503 5907 pside,
2541 5836 2650 5907 jam
2697 5836 2860 5894 semel
2909 5848 2963 5892 et
3000 5838 3239 5894 secundo
3279 5840 3502 5892 secreto
3542 5820 3848 5904 praemouillﬂi
