4016 6354
566 340 665 400 8N

1389 328 1444 394 8.
1482 336 1841 394 PASCllASll
1881 332 2227 391 RADBER'I‘I
2260 332 2551 389 ABBATIS
2587 331 3038 390 CORBEIENSIS

568 459 664 523 ait,
694 469 818 514 cum
845 454 1142 527 porrigeret
1166 452 1445 524 discipulis
1474 467 1689 522 panem,
1721 449 1834 505 Hoc
1863 458 1938 505 est
1967 464 2154 520 corpus
2182 449 2233 510 Α
2257 446 2325 501 de
2357 444 2553 500 talibus
2604 443 2787 509 rebus,
2820 459 2941 514 quae
2984 444 3162 499 divina
3212 445 3368 503 virtus
3394 462 3617 523 operatur,
3646 461 3718 516 du.

567 566 761 613 meum,
788 555 843 602 et
870 562 975 600 non
1007 545 1149 600 aliud
1178 561 1363 615 quam,
1400 544 1539 615 quod
1577 560 1672 613 pro
1700 542 1842 596 vobis
1885 540 2155 603 tradetur;

566 649 766 698 etcum
795 637 1043 700 calicem,
1084 634 1186 688 Hic
1223 646 1298 690 est
1338 633 1480 688 calix
1521 632 1658 687 Novi
1699 628 2038 694 Testamenti,
2067 629 2156 699 qui

565 746 662 803 pro
712 727 891 783 multis
932 724 1233 796 eﬁ'undetur
1284 727 1339 779 in
1385 723 1743 778 remissionem
1801 729 2152 792 peccatorum.

566 820 805 877 Necdum
836 820 1020 890 itaque
1047 827 1166 873 erat
1196 816 1368 879 fusus.
1399 824 1455 871 et
1486 825 1666 871 tamen
1698 816 1812 884 ipse
1852 814 2158 885 porrigetur

524 926 527 933 '
564 911 621 969 in
647 911 816 967 calice
858 910 1097 982 sanguis,
1130 908 1222 978 qui
1263 908 1569 963 fundendus
1607 915 1746 962 erat.
1775 906 1907 960 Erat
1936 904 2153 975 quidem

561 1004 674 1075 jam
706 1007 759 1059 in
804 1005 994 1067 calice,
1020 1003 1112 1073 qui
1154 1003 1331 1057 adhuc
1372 1011 1552 1056 tamen
1594 999 1900 1056 fundendus
1940 1006 2059 1054 erat
2102 998 2155 1052 in

564 1098 835 1169 pretium;
875 1104 931 1150 et
960 1095 1081 1149 ideo
1111 1094 1224 1164 ipse
1256 1093 1507 1162 idemque
1537 1093 1758 1163 sanguis
1783 1089 1897 1160 jam
1942 1096 2059 1143 erat
2102 1087 2155 1142 in

565 1190 754 1253 calice,
784 1189 876 1259 qui
903 1198 958 1244 et
988 1190 1041 1244 in
1073 1203 1324 1259 corpore,
1350 1188 1487 1242 sicut
1516 1196 1572 1241 et
1600 1201 1798 1257 corpus
1832 1184 1915 1239 vel
1941 1199 2072 1238 caro
2101 1182 2154 1236 in

563 1300 720 1356 pane.
756 1285 885 1339 Erat
911 1293 1091 1338 autem
1125 1284 1337 1354 integer
1362 1282 1612 1338 Christus
1639 1288 1694 1335 et
1731 1295 1929 1350 corpus
1954 1276 2156 1334 Christi

564 1391 749 1429 coram
774 1376 946 1431 oculis
989 1374 1233 1429 omnium
1278 1374 1543 1443 positum;
1587 1387 1794 1426 necnon
1842 1380 1896 1425 et
1938 1366 2158 1439 sanguis

566 1468 620 1521 in
678 1481 937 1537 corpore,
987 1467 1128 1520 sicut
1186 1473 1241 1520 et
1297 1466 1476 1518 adhuc
1532 1464 1691 1518 hodie
1748 1460 2157 1531 integerrimum

569 1557 783 1630 1095
822 1567 907 1612 est
940 1565 996 1612 et
1040 1565 1249 1623 manet,
1286 1558 1375 1626 qui
1406 1571 1536 1611 vere
1566 1557 1798 1610 dabatur
1826 1554 1907 1608 eis
1949 1553 2017 1607 ad
2061 1566 2158 1605 co-

565 1652 913 1716 medendum,
950 1660 1005 1704 et
1041 1650 1109 1704 ad
1140 1650 1453 1716 bibendum,
1484 1652 1537 1703 in
1580 1649 1935 1703 remissionem
1978 1662 2161 1715 pecca-

564 1752 756 1797 torum.
793 1743 949 1797 Dicat
991 1743 1083 1812 qui
1114 1743 1250 1807 vult,
1284 1742 1329 1795 si
1361 1741 1416 1795 in
1448 1741 1553 1795 alio
1581 1741 1762 1810 aliquo
1796 1739 2045 1794 remissio
2075 1744 2161 1791 est

2255 537 2433 593 bietas
2494 534 2788 591 auferenda
2863 544 2989 599 est,
3037 544 3091 590 et
3158 542 3407 596 mactatio
3462 551 3721 608 removenda.

2261 626 2472 698 1095
2513 626 2648 695 Quia
2708 628 2935 682 scientia
2981 642 3165 682 earum
3210 629 3260 683 in
3296 629 3391 687 fide
3416 642 3518 700 est;
3552 640 3659 695 ratio
3689 644 3725 699 in

2255 721 2485 784 virtute;
2533 719 2756 776 effectus
2794 722 2847 774 in
2890 722 3052 777 rebus
3088 729 3199 786 est,
3235 736 3297 776 ex
3331 734 3729 794 potestate;causa

2257 816 2311 869 in
2341 814 2637 870 voluntate.
2669 814 2744 870 Ita
2792 825 2852 870 ut
2896 815 3031 871 nihil
3083 816 3274 870 habeat
3317 814 3462 873 homo
3503 822 3606 890 quid
3638 839 3730 879 coa-

2255 916 2517 977 queratur
2559 907 2625 961 de
2677 906 2903 975 singulis
2970 920 3090 976 quze
3148 907 3278 963 Deus
3323 909 3446 964 dixit
3485 919 3534 964 et
3574 912 3732 968 voluit:

2260 1000 2521 1066 Quoniam
2568 1001 2679 1072 ipse
2728 1002 2862 1054 dixit
2909 1009 2959 1056 et
2988 1001 3130 1070 facta
3172 1012 3306 1067 sunt,
3336 1002 3432 1070 ipse
3463 1005 3674 1057 mandarit
3702 1016 3735 1060 et

2257 1104 2431 1147 creata
2475 1105 2596 1148 sunt
2641 1093 2813 1167 (Psal.
2859 1094 3185 1166 CXLvttt,5),
3218 1104 3273 1149 ut
3318 1095 3487 1149 voluit.
3525 1094 3740 1152 Simillima

2258 1184 2474 1252 quidem
2518 1193 2645 1239 sunt
2683 1193 2737 1238 et
2779 1184 2960 1239 divina
3008 1186 3060 1239 in
3107 1185 3399 1255 hujusmodi
3438 1186 3574 1239 rebus
3610 1202 3740 1241 sacra-

2260 1282 2464 1338 menta,
2490 1291 2609 1344 qua:
2636 1274 2809 1329 salute
2840 1275 3057 1329 humani
3091 1275 3302 1344 generis
3342 1284 3565 1345 aguntur,
3589 1286 3633 1329 et
3653 1292 3745 1344 quo-

2262 1368 2390 1422 tidie
2435 1368 2660 1438 mystice
2704 1368 2757 1422 in
2800 1368 2901 1422 hoc
2946 1368 3206 1440 mysterio
3238 1376 3292 1421 ut
3321 1369 3497 1421 tradita
3529 1378 3742 1439 suntapo-

2261 1460 2416 1516 stolis
2445 1460 2807 1515 celebrantur.
2838 1460 2906 1514 Et
2936 1460 3059 1513 ideo
3094 1459 3147 1513 in
3189 1457 3455 1513 caenaculo
3492 1458 3579 1512 hoc
3604 1460 3749 1527 puclla

2262 1554 2459 1622 agitur,
2487 1553 2613 1622 quia
2653 1553 2754 1607 nisi
2801 1553 2890 1623 qui
2939 1551 3299 1615 ascenderint,
3329 1552 3423 1605 ista
3459 1566 3549 1605 non
3573 1551 3748 1621 capiunt,

2263 1653 2321 1697 ut
2352 1642 2537 1699 bibant
2567 1654 2621 1698 et
2668 1642 2955 1697 comedant
2983 1643 3125 1712 quod
3174 1641 3393 1697 effusum
3423 1652 3512 1703 cst,
3539 1642 3584 1693 in
3619 1643 3752 1695 remis.

2262 1734 2458 1787 sionem
2487 1745 2843 1804 peccatorum,
2871 1745 2923 1788 et
2962 1730 3139 1786 tamen
3173 1733 3428 1803 integrum
3456 1740 3629 1785 manet.
3654 1731 3748 1785 Hiuc

563 1846 933 1905 peccatorum,
979 1844 1142 1905 Quam
1186 1836 1239 1888 in
1278 1833 1511 1889 Christo.
1561 1834 1786 1887 Constat
1830 1846 1981 1901 ergo,
2032 1827 2159 1899 quia
2191 1821 2238 1881 B
2265 1842 2477 1897 quoque
2522 1828 2635 1897 ipsa
2683 1825 2897 1881 Veritas
2933 1842 2946 1879 :
2993 1825 3186 1891 Bibite,
3236 1826 3427 1896 inquit,
3470 1825 3579 1894 quia
3610 1824 3673 1876 hic
3706 1834 3755 1876 est

563 1943 671 1982 non
696 1937 812 1993 est;
845 1937 900 1982 et
931 1928 1058 1997 quia
1092 1928 1144 1981 in
1190 1928 1291 1981 hoc
1320 1942 1546 1995 corpore
1572 1941 1635 1979 ac
1663 1924 1922 1993 sanguine
1967 1920 2158 1976 remis-

562 2018 648 2074 sio
683 2028 768 2071 est
808 2026 1189 2086 peccatorum,
1234 2030 1361 2070 vere
1398 2015 1599 2069 Christi
1641 2031 1770 2068 caro
1809 2022 1894 2068 est
1936 2020 1991 2065 et
2029 2026 2155 2065 san-

570 2110 710 2181 guis.
760 2107 915 2163 Unde
959 2109 1049 2178 qui
1089 2109 1250 2179 digne
1298 2109 1624 2161 manducaut
1667 2116 1721 2159 et
1766 2106 1985 2169 bilzunl,
2031 2117 2158 2157 vere

568 2202 734 2256 vitam
759 2213 1019 2255 aeternam
1048 2202 1378 2254 manducant
1399 2208 1451 2253 et
1476 2200 1684 2260 bibunt,
1717 2207 1770 2250 et
1804 2197 2011 2265 integra
2046 2210 2157 2247 ma-

569 2300 664 2349 net
703 2292 834 2347 vita.
876 2288 944 2347 Et
992 2302 1117 2346 tunc
1161 2293 1264 2346 erit
1304 2291 1598 2360 unicuique
1630 2305 1841 2360 corpus.
1873 2286 2074 2343 Christi
2104 2294 2161 2343 et

565 2383 803 2454 sanguis,
853 2383 995 2448 vita,
1041 2384 1084 2437 si
1118 2383 1257 2453 quod
1303 2383 1358 2437 in
1411 2391 1752 2437 sacramento
1795 2380 2053 2442 sumitur,
2103 2377 2156 2431 in

569 2477 684 2547 ipsa
713 2475 942 2529 veritate
991 2474 1153 2546 (sicut
1197 2474 1485 2544 aliquando
1532 2473 1732 2527 dixisse
1780 2487 1866 2525 me
1914 2466 2157 2536 memini)

566 2567 886 2639 spiritaliter
928 2568 1303 2631 mamlucetur,
1328 2574 1383 2620 et
1414 2565 1732 2635 spiritaliter
1754 2563 1988 2618 bibatur.
2022 2561 2159 2629 Quia

567 2659 710 2714 sicut
747 2658 881 2714 dicit
926 2658 1238 2729 Apostolus,
1284 2672 1414 2712 caro
1472 2655 1607 2710 nihil
1659 2654 1914 2725 prodest,
1956 2660 2160 2723 quanto

571 2750 741 2822 magis
776 2750 933 2819 panis
957 2750 1075 2804 sine
1116 2750 1332 2819 spiritu,
1362 2748 1453 2818 qui
1499 2748 1762 2811 cernitur,
1803 2746 1897 2801 sed
1931 2742 2157 2814 Spiritus

565 2849 640 2894 est
680 2841 770 2910 qui
805 2839 1028 2908 riviﬁcat
1072 2838 1159 2910 (11
1200 2838 1324 2894 Cor.
1351 2855 1445 2903 ιιι,
1486 2840 1563 2910 6).
1618 2838 1743 2893 llzec
1794 2838 1996 2892 idcirco
2037 2851 2160 2906 pro-

567 2930 728 2986 lixius
772 2931 1026 2995 dixerim,
1066 2940 1124 2985 ct
1164 2932 1496 3002 expressius,
1523 2932 1649 3001 quia
1679 2930 1857 2984 audivi
1896 2930 2156 2999 quosdam

570 3034 660 3077 tne
711 3021 1107 3090 reprehendere
1151 3022 1305 3090 quasi
1346 3037 1445 3091 ego
1486 3023 1536 3075 in
1577 3036 1643 3076 eo
1691 3021 1828 3075 libro
1884 3035 2045 3091 quem
2091 3017 2159 3071 de

571 3112 943 3169 Sacramentis
972 3113 1244 3168 edideram
1269 3111 1491 3177 Christi,
1517 3112 1719 3182 aliquid
1749 3113 1831 3166 his
1857 3113 2014 3167 dictis
2041 3110 2158 3180 plus

577 3204 819 3259 tribuere
858 3204 1154 3269 voluerim,
1185 3218 1346 3273 quam
1392 3204 1504 3274 ipsa
1552 3205 1877 3274 repromittit
1927 3202 2156 3267 Veritas,
2185 3187 2234 3254 C

571 3296 828 3352 timentes
874 3294 1050 3362 forte,
1103 3297 1244 3365 quod
1294 3296 1395 3366 ipsi
1444 3304 1572 3351 tunc
1627 3296 1920 3350 timuerunt
1966 3295 2161 3365 quibus

571 3387 916 3459 loquebatur,
947 3397 1130 3459 partes
1178 3386 1356 3443 facere
1388 3386 1671 3453 voluerim,
1697 3396 1753 3442 et
1782 3388 1898 3457 ejus
1928 3402 2023 3457 per
2052 3387 2163 3440 sin-

572 3480 730 3551 gulos
764 3481 1016 3535 'memhra
1047 3478 1286 3534 dividere
1326 3481 1567 3543 concisa,
1611 3481 1690 3535 vel
1736 3481 2039 3550 dispertita,
2085 3478 2162 3534 si-

573 3572 686 3627 cuti
720 3570 793 3625 illi
829 3580 955 3627 tunc
983 3579 1244 3640 putarunt
1273 3571 1363 3639 qui
1408 3569 1763 3625 scandalizati
1795 3570 2071 3633 dicuntur,
2107 3578 2162 3624 et

571 3663 824 3719 abierunt
872 3672 1190 3719 retrorsum.
1236 3662 1443 3729 Quilms
1485 3660 1732 3715 SaIVator
1765 3660 1882 3714 ait:
1922 3658 2040 3714 Hoc
2072 3676 2160 3715 vos

575 3756 946 3813 scandalizat?
980 3755 1043 3812 Si
1085 3756 1317 3811 videritis
1356 3755 1525 3824 [ilium
1548 3755 1773 3808 hominis
1799 3754 2159 3808 ascendentem

573 3852 661 3906 ubi
692 3860 805 3905 erat
855 3852 1000 3920 prius
1031 3849 1214 3920 (Joan.
1238 3865 1292 3905 vr
1312 3890 1326 3914 ,
1359 3849 1448 3914 62,
1479 3848 1591 3918 63).
1632 3849 1709 3903 Ac
1733 3848 1776 3903 si
1819 3849 2025 3903 diceret
2055 3866 2066 3901 :
2099 3847 2160 3903 Si

577 3943 682 3996 hoc
714 3940 1016 4011 intelligere
1040 3943 1294 4013 possetis,
1323 3941 1537 3997 sciretis
1560 3941 1765 4011 utique,
1790 3941 1931 4011 quod
1960 3941 2049 4010 qui
2082 3940 2162 3995 in-

578 4047 729 4105 teger
756 4036 1049 4092 ascendere
1075 4042 1254 4105 potest
1282 4034 1370 4090 ubi
1398 4042 1517 4089 erat
1545 4035 1716 4104 prius,
1743 4049 1881 4088 unus
1912 4034 2163 4103 idemque

576 4125 845 4190 Christus,
879 4126 1126 4181 consumi
1172 4140 1276 4180 non
1309 4134 1488 4194 potest
1513 4141 1609 4195 per
1637 4133 1840 4194 partes,
1871 4139 1969 4179 nec
1997 4124 2161 4178 dividi

577 4217 845 4274 dentibus.
890 4216 1004 4273 Hoc
1045 4217 1244 4286 quippe
1294 4216 1475 4271 videre
1528 4216 1754 4271 multum
1797 4226 1898 4283 εει,
1943 4217 2067 4286 quia
2110 4217 2162 4271 in

577 4311 770 4380 spiritu
813 4320 929 4376 est;
981 4310 1459 4381 hoc'cognoscere
1505 4311 1587 4366 vel
1617 4311 1861 4377 credere,
1895 4314 2163 4383 quomodo

579 4419 719 4458 unus
761 4404 1008 4459 Christus
1058 4405 1366 4459 ascenderit
1410 4405 1550 4463 [ilius
1615 4406 1867 4469 hominis,
1917 4407 2005 4460 ubi
2052 4418 2163 4460 erat

576 4494 757 4564 prius;
788 4494 912 4563 quis
950 4494 1053 4549 hoc
1098 4509 1259 4549 sensu
1287 4495 1557 4565 explicat?
1594 4495 1658 4550 Et
1705 4497 1848 4566 quod
1883 4497 2163 4553 descendit

578 4590 644 4643 de
688 4590 849 4653 cmlo,
897 4589 1041 4658 ﬁlius
1082 4591 1307 4644 hominis
1352 4564 1440 4659 qui
1479 4600 1558 4645 est
1598 4593 1651 4645 in
1683 4564 1808 4645 caelo
1856 4590 2035 4665 (Joan.
2074 4607 2156 4655 ιιι,
2185 4564 2240 4626 D

580 4680 691 4748 l5).
727 4696 849 4749 qua:
890 4682 990 4735 hoc
1037 4681 1175 4734 ratio
1202 4680 1382 4751 capit?
1407 4676 1622 4736 Necnon
1650 4691 1704 4737 et
1730 4683 1896 4751 quod,
1939 4681 2159 4736 Verbum

578 4786 702 4825 caro
741 4771 938 4839 factum
982 4781 1057 4824 est
1109 4770 1291 4841 (Joan.
1322 4788 1371 4836 ι,
1403 4773 1509 4843 li),
1541 4788 1663 4843 quae
1710 4775 1810 4830 hoc
1842 4776 2004 4829 verba
2051 4774 2162 4827 elo-

578 4868 930 4933 quuntur,ut
966 4866 1121 4932 quod
1156 4865 1597 4923 incommutabile
1638 4874 1741 4931 est,
1786 4866 1985 4921 factum
2019 4867 2166 4921 dica-

580 4958 688 5006 tur.
725 4951 840 5017 Vel,
877 4968 985 5022 quo
1032 4954 1209 5017 modo,
1243 4956 1334 5023 qui
1373 4956 1534 5010 homo
1556 4966 1694 5023 erat,
1725 4956 1866 5011 illius
1909 4958 2162 5021 hominis,

581 5042 635 5097 in
667 5053 864 5099 terram
890 5056 1072 5101 coram
1095 5046 1266 5100 oculis
1300 5060 1486 5101 eorum
1517 5049 1747 5118 positus,
1779 5048 1832 5103 in
1862 5050 2015 5104 caelis
2044 5062 2164 5104 esse

579 5135 825 5191 dicatur?
863 5135 1144 5201 Quomodo
1191 5153 1322 5208 ergo
1368 5138 1437 5193 de
1463 5140 1615 5193 oculis
1656 5142 1824 5206 venit,
1857 5142 1998 5195 unde
2028 5158 2163 5195 nun-

580 5239 742 5294 quam
786 5224 999 5280 abfuit?
1041 5226 1296 5282 Ascendit
1340 5230 1693 5293 descendens,
1742 5232 1868 5300 quia
1917 5232 1970 5284 in
2017 5231 2163 5285 nullo

582 5317 868 5372 resolvitur
906 5317 1172 5374 Christus.
1205 5320 1299 5375 Est
1340 5321 1431 5390 qui
1478 5330 1633 5386 erat,
1663 5331 1719 5375 et
1757 5323 1898 5391 quod
1928 5330 2010 5377 est
2054 5340 2159 5377 non

580 5417 718 5462 erat.
748 5409 804 5464 lu
834 5412 1097 5483 omnibus,
1114 5416 1246 5485 ergo
1274 5414 1413 5479 istis,
1441 5423 1497 5470 et
1522 5415 1573 5469 in
1601 5412 1721 5472 aliis
1744 5418 2161 5487 quamplurimis

580 5496 713 5554 locis
741 5503 955 5557 excedit
985 5502 1251 5559 humanas
1296 5517 1502 5562 mentes
1529 5506 1709 5562 divina
1751 5517 2023 5579 potestas;
2067 5525 2165 5566 nec

579 5590 822 5660 subiacet
859 5593 1112 5652 humanis
1154 5598 1401 5653 sensibus
1432 5600 1568 5653 ratio
1594 5594 1837 5655 caelestis
1857 5609 1912 5656 et
1960 5602 2161 5657 divina.

580 5680 717 5748 Quia
749 5695 940 5743 natura
972 5687 1192 5745 inferior
1218 5705 1435 5746 causam
1462 5702 1517 5746 et
1553 5695 1816 5749 rationem
1846 5704 2052 5749 natum
2082 5711 2172 5765 po-

586 5774 1127 5855 ιίοηξεει-Ᾱ-ιη-ιῃειιεεε
1165 5796 1270 5837 non
1303 5785 1459 5852 capit
1484 5800 1585 5839 nec
1618 5786 1887 5858 intelligit.
1937 5787 2000 5842 Et
2047 5788 2169 5843 ideo

792 5846 891 5854 -r-.—
904 5848 982 5855 -ε-
1016 5854 1019 5855 ,

2261 1922 2476 1992 sanguis
2506 1938 2670 1985 meus,
2698 1922 2787 1990 qui
2816 1937 2908 1987 pro
2940 1920 3119 1973 multis
3157 1920 3448 1991 effundatur
3477 1919 3524 1971 in
3561 1916 3754 1970 remissio-

2263 2029 2376 2067 nem
2405 2023 2735 2083 peccatorum
2771 2012 3033 2067 omnium.
3071 2011 3227 2079 Quod
3272 2014 3313 2065 si
3357 2009 3538 2064 effusus
3573 2018 3639 2063 est
3663 2009 3755 2077 jam,

2267 2107 2538 2176 quomodo
2575 2122 2715 2161 nunc
2760 2122 2949 2160 rursus
2995 2104 3325 2160 effunditur?
3371 2104 3432 2158 Et
3460 2104 3498 2158 si
3539 2117 3645 2158 caro
3675 2117 3761 2154 con-

2263 2212 2472 2271 sumpta
2488 2211 2591 2256 est.
2607 2202 2878 2272 quomodo
2900 2200 3076 2254 adhuc
3100 2208 3283 2254 manet
3303 2202 3496 2271 integra
3518 2208 3566 2253 et
3584 2195 3762 2252 voratur?

2262 2290 2401 2346 Ecce
2438 2292 2582 2361 quod
2634 2291 2834 2345 hibitur
2884 2291 3126 2360 quotidie
3154 2300 3213 2345 ct
3252 2289 3554 2352 effunditur;
3593 2298 3637 2342 et
3668 2285 3765 2356 quod

2262 2382 2429 2437 semel
2463 2383 2796 2437 immolatum
2828 2391 2933 2446 cst,
2963 2383 3141 2437 adhuc
3172 2382 3333 2437 hodie
3370 2380 3669 2441 immolatur;
3692 2390 3764 2429 non

2262 2487 2391 2543 ergo
2419 2472 2747 2537 immolatur,
2793 2471 2895 2525 nisi
2924 2472 3067 2541 quod
3112 2472 3298 2527 vivum
3341 2480 3437 2526 est.
3469 2470 3649 2523 Bibitur
3682 2466 3765 2536 qui-

2263 2564 2383 2619 dem
2428 2565 2480 2619 in
2528 2565 2901 2619 remissionem
2947 2574 3322 2636 peccatorum,
3367 2572 3419 2619 et
3445 2562 3704 2620 cil'uuditur.
3728 2557 3768 2613 Si

2263 2666 2443 2713 autem
2487 2660 2684 2729 qumvis
2726 2658 2999 2728 quomodo
3041 2657 3358 2724 eﬂ‘uuditur,
3384 2665 3439 2712 ut
3469 2665 3653 2712 maneat
3672 2651 3771 2723 quod

2261 2748 2489 2805 effusum
2532 2751 2648 2804 est?
2692 2748 2934 2822 lntellige
2960 2750 3236 2819 quomodo
3262 2749 3500 2804 Charitas
3527 2746 3608 2800 Dei
3629 2743 3771 2813 dimisi

2262 2849 2337 2895 est
2382 2840 2435 2893 in
2478 2839 2723 2894 cordibus
2768 2841 2960 2895 nostris
3009 2839 3192 2913 (Rom.
3233 2856 3285 2906 v,
3312 2840 3388 2908 5),
3434 2850 3483 2894 ει
3524 2835 3775 2892 manetzsic

2262 2930 2402 2988 forte
2431 2931 2632 3001 poteris
2675 2945 3026 3002 c0gnoscere,
3071 2930 3219 3001 quod
3266 2928 3526 2985 ineffabile
3563 2935 3633 2982 est
3668 2921 3776 2993 quid.

2261 3021 2391 3091 quid
2437 3021 2667 3091 Spiritus
2704 3031 2925 3077 sanctus
2970 3030 3255 3092 operatur.
3288 3021 3356 3075 Et
3398 3021 3441 3076 si
3473 3018 3679 3074 Charitas
3715 3012 3778 3067 Dei

2263 3110 2454 3166 diffusa
2483 3120 2566 3166 est
2595 3112 2645 3165 in
2676 3125 2734 3166 se
2769 3127 3013 3174 manens,
3040 3128 3167 3167 vere
3218 3111 3437 3182 sanguis
3482 3107 3600 3163 Novi
3639 3104 3778 3159 Testa-

2266 3206 2427 3260 menti
2461 3205 2551 3259 Dei
2583 3205 2900 3261 diffunditur
2943 3207 3235 3262 admodum
3268 3207 3321 3262 in
3352 3205 3589 3262 cordibus
3612 3198 3777 3257 nostris.

2266 3298 2318 3353 in
2348 3298 2714 3352 remissionem
2745 3308 3118 3369 peccatorum;
3147 3313 3261 3370 quo
3287 3297 3476 3365 eﬂuso,
3506 3294 3780 3351 remittuntur

2265 3389 2318 3443 in
2348 3404 2414 3443 eo
2455 3399 2677 3459 peccata
2726 3399 2931 3444 nostra.
2965 3390 3238 3458 Quoniam
3272 3393 3388 3462 ipse
3433 3385 3647 3459 pontifex
3671 3380 3783 3437 Clui-

2264 3489 2379 3533 stus
2424 3490 2506 3534 est
2548 3479 2638 3549 qui
2690 3482 2918 3552 porrigit
2964 3482 3120 3536 nobis
3154 3482 3306 3537 hunc
3351 3495 3558 3553 panem,
3584 3484 3783 3541 suumque

2265 3585 2479 3640 corpus,
2506 3579 2559 3625 et
2591 3570 2815 3626 effundit
2844 3572 2985 3628 hunc
3026 3573 3290 3640 calicem;
3327 3589 3432 3630 non
3465 3571 3597 3627 enim
3620 3560 3787 3621 discedit

2266 3665 2334 3717 ab
2362 3660 2537 3718 olﬁcio
2560 3678 2679 3719 suo.
2706 3663 2773 3718 Et
2801 3664 2845 3719 si
2874 3640 3055 3720 mau.et
3084 3666 3139 3720 in
3169 3666 3352 3729 nobis,
3384 3663 3515 3720 bibit
3540 3674 3645 3716 eum
3670 3654 3786 3720 etiam

2268 3756 2383 3824 ipse
2417 3755 2697 3809 nobiscum
2728 3771 2962 3818 novum;
3006 3766 3062 3812 et
3088 3759 3237 3829 quod
3282 3766 3367 3814 est
3397 3757 3449 3811 in
3482 3762 3585 3811 toto
3618 3760 3788 3818 corpore

2266 3862 2386 3911 suo,
2418 3855 2474 3901 et
2516 3847 2568 3900 in
2617 3848 2869 3903 omnibus
2898 3848 3086 3913 nobis,
3134 3849 3263 3918 quia
3301 3849 3421 3904 sine
3460 3861 3522 3903 eo
3564 3845 3707 3914 ipsum
3729 3850 3790 3890 su-

2266 3952 2415 3994 mere
2451 3953 2555 3993 non
2609 3953 2923 4009 possumus,
2975 3955 3149 4011 neque
3195 3943 3265 3996 de
3302 3957 3444 4014 pane
3491 3938 3577 3993 illo
3620 3928 3793 3988 mandu-

2266 4044 2411 4095 care,
2443 4029 2524 4085 vel
2555 4030 2722 4085 calice
2753 4030 2955 4087 bibere.
2990 4031 3101 4088 Nec
3132 4034 3355 4089 mireris
3381 4032 3565 4095 frater,
3592 4026 3669 4097 qui
3693 4021 3792 4076 Ῑοτίε

2267 4122 2368 4177 ista
2402 4137 2507 4176 non
2534 4123 2730 4189 credis,
2762 4125 2887 4194 quia
2925 4140 3031 4179 non
3077 4134 3265 4182 nostra
3309 4134 3437 4182 sunt
3461 4139 3574 4194 qum
3602 4118 3791 4175 dicimus.

2265 4212 2618 4286 Omnipotens
2648 4225 2732 4272 est
2766 4220 2911 4273 enim
2958 4217 3055 4273 Dei
3084 4220 3315 4274 verbum
3346 4231 3404 4275 et
3432 4217 3610 4272 efIlcax
3640 4210 3694 4265 ad
3714 4220 3795 4261 om-

2266 4307 2356 4360 nia
2409 4322 2530 4377 quae
2576 4307 2724 4373 vult,
2783 4310 3079 4364 secundum
3139 4311 3544 4367 multitudinem
3597 4306 3797 4361 virtutum

2266 4414 2506 4464 suarum,
2536 4396 2660 4456 cum
2693 4403 2763 4457 sit
2800 4403 2915 4472 ipse
2946 4419 3107 4469 unus,
3137 4407 3391 4460 omnium
3443 4406 3677 4458 virtutum
3718 4394 3798 4446 Vir;

2268 4503 2375 4549 tus.
2413 4494 2578 4565 Cujus
2622 4497 2787 4551 verba
2833 4512 2940 4552 non
2974 4497 3222 4568 alicujus,
3271 4514 3440 4569 quam
3464 4496 3625 4551 ~llllllls
3662 4484 3800 4545 vorbi.

2265 4586 2407 4657 quod
2439 4587 2553 4658 ipse
2580 4597 2682 4653 est,
2729 4597 2857 4644 sunt
2886 4592 3072 4644 verba.
3102 4582 3168 4645 Et
3198 4592 3326 4646 ideo
3366 4591 3521 4662 plena
3550 4593 3659 4642 sunt
3700 4575 3801 4632 veri-

2266 4689 2397 4744 tate,
2437 4678 2563 4749 quia
2596 4677 2825 4750 Spiritus
2871 4689 2918 4736 et
2949 4682 3055 4735 vita
3094 4692 3217 4736 sunt
3256 4683 3447 4753 (Joan.
3475 4695 3590 4743 un,
3618 4676 3805 4744 63).!”c

2267 4773 2467 4828 habent
2514 4772 2659 4827 aliud
2704 4774 2756 4828 in
2787 4788 2845 4829 se
2883 4784 3082 4845 praeter
3114 4776 3258 4845 quod
3315 4778 3435 4845 ipsa
3478 4788 3571 4845 per
3594 4785 3646 4825 se
3683 4759 3805 4835 pro“-

2269 4873 2413 4919 tetur
2442 4864 2673 4927 Veritas,
2706 4863 2959 4935 Accipite,
2992 4868 3185 4937 inquit,
3215 4869 3316 4921 hoc
3345 4877 3425 4922 est
3455 4881 3634 4935 corpus
3661 4870 3806 4915 meum.

2270 4954 2335 5011 Et
2363 4955 2428 5009 de
2458 4956 2667 5009 calice:
2704 4954 2807 5010 Hic
2838 4966 2912 5011 est
2953 4958 3097 5012 enim
3135 4960 3358 5029 sanguis
3400 4975 3564 5031 meus.
3604 4950 3809 5008 Poterant

2267 5046 2410 5100 ellim
2450 5046 2665 5118 1096
2706 5047 2954 5117 apostoli,
2987 5057 3114 5103 tunc
3148 5050 3191 5105 si
3223 5065 3335 5105 non
3369 5050 3650 5105 crederent
3687 5038 3810 5093 veri!

2267 5138 2392 5192 vitae
2416 5147 2470 5191 et
2516 5140 2777 5205 veritatis,
2826 5141 3173 5209 respondere,
3203 5140 3288 5196 vel
3318 5154 3567 5212 quaerere
3594 5126 3812 5207 quomodo

2266 5228 2421 5296 panis
2449 5227 2537 5281 ille
2562 5237 2616 5282 et
2639 5228 2780 5283 calix
2810 5229 2918 5283 vini
2950 5244 3147 5301 corpus
3168 5240 3223 5286 et
3246 5232 3479 5304 sanguis
3503 5234 3670 5285 essent
3694 5216 3815 5278 Cllfl‘

2266 5321 2357 5384 sti,
2384 5336 2504 5374 cum
2534 5322 2648 5390 ipse
2674 5322 2885 5393 integer
2912 5322 3162 5379 Christus
3196 5326 3247 5381 in
3278 5339 3517 5396 corpore
3544 5337 3636 5378 suo
3671 5325 3813 5371 coram

2265 5412 2437 5467 oculis
2465 5429 2653 5468 eorum
2700 5423 2836 5469 erat.
2869 5416 2976 5470 Sed
3005 5417 3128 5485 quia
3161 5417 3522 5473 crediderunt
3546 5411 3677 5485 quod
3703 5406 3818 5463 dixe-

2270 5516 2354 5561 rat
2405 5509 2620 5564 silentio
2667 5510 3018 5575 confitentur,
3066 5521 3121 5566 et
3151 5512 3431 5584 accipiunt
3480 5512 3548 5566 ab
3586 5509 3690 5578 ipso
3725 5513 3818 5571 ⁸1³³³

2272 5601 2428 5655 nobis
2473 5610 2655 5671 postea
2708 5603 3066 5657 tradiderunt.
3110 5602 3482 5658 Tradidernnt
3528 5609 3696 5655 autem
3737 5605 3819 5646 n0“

2274 5694 2459 5759 aliam,
2495 5710 2653 5764 quam
2700 5697 2870 5765 ipsam
2901 5697 3256 5768 eamdemque
3284 5711 3530 5759 orenam,
3558 5704 3705 5763 quant
3743 5678 3821 5752 illsi

2276 5794 2403 5841 tunc
2452 5790 2915 5844 manducaverunt
2957 5796 3012 5844 et
3060 5789 3333 5845 biberunt.
3389 5786 3548 5844 Unde
3578 5780 3689 5837 volo
3728 5785 3823 5846 lle"
