4016 6354
117 408 203 464 893
300 448 305 453 ι
840 400 1204 459 EXPOSITIO
1242 398 1310 457 ιΝ
1350 395 1678 454 ΜΑΤἸἮιΕι

1785 440 1788 450 .
1825 429 1898 441 -
1936 399 2061 489 LIB.
2104 400 2218 471 XII,
2254 400 2407 460 CAP.
2447 401 2633 459 XXVI.

3262 406 3364 463 891

115 516 290 588 pendat
331 512 502 568 lidelis
532 510 765 574 aniuius,
795 511 924 580 quid
973 512 1190 567 intersit
1232 512 1375 567 inter
1418 507 1551 565 illud
1598 515 1684 579 ty-
1710 510 1757 570 Α
1787 519 1847 566 ιιι
1872 524 2031 569 verus
2053 514 2274 582 sanguis
2299 514 2575 579 credatur,
2600 516 2706 582 Qui
2734 518 2933 586 elusus
2962 528 3039 574 est
3066 536 3162 591 pro
3185 518 3366 585 luitis

114 613 267 682 picum
292 607 519 678 pascha,
547 620 657 676 quo
700 619 872 676 agnus
919 604 1228 659 immolatus
1249 611 1336 660 est
1382 604 1435 659 in
1480 601 1668 657 eadem

114 717 244 760 caena
283 707 337 756 et
385 706 679 762 comestus,
712 710 922 753 necnon
951 705 1007 752 et
1037 696 1179 751 inter
1208 696 1373 760 istud,
1411 693 1555 766 quod
1592 708 1675 749 se-

114 795 320 853 cundum
352 792 600 848 ordinem
630 790 1022 846 Melchisedech
1060 790 1111 844 in
1140 804 1277 859 pane
1312 798 1368 843 et
1392 788 1519 842 vino
1546 800 1674 841 con-

115 890 241 942 tinuo
277 884 603 941 celebratur.
651 884 727 938 De
764 898 873 953 quo
899 882 1277 939 saneoPascha
1320 882 1457 936 dixit
1485 879 1676 935 eadem

116 980 225 1033 hora
254 974 503 1031 omnibus
528 970 645 1028 'suiii
671 991 684 1026 :
715 972 983 1027 Desiderio
1022 972 1315 1026 desideravi
1346 973 1443 1025 hac
1479 969 1675 1040 pascha

115 1068 406 1122 manducare
430 1067 694 1120 uobiscum
715 1076 994 1136 antequam
1016 1064 1191 1135 patiar
1217 1062 1368 1131 (Luc.
1397 1078 1533 1126 xxu,
1561 1062 1672 1135 15).

114 1160 244 1229 Quod
270 1160 313 1216 si
364 1159 439 1214 nil
487 1158 722 1228 amplius
757 1158 920 1212 habet
952 1157 1056 1212 hoc
1104 1155 1451 1226 mysterium,
1481 1162 1678 1224 praeter

117 1254 312 1322 ﬁguram
358 1249 604 1320 corporis
647 1256 704 1303 et
751 1247 1030 1319 sanguinis
1076 1246 1313 1310 Christi,
1355 1254 1409 1301 et
1439 1261 1545 1300 non
1576 1245 1679 1300 hoc

115 1358 184 1403 ast
217 1345 349 1415 quod
378 1346 493 1415 ipse
522 1344 681 1409 dixit,
724 1344 853 1414 quid
898 1357 1121 1397 necesse
1160 1342 1349 1396 habuit
1382 1342 1580 1397 iterare
1623 1341 1677 1396 in

116 1438 257 1501 iacto,
300 1438 426 1506 quia
472 1435 589 1503 jam
638 1435 744 1489 hoc
787 1443 960 1489 totum
1009 1432 1411 1504 prmliguratum
1456 1440 1574 1487 erat
1621 1431 1676 1485 in

116 1530 265 1599 agno?
295 1527 449 1583 Unde
474 1525 741 1581 et‘Lucas
777 1526 917 1580 duos
954 1526 1151 1579 calices
1181 1525 1337 1579 datos
1372 1539 1490 1579 esse
1517 1523 1674 1578 disci-

116 1621 233 1689 pulis
266 1621 314 1673 in
350 1620 544 1674 eadem
596 1631 787 1682 creua,
838 1625 1263 1681 commemorat;
1314 1631 1479 1670 unmn
1528 1614 1678 1683 prius

118 1719 212 1779 past
238 1709 353 1781 agni
384 1707 798 1774 comestionem,
826 1716 1116 1777 antequam
1157 1722 1349 1777 panem
1386 1704 1675 1775 acciperet,

117 1804 252 1858 alium
288 1818 419 1859 vero
471 1812 760 1873 postquam
810 1802 1084 1857 benedixit
1132 1801 1306 1873 ipsum
1352 1816 1581 1872 panem,
1614 1816 1678 1856 ac

114 1894 248 1965 fregit
265 1905 319 1950 et
355 1896 508 1949 dedit
536 1894 814 1964 discipulis
842 1895 975 1949 suis.

170 1985 436 2050 Similiter,
484 1984 691 2054 inquit,
736 1994 1012 2055 postquam
1059 1984 1276 2038 cmaavit
1314 1983 1532 2037 dicens:
1572 1980 1675 2037 Hic

1775 603 1831 656 in
1870 604 2225 660 missionem
2251 612 2605 676 peccatorum.
2633 606 2741 662 Pro
2765 608 2949 665 multis
2978 608 3216 679 quidem,
3271 611 3365 669 sed

1778 704 1883 750 non
1912 708 2011 762 pro
2029 695 2299 760 omnibus,
2347 696 2475 764 quia
2508 712 2613 751 non
2646 712 2836 753 omnes
2884 700 3144 757 ohediunt
3178 701 3363 758 Evan-

1778 785 1940 856 gelio,
1972 798 2147 856 neque
2184 789 2415 843 credunt
2451 788 2505 843 in
2532 804 2676 844 eum.
2710 788 3095 848 Verumtamen
3120 808 3151 847 a
3182 792 3368 851 multis

1780 879 2056 948 quaeritur,
2085 881 2176 950 qui
2219 896 2326 937 non
2371 881 2673 952 simplicem
2720 894 3023 953 sequuntur
3060 886 3367 959 intelligen-

1781 972 1932 1038 tiam,
1958 973 1988 1027 ἐι
2010 990 2125 1043 quo
2148 972 2309 1029 Jesus
2339 975 2612 1045 acceperit
2658 975 2800 1031 hunc
2836 990 3050 1047 panem,
3088 978 3172 1033 vel
3224 980 3370 1049 hunc

1778 1065 2038 1119 calicem?
2062 1064 2200 1132 Quia
2231 1066 2431 1120 dicitur
2452 1068 2754 1137 accepisse.
2783 1068 2898 1123 Non
2926 1069 3070 1124 enim
3097 1069 3371 1125 aestimant

1780 1156 1860 1211 sic
1874 1156 2045 1226 accipi
2072 1166 2325 1227 oportere
2346 1158 2500 1227 quasi
2518 1159 2814 1223 carnaliter
2837 1160 3179 1224 dicatur,sed
3203 1161 3367 1217 altius

1781 1247 1912 1302 illud
1938 1261 2212 1318 exponere
2260 1258 2549 1314 conantur,
2598 1265 2664 1306 ac
2704 1250 2805 1305 sia
2836 1251 2945 1306 Deo
2974 1251 3153 1316 Patre,
3203 1268 3231 1306 a
3264 1267 3371 1322 quo

1780 1339 1943 1394 habet
1969 1334 2173 1394 omnia.
2219 1339 2372 1407 Quod
2407 1350 2534 1396 ante
2576 1341 2793 1411 accipit,
2824 1344 3032 1413 gratias
3059 1356 3245 1415 agens,
3276 1345 3368 1399 dat

1780 1426 1880 1493 eis,
1912 1428 2004 1497 qui
2037 1428 2186 1498 digni
2218 1437 2342 1484 sunt
2388 1446 2419 1483 a
2452 1430 2563 1485 Deo
2590 1432 2837 1502 accipere
2891 1448 3085 1503 panem
3128 1434 3275 1490 hunc
3317 1442 3374 1488 et

1780 1519 2027 1574 calicem.
2074 1521 2229 1577 Unde
2254 1521 2493 1577 Joannes
2523 1524 2602 1579 ait
2631 1524 2684 1579 in
2726 1538 2827 1579 suo
2852 1526 3145 1596 Evangelio
3168 1527 3371 1583 dixisse

1782 1611 2089 1678 Dominum,
2114 1630 2218 1668 non
2252 1613 2457 1685 Moyses
2494 1615 2636 1669 dedit
2664 1616 2805 1671 vobis
2848 1634 3055 1687 panem,
3083 1621 3172 1673 sed
3216 1619 3373 1673 Pater

1782 1721 1923 1758 meus
1950 1704 2038 1758 dat
2062 1706 2199 1760 vobis
2222 1722 2408 1775 panem
2439 1707 2504 1761 de
2530 1708 2655 1761 casia
2684 1724 2859 1763 verum
2897 1709 3080 1779 (Joau.
3120 1724 3193 1775 vr,
3240 1709 3366 1781 53);

1787 1811 1949 1864 quem
1968 1798 2213 1867 profecto
2238 1812 2430 1869 panem
2458 1802 2733 1870 accipiens
2749 1802 3002 1858 Salvator
3030 1819 3058 1856 a
3083 1803 3263 1868 Patre,
3281 1806 3373 1860 dat

1705 1876 1755 1939 Β
1780 1888 1859 1943 eis
1891 1889 1984 1958 qui
2027 1904 2209 1944 secum
2245 1892 2447 1959 pariter
2485 1906 2697 1947 caenam
2748 1904 2915 1960 agunt
2957 1895 3140 1964 digne,
3196 1904 3253 1948 ut
3302 1896 3375 1952 sit

1776 1978 1930 2049 juxta
1954 1977 2179 2034 Paulum
2207 1982 2534 2050 apostolum,
2562 1984 2739 2047 nobis,
2772 1984 3103 2041 Dominicam
3141 1987 3372 2041 mandu-

113 2078 229 2131 ταὼς
262 2095 450 2132 novum
485 2088 856 2133 testamentum
896 2089 971 2132 est
1017 2079 1073 2131 in
1118 2078 1373 2146 sanguine
1415 2094 1551 2142 meo,
1584 2077 1683 2147 qui
1781 2087 1971 2126 careat
1990 2088 2112 2126 nam
2135 2073 2183 2142 (Ι
2219 2070 2341 2127 Cor.
2365 2074 2672 2145 1520,96),
2694 2085 2747 2131 et
2777 2091 2881 2130 non
2912 2076 3229 2132 alterius.Et
3251 2078 3373 2132 ideo

110 2187 187 2241 pro
223 2171 357 2225 vobis
388 2172 663 2241 fundatur.
711 2170 812 2227 Ubi
857 2166 1020 2224 datur
1061 2168 1311 2239 intelligi,
1341 2169 1466 2239 quia
1505 2184 1674 2239 agnus

113 2262 186 2317 ille
220 2262 420 2332 legalis,
453 2276 576 2317 cum
625 2276 724 2316 suo
752 2261 924 2316 calice
948 2261 1002 2315 in
1040 2254 1212 2331 ligura
1247 2260 1525 2330 praecessit
1554 2273 1677 2327 pas-

112 2356 261 2409 sionis
296 2354 516 2409 Christi.
578 2354 781 2409 Deinde
808 2368 1007 2424 corpus
1038 2361 1093 2409 et
1127 2354 1348 2424 sanguis
1398 2353 1450 2406 in
1485 2351 1671 2416 calice,

113 2444 168 2497 ad
189 2443 543 2513 expletionem
569 2442 771 2499 factum
798 2452 879 2498 est
912 2444 1178 2506 veritatis,
1204 2451 1257 2496 ut
1288 2440 1428 2512 quod
1460 2441 1512 2495 in
1556 2440 1677 2494 Mel-

113 2536 397 2599 chisedech,
429 2543 806 2605 praecesserat,
835 2543 1006 2589 totum
1043 2534 1409 2604 compleretur
1435 2533 1489 2586 in
1521 2531 1676 2586 Chri-

114 2637 199 2681 sto.
243 2627 374 2683 Nam
433 2630 578 2698 quod
627 2628 764 2682 calix
828 2628 1135 2698 passionem
1191 2618 1393 2681 Christi
1447 2625 1674 2679 demou-

114 2726 255 2782 stret,
295 2732 456 2774 nemo
500 2719 591 2789 qui
653 2720 758 2774 hoc
804 2718 1153 2788 Evangelium
1206 2717 1363 2788 legit,
1408 2716 1668 2786 ambigit;

115 2807 217 2862 ideo
257 2810 467 2878 aliquos
516 2818 732 2873 monet,
772 2818 1026 2863 utrumne
1075 2810 1209 2864 duos
1254 2808 1455 2864 calices
1501 2806 1675 2864 Lucas

114 2897 321 2954 voluerit
388 2900 699 2971 signiﬁcare
763 2900 947 2955 Jesum
1009 2900 1312 2969 accepisse,
1375 2915 1442 2954 an
1507 2914 1674 2954 unum

115 2992 470 3060 eamdemque,
510 2992 637 3062 quia
679 2993 1068 3062 anticipaverat
1106 2992 1173 3047 de
1216 3008 1283 3047 eo
1322 2993 1524 3057 dicere,
1559 3009 1677 3047 rur-

114 3093 193 3134 sus
223 3080 630 3153 recapitulando
668 3083 752 3139 bis
799 3100 923 3140 eum
958 3092 1383 3148 commemorat;
1435 3082 1507 3137 ita
1557 3083 1676 3153 qui-

114 3170 217 3224 dem
262 3174 503 3228 nonnulli
568 3175 805 3230 sentiunt
848 3190 953 3229 non
985 3176 1118 3229 duos
1156 3189 1278 3230 esse
1317 3173 1535 3237 calices,
1580 3176 1673 3230 sed

1782 2162 1930 2218 illum
1958 2178 2170 2233 panem,
2203 2165 2329 2234 quia
2358 2182 2387 2220 a
2434 2165 2597 2221 Patre
2626 2167 2855 2237 accepit,
2883 2167 3086 2239 gratias
3111 2169 3221 2238 egit
3262 2169 3373 2224 Deo

1781 2254 1954 2319 Patri,
1981 2271 2044 2309 ac
2070 2255 2358 2321 heuedicit,
2385 2267 2446 2312 ut
2475 2257 2739 2327 pontifex,
2774 2269 2828 2314 et
2865 2259 3084 2329 frangit.
3130 2259 3266 2327 Quia
3312 2270 3373 2316 ut

1778 2344 2062 2415 Jereiniasj
2080 2347 2324 2419 plangit,|
2342 2364 2500 2404 nemo
2528 2352 2775 2407 iuventus
2802 2363 2883 2407 est
2906 2354 3061 2423 prius
3096 2354 3256 2417 alius,
3279 2354 3373 2423 qui

1781 2437 2018 2508 parvulis
2048 2438 2528 2510 frangerctpanem
2552 2445 2879 2512 petentibus,
2896 2444 2998 2500 nisi
3014 2445 3159 2500 solus
3172 2444 3330 2500 Jesus
3352 2461 3368 2509 ;

1780 2527 1905 2597 quia
1934 2543 1964 2583 ιι
1992 2528 2154 2587 Patre
2186 2531 2333 2586 illum
2365 2533 2662 2603 accipiens,
2687 2535 2779 2589 dat
2808 2535 3090 2604 discipulis
3114 2546 3169 2590 et
3198 2551 3368 2591 mem-

1780 2619 1888 2675 bris
1931 2621 2059 2685 suis,
2111 2623 2405 2678 secundum
2447 2626 2590 2695 quod
2638 2627 3010 2696 unusquisque
3039 2642 3229 2682 eorum
3262 2627 3367 2684 ﬁde

1780 2712 1944 2782 capit,
1992 2723 2047 2767 et
2072 2722 2248 2784 potest
2277 2716 2544 2786 accipere.
2582 2717 2733 2773 Unde
2777 2721 2999 2773 mandat
3047 2720 3364 2788 apostolus”;

1783 2802 2219 2876 Quotiescunque,
2258 2807 2526 2876 inquiens,
2571 2826 2758 2879 panem
2788 2812 2926 2865 hunc
2955 2811 3365 2876 mandacabitis,

1780 2903 1826 2947 et
1847 2894 2066 2949 calicem
2107 2896 2245 2950 hunc
2270 2897 2472 2963 bibetis,
2502 2909 2720 2953 mortem
2767 2899 2982 2957 Domini
3016 2901 3235 2972 1m
3273 2919 3373 2956 an-

1781 2987 2088 3041 nuntiabitis
2107 2987 2273 3042 donec
2309 2990 2479 3043 ueniat
2506 2989 2555 3061 (1
2589 2988 2713 3044 Cor.
2740 3006 2819 3056 xt,
2850 2991 2966 3063 26);
2984 2991 3160 3047 Donec
3179 2993 3371 3055 ueniat,

1782 3080 1975 3151 inquit,
2008 3096 2114 3136 non
2149 3097 2293 3137 mors
2317 3098 2439 3153 qua:
2471 3085 2828 3140 annuntiatur
2878 3086 2928 3140 in
2978 3087 3079 3143 hac
3118 3086 3368 3143 immola—

1782 3171 1949 3238 tione,
1983 3173 2078 3228 sed
2130 3173 2243 3244 ipse
2274 3184 2331 3229 ut
2367 3175 2541 3230 veniat
2576 3176 2643 3230 ad
2682 3177 2968 3247 judicium,
3014 3179 3232 3247 quando
3255 3179 3369 3249 jam

116 3278 283 3329 unum,
326 3269 415 3337 qui
462 3278 516 3322 et
557 3277 683 3323 ante
721 3269 1057 3332 dividendus,
1106 3277 1160 3323 et
1193 3277 1376 3339 postea
1411 3267 1675 3323 bibendus
1702 3247 1749 3311 C
1783 3263 2052 3319 ultranon
2075 3273 2234 3319 erunt
2262 3265 2377 3320 haec
2408 3268 2633 3337 mystica
2667 3277 3006 3325 sacramenta
3039 3270 3092 3327 in
3124 3247 3367 3331 tideased

113 3370 553 3415 commemoratur
592 3362 749 3416 datus
787 3376 908 3415 esse
944 3360 1242 3431 discipulis.
1277 3360 1381 3415 Sed
1426 3360 1515 3414 alii
1566 3375 1676 3415 me—

114 3448 230 3516 lius,
275 3462 332 3505 ut
380 3452 654 3524 pmmisi,
696 3453 831 3507 duos
870 3462 1149 3523 porrectos
1200 3452 1468 3507 aillrmant
1510 3453 1675 3507 disci-

110 3540 269 3609 pulis;
314 3553 372 3597 ut
412 3546 468 3599 in
503 3560 612 3611 uno
650 3559 870 3608 eorum,
914 3544 964 3599 id
1005 3550 1088 3599 est
1127 3545 1179 3598 in
1216 3542 1415 3612 primo,
1465 3543 1677 3613 passio-

111 3649 226 3687 ncm
263 3652 413 3690 suam
450 3638 684 3692 voluerit
739 3637 1072 3707 exprimere,
1117 3636 1170 3690 in
1216 3635 1322 3689 alio
1363 3640 1493 3689 vero
1539 3633 1674 3687 {lde-

108 3724 228 3781 lium
277 3742 497 3782 suorum
542 3728 848 3798 passionem
910 3727 1278 3797 praeﬁgurare.
1319 3724 1528 3780 Rursus
1585 3724 1678 3778 alii

109 3818 428 3871 contendunt
466 3818 520 3873 in
568 3824 797 3885 utroque
823 3816 991 3871 calice
1027 3816 1157 3870 illud
1193 3816 1503 3879 ostendere,
1535 3814 1680 3884 quod

109 3908 155 3958 in
182 3908 356 3963 Veteri
390 3909 742 3963 Testamento
765 3918 1091 3979 praeceptum
1122 3916 1225 3973 est,
1252 3918 1311 3962 ut
1337 3908 1427 3978 qui
1454 3908 1675 3979 pascha,

108 3998 264 4065 primo
333 4014 527 4055 mense
594 4015 791 4070 agnum
850 4002 1215 4067 commicudo,
1282 4016 1385 4055 non
1460 4009 1677 4071 ageret,

110 4088 304 4161 1097
334 4093 393 4147 in
434 4091 674 4146 secundo
717 4106 905 4147 mense
950 4091 1101 4162 Medi
1137 4092 1475 4148 comestiune
1542 4106 1679 4161 per-

106 4192 367 4248 ageret,ac
390 4191 678 4253 propterea
707 4184 844 4240 duos
872 4184 1072 4240 calices
1100 4185 1375 4255 discipulis
1396 4184 1681 4239 Dominum

108 4274 229 4327 tradi
270 4275 405 4330 isse.
434 4275 504 4330 Et
530 4268 783 4330 astruunt
803 4290 931 4333 vere
960 4278 1011 4332 in
1048 4286 1278 4348 utroque
1307 4278 1495 4343 calice,
1540 4277 1683 4346 quod

105 4375 389 4437 utrumque
445 4368 677 4440 intelligi
728 4369 920 4424 debeat
973 4370 1379 4425 Testamentum
1409 4410 1422 4433 ,
1482 4380 1545 4424 ac
1588 4385 1685 4440 per

105 4457 193 4511 hoc
216 4476 388 4516 unum
414 4464 897 4531 eorunrpertineat
927 4463 993 4516 ad
1019 4477 1239 4531 agnum,
1263 4464 1405 4518 aliud
1450 4478 1577 4518 vero
1615 4463 1682 4516 ad

103 4556 415 4623 mysterium
445 4556 710 4626 corporis.
755 4554 862 4610 Sed
887 4557 1001 4612 sive
1048 4557 1169 4622 hoc,
1204 4558 1319 4611 sive
1350 4555 1498 4622 illud,
1529 4556 1680 4625 quis-

101 4657 194 4711 que
219 4648 453 4710 sentiat,
484 4646 660 4701 nullus
686 4657 864 4702 tamen
896 4662 1083 4703 eorum
1114 4666 1140 4700 a
1179 4662 1304 4702 vera
1337 4640 1441 4702 ﬁde
1478 4648 1684 4702 inveni-

102 4742 179 4787 tur
203 4746 530 4800 extraticus,
560 4747 767 4792 tantum
793 4748 850 4793 ut
869 4738 1131 4810 intelligat
1150 4740 1200 4793 in
1230 4739 1330 4794 hoc
1351 4739 1519 4803 iacto,
1541 4739 1683 4809 quod

98 4829 156 4881 dc
201 4829 373 4901 ﬁgura
435 4838 492 4886 et
539 4832 731 4885 umbra
779 4822 1024 4885 veritatis
1080 4833 1498 4902 benignissimus
1527 4830 1683 4886 .lesus

98 4920 362 4987 accipiens
406 4916 618 4992 panem
672 4929 727 4975 et
789 4921 1014 4977 calicem
1080 4922 1147 4977 ad
1206 4934 1390 4976 verum
1442 4931 1683 4976 transeat

99 5013 299 5075 pascha:
327 5008 766 5077 sacramentum,
798 5030 864 5068 ne
894 5024 1027 5083 apex
1051 5014 1176 5069 lotae
1217 5010 1629 5069 detruncaret‘ur
1653 5028 1682 5067 a

100 5102 123 5152 ιλ
143 5120 236 5173 ge;
268 5107 405 5170 imo,
435 5105 565 5175 quia
609 5104 744 5175 lapis
764 5105 1041 5177 angularis
1065 5116 1148 5161 est
1190 5114 1447 5174 utrasque
1476 5110 1685 5158 'teucns

94 5203 143 5248 ct
166 5197 478 5268 adimplens
509 5196 675 5267 leges,
704 5212 769 5251 ac
791 5198 836 5252 si
867 5212 1024 5252 verus
1051 5196 1466 5259 Melchisedech,
1490 5211 1682 5265 panem

96 5286 240 5342 oliert
268 5299 328 5343 et
361 5292 577 5353 vinum,
595 5291 738 5359 quod
765 5300 883 5346 erat
906 5298 1309 5347 sacramentum
1334 5288 1416 5344 sui
1439 5289 1684 5357 corporis

96 5380 522 5453 preﬁguratum,
557 5399 621 5437 ac.
649 5385 948 5454 sanguinis.
983 5384 1047 5438 Et
1081 5383 1375 5438 notandum
1403 5384 1544 5452 quod
1588 5383 1682 5448 ait,

96 5469 367 5528 Benediacit
399 5484 451 5529 et
482 5476 652 5545 fregit.
690 5475 747 5530 lu
775 5493 881 5547 qua
925 5477 1181 5532 nimirum
1215 5474 1592 5530 benedictione
1621 5490 1685 5528 ac

94 5560 354 5620 iractione
386 5580 529 5619 nova
560 5574 809 5623 creatura
839 5566 1094 5631 efﬁcitur,
1126 5576 1186 5620 ut
1231 5566 1387 5634 panis
1431 5565 1486 5619 in
1536 5580 1685 5618 coni-

95 5660 493 5713 memoratione
531 5660 719 5713 murtis
748 5659 949 5715 Christi
994 5656 1104 5714 Deo
1154 5658 1256 5712 [ide
1285 5656 1519 5717 ablatus,
1558 5670 1685 5709 caro

92 5748 199 5817 ejus
227 5766 363 5806 vere
411 5751 665 5815 dicatur;
724 5752 976 5809 similiter
1028 5760 1084 5806 et
1117 5750 1339 5821 sanguis
1386 5752 1439 5803 in
1493 5750 1680 5802 eadem

91 5842 393 5907 gratiarum
416 5842 656 5906 actione,
679 5843 901 5915 quando
919 5842 1056 5916 patri
1080 5843 1285 5916 gratias
1311 5839 1442 5911 egit,
1465 5848 1685 5901 creatur

1786 3357 1897 3427 ipsa
1957 3359 2177 3423 veritas,
2219 3375 2339 3428 quze
2388 3361 2564 3415 adhuc
2607 3370 2752 3416 recte
2781 3363 3044 3431 agiturin
3088 3364 3371 3433 mysterio,

1784 3447 1904 3501 luce
1941 3447 2141 3503 clarius
2192 3460 2485 3515 reseretur,
2536 3459 2591 3505 et
2639 3451 2746 3506 erit
2789 3452 3042 3511 omnibus
3089 3452 3265 3521 palam
3318 3451 3371 3507 in

1782 3538 2060 3605 iruitione,
2106 3543 2443 3609 quod~nunc
2496 3541 2762 3599 sumimus
2817 3542 2870 3597 in
2914 3544 3195 3614 mysterio.
3237 3542 3371 3598 Hinc

1784 3644 1997 3700 quoque
2026 3631 2140 3685 suis
2171 3631 2284 3701 ipse
2310 3631 2415 3686 ait:
2444 3631 2509 3687 Et
2537 3649 2629 3703 ego
2659 3633 2723 3687 de
2768 3633 2926 3688 Patre
2952 3634 3130 3703 palam
3152 3644 3368 3689 annun-

1782 3721 1923 3775 tiabo
1966 3721 2105 3777 vobis
2136 3722 2318 3791 (Joan.
2352 3739 2463 3788 xvr,
2490 3724 2602 3793 25).
2652 3723 2766 3780 Hoc
2816 3725 3017 3794 quippe
3055 3724 3216 3779 habet
3260 3725 3364 3780 hoc

1788 3815 2108 3885 mysterium
2155 3816 2348 3870 mortis
2400 3816 2601 3872 Christi
2626 3857 2642 3882 ,
2721 3817 2773 3879 in
2830 3818 3371 3882 commemoratione,

1783 3906 1930 3974 quod
1959 3906 2148 3963 habuit
2189 3922 2320 3964 caro
2354 3906 2555 3965 Christi
2602 3918 2658 3965 et
2685 3910 2907 3980 sanguis
2937 3910 3102 3965 semel
3146 3910 3198 3964 lu
3250 3925 3375 3980 pas-

1786 3998 1960 4064 sione,
1987 4008 2048 4053 ut
2072 4000 2185 4070 ipsa
2208 4000 2279 4056 sit
2304 4016 2408 4055 una
2440 4016 2571 4056 caro
2588 4010 2644 4059 et
2685 4002 2904 4072 sanguis
2926 4002 2980 4055 in
3006 4010 3372 4069 sacramento,

1784 4107 1890 4163 qua
1919 4103 2172 4162 pascatur
2200 4095 2383 4160 homo,
2415 4094 2717 4151 membrum
2758 4094 2982 4158 Christi,
3012 4102 3069 4149 et
3110 4094 3371 4149 tundatur

1785 4186 2006 4256 sanguis
2045 4186 2097 4239 in
2136 4185 2410 4240 ablution'e
2445 4187 2655 4257 peccati
2699 4187 3205 4256 impraesentiarum,
3257 4186 3377 4241 sine

1786 4295 1894 4350 quo
1913 4280 2094 4350 justus
2116 4294 2276 4335 nemo
2311 4278 2445 4334 vivit
2490 4279 2672 4335 hamo.
2717 4279 2983 4355 Quoniam
3016 4279 3104 4334 hic
3129 4289 3214 4334 est
3247 4294 3373 4333 san-

1788 4375 1907 4445 guis
1930 4372 2065 4429 Novi
2090 4372 2518 4438 Testamenti,in
2532 4373 2693 4443 cujus
2724 4372 2895 4442 ﬁgura
2922 4372 3047 4441 quia
3077 4370 3377 4427 fundendus

1787 4473 1903 4520 erat
1929 4465 2057 4520 olim
2085 4464 2314 4535 Moyses,
2347 4464 2559 4520 dicebat
2598 4451 2832 4536 populo:
2876 4463 2979 4519 Hic
3036 4472 3111 4518 est
3162 4465 3376 4535 sanguis

1789 4558 2102 4611 testamenti.
2137 4556 2208 4611 Et
2230 4571 2343 4610 non
2370 4557 2445 4610 ait
2474 4556 2629 4622 novi;
2676 4556 2768 4611 Sed
2814 4555 2952 4625 quod
2996 4554 3263 4608 mandavit
3311 4555 3376 4608 ad

1791 4640 1885 4703 vos
1908 4647 2183 4702 Dominus.
2219 4646 2318 4702 Hic
2341 4657 2521 4702 autem
2551 4647 2684 4702 Novi
2722 4644 3053 4702 Testamenti
3100 4657 3207 4709 est,
3250 4645 3375 4715 quia

1793 4748 1897 4793 non
1921 4737 2041 4806 agni
2069 4737 2230 4800 illius,
2258 4754 2363 4792 non
2386 4736 2559 4803 vituli,
2588 4748 2697 4792 non
2737 4744 3015 4793 taurorum
3042 4750 3215 4807 neque
3260 4736 3374 4791 hir-

1791 4840 2001 4894 corum,
2058 4831 2151 4887 sed
2201 4832 2450 4900 proprius
2506 4831 2729 4902 sanguis
2783 4831 3033 4895 Christi,
3093 4845 3215 4885 cum
3270 4845 3377 4899 quo

1792 4920 2001 4976 introiit
2023 4921 2075 4973 in
2104 4929 2293 4979 sancta
2325 4919 2510 4982 semel,
2539 4918 2815 4975 merendo
2845 4932 2904 4975 se
2933 4934 3030 4988 pro
3069 4917 3224 4974 nobis
3246 4917 3374 4981 Deo,

1792 5015 1882 5083 qui
1908 5021 1962 5065 et
1984 5011 2227 5082 quotidie
2256 5011 2317 5065 in‘
2338 5011 2441 5067 hoc
2464 5021 2809 5068 sacramento
2829 5010 3076 5073 oﬂ‘ertur,
3095 5012 3218 5080 quia
3244 5020 3379 5079 quo-

1794 5104 1924 5158 tidie
1945 5116 2258 5173 peccamus,
2288 5112 2349 5156 ut
2371 5104 2489 5158 sine
2510 5112 2735 5172 peccato
2754 5104 2942 5158 simus.
2967 5101 3220 5170 Alioquin
3251 5114 3381 5169 quo-

1794 5195 1956 5250 modo
1977 5195 2152 5251 hostia
2186 5205 2432 5259 vocatur,
2465 5196 2568 5252 nisi
2592 5195 2905 5251 iintnoletur
2924 5193 3173 5249 Christus
3199 5208 3250 5248 ιιι
3280 5193 3379 5249 eo?

1793 5286 1907 5341 Non
1934 5286 2078 5341 enim
2104 5284 2400 5341 immolatio
2428 5295 2577 5342 recte
2614 5286 2828 5347 dicitur,
2881 5285 3049 5354 juxta-
3076 5284 3379 5354 proprieta-

1796 5386 1900 5432 tem
1929 5376 2182 5441 uominis,
2233 5384 2327 5431 aut
2367 5377 2536 5443 verbi,
2581 5375 2685 5431 uisi
2731 5384 2786 5430 et
2823 5375 3092 5428 mactatio
3143 5374 3377 5438 victiuuc

1793 5476 2175 5537 consequatur.
2208 5467 2460 5523 Attamen
2486 5468 2538 5521 in
2567 5480 2703 5536 pane
2738 5467 2842 5522 isto
2872 5474 2927 5521 et
2968 5466 3095 5522 vino
3123 5468 3378 5523 sacerdos

1789 5560 2466 5624 recteiuunolaredicitur,
2488 5559 2741 5629 quoniam
2766 5558 2820 5614 in
2845 5573 2909 5613 eo
2936 5557 3203 5624 Christus,
3230 5561 3374 5615 utia

1788 5650 2099 5709 fatear.l)co
2117 5650 2263 5705 Patri
2288 5652 2340 5705 in
2362 5653 2462 5707 hac
2474 5650 2768 5716 oblatione,
2790 5666 2854 5705 ac
2877 5652 2920 5707 si
2944 5652 3117 5707 hostia
3136 5666 3233 5721 pro
3253 5668 3377 5723 pec-

1788 5747 1927 5803 catis
1951 5748 2171 5809 nostris,
2205 5763 2297 5822 seu
2327 5748 2378 5801 in
2405 5746 2527 5801 cibo
2555 5745 2746 5801 salutis
2782 5756 3003 5811 nostrae;
3041 5748 3369 5806 victimatur.

1867 5838 2029 5905 Amen
2056 5840 2172 5895 dico
2197 5840 2355 5907 vobis,
2376 5839 2586 5911 inquit,
2616 5856 2723 5903 non
2759 5841 2931 5897 bibam
2966 5844 3157 5901 ameda
3192 5845 3257 5899 de
3278 5846 3376 5912 hac
