  <div class='ocr_page' id='page_1' title='image "/cluster/home/n/w/nwhite01/storage/ocr_20150623/120/hvd.32044015466923/453.png"; bbox 0 0 4016 6354; ppageno 0'>
   <div class='ocr_carea' id='block_1_1' title="bbox 650 363 756 428">
    <p class='ocr_par' dir='ltr' id='par_1_1' title="bbox 650 363 756 428">
     <span class='ocr_line' id='line_1_1' title="bbox 650 363 756 428; baseline 0.047 -5"><span class='ocrx_word' id='word_1_1' title='bbox 650 363 756 428; x_wconf 73' lang='grc'><strong>895</strong></span> 
     </span>
    </p>
   </div>
   <div class='ocr_carea' id='block_1_2' title="bbox 1435 357 3879 432">
    <p class='ocr_par' dir='ltr' id='par_1_2' title="bbox 1435 357 3879 432">
     <span class='ocr_line' id='line_1_2' title="bbox 1435 357 3879 432; baseline 0.006 -17"><span class='ocrx_word' id='word_1_2' title='bbox 1435 360 1496 416; x_wconf 85' lang='lat' dir='ltr'><strong>S.</strong></span> <span class='ocrx_word' id='word_1_3' title='bbox 1537 358 1895 417; x_wconf 81' lang='lat' dir='ltr'><strong>PASCHASII</strong></span> <span class='ocrx_word' id='word_1_4' title='bbox 1933 357 2284 417; x_wconf 76' lang='lat' dir='ltr'><strong>BADBERTI</strong></span> <span class='ocrx_word' id='word_1_5' title='bbox 2318 359 2608 417; x_wconf 81' lang='lat' dir='ltr'><strong>ABBA&#39;I&#39;IS</strong></span> <span class='ocrx_word' id='word_1_6' title='bbox 2645 361 3094 421; x_wconf 78' lang='lat' dir='ltr'><strong>CORBEIENSIS</strong></span> <span class='ocrx_word' id='word_1_7' title='bbox 3800 376 3879 432; x_wconf 84' lang='lat'><strong>896</strong></span> 
     </span>
    </p>
   </div>
   <div class='ocr_carea' id='block_1_3' title="bbox 654 481 3878 580">
    <p class='ocr_par' dir='ltr' id='par_1_3' title="bbox 654 481 3878 580">
     <span class='ocr_line' id='line_1_3' title="bbox 654 481 3878 580; baseline 0 -20"><span class='ocrx_word' id='word_1_8' title='bbox 654 504 908 580; x_wconf 75' lang='lat' dir='ltr'><strong>genimine</strong></span> <span class='ocrx_word' id='word_1_9' title='bbox 932 503 1065 558; x_wconf 81' lang='lat' dir='ltr'><strong>vitis.</strong></span> <span class='ocrx_word' id='word_1_10' title='bbox 1093 516 1256 571; x_wconf 79' lang='lat' dir='ltr'><strong>usque</strong></span> <span class='ocrx_word' id='word_1_11' title='bbox 1288 501 1343 554; x_wconf 84' lang='lat' dir='ltr'><strong>in</strong></span> <span class='ocrx_word' id='word_1_12' title='bbox 1371 499 1509 553; x_wconf 83' lang='lat' dir='ltr'><strong>diem</strong></span> <span class='ocrx_word' id='word_1_13' title='bbox 1539 497 1712 562; x_wconf 86' lang='lat' dir='ltr'><strong>illum,</strong></span> <span class='ocrx_word' id='word_1_14' title='bbox 1754 514 1872 552; x_wconf 83' lang='lat' dir='ltr'><strong>cum</strong></span> <span class='ocrx_word' id='word_1_15' title='bbox 1894 497 2028 551; x_wconf 82' lang='lat' dir='ltr'><strong>illud</strong></span> <span class='ocrx_word' id='word_1_16' title='bbox 2063 498 2236 552; x_wconf 87' lang='lat' dir='ltr'><strong>bibam</strong></span> <span class='ocrx_word' id='word_1_17' title='bbox 2263 481 2315 540; x_wconf 80' lang='grc' dir='ltr'><strong>Α</strong></span> <span class='ocrx_word' id='word_1_18' title='bbox 2342 515 2441 554; x_wconf 91' lang='lat' dir='ltr'><strong>nec</strong></span> <span class='ocrx_word' id='word_1_19' title='bbox 2466 500 2716 557; x_wconf 78' lang='lat' dir='ltr'><strong>Christus</strong></span> <span class='ocrx_word' id='word_1_20' title='bbox 2743 503 2860 557; x_wconf 87' lang='lat' dir='ltr'><strong>sine</strong></span> <span class='ocrx_word' id='word_1_21' title='bbox 2889 504 3038 574; x_wconf 87' lang='lat' dir='ltr'><strong>ipsis.</strong></span> <span class='ocrx_word' id='word_1_22' title='bbox 3071 502 3172 570; x_wconf 85' lang='lat' dir='ltr'><strong>Qui</strong></span> <span class='ocrx_word' id='word_1_23' title='bbox 3199 519 3329 574; x_wconf 89' lang='lat' dir='ltr'><strong>ergo</strong></span> <span class='ocrx_word' id='word_1_24' title='bbox 3375 518 3502 558; x_wconf 88' lang='lat' dir='ltr'><strong>suos</strong></span> <span class='ocrx_word' id='word_1_25' title='bbox 3544 519 3646 559; x_wconf 90' lang='lat' dir='ltr'><strong>non</strong></span> <span class='ocrx_word' id='word_1_26' title='bbox 3672 520 3878 578; x_wconf 79' lang='lat' dir='ltr'><strong>segrega-</strong></span> 
     </span>
    </p>
   </div>
   <div class='ocr_carea' id='block_1_4' title="bbox 655 587 2237 661">
    <p class='ocr_par' dir='ltr' id='par_1_4' title="bbox 655 587 2237 661">
     <span class='ocr_line' id='line_1_4' title="bbox 655 587 2237 661; baseline -0.005 -9"><span class='ocrx_word' id='word_1_27' title='bbox 655 596 917 653; x_wconf 77' lang='lat' dir='ltr'><strong>vobiscum</strong></span> <span class='ocrx_word' id='word_1_28' title='bbox 959 608 1144 648; x_wconf 77' lang='lat' dir='ltr'><strong>novum</strong></span> <span class='ocrx_word' id='word_1_29' title='bbox 1183 593 1237 645; x_wconf 86' lang='lat' dir='ltr'><strong>in</strong></span> <span class='ocrx_word' id='word_1_30' title='bbox 1260 607 1416 661; x_wconf 75' lang='lat' dir='ltr'><strong>regno</strong></span> <span class='ocrx_word' id='word_1_31' title='bbox 1443 587 1620 645; x_wconf 82' lang='lat' dir='ltr'><strong>Patris</strong></span> <span class='ocrx_word' id='word_1_32' title='bbox 1651 591 1770 644; x_wconf 84' lang='lat' dir='ltr'><strong>mei.</strong></span> <span class='ocrx_word' id='word_1_33' title='bbox 1799 589 1904 644; x_wconf 92' lang='lat' dir='ltr'><strong>Sed</strong></span> <span class='ocrx_word' id='word_1_34' title='bbox 1934 599 1990 644; x_wconf 91' lang='lat' dir='ltr'><strong>et</strong></span> <span class='ocrx_word' id='word_1_35' title='bbox 2008 591 2074 645; x_wconf 87' lang='lat' dir='ltr'><strong>de</strong></span> <span class='ocrx_word' id='word_1_36' title='bbox 2099 605 2237 660; x_wconf 90' lang='lat' dir='ltr'><strong>pane</strong></span> 
     </span>
    </p>
   </div>
   <div class='ocr_carea' id='block_1_5' title="bbox 653 681 2236 746">
    <p class='ocr_par' dir='ltr' id='par_1_5' title="bbox 653 681 2236 746">
     <span class='ocr_line' id='line_1_5' title="bbox 653 681 2236 746; baseline -0.006 -2"><span class='ocrx_word' id='word_1_37' title='bbox 653 685 902 744; x_wconf 77' lang='lat' dir='ltr'><strong>similiter</strong></span> <span class='ocrx_word' id='word_1_38' title='bbox 925 683 1099 739; x_wconf 88' lang='lat' dir='ltr'><strong>Lucas</strong></span> <span class='ocrx_word' id='word_1_39' title='bbox 1120 682 1269 745; x_wconf 91' lang='lat' dir='ltr'><strong>dicit,</strong></span> <span class='ocrx_word' id='word_1_40' title='bbox 1305 697 1411 736; x_wconf 91' lang='lat' dir='ltr'><strong>uon</strong></span> <span class='ocrx_word' id='word_1_41' title='bbox 1441 681 1778 735; x_wconf 88' lang='lat' dir='ltr'><strong>mauducabo</strong></span> <span class='ocrx_word' id='word_1_42' title='bbox 1805 681 1954 746; x_wconf 90' lang='lat' dir='ltr'><strong>illud,</strong></span> <span class='ocrx_word' id='word_1_43' title='bbox 2002 681 2105 735; x_wconf 89' lang='lat' dir='ltr'><strong>nisi</strong></span> <span class='ocrx_word' id='word_1_44' title='bbox 2136 681 2236 734; x_wconf 85' lang='lat' dir='ltr'><strong>im-</strong></span> 
     </span>
    </p>
   </div>
   <div class='ocr_carea' id='block_1_6' title="bbox 651 774 2234 852">
    <p class='ocr_par' dir='ltr' id='par_1_6' title="bbox 651 774 2234 852">
     <span class='ocr_line' id='line_1_6' title="bbox 651 774 2234 852; baseline -0.002 -21"><span class='ocrx_word' id='word_1_45' title='bbox 651 780 856 852; x_wconf 90' lang='lat' dir='ltr'><strong>pletum</strong></span> <span class='ocrx_word' id='word_1_46' title='bbox 891 778 943 832; x_wconf 92' lang='lat' dir='ltr'><strong>in</strong></span> <span class='ocrx_word' id='word_1_47' title='bbox 972 791 1139 846; x_wconf 79' lang='lat' dir='ltr'><strong>regno</strong></span> <span class='ocrx_word' id='word_1_48' title='bbox 1169 775 1283 831; x_wconf 95' lang='lat' dir='ltr'><strong>Dei.</strong></span> <span class='ocrx_word' id='word_1_49' title='bbox 1331 775 1486 840; x_wconf 91' lang='lat' dir='ltr'><strong>Ecce,</strong></span> <span class='ocrx_word' id='word_1_50' title='bbox 1521 785 1576 828; x_wconf 92' lang='lat' dir='ltr'><strong>ut</strong></span> <span class='ocrx_word' id='word_1_51' title='bbox 1605 777 1869 836; x_wconf 79' lang='lat' dir='ltr'><strong>dixeram,</strong></span> <span class='ocrx_word' id='word_1_52' title='bbox 1903 775 1969 828; x_wconf 92' lang='lat' dir='ltr'><strong>de</strong></span> <span class='ocrx_word' id='word_1_53' title='bbox 2006 774 2234 828; x_wconf 91' lang='lat' dir='ltr'><strong>carnali-</strong></span> 
     </span>
    </p>
   </div>
   <div class='ocr_carea' id='block_1_7' title="bbox 651 869 2231 940">
    <p class='ocr_par' dir='ltr' id='par_1_7' title="bbox 651 869 2231 940">
     <span class='ocr_line' id='line_1_7' title="bbox 651 869 2231 940; baseline -0.003 -12"><span class='ocrx_word' id='word_1_54' title='bbox 651 873 752 928; x_wconf 92' lang='lat' dir='ltr'><strong>bus</strong></span> <span class='ocrx_word' id='word_1_55' title='bbox 777 871 973 926; x_wconf 90' lang='lat' dir='ltr'><strong>transit</strong></span> <span class='ocrx_word' id='word_1_56' title='bbox 1009 870 1076 924; x_wconf 90' lang='lat' dir='ltr'><strong>ad</strong></span> <span class='ocrx_word' id='word_1_57' title='bbox 1129 870 1409 940; x_wconf 83' lang='lat' dir='ltr'><strong>spiritalia.</strong></span> <span class='ocrx_word' id='word_1_58' title='bbox 1467 870 1672 925; x_wconf 89' lang='lat' dir='ltr'><strong>Idcirco</strong></span> <span class='ocrx_word' id='word_1_59' title='bbox 1717 869 2036 940; x_wconf 76' lang='lat' dir='ltr'><strong>spiritaliter</strong></span> <span class='ocrx_word' id='word_1_60' title='bbox 2090 871 2231 925; x_wconf 89' lang='lat' dir='ltr'><strong>acci-</strong></span> 
     </span>
    </p>
   </div>
   <div class='ocr_carea' id='block_1_8' title="bbox 649 960 2234 1033">
    <p class='ocr_par' dir='ltr' id='par_1_8' title="bbox 649 960 2234 1033">
     <span class='ocr_line' id='line_1_8' title="bbox 649 960 2234 1033; baseline -0.001 -17"><span class='ocrx_word' id='word_1_61' title='bbox 649 962 843 1033; x_wconf 88' lang='lat' dir='ltr'><strong>pienda</strong></span> <span class='ocrx_word' id='word_1_62' title='bbox 872 969 998 1018; x_wconf 88' lang='lat' dir='ltr'><strong>sunt</strong></span> <span class='ocrx_word' id='word_1_63' title='bbox 1039 961 1152 1016; x_wconf 65' lang='lat' dir='ltr'><strong>haec</strong></span> <span class='ocrx_word' id='word_1_64' title='bbox 1199 961 1380 1015; x_wconf 83' lang='lat' dir='ltr'><strong>omnia</strong></span> <span class='ocrx_word' id='word_1_65' title='bbox 1435 976 1556 1030; x_wconf 67' lang='lat' dir='ltr'><strong>quae</strong></span> <span class='ocrx_word' id='word_1_66' title='bbox 1614 962 1904 1014; x_wconf 89' lang='lat' dir='ltr'><strong>traduntur</strong></span> <span class='ocrx_word' id='word_1_67' title='bbox 1957 960 2010 1014; x_wconf 93' lang='lat' dir='ltr'><strong>in</strong></span> <span class='ocrx_word' id='word_1_68' title='bbox 2051 975 2234 1014; x_wconf 90' lang='lat' dir='ltr'><strong>sacra-</strong></span> 
     </span>
    </p>
   </div>
   <div class='ocr_carea' id='block_1_9' title="bbox 652 1048 2232 1121">
    <p class='ocr_par' dir='ltr' id='par_1_9' title="bbox 652 1048 2232 1121">
     <span class='ocr_line' id='line_1_9' title="bbox 652 1048 2232 1121; baseline -0.003 -12"><span class='ocrx_word' id='word_1_69' title='bbox 652 1062 852 1116; x_wconf 86' lang='lat' dir='ltr'><strong>mento.</strong></span> <span class='ocrx_word' id='word_1_70' title='bbox 905 1052 1041 1120; x_wconf 91' lang='lat' dir='ltr'><strong>Quia</strong></span> <span class='ocrx_word' id='word_1_71' title='bbox 1087 1053 1131 1107; x_wconf 91' lang='lat' dir='ltr'><strong>si</strong></span> <span class='ocrx_word' id='word_1_72' title='bbox 1177 1067 1304 1107; x_wconf 90' lang='lat' dir='ltr'><strong>caro</strong></span> <span class='ocrx_word' id='word_1_73' title='bbox 1354 1051 1484 1106; x_wconf 85' lang='lat' dir='ltr'><strong>nihil</strong></span> <span class='ocrx_word' id='word_1_74' title='bbox 1534 1052 1792 1121; x_wconf 86' lang='lat' dir='ltr'><strong>prodest,</strong></span> <span class='ocrx_word' id='word_1_75' title='bbox 1858 1050 1960 1104; x_wconf 88' lang='lat' dir='ltr'><strong>nisi</strong></span> <span class='ocrx_word' id='word_1_76' title='bbox 2028 1048 2232 1120; x_wconf 87' lang='lat' dir='ltr'><strong>Spiritu</strong></span> 
     </span>
    </p>
   </div>
   <div class='ocr_carea' id='block_1_10' title="bbox 651 1142 2232 1214">
    <p class='ocr_par' dir='ltr' id='par_1_10' title="bbox 651 1142 2232 1214">
     <span class='ocr_line' id='line_1_10' title="bbox 651 1142 2232 1214; baseline -0.004 -14"><span class='ocrx_word' id='word_1_77' title='bbox 651 1146 972 1209; x_wconf 83' lang='lat' dir='ltr'><strong>vivilicetur,</strong></span> <span class='ocrx_word' id='word_1_78' title='bbox 999 1145 1168 1200; x_wconf 93' lang='lat' dir='ltr'><strong>multo</strong></span> <span class='ocrx_word' id='word_1_79' title='bbox 1199 1146 1378 1199; x_wconf 90' lang='lat' dir='ltr'><strong>minus</strong></span> <span class='ocrx_word' id='word_1_80' title='bbox 1418 1143 1574 1214; x_wconf 89' lang='lat' dir='ltr'><strong>panis</strong></span> <span class='ocrx_word' id='word_1_81' title='bbox 1605 1144 1709 1198; x_wconf 87' lang='lat' dir='ltr'><strong>iste</strong></span> <span class='ocrx_word' id='word_1_82' title='bbox 1753 1151 1808 1196; x_wconf 91' lang='lat' dir='ltr'><strong>ct</strong></span> <span class='ocrx_word' id='word_1_83' title='bbox 1855 1142 2063 1206; x_wconf 90' lang='lat' dir='ltr'><strong>vinum,</strong></span> <span class='ocrx_word' id='word_1_84' title='bbox 2090 1142 2232 1212; x_wconf 91' lang='lat' dir='ltr'><strong>quod</strong></span> 
     </span>
    </p>
   </div>
   <div class='ocr_carea' id='block_1_11' title="bbox 651 1232 2232 1305">
    <p class='ocr_par' dir='ltr' id='par_1_11' title="bbox 651 1232 2232 1305">
     <span class='ocr_line' id='line_1_11' title="bbox 651 1232 2232 1305; baseline -0.004 -13"><span class='ocrx_word' id='word_1_85' title='bbox 651 1238 870 1305; x_wconf 79' lang='lat' dir='ltr'><strong>sanguis</strong></span> <span class='ocrx_word' id='word_1_86' title='bbox 897 1245 952 1290; x_wconf 90' lang='lat' dir='ltr'><strong>et</strong></span> <span class='ocrx_word' id='word_1_87' title='bbox 979 1251 1108 1292; x_wconf 90' lang='lat' dir='ltr'><strong>caro</strong></span> <span class='ocrx_word' id='word_1_88' title='bbox 1135 1252 1253 1291; x_wconf 90' lang='lat' dir='ltr'><strong>esse</strong></span> <span class='ocrx_word' id='word_1_89' title='bbox 1301 1233 1564 1298; x_wconf 83' lang='lat' dir='ltr'><strong>creditur,</strong></span> <span class='ocrx_word' id='word_1_90' title='bbox 1611 1234 1867 1304; x_wconf 86' lang='lat' dir='ltr'><strong>prodesse</strong></span> <span class='ocrx_word' id='word_1_91' title='bbox 1901 1241 2096 1301; x_wconf 86' lang='lat' dir='ltr'><strong>potest,</strong></span> <span class='ocrx_word' id='word_1_92' title='bbox 2130 1232 2232 1286; x_wconf 92' lang='lat' dir='ltr'><strong>nisi</strong></span> 
     </span>
    </p>
   </div>
   <div class='ocr_carea' id='block_1_12' title="bbox 650 1324 2229 1398">
    <p class='ocr_par' dir='ltr' id='par_1_12' title="bbox 650 1324 2229 1398">
     <span class='ocr_line' id='line_1_12' title="bbox 650 1324 2229 1398; baseline -0.004 -14"><span class='ocrx_word' id='word_1_93' title='bbox 650 1338 819 1384; x_wconf 88' lang='lat' dir='ltr'><strong>totum</strong></span> <span class='ocrx_word' id='word_1_94' title='bbox 846 1329 960 1384; x_wconf 80' lang='lat' dir='ltr'><strong>ﬁeri</strong></span> <span class='ocrx_word' id='word_1_95' title='bbox 991 1329 1041 1382; x_wconf 90' lang='lat' dir='ltr'><strong>in</strong></span> <span class='ocrx_word' id='word_1_96' title='bbox 1069 1327 1270 1398; x_wconf 91' lang='lat' dir='ltr'><strong>Spiritu</strong></span> <span class='ocrx_word' id='word_1_97' title='bbox 1309 1327 1656 1396; x_wconf 78' lang='lat' dir='ltr'><strong>intelligatur.</strong></span> <span class='ocrx_word' id='word_1_98' title='bbox 1702 1325 1952 1394; x_wconf 84' lang='lat' dir='ltr'><strong>Alioquin</strong></span> <span class='ocrx_word' id='word_1_99' title='bbox 1978 1341 2042 1378; x_wconf 81' lang='lat' dir='ltr'><strong>ex</strong></span> <span class='ocrx_word' id='word_1_100' title='bbox 2063 1325 2148 1379; x_wconf 89' lang='lat' dir='ltr'><strong>his</strong></span> <span class='ocrx_word' id='word_1_101' title='bbox 2176 1324 2229 1378; x_wconf 91' lang='lat' dir='ltr'><strong>in</strong></span> 
     </span>
    </p>
   </div>
   <div class='ocr_carea' id='block_1_13' title="bbox 648 1417 2229 1489">
    <p class='ocr_par' dir='ltr' id='par_1_13' title="bbox 648 1417 2229 1489">
     <span class='ocr_line' id='line_1_13' title="bbox 648 1417 2229 1489; baseline -0.003 -14"><span class='ocrx_word' id='word_1_102' title='bbox 648 1421 802 1475; x_wconf 88' lang='lat' dir='ltr'><strong>nobis</strong></span> <span class='ocrx_word' id='word_1_103' title='bbox 832 1419 974 1488; x_wconf 89' lang='lat' dir='ltr'><strong>quod</strong></span> <span class='ocrx_word' id='word_1_104' title='bbox 1004 1419 1308 1489; x_wconf 75' lang='lat' dir='ltr'><strong>digeritur;</strong></span> <span class='ocrx_word' id='word_1_105' title='bbox 1348 1418 1430 1472; x_wconf 85' lang='lat' dir='ltr'><strong>vel</strong></span> <span class='ocrx_word' id='word_1_106' title='bbox 1481 1419 1535 1472; x_wconf 93' lang='lat' dir='ltr'><strong>in</strong></span> <span class='ocrx_word' id='word_1_107' title='bbox 1585 1417 1766 1487; x_wconf 88' lang='lat' dir='ltr'><strong>palato</strong></span> <span class='ocrx_word' id='word_1_108' title='bbox 1821 1417 1934 1471; x_wconf 93' lang='lat' dir='ltr'><strong>oris</strong></span> <span class='ocrx_word' id='word_1_109' title='bbox 1979 1418 2229 1481; x_wconf 88' lang='lat' dir='ltr'><strong>sentitur,</strong></span> 
     </span>
    </p>
   </div>
   <div class='ocr_carea' id='block_1_14' title="bbox 647 1510 2231 1584">
    <p class='ocr_par' dir='ltr' id='par_1_14' title="bbox 647 1510 2231 1584">
     <span class='ocr_line' id='line_1_14' title="bbox 647 1510 2231 1584; baseline -0.003 -16"><span class='ocrx_word' id='word_1_110' title='bbox 647 1514 774 1584; x_wconf 83' lang='lat' dir='ltr'><strong>quid</strong></span> <span class='ocrx_word' id='word_1_111' title='bbox 805 1514 1062 1583; x_wconf 78' lang='lat' dir='ltr'><strong>prodesse</strong></span> <span class='ocrx_word' id='word_1_112' title='bbox 1088 1512 1322 1582; x_wconf 84' lang='lat' dir='ltr'><strong>poterit?</strong></span> <span class='ocrx_word' id='word_1_113' title='bbox 1367 1510 1478 1566; x_wconf 83' lang='lat' dir='ltr'><strong>Nisi</strong></span> <span class='ocrx_word' id='word_1_114' title='bbox 1526 1511 1651 1582; x_wconf 88' lang='lat' dir='ltr'><strong>quia</strong></span> <span class='ocrx_word' id='word_1_115' title='bbox 1706 1519 2044 1565; x_wconf 86' lang='lat' dir='ltr'><strong>sacramenta</strong></span> <span class='ocrx_word' id='word_1_116' title='bbox 2105 1518 2231 1564; x_wconf 91' lang='lat' dir='ltr'><strong>sunt</strong></span> 
     </span>
    </p>
   </div>
   <div class='ocr_carea' id='block_1_15' title="bbox 645 1602 2233 1672">
    <p class='ocr_par' dir='ltr' id='par_1_15' title="bbox 645 1602 2233 1672">
     <span class='ocr_line' id='line_1_15' title="bbox 645 1602 2233 1672; baseline 0.001 -15"><span class='ocrx_word' id='word_1_117' title='bbox 645 1605 817 1658; x_wconf 83' lang='lat' dir='ltr'><strong>donec</strong></span> <span class='ocrx_word' id='word_1_118' title='bbox 847 1603 961 1672; x_wconf 89' lang='lat' dir='ltr'><strong>ipse</strong></span> <span class='ocrx_word' id='word_1_119' title='bbox 987 1602 1170 1657; x_wconf 91' lang='lat' dir='ltr'><strong>veniat</strong></span> <span class='ocrx_word' id='word_1_120' title='bbox 1199 1602 1468 1668; x_wconf 82' lang='lat' dir='ltr'><strong>Christus,</strong></span> <span class='ocrx_word' id='word_1_121' title='bbox 1497 1615 1553 1658; x_wconf 89' lang='lat' dir='ltr'><strong>et</strong></span> <span class='ocrx_word' id='word_1_122' title='bbox 1590 1602 1763 1672; x_wconf 82' lang='lat' dir='ltr'><strong>palam</strong></span> <span class='ocrx_word' id='word_1_123' title='bbox 1795 1618 1853 1657; x_wconf 91' lang='lat' dir='ltr'><strong>se</strong></span> <span class='ocrx_word' id='word_1_124' title='bbox 1882 1603 2135 1658; x_wconf 79' lang='lat' dir='ltr'><strong>exhibeat</strong></span> <span class='ocrx_word' id='word_1_125' title='bbox 2177 1611 2233 1658; x_wconf 90' lang='lat' dir='ltr'><strong>et</strong></span> 
     </span>
    </p>
   </div>
   <div class='ocr_carea' id='block_1_16' title="bbox 645 1693 2229 1752">
    <p class='ocr_par' dir='ltr' id='par_1_16' title="bbox 645 1693 2229 1752">
     <span class='ocr_line' id='line_1_16' title="bbox 645 1693 2229 1752; baseline 0 -3"><span class='ocrx_word' id='word_1_126' title='bbox 645 1693 854 1750; x_wconf 85' lang='lat' dir='ltr'><strong>Patrem</strong></span> <span class='ocrx_word' id='word_1_127' title='bbox 885 1699 1133 1752; x_wconf 89' lang='lat' dir='ltr'><strong>ostendat</strong></span> <span class='ocrx_word' id='word_1_128' title='bbox 1155 1697 1329 1752; x_wconf 85' lang='lat' dir='ltr'><strong>nobis.</strong></span> <span class='ocrx_word' id='word_1_129' title='bbox 1344 1697 1565 1751; x_wconf 88' lang='lat' dir='ltr'><strong>Interim</strong></span> <span class='ocrx_word' id='word_1_130' title='bbox 1589 1713 1718 1751; x_wconf 88' lang='lat' dir='ltr'><strong>vero</strong></span> <span class='ocrx_word' id='word_1_131' title='bbox 1741 1712 1892 1750; x_wconf 91' lang='lat' dir='ltr'><strong>mens</strong></span> <span class='ocrx_word' id='word_1_132' title='bbox 1912 1696 2018 1750; x_wconf 90' lang='lat' dir='ltr'><strong>Deo</strong></span> <span class='ocrx_word' id='word_1_133' title='bbox 2034 1697 2229 1750; x_wconf 88' lang='lat' dir='ltr'><strong>deuota</strong></span> 
     </span>
    </p>
   </div>
   <div class='ocr_carea' id='block_1_17' title="bbox 642 1787 2227 1860">
    <p class='ocr_par' dir='ltr' id='par_1_17' title="bbox 642 1787 2227 1860">
     <span class='ocr_line' id='line_1_17' title="bbox 642 1787 2227 1860; baseline 0.002 -21"><span class='ocrx_word' id='word_1_134' title='bbox 642 1794 697 1840; x_wconf 83' lang='lat' dir='ltr'><strong>et</strong></span> <span class='ocrx_word' id='word_1_135' title='bbox 721 1787 852 1841; x_wconf 81' lang='lat' dir='ltr'><strong>fides</strong></span> <span class='ocrx_word' id='word_1_136' title='bbox 881 1788 1110 1858; x_wconf 88' lang='lat' dir='ltr'><strong>integra,</strong></span> <span class='ocrx_word' id='word_1_137' title='bbox 1143 1788 1554 1856; x_wconf 88' lang='lat' dir='ltr'><strong>intelligibiliter</strong></span> <span class='ocrx_word' id='word_1_138' title='bbox 1587 1788 1802 1860; x_wconf 79' lang='lat'><strong>1099</strong></span> <span class='ocrx_word' id='word_1_139' title='bbox 1823 1804 1949 1844; x_wconf 89' lang='lat' dir='ltr'><strong>vere</strong></span> <span class='ocrx_word' id='word_1_140' title='bbox 1983 1788 2148 1842; x_wconf 88' lang='lat' dir='ltr'><strong>sumit</strong></span> <span class='ocrx_word' id='word_1_141' title='bbox 2176 1789 2227 1842; x_wconf 92' lang='lat' dir='ltr'><strong>in</strong></span> 
     </span>
    </p>
   </div>
   <div class='ocr_carea' id='block_1_18' title="bbox 643 1876 2229 1950">
    <p class='ocr_par' dir='ltr' id='par_1_18' title="bbox 643 1876 2229 1950">
     <span class='ocr_line' id='line_1_18' title="bbox 643 1876 2229 1950; baseline 0.003 -18"><span class='ocrx_word' id='word_1_142' title='bbox 643 1876 746 1941; x_wconf 90' lang='lat' dir='ltr'><strong>bis,</strong></span> <span class='ocrx_word' id='word_1_143' title='bbox 780 1879 923 1948; x_wconf 89' lang='lat' dir='ltr'><strong>quod</strong></span> <span class='ocrx_word' id='word_1_144' title='bbox 964 1893 1162 1933; x_wconf 83' lang='lat' dir='ltr'><strong>novum</strong></span> <span class='ocrx_word' id='word_1_145' title='bbox 1210 1891 1451 1935; x_wconf 87' lang='lat' dir='ltr'><strong>creatum</strong></span> <span class='ocrx_word' id='word_1_146' title='bbox 1496 1889 1612 1946; x_wconf 84' lang='lat' dir='ltr'><strong>est,</strong></span> <span class='ocrx_word' id='word_1_147' title='bbox 1665 1881 1870 1935; x_wconf 83' lang='lat' dir='ltr'><strong>scilicet</strong></span> <span class='ocrx_word' id='word_1_148' title='bbox 1923 1896 2121 1950; x_wconf 87' lang='lat' dir='ltr'><strong>corpus</strong></span> <span class='ocrx_word' id='word_1_149' title='bbox 2175 1892 2229 1937; x_wconf 92' lang='lat' dir='ltr'><strong>et</strong></span> 
     </span>
    </p>
   </div>
   <div class='ocr_carea' id='block_1_19' title="bbox 643 1972 2227 2046">
    <p class='ocr_par' dir='ltr' id='par_1_19' title="bbox 643 1972 2227 2046">
     <span class='ocr_line' id='line_1_19' title="bbox 643 1972 2227 2046; baseline 0.003 -20"><span class='ocrx_word' id='word_1_150' title='bbox 643 1972 981 2042; x_wconf 87' lang='lat' dir='ltr'><strong>sanguinem,</strong></span> <span class='ocrx_word' id='word_1_151' title='bbox 1015 1981 1071 2027; x_wconf 93' lang='lat' dir='ltr'><strong>et</strong></span> <span class='ocrx_word' id='word_1_152' title='bbox 1101 1973 1146 2027; x_wconf 92' lang='lat' dir='ltr'><strong>si</strong></span> <span class='ocrx_word' id='word_1_153' title='bbox 1170 1989 1368 2044; x_wconf 90' lang='lat' dir='ltr'><strong>corpus</strong></span> <span class='ocrx_word' id='word_1_154' title='bbox 1391 1974 1598 2046; x_wconf 84' lang='lat' dir='ltr'><strong>digerat</strong></span> <span class='ocrx_word' id='word_1_155' title='bbox 1626 1975 1768 2044; x_wconf 88' lang='lat' dir='ltr'><strong>quod</strong></span> <span class='ocrx_word' id='word_1_156' title='bbox 1797 1983 1953 2029; x_wconf 73' lang='lat' dir='ltr'><strong>extra</strong></span> <span class='ocrx_word' id='word_1_157' title='bbox 1975 1987 2079 2039; x_wconf 87' lang='lat' dir='ltr'><strong>est,</strong></span> <span class='ocrx_word' id='word_1_158' title='bbox 2102 1976 2227 2045; x_wconf 87' lang='lat' dir='ltr'><strong>quia</strong></span> 
     </span>
    </p>
   </div>
   <div class='ocr_carea' id='block_1_20' title="bbox 641 2061 2224 2122">
    <p class='ocr_par' dir='ltr' id='par_1_20' title="bbox 641 2061 2224 2122">
     <span class='ocr_line' id='line_1_20' title="bbox 641 2061 2224 2122; baseline 0.004 -6"><span class='ocrx_word' id='word_1_159' title='bbox 641 2061 718 2116; x_wconf 91' lang='lat' dir='ltr'><strong>sic</strong></span> <span class='ocrx_word' id='word_1_160' title='bbox 776 2063 828 2116; x_wconf 93' lang='lat' dir='ltr'><strong>in</strong></span> <span class='ocrx_word' id='word_1_161' title='bbox 883 2073 1226 2119; x_wconf 83' lang='lat' dir='ltr'><strong>sacramento</strong></span> <span class='ocrx_word' id='word_1_162' title='bbox 1271 2065 1426 2120; x_wconf 92' lang='lat' dir='ltr'><strong>nobis</strong></span> <span class='ocrx_word' id='word_1_163' title='bbox 1464 2082 1494 2120; x_wconf 91' lang='lat' dir='ltr'><strong>a</strong></span> <span class='ocrx_word' id='word_1_164' title='bbox 1549 2065 1776 2120; x_wconf 88' lang='lat' dir='ltr'><strong>Domino</strong></span> <span class='ocrx_word' id='word_1_165' title='bbox 1827 2068 2078 2121; x_wconf 73' lang='lat' dir='ltr'><strong>traditum</strong></span> <span class='ocrx_word' id='word_1_166' title='bbox 2119 2077 2224 2122; x_wconf 91' lang='lat' dir='ltr'><strong>est.</strong></span> 
     </span>
    </p>
   </div>
   <div class='ocr_carea' id='block_1_21' title="bbox 640 2151 2228 2226">
    <p class='ocr_par' dir='ltr' id='par_1_21' title="bbox 640 2151 2228 2226">
     <span class='ocr_line' id='line_1_21' title="bbox 640 2151 2228 2226; baseline 0.005 -19"><span class='ocrx_word' id='word_1_167' title='bbox 640 2151 868 2215; x_wconf 78' lang='lat' dir='ltr'><strong>Interea,</strong></span> <span class='ocrx_word' id='word_1_168' title='bbox 911 2169 1005 2208; x_wconf 90' lang='lat' dir='ltr'><strong>seu</strong></span> <span class='ocrx_word' id='word_1_169' title='bbox 1051 2153 1314 2225; x_wconf 79' lang='lat' dir='ltr'><strong>legamus,</strong></span> <span class='ocrx_word' id='word_1_170' title='bbox 1343 2157 1406 2210; x_wconf 85' lang='lat' dir='ltr'><strong>de</strong></span> <span class='ocrx_word' id='word_1_171' title='bbox 1440 2157 1539 2211; x_wconf 83' lang='lat' dir='ltr'><strong>hoc</strong></span> <span class='ocrx_word' id='word_1_172' title='bbox 1578 2158 1835 2226; x_wconf 56' lang='lat' dir='ltr'><strong>genimfue</strong></span> <span class='ocrx_word' id='word_1_173' title='bbox 1874 2158 2010 2222; x_wconf 80' lang='lat' dir='ltr'><strong>ritis,</strong></span> <span class='ocrx_word' id='word_1_174' title='bbox 2041 2173 2135 2214; x_wconf 88' lang='lat' dir='ltr'><strong>seu</strong></span> <span class='ocrx_word' id='word_1_175' title='bbox 2163 2161 2228 2215; x_wconf 89' lang='lat' dir='ltr'><strong>de</strong></span> 
     </span>
    </p>
   </div>
   <div class='ocr_carea' id='block_1_22' title="bbox 643 2242 2230 2321">
    <p class='ocr_par' dir='ltr' id='par_1_22' title="bbox 643 2242 2230 2321">
     <span class='ocr_line' id='line_1_22' title="bbox 643 2242 2230 2321; baseline 0.006 -24"><span class='ocrx_word' id='word_1_176' title='bbox 643 2242 744 2297; x_wconf 89' lang='lat' dir='ltr'><strong>hac</strong></span> <span class='ocrx_word' id='word_1_177' title='bbox 773 2252 1026 2299; x_wconf 82' lang='lat' dir='ltr'><strong>creatura</strong></span> <span class='ocrx_word' id='word_1_178' title='bbox 1053 2246 1198 2310; x_wconf 83' lang='lat' dir='ltr'><strong>vitis,</strong></span> <span class='ocrx_word' id='word_1_179' title='bbox 1230 2254 1290 2300; x_wconf 90' lang='lat' dir='ltr'><strong>ut</strong></span> <span class='ocrx_word' id='word_1_180' title='bbox 1324 2247 1412 2301; x_wconf 88' lang='lat' dir='ltr'><strong>alii</strong></span> <span class='ocrx_word' id='word_1_181' title='bbox 1441 2248 1656 2303; x_wconf 84' lang='lat' dir='ltr'><strong>codices</strong></span> <span class='ocrx_word' id='word_1_182' title='bbox 1675 2249 1892 2309; x_wconf 87' lang='lat' dir='ltr'><strong>habent,</strong></span> <span class='ocrx_word' id='word_1_183' title='bbox 1925 2260 2070 2305; x_wconf 90' lang='lat' dir='ltr'><strong>recte</strong></span> <span class='ocrx_word' id='word_1_184' title='bbox 2091 2267 2230 2321; x_wconf 79' lang='lat' dir='ltr'><strong>quae-</strong></span> 
     </span>
    </p>
   </div>
   <div class='ocr_carea' id='block_1_23' title="bbox 639 2337 2227 2410">
    <p class='ocr_par' dir='ltr' id='par_1_23' title="bbox 639 2337 2227 2410">
     <span class='ocr_line' id='line_1_23' title="bbox 639 2337 2227 2410; baseline 0.006 -20"><span class='ocrx_word' id='word_1_185' title='bbox 639 2337 777 2392; x_wconf 91' lang='lat' dir='ltr'><strong>ritur</strong></span> <span class='ocrx_word' id='word_1_186' title='bbox 807 2345 986 2391; x_wconf 87' lang='lat' dir='ltr'><strong>utrum</strong></span> <span class='ocrx_word' id='word_1_187' title='bbox 1011 2339 1131 2408; x_wconf 94' lang='lat' dir='ltr'><strong>pius</strong></span> <span class='ocrx_word' id='word_1_188' title='bbox 1152 2338 1434 2410; x_wconf 81' lang='lat' dir='ltr'><strong>Magister,</strong></span> <span class='ocrx_word' id='word_1_189' title='bbox 1453 2341 1521 2396; x_wconf 90' lang='lat' dir='ltr'><strong>ad</strong></span> <span class='ocrx_word' id='word_1_190' title='bbox 1549 2357 1742 2408; x_wconf 89' lang='lat' dir='ltr'><strong>panem</strong></span> <span class='ocrx_word' id='word_1_191' title='bbox 1765 2351 1819 2396; x_wconf 90' lang='lat' dir='ltr'><strong>et</strong></span> <span class='ocrx_word' id='word_1_192' title='bbox 1847 2342 2072 2399; x_wconf 90' lang='lat' dir='ltr'><strong>calicem</strong></span> <span class='ocrx_word' id='word_1_193' title='bbox 2097 2360 2160 2399; x_wconf 90' lang='lat' dir='ltr'><strong>ac</strong></span> <span class='ocrx_word' id='word_1_194' title='bbox 2181 2346 2227 2400; x_wconf 91' lang='lat' dir='ltr'><strong>si</strong></span> 
     </span>
    </p>
   </div>
   <div class='ocr_carea' id='block_1_24' title="bbox 639 2427 2228 2505">
    <p class='ocr_par' dir='ltr' id='par_1_24' title="bbox 639 2427 2228 2505">
     <span class='ocr_line' id='line_1_24' title="bbox 639 2427 2228 2505; baseline 0.006 -24"><span class='ocrx_word' id='word_1_195' title='bbox 639 2427 862 2498; x_wconf 75' lang='lat' dir='ltr'><strong>digitum</strong></span> <span class='ocrx_word' id='word_1_196' title='bbox 922 2429 1344 2486; x_wconf 88' lang='lat' dir='ltr'><strong>demonstrando</strong></span> <span class='ocrx_word' id='word_1_197' title='bbox 1389 2434 1716 2498; x_wconf 76' lang='lat' dir='ltr'><strong>extenderit,</strong></span> <span class='ocrx_word' id='word_1_198' title='bbox 1759 2445 2047 2505; x_wconf 87' lang='lat' dir='ltr'><strong>antequam</strong></span> <span class='ocrx_word' id='word_1_199' title='bbox 2100 2452 2228 2491; x_wconf 88' lang='lat' dir='ltr'><strong>caro</strong></span> 
     </span>
    </p>
   </div>
   <div class='ocr_carea' id='block_1_25' title="bbox 637 2521 2225 2596">
    <p class='ocr_par' dir='ltr' id='par_1_25' title="bbox 637 2521 2225 2596">
     <span class='ocr_line' id='line_1_25' title="bbox 637 2521 2225 2596; baseline 0.005 -22"><span class='ocrx_word' id='word_1_200' title='bbox 637 2527 858 2574; x_wconf 87' lang='lat' dir='ltr'><strong>essetet</strong></span> <span class='ocrx_word' id='word_1_201' title='bbox 888 2521 1131 2592; x_wconf 91' lang='lat' dir='ltr'><strong>sanguis,</strong></span> <span class='ocrx_word' id='word_1_202' title='bbox 1162 2537 1230 2576; x_wconf 91' lang='lat' dir='ltr'><strong>an</strong></span> <span class='ocrx_word' id='word_1_203' title='bbox 1263 2523 1328 2577; x_wconf 87' lang='lat' dir='ltr'><strong>ad</strong></span> <span class='ocrx_word' id='word_1_204' title='bbox 1353 2538 1414 2578; x_wconf 90' lang='lat' dir='ltr'><strong>ea</strong></span> <span class='ocrx_word' id='word_1_205' title='bbox 1445 2539 1565 2593; x_wconf 67' lang='lat' dir='ltr'><strong>qua:</strong></span> <span class='ocrx_word' id='word_1_206' title='bbox 1592 2525 1742 2594; x_wconf 92' lang='lat' dir='ltr'><strong>prius</strong></span> <span class='ocrx_word' id='word_1_207' title='bbox 1769 2524 2014 2596; x_wconf 82' lang='lat' dir='ltr'><strong>legaliter</strong></span> <span class='ocrx_word' id='word_1_208' title='bbox 2040 2528 2225 2596; x_wconf 81' lang='lat' dir='ltr'><strong>gessit,</strong></span> 
     </span>
    </p>
   </div>
   <div class='ocr_carea' id='block_1_26' title="bbox 638 2612 2225 2688">
    <p class='ocr_par' dir='ltr' id='par_1_26' title="bbox 638 2612 2225 2688">
     <span class='ocr_line' id='line_1_26' title="bbox 638 2612 2225 2688; baseline 0.006 -25"><span class='ocrx_word' id='word_1_209' title='bbox 638 2619 786 2664; x_wconf 90' lang='lat' dir='ltr'><strong>certe</strong></span> <span class='ocrx_word' id='word_1_210' title='bbox 834 2619 892 2664; x_wconf 79' lang='grc' dir='ltr'><strong>ιιι</strong></span> <span class='ocrx_word' id='word_1_211' title='bbox 940 2612 1110 2680; x_wconf 86' lang='lat' dir='ltr'><strong>ipsam</strong></span> <span class='ocrx_word' id='word_1_212' title='bbox 1163 2613 1504 2685; x_wconf 77' lang='lat' dir='ltr'><strong>Synagogam</strong></span> <span class='ocrx_word' id='word_1_213' title='bbox 1537 2617 1880 2679; x_wconf 88' lang='lat' dir='ltr'><strong>ostenderet;</strong></span> <span class='ocrx_word' id='word_1_214' title='bbox 1927 2633 2048 2688; x_wconf 66' lang='lat' dir='ltr'><strong>qua:</strong></span> <span class='ocrx_word' id='word_1_215' title='bbox 2072 2619 2225 2672; x_wconf 87' lang='lat' dir='ltr'><strong>vinea</strong></span> 
     </span>
    </p>
   </div>
   <div class='ocr_carea' id='block_1_27' title="bbox 639 2701 2226 2780">
    <p class='ocr_par' dir='ltr' id='par_1_27' title="bbox 639 2701 2226 2780">
     <span class='ocr_line' id='line_1_27' title="bbox 639 2701 2226 2780; baseline 0.006 -23"><span class='ocrx_word' id='word_1_216' title='bbox 639 2701 849 2757; x_wconf 90' lang='lat' dir='ltr'><strong>Domini</strong></span> <span class='ocrx_word' id='word_1_217' title='bbox 877 2713 996 2758; x_wconf 89' lang='lat' dir='ltr'><strong>erat</strong></span> <span class='ocrx_word' id='word_1_218' title='bbox 1025 2703 1288 2769; x_wconf 85' lang='lat' dir='ltr'><strong>Sabaoth,</strong></span> <span class='ocrx_word' id='word_1_219' title='bbox 1324 2723 1486 2777; x_wconf 89' lang='lat' dir='ltr'><strong>quam</strong></span> <span class='ocrx_word' id='word_1_220' title='bbox 1541 2707 1653 2776; x_wconf 89' lang='lat' dir='ltr'><strong>ipse</strong></span> <span class='ocrx_word' id='word_1_221' title='bbox 1691 2709 1756 2762; x_wconf 86' lang='lat' dir='ltr'><strong>de</strong></span> <span class='ocrx_word' id='word_1_222' title='bbox 1784 2708 2016 2780; x_wconf 64' lang='lat' dir='ltr'><strong>)Egypto</strong></span> <span class='ocrx_word' id='word_1_223' title='bbox 2045 2720 2226 2766; x_wconf 86' lang='lat' dir='ltr'><strong>trans-</strong></span> 
     </span>
    </p>
   </div>
   <div class='ocr_carea' id='block_1_28' title="bbox 638 2793 2227 2869">
    <p class='ocr_par' dir='ltr' id='par_1_28' title="bbox 638 2793 2227 2869">
     <span class='ocr_line' id='line_1_28' title="bbox 638 2793 2227 2869; baseline 0.008 -23"><span class='ocrx_word' id='word_1_224' title='bbox 638 2793 778 2857; x_wconf 86' lang='lat' dir='ltr'><strong>tulit,</strong></span> <span class='ocrx_word' id='word_1_225' title='bbox 833 2795 958 2864; x_wconf 88' lang='lat' dir='ltr'><strong>quia</strong></span> <span class='ocrx_word' id='word_1_226' title='bbox 993 2807 1284 2869; x_wconf 89' lang='lat' dir='ltr'><strong>utrumque</strong></span> <span class='ocrx_word' id='word_1_227' title='bbox 1320 2815 1618 2868; x_wconf 77' lang='lat' dir='ltr'><strong>congruere</strong></span> <span class='ocrx_word' id='word_1_228' title='bbox 1667 2803 1900 2856; x_wconf 88' lang='lat' dir='ltr'><strong>videtur.</strong></span> <span class='ocrx_word' id='word_1_229' title='bbox 1943 2803 2140 2858; x_wconf 79' lang='lat' dir='ltr'><strong>Verum</strong></span> <span class='ocrx_word' id='word_1_230' title='bbox 2183 2806 2227 2858; x_wconf 88' lang='lat' dir='ltr'><strong>si</strong></span> 
     </span>
    </p>
   </div>
   <div class='ocr_carea' id='block_1_29' title="bbox 637 2885 2228 2962">
    <p class='ocr_par' dir='ltr' id='par_1_29' title="bbox 637 2885 2228 2962">
     <span class='ocr_line' id='line_1_29' title="bbox 637 2885 2228 2962; baseline 0.009 -24"><span class='ocrx_word' id='word_1_231' title='bbox 637 2885 704 2938; x_wconf 89' lang='lat' dir='ltr'><strong>ad</strong></span> <span class='ocrx_word' id='word_1_232' title='bbox 727 2900 918 2953; x_wconf 90' lang='lat' dir='ltr'><strong>panem</strong></span> <span class='ocrx_word' id='word_1_233' title='bbox 946 2889 1282 2956; x_wconf 88' lang='lat' dir='ltr'><strong>respicimus,</strong></span> <span class='ocrx_word' id='word_1_234' title='bbox 1313 2900 1364 2944; x_wconf 89' lang='lat' dir='ltr'><strong>et</strong></span> <span class='ocrx_word' id='word_1_235' title='bbox 1392 2890 1633 2955; x_wconf 84' lang='lat' dir='ltr'><strong>calicem,</strong></span> <span class='ocrx_word' id='word_1_236' title='bbox 1674 2894 1859 2962; x_wconf 85' lang='lat' dir='ltr'><strong>utique</strong></span> <span class='ocrx_word' id='word_1_237' title='bbox 1885 2909 1950 2948; x_wconf 79' lang='lat' dir='ltr'><strong>ex</strong></span> <span class='ocrx_word' id='word_1_238' title='bbox 1980 2896 2063 2950; x_wconf 86' lang='lat' dir='ltr'><strong>his</strong></span> <span class='ocrx_word' id='word_1_239' title='bbox 2087 2896 2228 2951; x_wconf 87' lang='lat' dir='ltr'><strong>ultra</strong></span> 
     </span>
    </p>
   </div>
   <div class='ocr_carea' id='block_1_30' title="bbox 639 2977 2223 3054">
    <p class='ocr_par' dir='ltr' id='par_1_30' title="bbox 639 2977 2223 3054">
     <span class='ocr_line' id='line_1_30' title="bbox 639 2977 2223 3054; baseline 0.009 -27"><span class='ocrx_word' id='word_1_240' title='bbox 639 2989 745 3028; x_wconf 90' lang='lat' dir='ltr'><strong>non</strong></span> <span class='ocrx_word' id='word_1_241' title='bbox 771 2977 1138 3045; x_wconf 80' lang='lat' dir='ltr'><strong>manducavit,</strong></span> <span class='ocrx_word' id='word_1_242' title='bbox 1169 2995 1349 3050; x_wconf 89' lang='lat' dir='ltr'><strong>neque</strong></span> <span class='ocrx_word' id='word_1_243' title='bbox 1393 2982 1546 3044; x_wconf 91' lang='lat' dir='ltr'><strong>bibit,</strong></span> <span class='ocrx_word' id='word_1_244' title='bbox 1591 2983 1764 3038; x_wconf 86' lang='lat' dir='ltr'><strong>donec</strong></span> <span class='ocrx_word' id='word_1_245' title='bbox 1812 2994 1936 3054; x_wconf 88' lang='lat' dir='ltr'><strong>post</strong></span> <span class='ocrx_word' id='word_1_246' title='bbox 1980 3001 2223 3042; x_wconf 84' lang='lat' dir='ltr'><strong>resurre-</strong></span> 
     </span>
    </p>
   </div>
   <div class='ocr_carea' id='block_1_31' title="bbox 639 3070 2228 3155">
    <p class='ocr_par' dir='ltr' id='par_1_31' title="bbox 639 3070 2228 3155">
     <span class='ocr_line' id='line_1_31' title="bbox 639 3070 2228 3155; baseline 0.01 -30"><span class='ocrx_word' id='word_1_247' title='bbox 639 3070 892 3136; x_wconf 89' lang='lat' dir='ltr'><strong>ctionem,</strong></span> <span class='ocrx_word' id='word_1_248' title='bbox 919 3087 1040 3128; x_wconf 91' lang='lat' dir='ltr'><strong>cum</strong></span> <span class='ocrx_word' id='word_1_249' title='bbox 1089 3075 1294 3130; x_wconf 87' lang='lat' dir='ltr'><strong>eisdem</strong></span> <span class='ocrx_word' id='word_1_250' title='bbox 1323 3077 1620 3147; x_wconf 84' lang='lat' dir='ltr'><strong>discipulis,</strong></span> <span class='ocrx_word' id='word_1_251' title='bbox 1647 3080 1757 3150; x_wconf 90' lang='lat' dir='ltr'><strong>jam</strong></span> <span class='ocrx_word' id='word_1_252' title='bbox 1804 3082 2228 3155; x_wconf 90' lang='lat' dir='ltr'><strong>iucorruptibilis</strong></span> 
     </span>
    </p>
   </div>
   <div class='ocr_carea' id='block_1_32' title="bbox 638 3163 2300 3259">
    <p class='ocr_par' dir='ltr' id='par_1_32' title="bbox 638 3163 2300 3259">
     <span class='ocr_line' id='line_1_32' title="bbox 638 3163 2300 3259; baseline 0.011 -44"><span class='ocrx_word' id='word_1_253' title='bbox 638 3169 694 3215; x_wconf 86' lang='lat' dir='ltr'><strong>et</strong></span> <span class='ocrx_word' id='word_1_254' title='bbox 734 3163 1054 3222; x_wconf 87' lang='lat' dir='ltr'><strong>immortalis</strong></span> <span class='ocrx_word' id='word_1_255' title='bbox 1096 3170 1440 3223; x_wconf 89' lang='lat' dir='ltr'><strong>manducavit</strong></span> <span class='ocrx_word' id='word_1_256' title='bbox 1466 3181 1520 3225; x_wconf 89' lang='lat' dir='ltr'><strong>ct</strong></span> <span class='ocrx_word' id='word_1_257' title='bbox 1549 3172 1702 3226; x_wconf 87' lang='lat' dir='ltr'><strong>bibit.</strong></span> <span class='ocrx_word' id='word_1_258' title='bbox 1739 3171 1793 3226; x_wconf 90' lang='lat' dir='ltr'><strong>Si</strong></span> <span class='ocrx_word' id='word_1_259' title='bbox 1828 3185 2006 3230; x_wconf 86' lang='lat' dir='ltr'><strong>autem</strong></span> <span class='ocrx_word' id='word_1_260' title='bbox 2052 3178 2228 3233; x_wconf 88' lang='lat' dir='ltr'><strong>dehis</strong></span> <span class='ocrx_word' id='word_1_261' title='bbox 2255 3195 2300 3259; x_wconf 69' lang='grc' dir='ltr'><strong>ρ</strong></span> 
     </span>
    </p>
   </div>
   <div class='ocr_carea' id='block_1_33' title="bbox 637 3253 2225 3336">
    <p class='ocr_par' dir='ltr' id='par_1_33' title="bbox 637 3253 2225 3336">
     <span class='ocr_line' id='line_1_33' title="bbox 637 3253 2225 3336; baseline 0.012 -32"><span class='ocrx_word' id='word_1_262' title='bbox 637 3268 758 3322; x_wconf 67' lang='lat' dir='ltr'><strong>quae</strong></span> <span class='ocrx_word' id='word_1_263' title='bbox 788 3253 1030 3326; x_wconf 83' lang='lat' dir='ltr'><strong>legaliter</strong></span> <span class='ocrx_word' id='word_1_264' title='bbox 1061 3268 1213 3328; x_wconf 87' lang='lat' dir='ltr'><strong>gesta</strong></span> <span class='ocrx_word' id='word_1_265' title='bbox 1260 3269 1404 3324; x_wconf 82' lang='lat' dir='ltr'><strong>sum,</strong></span> <span class='ocrx_word' id='word_1_266' title='bbox 1443 3261 1575 3316; x_wconf 90' lang='lat' dir='ltr'><strong>dicit</strong></span> <span class='ocrx_word' id='word_1_267' title='bbox 1601 3277 1806 3326; x_wconf 89' lang='lat' dir='ltr'><strong>verum,</strong></span> <span class='ocrx_word' id='word_1_268' title='bbox 1838 3267 1964 3336; x_wconf 90' lang='lat' dir='ltr'><strong>quia</strong></span> <span class='ocrx_word' id='word_1_269' title='bbox 1995 3267 2060 3322; x_wconf 91' lang='lat' dir='ltr'><strong>de</strong></span> <span class='ocrx_word' id='word_1_270' title='bbox 2099 3268 2225 3322; x_wconf 86' lang='lat' dir='ltr'><strong>hos-</strong></span> 
     </span>
    </p>
   </div>
   <div class='ocr_carea' id='block_1_34' title="bbox 637 3343 2218 3430">
    <p class='ocr_par' dir='ltr' id='par_1_34' title="bbox 637 3343 2218 3430">
     <span class='ocr_line' id='line_1_34' title="bbox 637 3343 2218 3430; baseline 0.011 -33"><span class='ocrx_word' id='word_1_271' title='bbox 637 3344 728 3399; x_wconf 90' lang='lat' dir='ltr'><strong>tiis</strong></span> <span class='ocrx_word' id='word_1_272' title='bbox 777 3343 1084 3403; x_wconf 76' lang='lat' dir='ltr'><strong>Judmorum</strong></span> <span class='ocrx_word' id='word_1_273' title='bbox 1127 3360 1180 3404; x_wconf 92' lang='lat' dir='ltr'><strong>et</strong></span> <span class='ocrx_word' id='word_1_274' title='bbox 1226 3352 1462 3407; x_wconf 79' lang='lat' dir='ltr'><strong>victimis</strong></span> <span class='ocrx_word' id='word_1_275' title='bbox 1494 3353 1637 3408; x_wconf 89' lang='lat' dir='ltr'><strong>nulla</strong></span> <span class='ocrx_word' id='word_1_276' title='bbox 1695 3355 1910 3411; x_wconf 88' lang='lat' dir='ltr'><strong>demum</strong></span> <span class='ocrx_word' id='word_1_277' title='bbox 1961 3361 2218 3430; x_wconf 76' lang='lat' dir='ltr'><strong>gustavit,</strong></span> 
     </span>
    </p>
   </div>
   <div class='ocr_carea' id='block_1_35' title="bbox 637 3436 2222 3517">
    <p class='ocr_par' dir='ltr' id='par_1_35' title="bbox 637 3436 2222 3517">
     <span class='ocr_line' id='line_1_35' title="bbox 637 3436 2222 3517; baseline 0.009 -26"><span class='ocrx_word' id='word_1_278' title='bbox 637 3436 809 3494; x_wconf 89' lang='lat' dir='ltr'><strong>donec</strong></span> <span class='ocrx_word' id='word_1_279' title='bbox 835 3441 1015 3494; x_wconf 92' lang='lat' dir='ltr'><strong>omnia</strong></span> <span class='ocrx_word' id='word_1_280' title='bbox 1048 3441 1099 3496; x_wconf 93' lang='lat' dir='ltr'><strong>in</strong></span> <span class='ocrx_word' id='word_1_281' title='bbox 1132 3443 1366 3498; x_wconf 86' lang='lat' dir='ltr'><strong>Ecclesia</strong></span> <span class='ocrx_word' id='word_1_282' title='bbox 1417 3447 1678 3502; x_wconf 87' lang='lat' dir='ltr'><strong>translata</strong></span> <span class='ocrx_word' id='word_1_283' title='bbox 1707 3459 1832 3503; x_wconf 90' lang='lat' dir='ltr'><strong>sunt</strong></span> <span class='ocrx_word' id='word_1_284' title='bbox 1859 3461 2222 3517; x_wconf 83' lang='lat' dir='ltr'><strong>sacramenta,</strong></span> 
     </span>
    </p>
   </div>
   <div class='ocr_carea' id='block_1_36' title="bbox 637 3529 2224 3610">
    <p class='ocr_par' dir='ltr' id='par_1_36' title="bbox 637 3529 2224 3610">
     <span class='ocr_line' id='line_1_36' title="bbox 637 3529 2224 3610; baseline 0.008 -26"><span class='ocrx_word' id='word_1_285' title='bbox 637 3538 692 3584; x_wconf 87' lang='lat' dir='ltr'><strong>et</strong></span> <span class='ocrx_word' id='word_1_286' title='bbox 723 3529 992 3586; x_wconf 88' lang='lat' dir='ltr'><strong>iuuovata.</strong></span> <span class='ocrx_word' id='word_1_287' title='bbox 1021 3532 1173 3600; x_wconf 86' lang='lat' dir='ltr'><strong>Quod</strong></span> <span class='ocrx_word' id='word_1_288' title='bbox 1204 3536 1248 3590; x_wconf 94' lang='lat' dir='ltr'><strong>si</strong></span> <span class='ocrx_word' id='word_1_289' title='bbox 1273 3537 1338 3590; x_wconf 90' lang='lat' dir='ltr'><strong>de</strong></span> <span class='ocrx_word' id='word_1_290' title='bbox 1359 3537 1472 3606; x_wconf 91' lang='lat' dir='ltr'><strong>ipsa</strong></span> <span class='ocrx_word' id='word_1_291' title='bbox 1506 3536 1788 3610; x_wconf 82' lang='lat' dir='ltr'><strong>Synagoga</strong></span> <span class='ocrx_word' id='word_1_292' title='bbox 1820 3555 2000 3596; x_wconf 84' lang='lat' dir='ltr'><strong>sermo</strong></span> <span class='ocrx_word' id='word_1_293' title='bbox 2040 3551 2143 3606; x_wconf 91' lang='lat' dir='ltr'><strong>cst,</strong></span> <span class='ocrx_word' id='word_1_294' title='bbox 2193 3556 2224 3596; x_wconf 89' lang='lat' dir='ltr'><strong>a</strong></span> 
     </span>
    </p>
   </div>
   <div class='ocr_carea' id='block_1_37' title="bbox 637 3623 2222 3700">
    <p class='ocr_par' dir='ltr' id='par_1_37' title="bbox 637 3623 2222 3700">
     <span class='ocr_line' id='line_1_37' title="bbox 637 3623 2222 3700; baseline 0.009 -28"><span class='ocrx_word' id='word_1_295' title='bbox 637 3633 744 3689; x_wconf 89' lang='lat' dir='ltr'><strong>quo</strong></span> <span class='ocrx_word' id='word_1_296' title='bbox 769 3623 992 3678; x_wconf 91' lang='lat' dir='ltr'><strong>calicem</strong></span> <span class='ocrx_word' id='word_1_297' title='bbox 1019 3625 1286 3694; x_wconf 87' lang='lat' dir='ltr'><strong>passionis</strong></span> <span class='ocrx_word' id='word_1_298' title='bbox 1332 3626 1541 3682; x_wconf 90' lang='lat' dir='ltr'><strong>illatum</strong></span> <span class='ocrx_word' id='word_1_299' title='bbox 1587 3643 1683 3683; x_wconf 90' lang='lat' dir='ltr'><strong>sua</strong></span> <span class='ocrx_word' id='word_1_300' title='bbox 1717 3640 1911 3699; x_wconf 87' lang='lat' dir='ltr'><strong>sponte</strong></span> <span class='ocrx_word' id='word_1_301' title='bbox 1963 3631 2222 3700; x_wconf 82' lang='lat' dir='ltr'><strong>suscepit,</strong></span> 
     </span>
    </p>
   </div>
   <div class='ocr_carea' id='block_1_38' title="bbox 638 3714 2227 3792">
    <p class='ocr_par' dir='ltr' id='par_1_38' title="bbox 638 3714 2227 3792">
     <span class='ocr_line' id='line_1_38' title="bbox 638 3714 2227 3792; baseline 0.006 -26"><span class='ocrx_word' id='word_1_302' title='bbox 638 3714 906 3768; x_wconf 89' lang='lat' dir='ltr'><strong>neminem</strong></span> <span class='ocrx_word' id='word_1_303' title='bbox 937 3731 1122 3770; x_wconf 87' lang='lat' dir='ltr'><strong>eorum</strong></span> <span class='ocrx_word' id='word_1_304' title='bbox 1149 3733 1246 3788; x_wconf 92' lang='lat' dir='ltr'><strong>per</strong></span> <span class='ocrx_word' id='word_1_305' title='bbox 1285 3717 1443 3773; x_wconf 78' lang='lat' dir='ltr'><strong>fidem</strong></span> <span class='ocrx_word' id='word_1_306' title='bbox 1475 3719 1614 3773; x_wconf 87' lang='lat' dir='ltr'><strong>intra</strong></span> <span class='ocrx_word' id='word_1_307' title='bbox 1640 3736 1796 3775; x_wconf 89' lang='lat' dir='ltr'><strong>suum</strong></span> <span class='ocrx_word' id='word_1_308' title='bbox 1837 3737 2052 3792; x_wconf 89' lang='lat' dir='ltr'><strong>corpus,</strong></span> <span class='ocrx_word' id='word_1_309' title='bbox 2081 3723 2227 3792; x_wconf 89' lang='lat' dir='ltr'><strong>quod</strong></span> 
     </span>
    </p>
   </div>
   <div class='ocr_carea' id='block_1_39' title="bbox 636 3807 2220 3884">
    <p class='ocr_par' dir='ltr' id='par_1_39' title="bbox 636 3807 2220 3884">
     <span class='ocr_line' id='line_1_39' title="bbox 636 3807 2220 3884; baseline 0.004 -22"><span class='ocrx_word' id='word_1_310' title='bbox 636 3817 719 3862; x_wconf 89' lang='lat' dir='ltr'><strong>est</strong></span> <span class='ocrx_word' id='word_1_311' title='bbox 758 3807 1023 3874; x_wconf 69' lang='lat' dir='ltr'><strong>Erclesia,</strong></span> <span class='ocrx_word' id='word_1_312' title='bbox 1071 3809 1301 3879; x_wconf 84' lang='lat' dir='ltr'><strong>trajecit,</strong></span> <span class='ocrx_word' id='word_1_313' title='bbox 1349 3812 1522 3868; x_wconf 89' lang='lat' dir='ltr'><strong>donec</strong></span> <span class='ocrx_word' id='word_1_314' title='bbox 1571 3822 1693 3884; x_wconf 92' lang='lat' dir='ltr'><strong>post</strong></span> <span class='ocrx_word' id='word_1_315' title='bbox 1743 3815 2220 3878; x_wconf 88' lang='lat' dir='ltr'><strong>resurrectionem,</strong></span> 
     </span>
    </p>
   </div>
   <div class='ocr_carea' id='block_1_40' title="bbox 638 3899 2226 3976">
    <p class='ocr_par' dir='ltr' id='par_1_40' title="bbox 638 3899 2226 3976">
     <span class='ocr_line' id='line_1_40' title="bbox 638 3899 2226 3976; baseline 0.006 -23"><span class='ocrx_word' id='word_1_316' title='bbox 638 3915 734 3969; x_wconf 89' lang='lat' dir='ltr'><strong>per</strong></span> <span class='ocrx_word' id='word_1_317' title='bbox 764 3899 998 3971; x_wconf 89' lang='lat' dir='ltr'><strong>Spiritus</strong></span> <span class='ocrx_word' id='word_1_318' title='bbox 1026 3904 1196 3958; x_wconf 90' lang='lat' dir='ltr'><strong>sancti</strong></span> <span class='ocrx_word' id='word_1_319' title='bbox 1226 3905 1780 3974; x_wconf 85' lang='lat' dir='ltr'><strong>gratiam,iunovatos</strong></span> <span class='ocrx_word' id='word_1_320' title='bbox 1801 3905 2226 3976; x_wconf 88' lang='lat' dir='ltr'><strong>quamplurimos</strong></span> 
     </span>
    </p>
   </div>
   <div class='ocr_carea' id='block_1_41' title="bbox 640 3991 2228 4068">
    <p class='ocr_par' dir='ltr' id='par_1_41' title="bbox 640 3991 2228 4068">
     <span class='ocr_line' id='line_1_41' title="bbox 640 3991 2228 4068; baseline 0.006 -25"><span class='ocrx_word' id='word_1_321' title='bbox 640 3993 897 4062; x_wconf 79' lang='lat' dir='ltr'><strong>suscepit.</strong></span> <span class='ocrx_word' id='word_1_322' title='bbox 928 3991 1077 4061; x_wconf 72' lang='lat' dir='ltr'><strong>Quod</strong></span> <span class='ocrx_word' id='word_1_323' title='bbox 1094 3995 1249 4050; x_wconf 90' lang='lat' dir='ltr'><strong>vinea</strong></span> <span class='ocrx_word' id='word_1_324' title='bbox 1281 3997 1346 4051; x_wconf 88' lang='lat' dir='ltr'><strong>de</strong></span> <span class='ocrx_word' id='word_1_325' title='bbox 1364 3995 1598 4068; x_wconf 59' lang='lat' dir='ltr'><strong>[Egypto</strong></span> <span class='ocrx_word' id='word_1_326' title='bbox 1624 3997 2041 4067; x_wconf 82' lang='lat' dir='ltr'><strong>transplantata,</strong></span> <span class='ocrx_word' id='word_1_327' title='bbox 2067 4013 2228 4068; x_wconf 85' lang='lat' dir='ltr'><strong>syna-</strong></span> 
     </span>
    </p>
   </div>
   <div class='ocr_carea' id='block_1_42' title="bbox 641 4081 2232 4158">
    <p class='ocr_par' dir='ltr' id='par_1_42' title="bbox 641 4081 2232 4158">
     <span class='ocr_line' id='line_1_42' title="bbox 641 4081 2232 4158; baseline 0.006 -24"><span class='ocrx_word' id='word_1_328' title='bbox 641 4096 777 4152; x_wconf 86' lang='lat' dir='ltr'><strong>goga</strong></span> <span class='ocrx_word' id='word_1_329' title='bbox 821 4081 1129 4141; x_wconf 70' lang='lat' dir='ltr'><strong>Judzeorum</strong></span> <span class='ocrx_word' id='word_1_330' title='bbox 1159 4087 1262 4152; x_wconf 92' lang='lat' dir='ltr'><strong>sit,</strong></span> <span class='ocrx_word' id='word_1_331' title='bbox 1302 4086 1566 4143; x_wconf 79' lang='lat' dir='ltr'><strong>Jeremias</strong></span> <span class='ocrx_word' id='word_1_332' title='bbox 1613 4103 1682 4144; x_wconf 77' lang='lat' dir='ltr'><strong>ex</strong></span> <span class='ocrx_word' id='word_1_333' title='bbox 1733 4103 1966 4158; x_wconf 87' lang='lat' dir='ltr'><strong>persona</strong></span> <span class='ocrx_word' id='word_1_334' title='bbox 2018 4088 2232 4144; x_wconf 87' lang='lat' dir='ltr'><strong>Domini</strong></span> 
     </span>
    </p>
   </div>
   <div class='ocr_carea' id='block_1_43' title="bbox 637 4176 2226 4250">
    <p class='ocr_par' dir='ltr' id='par_1_43' title="bbox 637 4176 2226 4250">
     <span class='ocr_line' id='line_1_43' title="bbox 637 4176 2226 4250; baseline 0.002 -20"><span class='ocrx_word' id='word_1_335' title='bbox 637 4176 890 4242; x_wconf 90' lang='lat' dir='ltr'><strong>ostendit,</strong></span> <span class='ocrx_word' id='word_1_336' title='bbox 915 4193 1036 4233; x_wconf 91' lang='lat' dir='ltr'><strong>cum</strong></span> <span class='ocrx_word' id='word_1_337' title='bbox 1064 4179 1217 4248; x_wconf 89' lang='lat' dir='ltr'><strong>quasi</strong></span> <span class='ocrx_word' id='word_1_338' title='bbox 1260 4178 1550 4248; x_wconf 87' lang='lat' dir='ltr'><strong>deplorans</strong></span> <span class='ocrx_word' id='word_1_339' title='bbox 1598 4179 1858 4234; x_wconf 90' lang='lat' dir='ltr'><strong>Dominus</strong></span> <span class='ocrx_word' id='word_1_340' title='bbox 1893 4180 2058 4234; x_wconf 86' lang='lat' dir='ltr'><strong>dicit:</strong></span> <span class='ocrx_word' id='word_1_341' title='bbox 2114 4178 2226 4250; x_wconf 84' lang='lat' dir='ltr'><strong>Ego</strong></span> 
     </span>
    </p>
   </div>
   <div class='ocr_carea' id='block_1_44' title="bbox 638 4266 2228 4339">
    <p class='ocr_par' dir='ltr' id='par_1_44' title="bbox 638 4266 2228 4339">
     <span class='ocr_line' id='line_1_44' title="bbox 638 4266 2228 4339; baseline 0.004 -20"><span class='ocrx_word' id='word_1_342' title='bbox 638 4276 686 4321; x_wconf 84' lang='lat' dir='ltr'><strong>te</strong></span> <span class='ocrx_word' id='word_1_343' title='bbox 708 4266 941 4336; x_wconf 77' lang='lat' dir='ltr'><strong>plantavi</strong></span> <span class='ocrx_word' id='word_1_344' title='bbox 969 4269 1174 4323; x_wconf 83' lang='lat' dir='ltr'><strong>vineam</strong></span> <span class='ocrx_word' id='word_1_345' title='bbox 1200 4286 1369 4324; x_wconf 88' lang='lat' dir='ltr'><strong>meam</strong></span> <span class='ocrx_word' id='word_1_346' title='bbox 1395 4267 1635 4334; x_wconf 79' lang='lat' dir='ltr'><strong>electam,</strong></span> <span class='ocrx_word' id='word_1_347' title='bbox 1681 4269 1942 4339; x_wconf 82' lang='lat' dir='ltr'><strong>quomodo</strong></span> <span class='ocrx_word' id='word_1_348' title='bbox 1980 4286 2228 4326; x_wconf 82' lang='lat' dir='ltr'><strong>conversa</strong></span> 
     </span>
    </p>
   </div>
   <div class='ocr_carea' id='block_1_45' title="bbox 637 4357 2228 4430">
    <p class='ocr_par' dir='ltr' id='par_1_45' title="bbox 637 4357 2228 4430">
     <span class='ocr_line' id='line_1_45' title="bbox 637 4357 2228 4430; baseline 0.004 -22"><span class='ocrx_word' id='word_1_349' title='bbox 637 4373 688 4411; x_wconf 84' lang='lat' dir='ltr'><strong>es</strong></span> <span class='ocrx_word' id='word_1_350' title='bbox 719 4357 770 4412; x_wconf 84' lang='lat' dir='ltr'><strong>iu</strong></span> <span class='ocrx_word' id='word_1_351' title='bbox 794 4359 1199 4412; x_wconf 77' lang='lat' dir='ltr'><strong>amaritudinem</strong></span> <span class='ocrx_word' id='word_1_352' title='bbox 1225 4359 1339 4412; x_wconf 83' lang='lat' dir='ltr'><strong>vitis</strong></span> <span class='ocrx_word' id='word_1_353' title='bbox 1367 4357 1554 4414; x_wconf 75' lang='lat' dir='ltr'><strong>aliena:</strong></span> <span class='ocrx_word' id='word_1_354' title='bbox 1571 4360 1598 4413; x_wconf 74' lang='lat'><strong><em>7</em></strong></span> <span class='ocrx_word' id='word_1_355' title='bbox 1630 4357 1806 4430; x_wconf 83' lang='lat' dir='ltr'><strong>(Hier.</strong></span> <span class='ocrx_word' id='word_1_356' title='bbox 1836 4375 1898 4423; x_wconf 84' lang='lat' dir='ltr'><strong>tt,</strong></span> <span class='ocrx_word' id='word_1_357' title='bbox 1923 4358 2040 4430; x_wconf 71' lang='lat' dir='ltr'><strong>2i.)</strong></span> <span class='ocrx_word' id='word_1_358' title='bbox 2067 4358 2228 4415; x_wconf 91' lang='lat' dir='ltr'><strong>Simi-</strong></span> 
     </span>
    </p>
   </div>
   <div class='ocr_carea' id='block_1_46' title="bbox 637 4446 2228 4521">
    <p class='ocr_par' dir='ltr' id='par_1_46' title="bbox 637 4446 2228 4521">
     <span class='ocr_line' id='line_1_46' title="bbox 637 4446 2228 4521; baseline 0.004 -22"><span class='ocrx_word' id='word_1_359' title='bbox 637 4446 758 4500; x_wconf 88' lang='lat' dir='ltr'><strong>liter</strong></span> <span class='ocrx_word' id='word_1_360' title='bbox 784 4457 839 4503; x_wconf 90' lang='lat' dir='ltr'><strong>et</strong></span> <span class='ocrx_word' id='word_1_361' title='bbox 879 4447 1045 4504; x_wconf 88' lang='lat' dir='ltr'><strong>Isaias</strong></span> <span class='ocrx_word' id='word_1_362' title='bbox 1075 4449 1129 4503; x_wconf 96' lang='lat' dir='ltr'><strong>in</strong></span> <span class='ocrx_word' id='word_1_363' title='bbox 1174 4448 1420 4517; x_wconf 91' lang='lat' dir='ltr'><strong>Cantico,</strong></span> <span class='ocrx_word' id='word_1_364' title='bbox 1477 4458 1534 4505; x_wconf 89' lang='lat' dir='ltr'><strong>et</strong></span> <span class='ocrx_word' id='word_1_365' title='bbox 1585 4449 1793 4521; x_wconf 87' lang='lat' dir='ltr'><strong>reliqua</strong></span> <span class='ocrx_word' id='word_1_366' title='bbox 1841 4448 2122 4521; x_wconf 87' lang='lat' dir='ltr'><strong>Scriptura</strong></span> <span class='ocrx_word' id='word_1_367' title='bbox 2175 4451 2228 4506; x_wconf 90' lang='lat' dir='ltr'><strong>in</strong></span> 
     </span>
    </p>
   </div>
   <div class='ocr_carea' id='block_1_47' title="bbox 637 4537 2307 4620">
    <p class='ocr_par' dir='ltr' id='par_1_47' title="bbox 637 4537 2307 4620">
     <span class='ocr_line' id='line_1_47' title="bbox 637 4537 2307 4620; baseline 0.006 -31"><span class='ocrx_word' id='word_1_368' title='bbox 637 4537 1053 4608; x_wconf 86' lang='lat' dir='ltr'><strong>quamplurimis</strong></span> <span class='ocrx_word' id='word_1_369' title='bbox 1101 4539 1250 4595; x_wconf 91' lang='lat' dir='ltr'><strong>locis.</strong></span> <span class='ocrx_word' id='word_1_370' title='bbox 1299 4541 1376 4596; x_wconf 93' lang='lat' dir='ltr'><strong>De</strong></span> <span class='ocrx_word' id='word_1_371' title='bbox 1435 4556 1538 4611; x_wconf 89' lang='lat' dir='ltr'><strong>qua</strong></span> <span class='ocrx_word' id='word_1_372' title='bbox 1587 4556 1719 4596; x_wconf 89' lang='lat' dir='ltr'><strong>sane</strong></span> <span class='ocrx_word' id='word_1_373' title='bbox 1752 4542 1906 4597; x_wconf 84' lang='lat' dir='ltr'><strong>vinea</strong></span> <span class='ocrx_word' id='word_1_374' title='bbox 1965 4542 2307 4620; x_wconf 81' lang='lat' dir='ltr'><strong>DominusD</strong></span> 
     </span>
    </p>
   </div>
   <div class='ocr_carea' id='block_1_48' title="bbox 636 4629 2226 4702">
    <p class='ocr_par' dir='ltr' id='par_1_48' title="bbox 636 4629 2226 4702">
     <span class='ocr_line' id='line_1_48' title="bbox 636 4629 2226 4702; baseline 0.006 -22"><span class='ocrx_word' id='word_1_375' title='bbox 636 4629 789 4694; x_wconf 83' lang='lat' dir='ltr'><strong>dicit,</strong></span> <span class='ocrx_word' id='word_1_376' title='bbox 829 4643 1166 4702; x_wconf 87' lang='lat' dir='ltr'><strong>nequaquam</strong></span> <span class='ocrx_word' id='word_1_377' title='bbox 1193 4647 1252 4686; x_wconf 85' lang='lat' dir='ltr'><strong>se</strong></span> <span class='ocrx_word' id='word_1_378' title='bbox 1288 4632 1582 4688; x_wconf 90' lang='lat' dir='ltr'><strong>bibiturum</strong></span> <span class='ocrx_word' id='word_1_379' title='bbox 1616 4632 1870 4702; x_wconf 88' lang='lat' dir='ltr'><strong>poculum</strong></span> <span class='ocrx_word' id='word_1_380' title='bbox 1917 4633 2226 4700; x_wconf 84' lang='lat' dir='ltr'><strong>suavitatis,</strong></span> 
     </span>
    </p>
   </div>
   <div class='ocr_carea' id='block_1_49' title="bbox 637 4721 2226 4796">
    <p class='ocr_par' dir='ltr' id='par_1_49' title="bbox 637 4721 2226 4796">
     <span class='ocr_line' id='line_1_49' title="bbox 637 4721 2226 4796; baseline 0.005 -22"><span class='ocrx_word' id='word_1_381' title='bbox 637 4721 738 4775; x_wconf 87' lang='lat' dir='ltr'><strong>nisi</strong></span> <span class='ocrx_word' id='word_1_382' title='bbox 766 4721 817 4775; x_wconf 92' lang='lat' dir='ltr'><strong>in</strong></span> <span class='ocrx_word' id='word_1_383' title='bbox 844 4737 1010 4793; x_wconf 85' lang='lat' dir='ltr'><strong>regno</strong></span> <span class='ocrx_word' id='word_1_384' title='bbox 1041 4721 1216 4778; x_wconf 84' lang='lat' dir='ltr'><strong>Patris</strong></span> <span class='ocrx_word' id='word_1_385' title='bbox 1241 4724 1345 4778; x_wconf 90' lang='lat' dir='ltr'><strong>sui.</strong></span> <span class='ocrx_word' id='word_1_386' title='bbox 1383 4725 1535 4792; x_wconf 85' lang='lat' dir='ltr'><strong>Quod</strong></span> <span class='ocrx_word' id='word_1_387' title='bbox 1569 4740 1792 4795; x_wconf 81' lang='lat' dir='ltr'><strong>regnum</strong></span> <span class='ocrx_word' id='word_1_388' title='bbox 1833 4725 1957 4796; x_wconf 87' lang='lat' dir='ltr'><strong>jure</strong></span> <span class='ocrx_word' id='word_1_389' title='bbox 1986 4725 2226 4782; x_wconf 86' lang='lat' dir='ltr'><strong>Ecclesia</strong></span> 
     </span>
    </p>
   </div>
   <div class='ocr_carea' id='block_1_50' title="bbox 637 4814 2228 4890">
    <p class='ocr_par' dir='ltr' id='par_1_50' title="bbox 637 4814 2228 4890">
     <span class='ocr_line' id='line_1_50' title="bbox 637 4814 2228 4890; baseline 0.004 -23"><span class='ocrx_word' id='word_1_390' title='bbox 637 4814 728 4869; x_wconf 77' lang='lat' dir='ltr'><strong>Dei</strong></span> <span class='ocrx_word' id='word_1_391' title='bbox 762 4817 1045 4887; x_wconf 90' lang='lat' dir='ltr'><strong>accipitur,</strong></span> <span class='ocrx_word' id='word_1_392' title='bbox 1083 4833 1177 4874; x_wconf 88' lang='lat' dir='ltr'><strong>seu</strong></span> <span class='ocrx_word' id='word_1_393' title='bbox 1229 4817 1362 4874; x_wconf 85' lang='lat' dir='ltr'><strong>ﬁdes</strong></span> <span class='ocrx_word' id='word_1_394' title='bbox 1406 4819 1781 4886; x_wconf 90' lang='lat' dir='ltr'><strong>credentium,</strong></span> <span class='ocrx_word' id='word_1_395' title='bbox 1827 4820 1892 4876; x_wconf 90' lang='lat' dir='ltr'><strong>de</strong></span> <span class='ocrx_word' id='word_1_396' title='bbox 1943 4833 2051 4890; x_wconf 91' lang='lat' dir='ltr'><strong>qua</strong></span> <span class='ocrx_word' id='word_1_397' title='bbox 2094 4819 2228 4875; x_wconf 90' lang='lat' dir='ltr'><strong>dicit</strong></span> 
     </span>
    </p>
   </div>
   <div class='ocr_carea' id='block_1_51' title="bbox 637 4906 2220 4981">
    <p class='ocr_par' dir='ltr' id='par_1_51' title="bbox 637 4906 2220 4981">
     <span class='ocr_line' id='line_1_51' title="bbox 637 4906 2220 4981; baseline 0.005 -23"><span class='ocrx_word' id='word_1_398' title='bbox 637 4906 928 4976; x_wconf 80' lang='lat' dir='ltr'><strong>Apostolus</strong></span> <span class='ocrx_word' id='word_1_399' title='bbox 979 4909 1346 4978; x_wconf 88' lang='lat' dir='ltr'><strong>credentibus,</strong></span> <span class='ocrx_word' id='word_1_400' title='bbox 1389 4909 1626 4981; x_wconf 81' lang='lat' dir='ltr'><strong>Regnum</strong></span> <span class='ocrx_word' id='word_1_401' title='bbox 1668 4911 1768 4966; x_wconf 85' lang='lat' dir='ltr'><strong>Dei</strong></span> <span class='ocrx_word' id='word_1_402' title='bbox 1806 4912 1947 4966; x_wconf 81' lang='lat' dir='ltr'><strong>intra</strong></span> <span class='ocrx_word' id='word_1_403' title='bbox 1988 4929 2074 4967; x_wconf 82' lang='lat' dir='ltr'><strong>vos</strong></span> <span class='ocrx_word' id='word_1_404' title='bbox 2125 4922 2220 4966; x_wconf 77' lang='lat' dir='ltr'><strong>est.</strong></span> 
     </span>
    </p>
   </div>
   <div class='ocr_carea' id='block_1_52' title="bbox 636 4997 2221 5076">
    <p class='ocr_par' dir='ltr' id='par_1_52' title="bbox 636 4997 2221 5076">
     <span class='ocr_line' id='line_1_52' title="bbox 636 4997 2221 5076; baseline 0.006 -24"><span class='ocrx_word' id='word_1_405' title='bbox 636 4997 777 5070; x_wconf 85' lang='lat' dir='ltr'><strong>Ergo</strong></span> <span class='ocrx_word' id='word_1_406' title='bbox 810 5001 1067 5071; x_wconf 89' lang='lat' dir='ltr'><strong>quidquid</strong></span> <span class='ocrx_word' id='word_1_407' title='bbox 1106 5003 1296 5058; x_wconf 90' lang='lat' dir='ltr'><strong>horum</strong></span> <span class='ocrx_word' id='word_1_408' title='bbox 1341 5004 1592 5075; x_wconf 89' lang='lat' dir='ltr'><strong>genimen</strong></span> <span class='ocrx_word' id='word_1_409' title='bbox 1638 5005 1767 5059; x_wconf 85' lang='lat' dir='ltr'><strong>vitis</strong></span> <span class='ocrx_word' id='word_1_410' title='bbox 1813 5006 2107 5076; x_wconf 89' lang='lat' dir='ltr'><strong>acceperis,</strong></span> <span class='ocrx_word' id='word_1_411' title='bbox 2153 5005 2221 5061; x_wconf 90' lang='lat' dir='ltr'><strong>de</strong></span> 
     </span>
    </p>
   </div>
   <div class='ocr_carea' id='block_1_53' title="bbox 637 5095 2221 5161">
    <p class='ocr_par' dir='ltr' id='par_1_53' title="bbox 637 5095 2221 5161">
     <span class='ocr_line' id='line_1_53' title="bbox 637 5095 2221 5161; baseline 0.003 -16"><span class='ocrx_word' id='word_1_412' title='bbox 637 5105 744 5161; x_wconf 89' lang='lat' dir='ltr'><strong>quo</strong></span> <span class='ocrx_word' id='word_1_413' title='bbox 785 5107 888 5146; x_wconf 92' lang='lat' dir='ltr'><strong>non</strong></span> <span class='ocrx_word' id='word_1_414' title='bbox 931 5108 990 5148; x_wconf 90' lang='lat' dir='ltr'><strong>se</strong></span> <span class='ocrx_word' id='word_1_415' title='bbox 1028 5095 1321 5150; x_wconf 85' lang='lat' dir='ltr'><strong>bibiturum</strong></span> <span class='ocrx_word' id='word_1_416' title='bbox 1352 5096 1504 5160; x_wconf 89' lang='lat' dir='ltr'><strong>dicit,</strong></span> <span class='ocrx_word' id='word_1_417' title='bbox 1539 5096 1710 5152; x_wconf 86' lang='lat' dir='ltr'><strong>donec</strong></span> <span class='ocrx_word' id='word_1_418' title='bbox 1764 5095 1892 5151; x_wconf 88' lang='lat' dir='ltr'><strong>illud</strong></span> <span class='ocrx_word' id='word_1_419' title='bbox 1931 5097 2080 5152; x_wconf 88' lang='lat' dir='ltr'><strong>bibat</strong></span> <span class='ocrx_word' id='word_1_420' title='bbox 2123 5111 2221 5151; x_wconf 90' lang='lat' dir='ltr'><strong>no-</strong></span> 
     </span>
    </p>
   </div>
   <div class='ocr_carea' id='block_1_54' title="bbox 637 5185 2216 5258">
    <p class='ocr_par' dir='ltr' id='par_1_54' title="bbox 637 5185 2216 5258">
     <span class='ocr_line' id='line_1_54' title="bbox 637 5185 2216 5258; baseline 0.003 -21"><span class='ocrx_word' id='word_1_421' title='bbox 637 5200 760 5238; x_wconf 85' lang='lat' dir='ltr'><strong>vum</strong></span> <span class='ocrx_word' id='word_1_422' title='bbox 787 5185 838 5239; x_wconf 92' lang='lat' dir='ltr'><strong>in</strong></span> <span class='ocrx_word' id='word_1_423' title='bbox 872 5201 1039 5257; x_wconf 87' lang='lat' dir='ltr'><strong>regno</strong></span> <span class='ocrx_word' id='word_1_424' title='bbox 1077 5187 1256 5242; x_wconf 90' lang='lat' dir='ltr'><strong>Patris</strong></span> <span class='ocrx_word' id='word_1_425' title='bbox 1273 5188 1354 5242; x_wconf 88' lang='lat' dir='ltr'><strong>sui</strong></span> <span class='ocrx_word' id='word_1_426' title='bbox 1382 5203 1397 5241; x_wconf 92' lang='lat'><strong>:</strong></span> <span class='ocrx_word' id='word_1_427' title='bbox 1428 5188 1877 5243; x_wconf 91' lang='lat' dir='ltr'><strong>considerandum</strong></span> <span class='ocrx_word' id='word_1_428' title='bbox 1904 5199 1982 5244; x_wconf 91' lang='lat' dir='ltr'><strong>est</strong></span> <span class='ocrx_word' id='word_1_429' title='bbox 2016 5197 2216 5258; x_wconf 90' lang='lat' dir='ltr'><strong>quanta</strong></span> 
     </span>
    </p>
   </div>
   <div class='ocr_carea' id='block_1_55' title="bbox 635 5280 2217 5350">
    <p class='ocr_par' dir='ltr' id='par_1_55' title="bbox 635 5280 2217 5350">
     <span class='ocr_line' id='line_1_55' title="bbox 635 5280 2217 5350; baseline -0.001 -16"><span class='ocrx_word' id='word_1_430' title='bbox 635 5280 816 5334; x_wconf 90' lang='lat' dir='ltr'><strong>uuitas</strong></span> <span class='ocrx_word' id='word_1_431' title='bbox 859 5280 1268 5335; x_wconf 90' lang='lat' dir='ltr'><strong>commendatur</strong></span> <span class='ocrx_word' id='word_1_432' title='bbox 1291 5281 1538 5350; x_wconf 86' lang='lat' dir='ltr'><strong>corporis</strong></span> <span class='ocrx_word' id='word_1_433' title='bbox 1564 5296 1687 5335; x_wconf 92' lang='lat' dir='ltr'><strong>cum</strong></span> <span class='ocrx_word' id='word_1_434' title='bbox 1720 5296 1819 5334; x_wconf 92' lang='lat' dir='ltr'><strong>suo</strong></span> <span class='ocrx_word' id='word_1_435' title='bbox 1847 5281 2043 5350; x_wconf 89' lang='lat' dir='ltr'><strong>capite,</strong></span> <span class='ocrx_word' id='word_1_436' title='bbox 2095 5294 2217 5334; x_wconf 89' lang='lat' dir='ltr'><strong>cum</strong></span> 
     </span>
    </p>
   </div>
   <div class='ocr_carea' id='block_1_56' title="bbox 636 5372 2218 5443">
    <p class='ocr_par' dir='ltr' id='par_1_56' title="bbox 636 5372 2218 5443">
     <span class='ocr_line' id='line_1_56' title="bbox 636 5372 2218 5443; baseline -0.001 -15"><span class='ocrx_word' id='word_1_437' title='bbox 636 5373 731 5436; x_wconf 79' lang='lat' dir='ltr'><strong>ait,</strong></span> <span class='ocrx_word' id='word_1_438' title='bbox 778 5372 951 5429; x_wconf 87' lang='lat' dir='ltr'><strong>Donec</strong></span> <span class='ocrx_word' id='word_1_439' title='bbox 993 5373 1128 5428; x_wconf 85' lang='lat' dir='ltr'><strong>illud</strong></span> <span class='ocrx_word' id='word_1_440' title='bbox 1158 5373 1329 5428; x_wconf 84' lang='lat' dir='ltr'><strong>bibam</strong></span> <span class='ocrx_word' id='word_1_441' title='bbox 1355 5375 1640 5430; x_wconf 72' lang='lat' dir='ltr'><strong>vobiscum.</strong></span> <span class='ocrx_word' id='word_1_442' title='bbox 1691 5373 1826 5440; x_wconf 84' lang='lat' dir='ltr'><strong>Quia</strong></span> <span class='ocrx_word' id='word_1_443' title='bbox 1875 5389 1997 5428; x_wconf 87' lang='lat' dir='ltr'><strong>cum</strong></span> <span class='ocrx_word' id='word_1_444' title='bbox 2029 5387 2218 5443; x_wconf 84' lang='lat' dir='ltr'><strong>repro-</strong></span> 
     </span>
    </p>
   </div>
   <div class='ocr_carea' id='block_1_57' title="bbox 637 5465 2218 5536">
    <p class='ocr_par' dir='ltr' id='par_1_57' title="bbox 637 5465 2218 5536">
     <span class='ocr_line' id='line_1_57' title="bbox 637 5465 2218 5536; baseline -0.001 -16"><span class='ocrx_word' id='word_1_445' title='bbox 637 5466 802 5522; x_wconf 90' lang='lat' dir='ltr'><strong>mittit</strong></span> <span class='ocrx_word' id='word_1_446' title='bbox 826 5482 883 5522; x_wconf 92' lang='lat' dir='ltr'><strong>se</strong></span> <span class='ocrx_word' id='word_1_447' title='bbox 921 5467 1216 5522; x_wconf 89' lang='lat' dir='ltr'><strong>bibiturum</strong></span> <span class='ocrx_word' id='word_1_448' title='bbox 1254 5466 1306 5520; x_wconf 91' lang='lat' dir='ltr'><strong>in</strong></span> <span class='ocrx_word' id='word_1_449' title='bbox 1335 5482 1522 5536; x_wconf 90' lang='lat' dir='ltr'><strong>regno,</strong></span> <span class='ocrx_word' id='word_1_450' title='bbox 1556 5481 1660 5520; x_wconf 90' lang='lat' dir='ltr'><strong>non</strong></span> <span class='ocrx_word' id='word_1_451' title='bbox 1695 5475 1871 5520; x_wconf 89' lang='lat' dir='ltr'><strong>tamen</strong></span> <span class='ocrx_word' id='word_1_452' title='bbox 1909 5465 2026 5520; x_wconf 89' lang='lat' dir='ltr'><strong>sine</strong></span> <span class='ocrx_word' id='word_1_453' title='bbox 2067 5465 2218 5534; x_wconf 89' lang='lat' dir='ltr'><strong>ipsis,</strong></span> 
     </span>
    </p>
   </div>
   <div class='ocr_carea' id='block_1_58' title="bbox 637 5553 2220 5628">
    <p class='ocr_par' dir='ltr' id='par_1_58' title="bbox 637 5553 2220 5628">
     <span class='ocr_line' id='line_1_58' title="bbox 637 5553 2220 5628; baseline -0.001 -18"><span class='ocrx_word' id='word_1_454' title='bbox 637 5556 730 5611; x_wconf 89' lang='lat' dir='ltr'><strong>sed</strong></span> <span class='ocrx_word' id='word_1_455' title='bbox 760 5571 882 5610; x_wconf 91' lang='lat' dir='ltr'><strong>cum</strong></span> <span class='ocrx_word' id='word_1_456' title='bbox 907 5556 1039 5627; x_wconf 91' lang='lat' dir='ltr'><strong>ipsis</strong></span> <span class='ocrx_word' id='word_1_457' title='bbox 1063 5572 1124 5612; x_wconf 93' lang='lat' dir='ltr'><strong>se</strong></span> <span class='ocrx_word' id='word_1_458' title='bbox 1155 5573 1352 5613; x_wconf 89' lang='lat' dir='ltr'><strong>novum</strong></span> <span class='ocrx_word' id='word_1_459' title='bbox 1390 5557 1576 5628; x_wconf 89' lang='lat' dir='ltr'><strong>utique</strong></span> <span class='ocrx_word' id='word_1_460' title='bbox 1603 5558 1789 5612; x_wconf 88' lang='lat' dir='ltr'><strong>bibere</strong></span> <span class='ocrx_word' id='word_1_461' title='bbox 1821 5556 1874 5610; x_wconf 93' lang='lat' dir='ltr'><strong>in</strong></span> <span class='ocrx_word' id='word_1_462' title='bbox 1915 5570 2080 5626; x_wconf 80' lang='lat' dir='ltr'><strong>regno</strong></span> <span class='ocrx_word' id='word_1_463' title='bbox 2113 5553 2220 5609; x_wconf 86' lang='lat' dir='ltr'><strong>Pa-</strong></span> 
     </span>
    </p>
   </div>
   <div class='ocr_carea' id='block_1_59' title="bbox 637 5647 2218 5720">
    <p class='ocr_par' dir='ltr' id='par_1_59' title="bbox 637 5647 2218 5720">
     <span class='ocr_line' id='line_1_59' title="bbox 637 5647 2218 5720; baseline 0 -19"><span class='ocrx_word' id='word_1_464' title='bbox 637 5647 739 5702; x_wconf 90' lang='lat' dir='ltr'><strong>tris</strong></span> <span class='ocrx_word' id='word_1_465' title='bbox 765 5648 846 5702; x_wconf 89' lang='lat' dir='ltr'><strong>sui</strong></span> <span class='ocrx_word' id='word_1_466' title='bbox 885 5649 1139 5704; x_wconf 87' lang='lat' dir='ltr'><strong>ostendit.</strong></span> <span class='ocrx_word' id='word_1_467' title='bbox 1185 5651 1321 5716; x_wconf 83' lang='lat' dir='ltr'><strong>Quia</strong></span> <span class='ocrx_word' id='word_1_468' title='bbox 1354 5666 1552 5706; x_wconf 89' lang='lat' dir='ltr'><strong>novum</strong></span> <span class='ocrx_word' id='word_1_469' title='bbox 1596 5649 1784 5720; x_wconf 89' lang='lat' dir='ltr'><strong>utique</strong></span> <span class='ocrx_word' id='word_1_470' title='bbox 1829 5647 2049 5711; x_wconf 89' lang='lat' dir='ltr'><strong>vinum,</strong></span> <span class='ocrx_word' id='word_1_471' title='bbox 2083 5663 2218 5701; x_wconf 90' lang='lat' dir='ltr'><strong>nou-</strong></span> 
     </span>
    </p>
   </div>
   <div class='ocr_carea' id='block_1_60' title="bbox 641 5737 2217 5811">
    <p class='ocr_par' dir='ltr' id='par_1_60' title="bbox 641 5737 2217 5811">
     <span class='ocr_line' id='line_1_60' title="bbox 641 5737 2217 5811; baseline 0.001 -19"><span class='ocrx_word' id='word_1_472' title='bbox 641 5737 745 5794; x_wconf 93' lang='lat' dir='ltr'><strong>nisi</strong></span> <span class='ocrx_word' id='word_1_473' title='bbox 771 5739 1007 5797; x_wconf 87' lang='lat' dir='ltr'><strong>innovati</strong></span> <span class='ocrx_word' id='word_1_474' title='bbox 1033 5754 1260 5811; x_wconf 78' lang='lat' dir='ltr'><strong>possunt,</strong></span> <span class='ocrx_word' id='word_1_475' title='bbox 1290 5744 1493 5808; x_wconf 85' lang='lat' dir='ltr'><strong>bibere,</strong></span> <span class='ocrx_word' id='word_1_476' title='bbox 1508 5753 1720 5800; x_wconf 88' lang='lat' dir='ltr'><strong>veteres</strong></span> <span class='ocrx_word' id='word_1_477' title='bbox 1745 5750 1924 5798; x_wconf 89' lang='lat' dir='ltr'><strong>autem</strong></span> <span class='ocrx_word' id='word_1_478' title='bbox 1949 5755 2082 5795; x_wconf 87' lang='lat' dir='ltr'><strong>nova</strong></span> <span class='ocrx_word' id='word_1_479' title='bbox 2113 5756 2217 5794; x_wconf 89' lang='lat' dir='ltr'><strong>non</strong></span> 
     </span>
    </p>
   </div>
   <div class='ocr_carea' id='block_1_61' title="bbox 634 5827 2220 5905">
    <p class='ocr_par' dir='ltr' id='par_1_61' title="bbox 634 5827 2220 5905">
     <span class='ocr_line' id='line_1_61' title="bbox 634 5827 2220 5905; baseline 0 -20"><span class='ocrx_word' id='word_1_480' title='bbox 634 5827 878 5900; x_wconf 80' lang='lat' dir='ltr'><strong>capiunt,</strong></span> <span class='ocrx_word' id='word_1_481' title='bbox 916 5837 1124 5888; x_wconf 84' lang='lat' dir='ltr'><strong>necnon</strong></span> <span class='ocrx_word' id='word_1_482' title='bbox 1153 5842 1207 5888; x_wconf 90' lang='lat' dir='ltr'><strong>et</strong></span> <span class='ocrx_word' id='word_1_483' title='bbox 1236 5835 1337 5905; x_wconf 84' lang='lat' dir='ltr'><strong>ipsi</strong></span> <span class='ocrx_word' id='word_1_484' title='bbox 1368 5834 1496 5891; x_wconf 84' lang='lat' dir='ltr'><strong>novi</strong></span> <span class='ocrx_word' id='word_1_485' title='bbox 1523 5833 1625 5892; x_wconf 88' lang='lat' dir='ltr'><strong>nisi</strong></span> <span class='ocrx_word' id='word_1_486' title='bbox 1655 5849 1780 5891; x_wconf 90' lang='lat' dir='ltr'><strong>cum</strong></span> <span class='ocrx_word' id='word_1_487' title='bbox 1809 5832 2051 5898; x_wconf 87' lang='lat' dir='ltr'><strong>Christo,</strong></span> <span class='ocrx_word' id='word_1_488' title='bbox 2082 5831 2220 5886; x_wconf 88' lang='lat' dir='ltr'><strong>sicut</strong></span> 
     </span>
    </p>
   </div>
   <div class='ocr_carea' id='block_1_62' title="bbox 2341 596 3876 668">
    <p class='ocr_par' dir='ltr' id='par_1_62' title="bbox 2341 596 3876 668">
     <span class='ocr_line' id='line_1_62' title="bbox 2341 596 3876 668; baseline 0.006 -20"><span class='ocrx_word' id='word_1_489' title='bbox 2341 596 2464 649; x_wconf 86' lang='lat' dir='ltr'><strong>vita</strong></span> <span class='ocrx_word' id='word_1_490' title='bbox 2486 598 2760 652; x_wconf 90' lang='lat' dir='ltr'><strong>consortio</strong></span> <span class='ocrx_word' id='word_1_491' title='bbox 2777 599 2948 667; x_wconf 86' lang='lat' dir='ltr'><strong>regni,</strong></span> <span class='ocrx_word' id='word_1_492' title='bbox 2965 613 3137 668; x_wconf 88' lang='lat' dir='ltr'><strong>neque</strong></span> <span class='ocrx_word' id='word_1_493' title='bbox 3162 613 3191 652; x_wconf 92' lang='lat' dir='ltr'><strong>a</strong></span> <span class='ocrx_word' id='word_1_494' title='bbox 3215 598 3490 652; x_wconf 87' lang='lat' dir='ltr'><strong>consortio</strong></span> <span class='ocrx_word' id='word_1_495' title='bbox 3509 612 3619 652; x_wconf 64' lang='lat' dir='ltr'><strong>suae</strong></span> <span class='ocrx_word' id='word_1_496' title='bbox 3630 601 3876 667; x_wconf 86' lang='lat' dir='ltr'><strong>potationls</strong></span> 
     </span>
    </p>
   </div>
   <div class='ocr_carea' id='block_1_63' title="bbox 2337 688 3876 760">
    <p class='ocr_par' dir='ltr' id='par_1_63' title="bbox 2337 688 3876 760">
     <span class='ocr_line' id='line_1_63' title="bbox 2337 688 3876 760; baseline 0.006 -20"><span class='ocrx_word' id='word_1_497' title='bbox 2337 697 2391 740; x_wconf 89' lang='lat' dir='ltr'><strong>et</strong></span> <span class='ocrx_word' id='word_1_498' title='bbox 2421 688 2736 751; x_wconf 87' lang='lat' dir='ltr'><strong>dulcedinis,</strong></span> <span class='ocrx_word' id='word_1_499' title='bbox 2763 691 2913 745; x_wconf 93' lang='lat' dir='ltr'><strong>nullo</strong></span> <span class='ocrx_word' id='word_1_500' title='bbox 2937 700 3094 760; x_wconf 88' lang='lat' dir='ltr'><strong>pacto</strong></span> <span class='ocrx_word' id='word_1_501' title='bbox 3123 690 3332 760; x_wconf 79' lang='lat'><strong>1100</strong></span> <span class='ocrx_word' id='word_1_502' title='bbox 3381 689 3704 745; x_wconf 84' lang='lat' dir='ltr'><strong>credendum</strong></span> <span class='ocrx_word' id='word_1_503' title='bbox 3749 703 3818 747; x_wconf 90' lang='lat' dir='ltr'><strong>est</strong></span> <span class='ocrx_word' id='word_1_504' title='bbox 3853 711 3876 749; x_wconf 81' lang='lat' dir='ltr'><strong>s</strong></span> 
     </span>
    </p>
   </div>
   <div class='ocr_carea' id='block_1_64' title="bbox 2337 781 3874 853">
    <p class='ocr_par' dir='ltr' id='par_1_64' title="bbox 2337 781 3874 853">
     <span class='ocr_line' id='line_1_64' title="bbox 2337 781 3874 853; baseline 0.005 -23"><span class='ocrx_word' id='word_1_505' title='bbox 2337 793 2430 830; x_wconf 89' lang='lat' dir='ltr'><strong>sua</strong></span> <span class='ocrx_word' id='word_1_506' title='bbox 2458 793 2551 832; x_wconf 91' lang='lat' dir='ltr'><strong>eos</strong></span> <span class='ocrx_word' id='word_1_507' title='bbox 2589 791 2958 848; x_wconf 89' lang='lat' dir='ltr'><strong>sequestrasse</strong></span> <span class='ocrx_word' id='word_1_508' title='bbox 3000 781 3280 849; x_wconf 66' lang='lat' dir='ltr'><strong>praesentia</strong></span> <span class='ocrx_word' id='word_1_509' title='bbox 3331 781 3612 850; x_wconf 89' lang='lat' dir='ltr'><strong>dignitatis</strong></span> <span class='ocrx_word' id='word_1_510' title='bbox 3640 791 3693 836; x_wconf 91' lang='lat' dir='ltr'><strong>et</strong></span> <span class='ocrx_word' id='word_1_511' title='bbox 3712 783 3874 853; x_wconf 65' lang='lat' dir='ltr'><strong>gloria.</strong></span> 
     </span>
    </p>
   </div>
   <div class='ocr_carea' id='block_1_65' title="bbox 2338 867 3875 940">
    <p class='ocr_par' dir='ltr' id='par_1_65' title="bbox 2338 867 3875 940">
     <span class='ocr_line' id='line_1_65' title="bbox 2338 867 3875 940; baseline 0.006 -20"><span class='ocrx_word' id='word_1_512' title='bbox 2338 867 2402 921; x_wconf 85' lang='lat' dir='ltr'><strong>Et</strong></span> <span class='ocrx_word' id='word_1_513' title='bbox 2435 869 2726 922; x_wconf 89' lang='lat' dir='ltr'><strong>notandum</strong></span> <span class='ocrx_word' id='word_1_514' title='bbox 2771 871 2912 938; x_wconf 84' lang='lat' dir='ltr'><strong>quod</strong></span> <span class='ocrx_word' id='word_1_515' title='bbox 2961 871 3067 934; x_wconf 92' lang='lat' dir='ltr'><strong>ait,</strong></span> <span class='ocrx_word' id='word_1_516' title='bbox 3120 872 3175 923; x_wconf 86' lang='lat' dir='ltr'><strong>in</strong></span> <span class='ocrx_word' id='word_1_517' title='bbox 3220 888 3379 940; x_wconf 81' lang='lat' dir='ltr'><strong>regno</strong></span> <span class='ocrx_word' id='word_1_518' title='bbox 3411 867 3595 925; x_wconf 83' lang='lat' dir='ltr'><strong>Patris</strong></span> <span class='ocrx_word' id='word_1_519' title='bbox 3639 875 3749 925; x_wconf 86' lang='lat' dir='ltr'><strong>mei.</strong></span> <span class='ocrx_word' id='word_1_520' title='bbox 3790 873 3875 929; x_wconf 73' lang='lat' dir='ltr'><strong>Non</strong></span> 
     </span>
    </p>
   </div>
   <div class='ocr_carea' id='block_1_66' title="bbox 2333 959 3875 1031">
    <p class='ocr_par' dir='ltr' id='par_1_66' title="bbox 2333 959 3875 1031">
     <span class='ocr_line' id='line_1_66' title="bbox 2333 959 3875 1031; baseline 0.003 -20"><span class='ocrx_word' id='word_1_521' title='bbox 2333 959 2476 1011; x_wconf 87' lang='lat' dir='ltr'><strong>enim</strong></span> <span class='ocrx_word' id='word_1_522' title='bbox 2502 959 2636 1012; x_wconf 61' lang='lat' dir='ltr'><strong>dixit</strong></span> <span class='ocrx_word' id='word_1_523' title='bbox 2666 959 2718 1012; x_wconf 93' lang='lat' dir='ltr'><strong>in</strong></span> <span class='ocrx_word' id='word_1_524' title='bbox 2749 975 2913 1031; x_wconf 83' lang='lat' dir='ltr'><strong>regno</strong></span> <span class='ocrx_word' id='word_1_525' title='bbox 2941 960 3058 1023; x_wconf 90' lang='lat' dir='ltr'><strong>Dei,</strong></span> <span class='ocrx_word' id='word_1_526' title='bbox 3085 959 3177 1014; x_wconf 89' lang='lat' dir='ltr'><strong>sed</strong></span> <span class='ocrx_word' id='word_1_527' title='bbox 3197 961 3251 1013; x_wconf 84' lang='lat' dir='ltr'><strong>in</strong></span> <span class='ocrx_word' id='word_1_528' title='bbox 3277 977 3435 1030; x_wconf 85' lang='lat' dir='ltr'><strong>regno</strong></span> <span class='ocrx_word' id='word_1_529' title='bbox 3459 959 3632 1015; x_wconf 85' lang='lat' dir='ltr'><strong>Patris</strong></span> <span class='ocrx_word' id='word_1_530' title='bbox 3648 962 3875 1028; x_wconf 80' lang='lat' dir='ltr'><strong>mei.Quia</strong></span> 
     </span>
    </p>
   </div>
   <div class='ocr_carea' id='block_1_67' title="bbox 2339 1049 3878 1118">
    <p class='ocr_par' dir='ltr' id='par_1_67' title="bbox 2339 1049 3878 1118">
     <span class='ocr_line' id='line_1_67' title="bbox 2339 1049 3878 1118; baseline 0.003 -16"><span class='ocrx_word' id='word_1_531' title='bbox 2339 1049 2513 1102; x_wconf 91' lang='lat' dir='ltr'><strong>omnis</strong></span> <span class='ocrx_word' id='word_1_532' title='bbox 2542 1060 2694 1118; x_wconf 87' lang='lat' dir='ltr'><strong>pater</strong></span> <span class='ocrx_word' id='word_1_533' title='bbox 2735 1065 2932 1104; x_wconf 87' lang='lat' dir='ltr'><strong>nomen</strong></span> <span class='ocrx_word' id='word_1_534' title='bbox 2961 1061 3044 1104; x_wconf 88' lang='lat' dir='ltr'><strong>est</strong></span> <span class='ocrx_word' id='word_1_535' title='bbox 3075 1049 3188 1104; x_wconf 88' lang='lat' dir='ltr'><strong>tilii.</strong></span> <span class='ocrx_word' id='word_1_536' title='bbox 3246 1049 3312 1103; x_wconf 87' lang='lat' dir='ltr'><strong>Et</strong></span> <span class='ocrx_word' id='word_1_537' title='bbox 3362 1065 3522 1104; x_wconf 82' lang='lat' dir='ltr'><strong>uerno</strong></span> <span class='ocrx_word' id='word_1_538' title='bbox 3546 1051 3689 1104; x_wconf 87' lang='lat' dir='ltr'><strong>venit</strong></span> <span class='ocrx_word' id='word_1_539' title='bbox 3717 1054 3775 1105; x_wconf 87' lang='lat' dir='ltr'><strong>ad</strong></span> <span class='ocrx_word' id='word_1_540' title='bbox 3800 1051 3878 1107; x_wconf 85' lang='lat' dir='ltr'><strong>Pa-</strong></span> 
     </span>
    </p>
   </div>
   <div class='ocr_carea' id='block_1_68' title="bbox 2335 1141 3877 1214">
    <p class='ocr_par' dir='ltr' id='par_1_68' title="bbox 2335 1141 3877 1214">
     <span class='ocr_line' id='line_1_68' title="bbox 2335 1141 3877 1214; baseline 0.003 -20"><span class='ocrx_word' id='word_1_541' title='bbox 2335 1150 2491 1204; x_wconf 88' lang='lat' dir='ltr'><strong>trem,</strong></span> <span class='ocrx_word' id='word_1_542' title='bbox 2522 1141 2620 1194; x_wconf 91' lang='lat' dir='ltr'><strong>nisi</strong></span> <span class='ocrx_word' id='word_1_543' title='bbox 2649 1157 2745 1212; x_wconf 90' lang='lat' dir='ltr'><strong>per</strong></span> <span class='ocrx_word' id='word_1_544' title='bbox 2773 1141 2987 1214; x_wconf 78' lang='lat' dir='ltr'><strong>Filium,</strong></span> <span class='ocrx_word' id='word_1_545' title='bbox 3017 1142 3270 1196; x_wconf 88' lang='lat' dir='ltr'><strong>sicutnec</strong></span> <span class='ocrx_word' id='word_1_546' title='bbox 3298 1143 3364 1194; x_wconf 91' lang='lat' dir='ltr'><strong>ad</strong></span> <span class='ocrx_word' id='word_1_547' title='bbox 3389 1141 3611 1206; x_wconf 89' lang='lat' dir='ltr'><strong>Filium,</strong></span> <span class='ocrx_word' id='word_1_548' title='bbox 3644 1144 3736 1196; x_wconf 89' lang='lat' dir='ltr'><strong>nisi</strong></span> <span class='ocrx_word' id='word_1_549' title='bbox 3752 1142 3877 1199; x_wconf 77' lang='lat' dir='ltr'><strong>Pater</strong></span> 
     </span>
    </p>
   </div>
   <div class='ocr_carea' id='block_1_69' title="bbox 2334 1230 3876 1287">
    <p class='ocr_par' dir='ltr' id='par_1_69' title="bbox 2334 1230 3876 1287">
     <span class='ocr_line' id='line_1_69' title="bbox 2334 1230 3876 1287; baseline 0 -1"><span class='ocrx_word' id='word_1_550' title='bbox 2334 1232 2618 1286; x_wconf 75' lang='lat' dir='ltr'><strong>attraxerit</strong></span> <span class='ocrx_word' id='word_1_551' title='bbox 2674 1247 2818 1287; x_wconf 89' lang='lat' dir='ltr'><strong>eum.</strong></span> <span class='ocrx_word' id='word_1_552' title='bbox 2874 1231 2940 1286; x_wconf 87' lang='lat' dir='ltr'><strong>Et</strong></span> <span class='ocrx_word' id='word_1_553' title='bbox 2986 1247 3107 1286; x_wconf 93' lang='lat' dir='ltr'><strong>cum</strong></span> <span class='ocrx_word' id='word_1_554' title='bbox 3163 1230 3327 1285; x_wconf 90' lang='lat' dir='ltr'><strong>Pater</strong></span> <span class='ocrx_word' id='word_1_555' title='bbox 3373 1230 3662 1286; x_wconf 76' lang='lat' dir='ltr'><strong>adduxerit</strong></span> <span class='ocrx_word' id='word_1_556' title='bbox 3691 1247 3800 1286; x_wconf 85' lang='lat' dir='ltr'><strong>suos</strong></span> <span class='ocrx_word' id='word_1_557' title='bbox 3828 1234 3876 1286; x_wconf 84' lang='lat' dir='ltr'><strong>ad</strong></span> 
     </span>
    </p>
   </div>
   <div class='ocr_carea' id='block_1_70' title="bbox 2334 1319 3878 1389">
    <p class='ocr_par' dir='ltr' id='par_1_70' title="bbox 2334 1319 3878 1389">
     <span class='ocr_line' id='line_1_70' title="bbox 2334 1319 3878 1389; baseline 0.001 -14"><span class='ocrx_word' id='word_1_558' title='bbox 2334 1321 2552 1386; x_wconf 86' lang='lat' dir='ltr'><strong>Filium,</strong></span> <span class='ocrx_word' id='word_1_559' title='bbox 2590 1331 2718 1376; x_wconf 92' lang='lat' dir='ltr'><strong>tunc</strong></span> <span class='ocrx_word' id='word_1_560' title='bbox 2745 1322 2811 1376; x_wconf 90' lang='lat' dir='ltr'><strong>de</strong></span> <span class='ocrx_word' id='word_1_561' title='bbox 2849 1323 2974 1375; x_wconf 92' lang='lat' dir='ltr'><strong>viuo</strong></span> <span class='ocrx_word' id='word_1_562' title='bbox 3007 1321 3206 1376; x_wconf 65' lang='lat' dir='ltr'><strong>laetitiae</strong></span> <span class='ocrx_word' id='word_1_563' title='bbox 3255 1330 3309 1376; x_wconf 91' lang='lat' dir='ltr'><strong>et</strong></span> <span class='ocrx_word' id='word_1_564' title='bbox 3352 1319 3706 1389; x_wconf 86' lang='lat' dir='ltr'><strong>jocunditatis</strong></span> <span class='ocrx_word' id='word_1_565' title='bbox 3730 1337 3878 1377; x_wconf 79' lang='lat' dir='ltr'><strong>eorum</strong></span> 
     </span>
    </p>
   </div>
   <div class='ocr_carea' id='block_1_71' title="bbox 2333 1412 3881 1482">
    <p class='ocr_par' dir='ltr' id='par_1_71' title="bbox 2333 1412 3881 1482">
     <span class='ocr_line' id='line_1_71' title="bbox 2333 1412 3881 1482; baseline -0.001 -15"><span class='ocrx_word' id='word_1_566' title='bbox 2333 1412 2478 1467; x_wconf 89' lang='lat' dir='ltr'><strong>bibet</strong></span> <span class='ocrx_word' id='word_1_567' title='bbox 2529 1413 2789 1468; x_wconf 91' lang='lat' dir='ltr'><strong>Dominus</strong></span> <span class='ocrx_word' id='word_1_568' title='bbox 2834 1412 3082 1470; x_wconf 88' lang='lat' dir='ltr'><strong>Christus</strong></span> <span class='ocrx_word' id='word_1_569' title='bbox 3123 1427 3247 1467; x_wconf 89' lang='lat' dir='ltr'><strong>cum</strong></span> <span class='ocrx_word' id='word_1_570' title='bbox 3295 1413 3377 1466; x_wconf 90' lang='lat' dir='ltr'><strong>eis</strong></span> <span class='ocrx_word' id='word_1_571' title='bbox 3426 1412 3479 1466; x_wconf 94' lang='lat' dir='ltr'><strong>in</strong></span> <span class='ocrx_word' id='word_1_572' title='bbox 3534 1428 3698 1482; x_wconf 87' lang='lat' dir='ltr'><strong>regno</strong></span> <span class='ocrx_word' id='word_1_573' title='bbox 3743 1413 3881 1466; x_wconf 83' lang='lat' dir='ltr'><strong>Patris</strong></span> 
     </span>
    </p>
   </div>
   <div class='ocr_carea' id='block_1_72' title="bbox 2333 1504 3880 1569">
    <p class='ocr_par' dir='ltr' id='par_1_72' title="bbox 2333 1504 3880 1569">
     <span class='ocr_line' id='line_1_72' title="bbox 2333 1504 3880 1569; baseline -0.001 -9"><span class='ocrx_word' id='word_1_574' title='bbox 2333 1506 2452 1569; x_wconf 89' lang='lat' dir='ltr'><strong>sui;</strong></span> <span class='ocrx_word' id='word_1_575' title='bbox 2497 1514 2551 1560; x_wconf 91' lang='lat' dir='ltr'><strong>et</strong></span> <span class='ocrx_word' id='word_1_576' title='bbox 2598 1505 3010 1560; x_wconf 86' lang='lat' dir='ltr'><strong>iuehriabuntur</strong></span> <span class='ocrx_word' id='word_1_577' title='bbox 3057 1519 3247 1559; x_wconf 91' lang='lat' dir='ltr'><strong>omnes</strong></span> <span class='ocrx_word' id='word_1_578' title='bbox 3295 1505 3423 1558; x_wconf 91' lang='lat' dir='ltr'><strong>vino</strong></span> <span class='ocrx_word' id='word_1_579' title='bbox 3474 1504 3751 1557; x_wconf 84' lang='lat' dir='ltr'><strong>charilatis</strong></span> <span class='ocrx_word' id='word_1_580' title='bbox 3791 1505 3880 1567; x_wconf 81' lang='lat' dir='ltr'><strong>Dei,</strong></span> 
     </span>
    </p>
   </div>
   <div class='ocr_carea' id='block_1_73' title="bbox 2334 1591 3880 1663">
    <p class='ocr_par' dir='ltr' id='par_1_73' title="bbox 2334 1591 3880 1663">
     <span class='ocr_line' id='line_1_73' title="bbox 2334 1591 3880 1663; baseline -0.001 -13"><span class='ocrx_word' id='word_1_581' title='bbox 2334 1597 2472 1650; x_wconf 90' lang='lat' dir='ltr'><strong>sicut</strong></span> <span class='ocrx_word' id='word_1_582' title='bbox 2496 1595 2546 1649; x_wconf 93' lang='lat' dir='ltr'><strong>in</strong></span> <span class='ocrx_word' id='word_1_583' title='bbox 2570 1595 2976 1650; x_wconf 91' lang='lat' dir='ltr'><strong>similitudinem</strong></span> <span class='ocrx_word' id='word_1_584' title='bbox 3003 1595 3302 1650; x_wconf 90' lang='lat' dir='ltr'><strong>inebriatus</strong></span> <span class='ocrx_word' id='word_1_585' title='bbox 3333 1603 3415 1648; x_wconf 88' lang='lat' dir='ltr'><strong>est</strong></span> <span class='ocrx_word' id='word_1_586' title='bbox 3453 1591 3654 1663; x_wconf 83' lang='lat' dir='ltr'><strong>Josepb</strong></span> <span class='ocrx_word' id='word_1_587' title='bbox 3695 1595 3880 1648; x_wconf 68' lang='lat' dir='ltr'><strong>meridie</strong></span> 
     </span>
    </p>
   </div>
   <div class='ocr_carea' id='block_1_74' title="bbox 2333 1686 3881 1758">
    <p class='ocr_par' dir='ltr' id='par_1_74' title="bbox 2333 1686 3881 1758">
     <span class='ocr_line' id='line_1_74' title="bbox 2333 1686 3881 1758; baseline -0.003 -15"><span class='ocrx_word' id='word_1_588' title='bbox 2333 1705 2455 1743; x_wconf 92' lang='lat' dir='ltr'><strong>cum</strong></span> <span class='ocrx_word' id='word_1_589' title='bbox 2484 1688 2743 1743; x_wconf 82' lang='lat' dir='ltr'><strong>fratribus</strong></span> <span class='ocrx_word' id='word_1_590' title='bbox 2783 1688 2914 1743; x_wconf 89' lang='lat' dir='ltr'><strong>suis.</strong></span> <span class='ocrx_word' id='word_1_591' title='bbox 2963 1689 3262 1754; x_wconf 82' lang='lat' dir='ltr'><strong>Attendite,</strong></span> <span class='ocrx_word' id='word_1_592' title='bbox 3306 1702 3515 1758; x_wconf 56' lang='lat' dir='ltr'><strong>quaeso,</strong></span> <span class='ocrx_word' id='word_1_593' title='bbox 3559 1686 3750 1741; x_wconf 83' lang='lat' dir='ltr'><strong>fratres</strong></span> <span class='ocrx_word' id='word_1_594' title='bbox 3785 1687 3881 1749; x_wconf 84' lang='lat' dir='ltr'><strong>mei,</strong></span> 
     </span>
    </p>
   </div>
   <div class='ocr_carea' id='block_1_75' title="bbox 2333 1777 3881 1851">
    <p class='ocr_par' dir='ltr' id='par_1_75' title="bbox 2333 1777 3881 1851">
     <span class='ocr_line' id='line_1_75' title="bbox 2333 1777 3881 1851; baseline -0.002 -19"><span class='ocrx_word' id='word_1_595' title='bbox 2333 1781 2602 1850; x_wconf 87' lang='lat' dir='ltr'><strong>quomodo</strong></span> <span class='ocrx_word' id='word_1_596' title='bbox 2629 1781 2814 1836; x_wconf 89' lang='lat' dir='ltr'><strong>bibere</strong></span> <span class='ocrx_word' id='word_1_597' title='bbox 2842 1795 2938 1835; x_wconf 90' lang='lat' dir='ltr'><strong>vos</strong></span> <span class='ocrx_word' id='word_1_598' title='bbox 2983 1788 3231 1851; x_wconf 90' lang='lat' dir='ltr'><strong>oporteat</strong></span> <span class='ocrx_word' id='word_1_599' title='bbox 3279 1779 3784 1850; x_wconf 71' lang='lat' dir='ltr'><strong>impraesentiarum,</strong></span> <span class='ocrx_word' id='word_1_600' title='bbox 3824 1777 3881 1830; x_wconf 74' lang='lat' dir='ltr'><strong>vel</strong></span> 
     </span>
    </p>
   </div>
   <div class='ocr_carea' id='block_1_76' title="bbox 2337 1868 3880 1941">
    <p class='ocr_par' dir='ltr' id='par_1_76' title="bbox 2337 1868 3880 1941">
     <span class='ocr_line' id='line_1_76' title="bbox 2337 1868 3880 1941; baseline -0.004 -15"><span class='ocrx_word' id='word_1_601' title='bbox 2337 1871 2666 1926; x_wconf 88' lang='lat' dir='ltr'><strong>manducare</strong></span> <span class='ocrx_word' id='word_1_602' title='bbox 2693 1872 2745 1926; x_wconf 95' lang='lat' dir='ltr'><strong>in</strong></span> <span class='ocrx_word' id='word_1_603' title='bbox 2772 1887 2954 1926; x_wconf 91' lang='lat' dir='ltr'><strong>mensa</strong></span> <span class='ocrx_word' id='word_1_604' title='bbox 2975 1871 3095 1936; x_wconf 90' lang='lat' dir='ltr'><strong>Dei,</strong></span> <span class='ocrx_word' id='word_1_605' title='bbox 3117 1881 3172 1926; x_wconf 91' lang='lat' dir='ltr'><strong>et</strong></span> <span class='ocrx_word' id='word_1_606' title='bbox 3193 1872 3246 1925; x_wconf 92' lang='lat' dir='ltr'><strong>in</strong></span> <span class='ocrx_word' id='word_1_607' title='bbox 3277 1885 3445 1941; x_wconf 89' lang='lat' dir='ltr'><strong>regno</strong></span> <span class='ocrx_word' id='word_1_608' title='bbox 3481 1869 3661 1924; x_wconf 85' lang='lat' dir='ltr'><strong>Patris</strong></span> <span class='ocrx_word' id='word_1_609' title='bbox 3689 1868 3880 1927; x_wconf 82' lang='lat' dir='ltr'><strong>Christi;</strong></span> 
     </span>
    </p>
   </div>
   <div class='ocr_carea' id='block_1_77' title="bbox 2333 1962 3882 2033">
    <p class='ocr_par' dir='ltr' id='par_1_77' title="bbox 2333 1962 3882 2033">
     <span class='ocr_line' id='line_1_77' title="bbox 2333 1962 3882 2033; baseline -0.003 -16"><span class='ocrx_word' id='word_1_610' title='bbox 2333 1965 2458 2033; x_wconf 87' lang='lat' dir='ltr'><strong>quia</strong></span> <span class='ocrx_word' id='word_1_611' title='bbox 2491 1979 2597 2018; x_wconf 90' lang='lat' dir='ltr'><strong>non</strong></span> <span class='ocrx_word' id='word_1_612' title='bbox 2653 1963 2849 2018; x_wconf 88' lang='lat' dir='ltr'><strong>alicubi</strong></span> <span class='ocrx_word' id='word_1_613' title='bbox 2901 1963 3040 2018; x_wconf 89' lang='lat' dir='ltr'><strong>bibit</strong></span> <span class='ocrx_word' id='word_1_614' title='bbox 3090 1962 3179 2017; x_wconf 88' lang='lat' dir='ltr'><strong>ille</strong></span> <span class='ocrx_word' id='word_1_615' title='bbox 3225 1963 3354 2017; x_wconf 89' lang='lat' dir='ltr'><strong>illud</strong></span> <span class='ocrx_word' id='word_1_616' title='bbox 3391 1962 3675 2017; x_wconf 86' lang='lat' dir='ltr'><strong>vobiscum</strong></span> <span class='ocrx_word' id='word_1_617' title='bbox 3706 1976 3882 2022; x_wconf 84' lang='lat' dir='ltr'><strong>novum,</strong></span> 
     </span>
    </p>
   </div>
   <div class='ocr_carea' id='block_1_78' title="bbox 2331 2052 3880 2126">
    <p class='ocr_par' dir='ltr' id='par_1_78' title="bbox 2331 2052 3880 2126">
     <span class='ocr_line' id='line_1_78' title="bbox 2331 2052 3880 2126; baseline -0.004 -17"><span class='ocrx_word' id='word_1_618' title='bbox 2331 2070 2431 2110; x_wconf 88' lang='lat' dir='ltr'><strong>uec</strong></span> <span class='ocrx_word' id='word_1_619' title='bbox 2495 2054 2601 2110; x_wconf 88' lang='lat' dir='ltr'><strong>alio</strong></span> <span class='ocrx_word' id='word_1_620' title='bbox 2653 2055 2708 2109; x_wconf 92' lang='lat' dir='ltr'><strong>iu</strong></span> <span class='ocrx_word' id='word_1_621' title='bbox 2755 2065 2995 2125; x_wconf 91' lang='lat' dir='ltr'><strong>tempore</strong></span> <span class='ocrx_word' id='word_1_622' title='bbox 3052 2069 3212 2124; x_wconf 90' lang='lat' dir='ltr'><strong>quam</strong></span> <span class='ocrx_word' id='word_1_623' title='bbox 3277 2055 3329 2109; x_wconf 92' lang='lat' dir='ltr'><strong>in</strong></span> <span class='ocrx_word' id='word_1_624' title='bbox 3373 2069 3543 2126; x_wconf 85' lang='lat' dir='ltr'><strong>regno</strong></span> <span class='ocrx_word' id='word_1_625' title='bbox 3595 2053 3766 2108; x_wconf 89' lang='lat' dir='ltr'><strong>Patris</strong></span> <span class='ocrx_word' id='word_1_626' title='bbox 3806 2052 3880 2106; x_wconf 89' lang='lat' dir='ltr'><strong>sui.</strong></span> 
     </span>
    </p>
   </div>
   <div class='ocr_carea' id='block_1_79' title="bbox 2331 2142 3882 2216">
    <p class='ocr_par' dir='ltr' id='par_1_79' title="bbox 2331 2142 3882 2216">
     <span class='ocr_line' id='line_1_79' title="bbox 2331 2142 3882 2216; baseline -0.004 -16"><span class='ocrx_word' id='word_1_627' title='bbox 2331 2145 2607 2201; x_wconf 84' lang='lat' dir='ltr'><strong>Attendite</strong></span> <span class='ocrx_word' id='word_1_628' title='bbox 2633 2145 2774 2214; x_wconf 92' lang='lat' dir='ltr'><strong>quod</strong></span> <span class='ocrx_word' id='word_1_629' title='bbox 2805 2145 2881 2200; x_wconf 89' lang='lat' dir='ltr'><strong>ait</strong></span> <span class='ocrx_word' id='word_1_630' title='bbox 2903 2144 3210 2215; x_wconf 85' lang='lat' dir='ltr'><strong>Apostolus,</strong></span> <span class='ocrx_word' id='word_1_631' title='bbox 3235 2146 3362 2215; x_wconf 90' lang='lat' dir='ltr'><strong>quia</strong></span> <span class='ocrx_word' id='word_1_632' title='bbox 3395 2144 3634 2216; x_wconf 73' lang='lat' dir='ltr'><strong>Regnum</strong></span> <span class='ocrx_word' id='word_1_633' title='bbox 3679 2142 3768 2198; x_wconf 85' lang='lat' dir='ltr'><strong>Dei</strong></span> <span class='ocrx_word' id='word_1_634' title='bbox 3808 2160 3882 2196; x_wconf 78' lang='lat' dir='ltr'><strong>nos</strong></span> 
     </span>
    </p>
   </div>
   <div class='ocr_carea' id='block_1_80' title="bbox 2330 2234 3880 2306">
    <p class='ocr_par' dir='ltr' id='par_1_80' title="bbox 2330 2234 3880 2306">
     <span class='ocr_line' id='line_1_80' title="bbox 2330 2234 3880 2306; baseline -0.002 -16"><span class='ocrx_word' id='word_1_635' title='bbox 2330 2247 2404 2290; x_wconf 87' lang='lat' dir='ltr'><strong>est</strong></span> <span class='ocrx_word' id='word_1_636' title='bbox 2427 2253 2542 2290; x_wconf 82' lang='lat' dir='ltr'><strong>esca</strong></span> <span class='ocrx_word' id='word_1_637' title='bbox 2581 2246 2628 2288; x_wconf 79' lang='lat' dir='ltr'><strong>et</strong></span> <span class='ocrx_word' id='word_1_638' title='bbox 2649 2247 2803 2305; x_wconf 84' lang='lat' dir='ltr'><strong>potus</strong></span> <span class='ocrx_word' id='word_1_639' title='bbox 2831 2234 3004 2306; x_wconf 84' lang='lat' dir='ltr'><strong>(Rom.</strong></span> <span class='ocrx_word' id='word_1_640' title='bbox 3040 2251 3150 2300; x_wconf 75' lang='lat' dir='ltr'><strong>XIV,</strong></span> <span class='ocrx_word' id='word_1_641' title='bbox 3195 2235 3302 2303; x_wconf 85' lang='lat' dir='ltr'><strong>l7),</strong></span> <span class='ocrx_word' id='word_1_642' title='bbox 3336 2250 3514 2304; x_wconf 88' lang='lat' dir='ltr'><strong>neque</strong></span> <span class='ocrx_word' id='word_1_643' title='bbox 3559 2236 3702 2304; x_wconf 90' lang='lat' dir='ltr'><strong>quod</strong></span> <span class='ocrx_word' id='word_1_644' title='bbox 3729 2248 3880 2302; x_wconf 79' lang='lat' dir='ltr'><strong>corpo-</strong></span> 
     </span>
    </p>
   </div>
   <div class='ocr_carea' id='block_1_81' title="bbox 2332 2325 3879 2394">
    <p class='ocr_par' dir='ltr' id='par_1_81' title="bbox 2332 2325 3879 2394">
     <span class='ocr_line' id='line_1_81' title="bbox 2332 2325 3879 2394; baseline -0.002 -14"><span class='ocrx_word' id='word_1_645' title='bbox 2332 2325 2520 2380; x_wconf 89' lang='lat' dir='ltr'><strong>raliter</strong></span> <span class='ocrx_word' id='word_1_646' title='bbox 2539 2341 2702 2381; x_wconf 87' lang='lat' dir='ltr'><strong>carne</strong></span> <span class='ocrx_word' id='word_1_647' title='bbox 2740 2327 2994 2390; x_wconf 86' lang='lat' dir='ltr'><strong>sumitur,</strong></span> <span class='ocrx_word' id='word_1_648' title='bbox 3038 2327 3132 2380; x_wconf 89' lang='lat' dir='ltr'><strong>sed</strong></span> <span class='ocrx_word' id='word_1_649' title='bbox 3161 2340 3283 2380; x_wconf 89' lang='lat' dir='ltr'><strong>esca</strong></span> <span class='ocrx_word' id='word_1_650' title='bbox 3325 2334 3380 2380; x_wconf 92' lang='lat' dir='ltr'><strong>et</strong></span> <span class='ocrx_word' id='word_1_651' title='bbox 3426 2333 3589 2394; x_wconf 90' lang='lat' dir='ltr'><strong>potus</strong></span> <span class='ocrx_word' id='word_1_652' title='bbox 3633 2327 3730 2379; x_wconf 91' lang='lat' dir='ltr'><strong>iste</strong></span> <span class='ocrx_word' id='word_1_653' title='bbox 3759 2340 3879 2394; x_wconf 86' lang='lat' dir='ltr'><strong>quem</strong></span> 
     </span>
    </p>
   </div>
   <div class='ocr_carea' id='block_1_82' title="bbox 2333 2415 3882 2488">
    <p class='ocr_par' dir='ltr' id='par_1_82' title="bbox 2333 2415 3882 2488">
     <span class='ocr_line' id='line_1_82' title="bbox 2333 2415 3882 2488; baseline 0.001 -19"><span class='ocrx_word' id='word_1_654' title='bbox 2333 2415 2399 2469; x_wconf 92' lang='lat' dir='ltr'><strong>de</strong></span> <span class='ocrx_word' id='word_1_655' title='bbox 2426 2417 2581 2471; x_wconf 86' lang='lat' dir='ltr'><strong>altari</strong></span> <span class='ocrx_word' id='word_1_656' title='bbox 2605 2416 2889 2482; x_wconf 89' lang='lat' dir='ltr'><strong>sumimus,</strong></span> <span class='ocrx_word' id='word_1_657' title='bbox 2921 2417 3236 2488; x_wconf 85' lang='lat' dir='ltr'><strong>angelorum</strong></span> <span class='ocrx_word' id='word_1_658' title='bbox 3261 2425 3346 2471; x_wconf 90' lang='lat' dir='ltr'><strong>est</strong></span> <span class='ocrx_word' id='word_1_659' title='bbox 3377 2417 3549 2473; x_wconf 89' lang='lat' dir='ltr'><strong>cibus.</strong></span> <span class='ocrx_word' id='word_1_660' title='bbox 3568 2416 3721 2472; x_wconf 91' lang='lat' dir='ltr'><strong>Unde</strong></span> <span class='ocrx_word' id='word_1_661' title='bbox 3742 2418 3882 2485; x_wconf 84' lang='lat' dir='ltr'><strong>Scrip-</strong></span> 
     </span>
    </p>
   </div>
   <div class='ocr_carea' id='block_1_83' title="bbox 2337 2505 3883 2576">
    <p class='ocr_par' dir='ltr' id='par_1_83' title="bbox 2337 2505 3883 2576">
     <span class='ocr_line' id='line_1_83' title="bbox 2337 2505 3883 2576; baseline 0 -18"><span class='ocrx_word' id='word_1_662' title='bbox 2337 2515 2455 2560; x_wconf 86' lang='lat' dir='ltr'><strong>tura</strong></span> <span class='ocrx_word' id='word_1_663' title='bbox 2481 2507 2638 2561; x_wconf 88' lang='lat' dir='ltr'><strong>dicit:</strong></span> <span class='ocrx_word' id='word_1_664' title='bbox 2676 2505 2872 2562; x_wconf 80' lang='lat' dir='ltr'><strong>Beatus</strong></span> <span class='ocrx_word' id='word_1_665' title='bbox 2914 2510 3070 2561; x_wconf 88' lang='lat' dir='ltr'><strong>Itomo</strong></span> <span class='ocrx_word' id='word_1_666' title='bbox 3099 2508 3188 2573; x_wconf 84' lang='lat' dir='ltr'><strong>qui</strong></span> <span class='ocrx_word' id='word_1_667' title='bbox 3219 2507 3613 2561; x_wconf 73' lang='lat' dir='ltr'><strong>manducauerit</strong></span> <span class='ocrx_word' id='word_1_668' title='bbox 3656 2508 3883 2576; x_wconf 74' lang='lat' dir='ltr'><strong>parientis</strong></span> 
     </span>
    </p>
   </div>
   <div class='ocr_carea' id='block_1_84' title="bbox 2333 2597 3882 2668">
    <p class='ocr_par' dir='ltr' id='par_1_84' title="bbox 2333 2597 3882 2668">
     <span class='ocr_line' id='line_1_84' title="bbox 2333 2597 3882 2668; baseline 0.001 -18"><span class='ocrx_word' id='word_1_669' title='bbox 2333 2614 2490 2667; x_wconf 86' lang='lat' dir='ltr'><strong>regno</strong></span> <span class='ocrx_word' id='word_1_670' title='bbox 2519 2598 2614 2651; x_wconf 85' lang='lat' dir='ltr'><strong>Dei</strong></span> <span class='ocrx_word' id='word_1_671' title='bbox 2662 2597 2816 2668; x_wconf 81' lang='lat' dir='ltr'><strong>(Luc.</strong></span> <span class='ocrx_word' id='word_1_672' title='bbox 2860 2614 2950 2652; x_wconf 79' lang='lat' dir='ltr'><strong>xw</strong></span> <span class='ocrx_word' id='word_1_673' title='bbox 2978 2640 2991 2662; x_wconf 93' lang='lat'><strong>,</strong></span> <span class='ocrx_word' id='word_1_674' title='bbox 3037 2598 3167 2668; x_wconf 69' lang='lat' dir='ltr'><strong>lii);</strong></span> <span class='ocrx_word' id='word_1_675' title='bbox 3218 2598 3345 2668; x_wconf 89' lang='lat' dir='ltr'><strong>quia</strong></span> <span class='ocrx_word' id='word_1_676' title='bbox 3395 2599 3595 2653; x_wconf 87' lang='lat' dir='ltr'><strong>alicubi</strong></span> <span class='ocrx_word' id='word_1_677' title='bbox 3648 2614 3882 2668; x_wconf 83' lang='lat' dir='ltr'><strong>nunquam</strong></span> 
     </span>
    </p>
   </div>
   <div class='ocr_carea' id='block_1_85' title="bbox 2330 2690 3881 2760">
    <p class='ocr_par' dir='ltr' id='par_1_85' title="bbox 2330 2690 3881 2760">
     <span class='ocr_line' id='line_1_85' title="bbox 2330 2690 3881 2760; baseline 0 -18"><span class='ocrx_word' id='word_1_678' title='bbox 2330 2690 2486 2760; x_wconf 89' lang='lat' dir='ltr'><strong>panis</strong></span> <span class='ocrx_word' id='word_1_679' title='bbox 2532 2705 2675 2744; x_wconf 84' lang='lat' dir='ltr'><strong>verae</strong></span> <span class='ocrx_word' id='word_1_680' title='bbox 2721 2690 2844 2744; x_wconf 72' lang='lat' dir='ltr'><strong>vitae</strong></span> <span class='ocrx_word' id='word_1_681' title='bbox 2899 2691 3216 2745; x_wconf 89' lang='lat' dir='ltr'><strong>comeditur.</strong></span> <span class='ocrx_word' id='word_1_682' title='bbox 3261 2690 3399 2744; x_wconf 83' lang='lat' dir='ltr'><strong>Hinc</strong></span> <span class='ocrx_word' id='word_1_683' title='bbox 3448 2690 3649 2760; x_wconf 90' lang='lat' dir='ltr'><strong>quippe</strong></span> <span class='ocrx_word' id='word_1_684' title='bbox 3702 2691 3800 2760; x_wconf 86' lang='lat' dir='ltr'><strong>jam</strong></span> <span class='ocrx_word' id='word_1_685' title='bbox 3843 2690 3881 2742; x_wconf 90' lang='lat' dir='ltr'><strong>in</strong></span> 
     </span>
    </p>
   </div>
   <div class='ocr_carea' id='block_1_86' title="bbox 2331 2778 3884 2847">
    <p class='ocr_par' dir='ltr' id='par_1_86' title="bbox 2331 2778 3884 2847">
     <span class='ocr_line' id='line_1_86' title="bbox 2331 2778 3884 2847; baseline -0.001 -13"><span class='ocrx_word' id='word_1_686' title='bbox 2331 2795 2496 2847; x_wconf 75' lang='lat' dir='ltr'><strong>regno</strong></span> <span class='ocrx_word' id='word_1_687' title='bbox 2536 2779 2628 2834; x_wconf 93' lang='lat' dir='ltr'><strong>Dei</strong></span> <span class='ocrx_word' id='word_1_688' title='bbox 2673 2779 2850 2834; x_wconf 86' lang='lat' dir='ltr'><strong>Patris</strong></span> <span class='ocrx_word' id='word_1_689' title='bbox 2877 2821 2892 2845; x_wconf 92' lang='lat'><strong>,</strong></span> <span class='ocrx_word' id='word_1_690' title='bbox 2936 2781 3029 2835; x_wconf 88' lang='lat' dir='ltr'><strong>sed</strong></span> <span class='ocrx_word' id='word_1_691' title='bbox 3082 2780 3257 2834; x_wconf 89' lang='lat' dir='ltr'><strong>adhuc</strong></span> <span class='ocrx_word' id='word_1_692' title='bbox 3285 2781 3337 2834; x_wconf 91' lang='lat' dir='ltr'><strong>in</strong></span> <span class='ocrx_word' id='word_1_693' title='bbox 3371 2789 3740 2845; x_wconf 89' lang='lat' dir='ltr'><strong>sacramento;</strong></span> <span class='ocrx_word' id='word_1_694' title='bbox 3787 2778 3884 2833; x_wconf 86' lang='lat' dir='ltr'><strong>illuc</strong></span> 
     </span>
    </p>
   </div>
   <div class='ocr_carea' id='block_1_87' title="bbox 2332 2871 3884 2942">
    <p class='ocr_par' dir='ltr' id='par_1_87' title="bbox 2332 2871 3884 2942">
     <span class='ocr_line' id='line_1_87' title="bbox 2332 2871 3884 2942; baseline -0.003 -16"><span class='ocrx_word' id='word_1_695' title='bbox 2332 2888 2462 2926; x_wconf 82' lang='lat' dir='ltr'><strong>vero</strong></span> <span class='ocrx_word' id='word_1_696' title='bbox 2489 2887 2609 2926; x_wconf 89' lang='lat' dir='ltr'><strong>cum</strong></span> <span class='ocrx_word' id='word_1_697' title='bbox 2634 2871 2912 2942; x_wconf 91' lang='lat' dir='ltr'><strong>impletum</strong></span> <span class='ocrx_word' id='word_1_698' title='bbox 2937 2871 3096 2926; x_wconf 88' lang='lat' dir='ltr'><strong>fuerit</strong></span> <span class='ocrx_word' id='word_1_699' title='bbox 3126 2872 3227 2926; x_wconf 89' lang='lat' dir='ltr'><strong>hoc</strong></span> <span class='ocrx_word' id='word_1_700' title='bbox 3258 2887 3482 2942; x_wconf 85' lang='lat' dir='ltr'><strong>regnum</strong></span> <span class='ocrx_word' id='word_1_701' title='bbox 3511 2872 3563 2924; x_wconf 90' lang='lat' dir='ltr'><strong>in</strong></span> <span class='ocrx_word' id='word_1_702' title='bbox 3596 2871 3762 2930; x_wconf 87' lang='lat' dir='ltr'><strong>nobis,</strong></span> <span class='ocrx_word' id='word_1_703' title='bbox 3782 2883 3884 2922; x_wconf 77' lang='lat' dir='ltr'><strong>eva-</strong></span> 
     </span>
    </p>
   </div>
   <div class='ocr_carea' id='block_1_88' title="bbox 2331 2962 3886 3034">
    <p class='ocr_par' dir='ltr' id='par_1_88' title="bbox 2331 2962 3886 3034">
     <span class='ocr_line' id='line_1_88' title="bbox 2331 2962 3886 3034; baseline -0.004 -14"><span class='ocrx_word' id='word_1_704' title='bbox 2331 2965 2579 3020; x_wconf 78' lang='lat' dir='ltr'><strong>cuabitur</strong></span> <span class='ocrx_word' id='word_1_705' title='bbox 2608 2964 2748 3018; x_wconf 91' lang='lat' dir='ltr'><strong>istud</strong></span> <span class='ocrx_word' id='word_1_706' title='bbox 2787 2965 2928 3034; x_wconf 91' lang='lat' dir='ltr'><strong>quod</strong></span> <span class='ocrx_word' id='word_1_707' title='bbox 2969 2972 3143 3018; x_wconf 80' lang='lat' dir='ltr'><strong>estex</strong></span> <span class='ocrx_word' id='word_1_708' title='bbox 3183 2974 3360 3034; x_wconf 88' lang='lat' dir='ltr'><strong>parte,</strong></span> <span class='ocrx_word' id='word_1_709' title='bbox 3403 2973 3638 3032; x_wconf 88' lang='lat' dir='ltr'><strong>tuncque</strong></span> <span class='ocrx_word' id='word_1_710' title='bbox 3680 2962 3886 3017; x_wconf 82' lang='lat' dir='ltr'><strong>fruemur</strong></span> 
     </span>
    </p>
   </div>
   <div class='ocr_carea' id='block_1_89' title="bbox 2333 3055 3883 3126">
    <p class='ocr_par' dir='ltr' id='par_1_89' title="bbox 2333 3055 3883 3126">
     <span class='ocr_line' id='line_1_89' title="bbox 2333 3055 3883 3126; baseline -0.002 -15"><span class='ocrx_word' id='word_1_711' title='bbox 2333 3057 2470 3112; x_wconf 89' lang='lat' dir='ltr'><strong>facie</strong></span> <span class='ocrx_word' id='word_1_712' title='bbox 2498 3058 2562 3112; x_wconf 88' lang='lat' dir='ltr'><strong>ad</strong></span> <span class='ocrx_word' id='word_1_713' title='bbox 2592 3057 2806 3122; x_wconf 89' lang='lat' dir='ltr'><strong>faciem,</strong></span> <span class='ocrx_word' id='word_1_714' title='bbox 2832 3073 2953 3112; x_wconf 92' lang='lat' dir='ltr'><strong>cum</strong></span> <span class='ocrx_word' id='word_1_715' title='bbox 2984 3058 3193 3112; x_wconf 85' lang='lat' dir='ltr'><strong>venerit</strong></span> <span class='ocrx_word' id='word_1_716' title='bbox 3219 3057 3350 3126; x_wconf 85' lang='lat' dir='ltr'><strong>ipse,</strong></span> <span class='ocrx_word' id='word_1_717' title='bbox 3374 3066 3430 3111; x_wconf 91' lang='lat' dir='ltr'><strong>et</strong></span> <span class='ocrx_word' id='word_1_718' title='bbox 3455 3057 3598 3126; x_wconf 90' lang='lat' dir='ltr'><strong>quod</strong></span> <span class='ocrx_word' id='word_1_719' title='bbox 3621 3055 3883 3125; x_wconf 85' lang='lat' dir='ltr'><strong>perfectum</strong></span> 
     </span>
    </p>
   </div>
   <div class='ocr_carea' id='block_1_90' title="bbox 2331 3147 3885 3218">
    <p class='ocr_par' dir='ltr' id='par_1_90' title="bbox 2331 3147 3885 3218">
     <span class='ocr_line' id='line_1_90' title="bbox 2331 3147 3885 3218; baseline -0.004 -15"><span class='ocrx_word' id='word_1_720' title='bbox 2331 3158 2433 3204; x_wconf 88' lang='lat' dir='ltr'><strong>est.</strong></span> <span class='ocrx_word' id='word_1_721' title='bbox 2467 3149 2561 3203; x_wconf 89' lang='lat' dir='ltr'><strong>Eia</strong></span> <span class='ocrx_word' id='word_1_722' title='bbox 2598 3147 2815 3211; x_wconf 89' lang='lat' dir='ltr'><strong>fratres,</strong></span> <span class='ocrx_word' id='word_1_723' title='bbox 2843 3157 2900 3201; x_wconf 87' lang='lat' dir='ltr'><strong>ut</strong></span> <span class='ocrx_word' id='word_1_724' title='bbox 2939 3165 3062 3202; x_wconf 89' lang='lat' dir='ltr'><strong>cum</strong></span> <span class='ocrx_word' id='word_1_725' title='bbox 3103 3149 3258 3202; x_wconf 90' lang='lat' dir='ltr'><strong>venia</strong></span> <span class='ocrx_word' id='word_1_726' title='bbox 3303 3149 3513 3218; x_wconf 84' lang='lat' dir='ltr'><strong>loquar,</strong></span> <span class='ocrx_word' id='word_1_727' title='bbox 3566 3148 3686 3202; x_wconf 86' lang='lat' dir='ltr'><strong>ideo</strong></span> <span class='ocrx_word' id='word_1_728' title='bbox 3726 3149 3772 3201; x_wconf 92' lang='lat' dir='ltr'><strong>iu</strong></span> <span class='ocrx_word' id='word_1_729' title='bbox 3805 3147 3885 3200; x_wconf 84' lang='lat' dir='ltr'><strong>hac</strong></span> 
     </span>
    </p>
   </div>
   <div class='ocr_carea' id='block_1_91' title="bbox 2331 3239 3887 3309">
    <p class='ocr_par' dir='ltr' id='par_1_91' title="bbox 2331 3239 3887 3309">
     <span class='ocr_line' id='line_1_91' title="bbox 2331 3239 3887 3309; baseline -0.004 -14"><span class='ocrx_word' id='word_1_730' title='bbox 2331 3253 2486 3295; x_wconf 66' lang='lat' dir='ltr'><strong>caena</strong></span> <span class='ocrx_word' id='word_1_731' title='bbox 2545 3240 2746 3295; x_wconf 89' lang='lat' dir='ltr'><strong>Christi</strong></span> <span class='ocrx_word' id='word_1_732' title='bbox 2799 3239 3060 3309; x_wconf 76' lang='lat' dir='ltr'><strong>prolixius</strong></span> <span class='ocrx_word' id='word_1_733' title='bbox 3123 3239 3396 3294; x_wconf 76' lang='lat' dir='ltr'><strong>elaboravi</strong></span> <span class='ocrx_word' id='word_1_734' title='bbox 3464 3255 3627 3308; x_wconf 83' lang='lat' dir='ltr'><strong>quam</strong></span> <span class='ocrx_word' id='word_1_735' title='bbox 3684 3239 3887 3294; x_wconf 82' lang='lat' dir='ltr'><strong>brevitas</strong></span> 
     </span>
    </p>
   </div>
   <div class='ocr_carea' id='block_1_92' title="bbox 2329 3330 3887 3402">
    <p class='ocr_par' dir='ltr' id='par_1_92' title="bbox 2329 3330 3887 3402">
     <span class='ocr_line' id='line_1_92' title="bbox 2329 3330 3887 3402; baseline -0.001 -19"><span class='ocrx_word' id='word_1_736' title='bbox 2329 3341 2517 3399; x_wconf 89' lang='lat' dir='ltr'><strong>poscat</strong></span> <span class='ocrx_word' id='word_1_737' title='bbox 2545 3331 2877 3395; x_wconf 86' lang='lat' dir='ltr'><strong>tractatoris,</strong></span> <span class='ocrx_word' id='word_1_738' title='bbox 2903 3332 3029 3401; x_wconf 89' lang='lat' dir='ltr'><strong>quia</strong></span> <span class='ocrx_word' id='word_1_739' title='bbox 3059 3331 3112 3384; x_wconf 92' lang='lat' dir='ltr'><strong>in</strong></span> <span class='ocrx_word' id='word_1_740' title='bbox 3158 3330 3241 3384; x_wconf 90' lang='lat' dir='ltr'><strong>bis</strong></span> <span class='ocrx_word' id='word_1_741' title='bbox 3279 3331 3525 3402; x_wconf 86' lang='lat' dir='ltr'><strong>mysticis</strong></span> <span class='ocrx_word' id='word_1_742' title='bbox 3551 3334 3714 3386; x_wconf 86' lang='lat' dir='ltr'><strong>rebus</strong></span> <span class='ocrx_word' id='word_1_743' title='bbox 3738 3330 3887 3400; x_wconf 83' lang='lat' dir='ltr'><strong>plures</strong></span> 
     </span>
    </p>
   </div>
   <div class='ocr_carea' id='block_1_93' title="bbox 2329 3421 3887 3494">
    <p class='ocr_par' dir='ltr' id='par_1_93' title="bbox 2329 3421 3887 3494">
     <span class='ocr_line' id='line_1_93' title="bbox 2329 3421 3887 3494; baseline 0 -19"><span class='ocrx_word' id='word_1_744' title='bbox 2329 3422 2471 3477; x_wconf 90' lang='lat' dir='ltr'><strong>aliud</strong></span> <span class='ocrx_word' id='word_1_745' title='bbox 2510 3423 2754 3494; x_wconf 85' lang='lat' dir='ltr'><strong>sapiunt,</strong></span> <span class='ocrx_word' id='word_1_746' title='bbox 2786 3432 2841 3476; x_wconf 90' lang='lat' dir='ltr'><strong>et</strong></span> <span class='ocrx_word' id='word_1_747' title='bbox 2880 3423 3171 3477; x_wconf 55' lang='lat' dir='ltr'><strong>excutiunt</strong></span> <span class='ocrx_word' id='word_1_748' title='bbox 3196 3421 3376 3490; x_wconf 81' lang='lat' dir='ltr'><strong>multi,</strong></span> <span class='ocrx_word' id='word_1_749' title='bbox 3403 3424 3530 3477; x_wconf 92' lang='lat' dir='ltr'><strong>dum</strong></span> <span class='ocrx_word' id='word_1_750' title='bbox 3562 3424 3714 3492; x_wconf 90' lang='lat' dir='ltr'><strong>panis</strong></span> <span class='ocrx_word' id='word_1_751' title='bbox 3746 3424 3887 3476; x_wconf 79' lang='lat' dir='ltr'><strong>isteet</strong></span> 
     </span>
    </p>
   </div>
   <div class='ocr_carea' id='block_1_94' title="bbox 2327 3512 3882 3600">
    <p class='ocr_par' dir='ltr' id='par_1_94' title="bbox 2327 3512 3882 3600">
     <span class='ocr_line' id='line_1_94' title="bbox 2327 3512 3882 3600; baseline -0.004 -31"><span class='ocrx_word' id='word_1_752' title='bbox 2327 3514 2466 3569; x_wconf 77' lang='lat' dir='ltr'><strong>calix</strong></span> <span class='ocrx_word' id='word_1_753' title='bbox 2487 3514 2619 3568; x_wconf 89' lang='lat' dir='ltr'><strong>nihil</strong></span> <span class='ocrx_word' id='word_1_754' title='bbox 2648 3513 2795 3567; x_wconf 93' lang='lat' dir='ltr'><strong>aliud</strong></span> <span class='ocrx_word' id='word_1_755' title='bbox 2826 3514 2906 3568; x_wconf 91' lang='lat' dir='ltr'><strong>eis</strong></span> <span class='ocrx_word' id='word_1_756' title='bbox 2943 3528 3064 3568; x_wconf 89' lang='lat' dir='ltr'><strong>esse</strong></span> <span class='ocrx_word' id='word_1_757' title='bbox 3092 3513 3327 3578; x_wconf 90' lang='lat' dir='ltr'><strong>videtur,</strong></span> <span class='ocrx_word' id='word_1_758' title='bbox 3362 3530 3528 3600; x_wconf 79' lang='lat' dir='ltr'><strong>quam</strong></span> <span class='ocrx_word' id='word_1_759' title='bbox 3577 3512 3717 3584; x_wconf 91' lang='lat' dir='ltr'><strong>quod</strong></span> <span class='ocrx_word' id='word_1_760' title='bbox 3740 3512 3882 3567; x_wconf 81' lang='lat' dir='ltr'><strong>oculis</strong></span> 
     </span>
    </p>
   </div>
   <div class='ocr_carea' id='block_1_95' title="bbox 2328 3605 3878 3671">
    <p class='ocr_par' dir='ltr' id='par_1_95' title="bbox 2328 3605 3878 3671">
     <span class='ocr_line' id='line_1_95' title="bbox 2328 3605 3878 3671; baseline -0.001 -10"><span class='ocrx_word' id='word_1_761' title='bbox 2328 3607 2593 3671; x_wconf 88' lang='lat' dir='ltr'><strong>cernitur,</strong></span> <span class='ocrx_word' id='word_1_762' title='bbox 2621 3615 2679 3661; x_wconf 93' lang='lat' dir='ltr'><strong>et</strong></span> <span class='ocrx_word' id='word_1_763' title='bbox 2701 3621 2796 3660; x_wconf 92' lang='lat' dir='ltr'><strong>ore</strong></span> <span class='ocrx_word' id='word_1_764' title='bbox 2822 3606 3074 3661; x_wconf 85' lang='lat' dir='ltr'><strong>sentitur.</strong></span> <span class='ocrx_word' id='word_1_765' title='bbox 3114 3605 3323 3662; x_wconf 88' lang='lat' dir='ltr'><strong>Idcirco</strong></span> <span class='ocrx_word' id='word_1_766' title='bbox 3351 3617 3409 3661; x_wconf 91' lang='lat' dir='ltr'><strong>ut</strong></span> <span class='ocrx_word' id='word_1_767' title='bbox 3434 3607 3770 3663; x_wconf 84' lang='lat' dir='ltr'><strong>manifestius</strong></span> <span class='ocrx_word' id='word_1_768' title='bbox 3806 3619 3878 3659; x_wconf 76' lang='lat' dir='ltr'><strong>co-</strong></span> 
     </span>
    </p>
   </div>
   <div class='ocr_carea' id='block_1_96' title="bbox 2328 3697 3888 3768">
    <p class='ocr_par' dir='ltr' id='par_1_96' title="bbox 2328 3697 3888 3768">
     <span class='ocr_line' id='line_1_96' title="bbox 2328 3697 3888 3768; baseline -0.003 -17"><span class='ocrx_word' id='word_1_769' title='bbox 2328 3706 2614 3768; x_wconf 85' lang='lat' dir='ltr'><strong>gttoscant,</strong></span> <span class='ocrx_word' id='word_1_770' title='bbox 2665 3705 2869 3766; x_wconf 89' lang='lat' dir='ltr'><strong>quanta</strong></span> <span class='ocrx_word' id='word_1_771' title='bbox 2915 3704 2998 3751; x_wconf 89' lang='lat' dir='ltr'><strong>est</strong></span> <span class='ocrx_word' id='word_1_772' title='bbox 3049 3697 3229 3751; x_wconf 87' lang='lat' dir='ltr'><strong>unitas</strong></span> <span class='ocrx_word' id='word_1_773' title='bbox 3284 3698 3526 3766; x_wconf 91' lang='lat' dir='ltr'><strong>corporis</strong></span> <span class='ocrx_word' id='word_1_774' title='bbox 3555 3739 3570 3763; x_wconf 92' lang='lat'><strong>,</strong></span> <span class='ocrx_word' id='word_1_775' title='bbox 3623 3697 3888 3768; x_wconf 80' lang='lat' dir='ltr'><strong>intelligant</strong></span> 
     </span>
    </p>
   </div>
   <div class='ocr_carea' id='block_1_97' title="bbox 2327 3787 3884 3860">
    <p class='ocr_par' dir='ltr' id='par_1_97' title="bbox 2327 3787 3884 3860">
     <span class='ocr_line' id='line_1_97' title="bbox 2327 3787 3884 3860; baseline -0.002 -17"><span class='ocrx_word' id='word_1_776' title='bbox 2327 3790 2526 3859; x_wconf 89' lang='lat' dir='ltr'><strong>quibus</strong></span> <span class='ocrx_word' id='word_1_777' title='bbox 2547 3789 2720 3844; x_wconf 90' lang='lat' dir='ltr'><strong>modis</strong></span> <span class='ocrx_word' id='word_1_778' title='bbox 2747 3789 2946 3844; x_wconf 92' lang='lat' dir='ltr'><strong>dicitur</strong></span> <span class='ocrx_word' id='word_1_779' title='bbox 2970 3804 3168 3859; x_wconf 90' lang='lat' dir='ltr'><strong>corpus</strong></span> <span class='ocrx_word' id='word_1_780' title='bbox 3209 3787 3437 3856; x_wconf 82' lang='lat' dir='ltr'><strong>Christi,</strong></span> <span class='ocrx_word' id='word_1_781' title='bbox 3483 3792 3611 3860; x_wconf 90' lang='lat' dir='ltr'><strong>quia</strong></span> <span class='ocrx_word' id='word_1_782' title='bbox 3663 3802 3744 3845; x_wconf 87' lang='lat' dir='ltr'><strong>est</strong></span> <span class='ocrx_word' id='word_1_783' title='bbox 3783 3787 3884 3844; x_wconf 87' lang='lat' dir='ltr'><strong>illud</strong></span> 
     </span>
    </p>
   </div>
   <div class='ocr_carea' id='block_1_98' title="bbox 2328 3879 3886 3950">
    <p class='ocr_par' dir='ltr' id='par_1_98' title="bbox 2328 3879 3886 3950">
     <span class='ocr_line' id='line_1_98' title="bbox 2328 3879 3886 3950; baseline 0 -15"><span class='ocrx_word' id='word_1_784' title='bbox 2328 3879 2668 3935; x_wconf 91' lang='lat' dir='ltr'><strong>Dominicum</strong></span> <span class='ocrx_word' id='word_1_785' title='bbox 2695 3895 2891 3949; x_wconf 90' lang='lat' dir='ltr'><strong>corpus</strong></span> <span class='ocrx_word' id='word_1_786' title='bbox 2913 3879 2966 3933; x_wconf 92' lang='lat' dir='ltr'><strong>in</strong></span> <span class='ocrx_word' id='word_1_787' title='bbox 2991 3895 3098 3948; x_wconf 92' lang='lat' dir='ltr'><strong>quo</strong></span> <span class='ocrx_word' id='word_1_788' title='bbox 3139 3895 3332 3950; x_wconf 90' lang='lat' dir='ltr'><strong>passus</strong></span> <span class='ocrx_word' id='word_1_789' title='bbox 3354 3889 3436 3934; x_wconf 90' lang='lat' dir='ltr'><strong>est</strong></span> <span class='ocrx_word' id='word_1_790' title='bbox 3480 3881 3644 3946; x_wconf 88' lang='lat' dir='ltr'><strong>Deus,</strong></span> <span class='ocrx_word' id='word_1_791' title='bbox 3688 3882 3775 3937; x_wconf 87' lang='lat' dir='ltr'><strong>sed</strong></span> <span class='ocrx_word' id='word_1_792' title='bbox 3803 3895 3886 3935; x_wconf 84' lang='lat' dir='ltr'><strong>non</strong></span> 
     </span>
    </p>
   </div>
   <div class='ocr_carea' id='block_1_99' title="bbox 2328 3971 3886 4043">
    <p class='ocr_par' dir='ltr' id='par_1_99' title="bbox 2328 3971 3886 4043">
     <span class='ocr_line' id='line_1_99' title="bbox 2328 3971 3886 4043; baseline -0.001 -17"><span class='ocrx_word' id='word_1_793' title='bbox 2328 3971 2622 4027; x_wconf 90' lang='lat' dir='ltr'><strong>secundum</strong></span> <span class='ocrx_word' id='word_1_794' title='bbox 2641 3972 2784 4041; x_wconf 91' lang='lat' dir='ltr'><strong>quod</strong></span> <span class='ocrx_word' id='word_1_795' title='bbox 2814 3971 2957 4026; x_wconf 86' lang='lat' dir='ltr'><strong>Deus</strong></span> <span class='ocrx_word' id='word_1_796' title='bbox 2983 3981 3088 4026; x_wconf 90' lang='lat' dir='ltr'><strong>est.</strong></span> <span class='ocrx_word' id='word_1_797' title='bbox 3123 3971 3189 4026; x_wconf 89' lang='lat' dir='ltr'><strong>Et</strong></span> <span class='ocrx_word' id='word_1_798' title='bbox 3234 3981 3317 4027; x_wconf 90' lang='lat' dir='ltr'><strong>est</strong></span> <span class='ocrx_word' id='word_1_799' title='bbox 3365 3973 3466 4028; x_wconf 91' lang='lat' dir='ltr'><strong>hoc</strong></span> <span class='ocrx_word' id='word_1_800' title='bbox 3510 3987 3706 4043; x_wconf 86' lang='lat' dir='ltr'><strong>corpus</strong></span> <span class='ocrx_word' id='word_1_801' title='bbox 3733 3975 3780 4028; x_wconf 89' lang='lat' dir='ltr'><strong>in</strong></span> <span class='ocrx_word' id='word_1_802' title='bbox 3807 3973 3886 4026; x_wconf 81' lang='lat' dir='ltr'><strong>hoc</strong></span> 
     </span>
    </p>
   </div>
   <div class='ocr_carea' id='block_1_100' title="bbox 2330 4062 3889 4142">
    <p class='ocr_par' dir='ltr' id='par_1_100' title="bbox 2330 4062 3889 4142">
     <span class='ocr_line' id='line_1_100' title="bbox 2330 4062 3889 4142; baseline -0.001 -27"><span class='ocrx_word' id='word_1_803' title='bbox 2330 4063 2590 4142; x_wconf 79' lang='lat' dir='ltr'><strong>mysterio</strong></span> <span class='ocrx_word' id='word_1_804' title='bbox 2616 4062 2761 4132; x_wconf 90' lang='lat' dir='ltr'><strong>quod</strong></span> <span class='ocrx_word' id='word_1_805' title='bbox 2790 4072 3012 4117; x_wconf 91' lang='lat' dir='ltr'><strong>creatur</strong></span> <span class='ocrx_word' id='word_1_806' title='bbox 3050 4063 3104 4117; x_wconf 91' lang='lat' dir='ltr'><strong>in</strong></span> <span class='ocrx_word' id='word_1_807' title='bbox 3134 4063 3326 4133; x_wconf 88' lang='lat' dir='ltr'><strong>spiritu</strong></span> <span class='ocrx_word' id='word_1_808' title='bbox 3360 4073 3416 4119; x_wconf 92' lang='lat' dir='ltr'><strong>et</strong></span> <span class='ocrx_word' id='word_1_809' title='bbox 3440 4065 3640 4120; x_wconf 86' lang='lat' dir='ltr'><strong>virtute</strong></span> <span class='ocrx_word' id='word_1_810' title='bbox 3669 4066 3804 4120; x_wconf 85' lang='lat' dir='ltr'><strong>verbi</strong></span> <span class='ocrx_word' id='word_1_811' title='bbox 3841 4072 3889 4116; x_wconf 81' lang='lat' dir='ltr'><strong>ut</strong></span> 
     </span>
    </p>
   </div>
   <div class='ocr_carea' id='block_1_101' title="bbox 2330 4151 3891 4228">
    <p class='ocr_par' dir='ltr' id='par_1_101' title="bbox 2330 4151 3891 4228">
     <span class='ocr_line' id='line_1_101' title="bbox 2330 4151 3891 4228; baseline 0.001 -20"><span class='ocrx_word' id='word_1_812' title='bbox 2330 4151 2533 4208; x_wconf 89' lang='lat' dir='ltr'><strong>Christi</strong></span> <span class='ocrx_word' id='word_1_813' title='bbox 2565 4154 2875 4226; x_wconf 91' lang='lat' dir='ltr'><strong>sitcorpus,</strong></span> <span class='ocrx_word' id='word_1_814' title='bbox 2907 4163 2961 4209; x_wconf 85' lang='lat' dir='ltr'><strong>ct</strong></span> <span class='ocrx_word' id='word_1_815' title='bbox 2986 4169 3091 4209; x_wconf 94' lang='lat' dir='ltr'><strong>non</strong></span> <span class='ocrx_word' id='word_1_816' title='bbox 3130 4154 3275 4210; x_wconf 90' lang='lat' dir='ltr'><strong>aliud</strong></span> <span class='ocrx_word' id='word_1_817' title='bbox 3327 4171 3489 4226; x_wconf 90' lang='lat' dir='ltr'><strong>quam</strong></span> <span class='ocrx_word' id='word_1_818' title='bbox 3519 4157 3572 4212; x_wconf 92' lang='lat' dir='ltr'><strong>id</strong></span> <span class='ocrx_word' id='word_1_819' title='bbox 3610 4159 3750 4228; x_wconf 89' lang='lat' dir='ltr'><strong>quod</strong></span> <span class='ocrx_word' id='word_1_820' title='bbox 3790 4171 3891 4226; x_wconf 80' lang='lat' dir='ltr'><strong>pss-</strong></span> 
     </span>
    </p>
   </div>
   <div class='ocr_carea' id='block_1_102' title="bbox 2331 4247 3891 4322">
    <p class='ocr_par' dir='ltr' id='par_1_102' title="bbox 2331 4247 3891 4322">
     <span class='ocr_line' id='line_1_102' title="bbox 2331 4247 3891 4322; baseline 0.005 -20"><span class='ocrx_word' id='word_1_821' title='bbox 2331 4263 2448 4302; x_wconf 91' lang='lat' dir='ltr'><strong>sum</strong></span> <span class='ocrx_word' id='word_1_822' title='bbox 2469 4255 2572 4311; x_wconf 87' lang='lat' dir='ltr'><strong>est,</strong></span> <span class='ocrx_word' id='word_1_823' title='bbox 2593 4255 2648 4302; x_wconf 89' lang='lat' dir='ltr'><strong>et</strong></span> <span class='ocrx_word' id='word_1_824' title='bbox 2668 4249 2942 4318; x_wconf 83' lang='lat' dir='ltr'><strong>proprium</strong></span> <span class='ocrx_word' id='word_1_825' title='bbox 2966 4263 3185 4318; x_wconf 87' lang='lat' dir='ltr'><strong>corpus.</strong></span> <span class='ocrx_word' id='word_1_826' title='bbox 3234 4247 3332 4304; x_wconf 87' lang='lat' dir='ltr'><strong>Est</strong></span> <span class='ocrx_word' id='word_1_827' title='bbox 3362 4260 3420 4306; x_wconf 88' lang='lat' dir='ltr'><strong>et</strong></span> <span class='ocrx_word' id='word_1_828' title='bbox 3456 4267 3655 4322; x_wconf 90' lang='lat' dir='ltr'><strong>corpus</strong></span> <span class='ocrx_word' id='word_1_829' title='bbox 3691 4249 3891 4310; x_wconf 82' lang='lat' dir='ltr'><strong>Christi.</strong></span> 
     </span>
    </p>
   </div>
   <div class='ocr_carea' id='block_1_103' title="bbox 2331 4341 3891 4413">
    <p class='ocr_par' dir='ltr' id='par_1_103' title="bbox 2331 4341 3891 4413">
     <span class='ocr_line' id='line_1_103' title="bbox 2331 4341 3891 4413; baseline 0.001 -16"><span class='ocrx_word' id='word_1_830' title='bbox 2331 4342 2508 4397; x_wconf 90' lang='lat' dir='ltr'><strong>omnis</strong></span> <span class='ocrx_word' id='word_1_831' title='bbox 2531 4351 2717 4398; x_wconf 90' lang='lat' dir='ltr'><strong>sancta</strong></span> <span class='ocrx_word' id='word_1_832' title='bbox 2735 4341 2829 4396; x_wconf 92' lang='lat' dir='ltr'><strong>Dei</strong></span> <span class='ocrx_word' id='word_1_833' title='bbox 2843 4341 3102 4407; x_wconf 84' lang='lat' dir='ltr'><strong>Ecclesia,</strong></span> <span class='ocrx_word' id='word_1_834' title='bbox 3117 4345 3184 4398; x_wconf 92' lang='lat' dir='ltr'><strong>de</strong></span> <span class='ocrx_word' id='word_1_835' title='bbox 3205 4359 3370 4400; x_wconf 91' lang='lat' dir='ltr'><strong>carne</strong></span> <span class='ocrx_word' id='word_1_836' title='bbox 3387 4353 3444 4400; x_wconf 92' lang='lat' dir='ltr'><strong>et</strong></span> <span class='ocrx_word' id='word_1_837' title='bbox 3461 4345 3528 4400; x_wconf 91' lang='lat' dir='ltr'><strong>de</strong></span> <span class='ocrx_word' id='word_1_838' title='bbox 3553 4343 3891 4413; x_wconf 84' lang='lat' dir='ltr'><strong>ossibusejus,</strong></span> 
     </span>
    </p>
   </div>
   <div class='ocr_carea' id='block_1_104' title="bbox 2333 4432 3896 4507">
    <p class='ocr_par' dir='ltr' id='par_1_104' title="bbox 2333 4432 3896 4507">
     <span class='ocr_line' id='line_1_104' title="bbox 2333 4432 3896 4507; baseline 0.004 -21"><span class='ocrx_word' id='word_1_839' title='bbox 2333 4433 2388 4486; x_wconf 94' lang='lat' dir='ltr'><strong>in</strong></span> <span class='ocrx_word' id='word_1_840' title='bbox 2414 4446 2577 4487; x_wconf 86' lang='lat' dir='ltr'><strong>carne</strong></span> <span class='ocrx_word' id='word_1_841' title='bbox 2599 4448 2702 4487; x_wconf 89' lang='lat' dir='ltr'><strong>una</strong></span> <span class='ocrx_word' id='word_1_842' title='bbox 2728 4432 2980 4500; x_wconf 87' lang='lat' dir='ltr'><strong>formata,</strong></span> <span class='ocrx_word' id='word_1_843' title='bbox 3013 4444 3069 4488; x_wconf 91' lang='lat' dir='ltr'><strong>et</strong></span> <span class='ocrx_word' id='word_1_844' title='bbox 3093 4434 3146 4488; x_wconf 90' lang='lat' dir='ltr'><strong>in</strong></span> <span class='ocrx_word' id='word_1_845' title='bbox 3175 4434 3383 4490; x_wconf 89' lang='lat' dir='ltr'><strong>unitate</strong></span> <span class='ocrx_word' id='word_1_846' title='bbox 3412 4437 3657 4506; x_wconf 88' lang='lat' dir='ltr'><strong>corporis</strong></span> <span class='ocrx_word' id='word_1_847' title='bbox 3681 4437 3799 4507; x_wconf 89' lang='lat' dir='ltr'><strong>ejus</strong></span> <span class='ocrx_word' id='word_1_848' title='bbox 3825 4449 3896 4491; x_wconf 88' lang='lat' dir='ltr'><strong>so-</strong></span> 
     </span>
    </p>
   </div>
   <div class='ocr_carea' id='block_1_105' title="bbox 2333 4523 3894 4599">
    <p class='ocr_par' dir='ltr' id='par_1_105' title="bbox 2333 4523 3894 4599">
     <span class='ocr_line' id='line_1_105' title="bbox 2333 4523 3894 4599; baseline 0.003 -21"><span class='ocrx_word' id='word_1_849' title='bbox 2333 4523 2493 4579; x_wconf 89' lang='lat' dir='ltr'><strong>ciata.</strong></span> <span class='ocrx_word' id='word_1_850' title='bbox 2511 4523 2854 4595; x_wconf 87' lang='lat' dir='ltr'><strong>Quapropter</strong></span> <span class='ocrx_word' id='word_1_851' title='bbox 2878 4525 3080 4581; x_wconf 88' lang='lat' dir='ltr'><strong>veritas</strong></span> <span class='ocrx_word' id='word_1_852' title='bbox 3104 4534 3188 4581; x_wconf 89' lang='lat' dir='ltr'><strong>est</strong></span> <span class='ocrx_word' id='word_1_853' title='bbox 3209 4527 3261 4582; x_wconf 93' lang='lat' dir='ltr'><strong>in</strong></span> <span class='ocrx_word' id='word_1_854' title='bbox 3281 4535 3516 4599; x_wconf 90' lang='lat' dir='ltr'><strong>utroque</strong></span> <span class='ocrx_word' id='word_1_855' title='bbox 3527 4536 3581 4583; x_wconf 90' lang='lat' dir='ltr'><strong>et</strong></span> <span class='ocrx_word' id='word_1_856' title='bbox 3600 4529 3778 4584; x_wconf 81' lang='lat' dir='ltr'><strong>unitas</strong></span> <span class='ocrx_word' id='word_1_857' title='bbox 3796 4541 3894 4583; x_wconf 76' lang='lat' dir='ltr'><strong>ecr-</strong></span> 
     </span>
    </p>
   </div>
   <div class='ocr_carea' id='block_1_106' title="bbox 2333 4617 3892 4691">
    <p class='ocr_par' dir='ltr' id='par_1_106' title="bbox 2333 4617 3892 4691">
     <span class='ocr_line' id='line_1_106' title="bbox 2333 4617 3892 4691; baseline 0.002 -18"><span class='ocrx_word' id='word_1_858' title='bbox 2333 4618 2501 4687; x_wconf 85' lang='lat' dir='ltr'><strong>poris,</strong></span> <span class='ocrx_word' id='word_1_859' title='bbox 2525 4627 2578 4672; x_wconf 88' lang='lat' dir='ltr'><strong>et</strong></span> <span class='ocrx_word' id='word_1_860' title='bbox 2601 4617 2721 4673; x_wconf 91' lang='lat' dir='ltr'><strong>ideo</strong></span> <span class='ocrx_word' id='word_1_861' title='bbox 2755 4619 2857 4675; x_wconf 89' lang='lat' dir='ltr'><strong>hoc</strong></span> <span class='ocrx_word' id='word_1_862' title='bbox 2885 4633 3080 4690; x_wconf 91' lang='lat' dir='ltr'><strong>corpus</strong></span> <span class='ocrx_word' id='word_1_863' title='bbox 3106 4620 3248 4689; x_wconf 90' lang='lat' dir='ltr'><strong>quod</strong></span> <span class='ocrx_word' id='word_1_864' title='bbox 3279 4621 3516 4676; x_wconf 87' lang='lat' dir='ltr'><strong>medium</strong></span> <span class='ocrx_word' id='word_1_865' title='bbox 3548 4631 3631 4676; x_wconf 88' lang='lat' dir='ltr'><strong>est</strong></span> <span class='ocrx_word' id='word_1_866' title='bbox 3653 4637 3763 4691; x_wconf 84' lang='lat' dir='ltr'><strong>quo</strong></span> <span class='ocrx_word' id='word_1_867' title='bbox 3787 4634 3892 4691; x_wconf 79' lang='lat' dir='ltr'><strong>pas-</strong></span> 
     </span>
    </p>
   </div>
   <div class='ocr_carea' id='block_1_107' title="bbox 2331 4710 3890 4783">
    <p class='ocr_par' dir='ltr' id='par_1_107' title="bbox 2331 4710 3890 4783">
     <span class='ocr_line' id='line_1_107' title="bbox 2331 4710 3890 4783; baseline -0.001 -19"><span class='ocrx_word' id='word_1_868' title='bbox 2331 4710 2508 4764; x_wconf 88' lang='lat' dir='ltr'><strong>cimur</strong></span> <span class='ocrx_word' id='word_1_869' title='bbox 2535 4710 2587 4764; x_wconf 93' lang='lat' dir='ltr'><strong>iu</strong></span> <span class='ocrx_word' id='word_1_870' title='bbox 2616 4711 2725 4776; x_wconf 86' lang='lat' dir='ltr'><strong>via,</strong></span> <span class='ocrx_word' id='word_1_871' title='bbox 2743 4726 2847 4766; x_wconf 92' lang='lat' dir='ltr'><strong>non</strong></span> <span class='ocrx_word' id='word_1_872' title='bbox 2866 4711 3123 4766; x_wconf 90' lang='lat' dir='ltr'><strong>dividitur</strong></span> <span class='ocrx_word' id='word_1_873' title='bbox 3134 4711 3202 4766; x_wconf 91' lang='lat' dir='ltr'><strong>ab</strong></span> <span class='ocrx_word' id='word_1_874' title='bbox 3216 4712 3422 4768; x_wconf 92' lang='lat' dir='ltr'><strong>unitate</strong></span> <span class='ocrx_word' id='word_1_875' title='bbox 3434 4715 3680 4783; x_wconf 88' lang='lat' dir='ltr'><strong>corporis</strong></span> <span class='ocrx_word' id='word_1_876' title='bbox 3693 4711 3890 4769; x_wconf 84' lang='lat' dir='ltr'><strong>Christi.</strong></span> 
     </span>
    </p>
   </div>
   <div class='ocr_carea' id='block_1_108' title="bbox 2330 4800 3893 4872">
    <p class='ocr_par' dir='ltr' id='par_1_108' title="bbox 2330 4800 3893 4872">
     <span class='ocr_line' id='line_1_108' title="bbox 2330 4800 3893 4872; baseline -0.001 -17"><span class='ocrx_word' id='word_1_877' title='bbox 2330 4800 2516 4872; x_wconf 86' lang='lat' dir='ltr'><strong>Neque</strong></span> <span class='ocrx_word' id='word_1_878' title='bbox 2537 4801 2663 4872; x_wconf 91' lang='lat' dir='ltr'><strong>quia</strong></span> <span class='ocrx_word' id='word_1_879' title='bbox 2687 4811 2850 4872; x_wconf 89' lang='lat' dir='ltr'><strong>caput</strong></span> <span class='ocrx_word' id='word_1_880' title='bbox 2876 4811 2960 4858; x_wconf 89' lang='lat' dir='ltr'><strong>est</strong></span> <span class='ocrx_word' id='word_1_881' title='bbox 2993 4800 3244 4858; x_wconf 88' lang='lat' dir='ltr'><strong>Christus</strong></span> <span class='ocrx_word' id='word_1_882' title='bbox 3271 4801 3549 4868; x_wconf 60' lang='lat' dir='ltr'><strong>Ecclesia,</strong></span> <span class='ocrx_word' id='word_1_883' title='bbox 3571 4815 3722 4860; x_wconf 89' lang='lat' dir='ltr'><strong>recte</strong></span> <span class='ocrx_word' id='word_1_884' title='bbox 3747 4819 3775 4858; x_wconf 86' lang='lat' dir='ltr'><strong>a</strong></span> <span class='ocrx_word' id='word_1_885' title='bbox 3802 4801 3893 4857; x_wconf 84' lang='lat' dir='ltr'><strong>suis</strong></span> 
     </span>
    </p>
   </div>
   <div class='ocr_carea' id='block_1_109' title="bbox 2327 4891 3892 4964">
    <p class='ocr_par' dir='ltr' id='par_1_109' title="bbox 2327 4891 3892 4964">
     <span class='ocr_line' id='line_1_109' title="bbox 2327 4891 3892 4964; baseline -0.003 -16"><span class='ocrx_word' id='word_1_886' title='bbox 2327 4891 2638 4964; x_wconf 80' lang='lat' dir='ltr'><strong>praeciditur</strong></span> <span class='ocrx_word' id='word_1_887' title='bbox 2658 4893 2938 4960; x_wconf 90' lang='lat' dir='ltr'><strong>membris,</strong></span> <span class='ocrx_word' id='word_1_888' title='bbox 2966 4892 3109 4948; x_wconf 92' lang='lat' dir='ltr'><strong>sicut</strong></span> <span class='ocrx_word' id='word_1_889' title='bbox 3137 4908 3238 4949; x_wconf 91' lang='lat' dir='ltr'><strong>nec</strong></span> <span class='ocrx_word' id='word_1_890' title='bbox 3274 4895 3518 4950; x_wconf 86' lang='lat' dir='ltr'><strong>membra</strong></span> <span class='ocrx_word' id='word_1_891' title='bbox 3543 4895 3843 4950; x_wconf 83' lang='lat' dir='ltr'><strong>dividuntur</strong></span> <span class='ocrx_word' id='word_1_892' title='bbox 3869 4907 3892 4943; x_wconf 84' lang='lat' dir='ltr'><strong>s</strong></span> 
     </span>
    </p>
   </div>
   <div class='ocr_carea' id='block_1_110' title="bbox 2325 4982 3893 5060">
    <p class='ocr_par' dir='ltr' id='par_1_110' title="bbox 2325 4982 3893 5060">
     <span class='ocr_line' id='line_1_110' title="bbox 2325 4982 3893 5060; baseline 0.001 -22"><span class='ocrx_word' id='word_1_893' title='bbox 2325 4985 2522 5056; x_wconf 89' lang='lat' dir='ltr'><strong>capite,</strong></span> <span class='ocrx_word' id='word_1_894' title='bbox 2559 4994 2619 5038; x_wconf 89' lang='lat' dir='ltr'><strong>ut</strong></span> <span class='ocrx_word' id='word_1_895' title='bbox 2654 4985 2899 5041; x_wconf 90' lang='lat' dir='ltr'><strong>membra</strong></span> <span class='ocrx_word' id='word_1_896' title='bbox 2924 4994 2979 5040; x_wconf 93' lang='lat' dir='ltr'><strong>et</strong></span> <span class='ocrx_word' id='word_1_897' title='bbox 3003 4994 3188 5058; x_wconf 84' lang='lat' dir='ltr'><strong>caput,</strong></span> <span class='ocrx_word' id='word_1_898' title='bbox 3212 5003 3381 5042; x_wconf 91' lang='lat' dir='ltr'><strong>unum</strong></span> <span class='ocrx_word' id='word_1_899' title='bbox 3410 4987 3522 5042; x_wconf 89' lang='lat' dir='ltr'><strong>sint</strong></span> <span class='ocrx_word' id='word_1_900' title='bbox 3547 5003 3748 5060; x_wconf 85' lang='lat' dir='ltr'><strong>corpus</strong></span> <span class='ocrx_word' id='word_1_901' title='bbox 3774 4982 3893 5057; x_wconf 84' lang='lat' dir='ltr'><strong>quod</strong></span> 
     </span>
    </p>
   </div>
   <div class='ocr_carea' id='block_1_111' title="bbox 2334 5087 3895 5164">
    <p class='ocr_par' dir='ltr' id='par_1_111' title="bbox 2334 5087 3895 5164">
     <span class='ocr_line' id='line_1_111' title="bbox 2334 5087 3895 5164; baseline -0.001 -20"><span class='ocrx_word' id='word_1_902' title='bbox 2334 5087 2540 5158; x_wconf 84' lang='grc' dir='ltr'><strong>ιιοι</strong></span> <span class='ocrx_word' id='word_1_903' title='bbox 2566 5098 2964 5150; x_wconf 87' lang='lat' dir='ltr'><strong>sacramentum</strong></span> <span class='ocrx_word' id='word_1_904' title='bbox 2979 5090 3132 5161; x_wconf 80' lang='lat' dir='ltr'><strong>juxta</strong></span> <span class='ocrx_word' id='word_1_905' title='bbox 3151 5090 3470 5162; x_wconf 82' lang='lat' dir='ltr'><strong>Apostolum</strong></span> <span class='ocrx_word' id='word_1_906' title='bbox 3491 5107 3747 5164; x_wconf 84' lang='lat' dir='ltr'><strong>magnum</strong></span> <span class='ocrx_word' id='word_1_907' title='bbox 3759 5100 3834 5147; x_wconf 90' lang='lat' dir='ltr'><strong>est</strong></span> <span class='ocrx_word' id='word_1_908' title='bbox 3853 5091 3895 5143; x_wconf 90' lang='lat' dir='ltr'><strong>in</strong></span> 
     </span>
    </p>
   </div>
   <div class='ocr_carea' id='block_1_112' title="bbox 2329 5177 3897 5252">
    <p class='ocr_par' dir='ltr' id='par_1_112' title="bbox 2329 5177 3897 5252">
     <span class='ocr_line' id='line_1_112' title="bbox 2329 5177 3897 5252; baseline -0.001 -19"><span class='ocrx_word' id='word_1_909' title='bbox 2329 5177 2544 5233; x_wconf 90' lang='lat' dir='ltr'><strong>Christo</strong></span> <span class='ocrx_word' id='word_1_910' title='bbox 2569 5187 2624 5232; x_wconf 91' lang='lat' dir='ltr'><strong>et</strong></span> <span class='ocrx_word' id='word_1_911' title='bbox 2645 5179 2908 5235; x_wconf 85' lang='lat' dir='ltr'><strong>Ecclesia.</strong></span> <span class='ocrx_word' id='word_1_912' title='bbox 2930 5180 2995 5235; x_wconf 87' lang='lat' dir='ltr'><strong>Et</strong></span> <span class='ocrx_word' id='word_1_913' title='bbox 3016 5181 3138 5238; x_wconf 89' lang='lat' dir='ltr'><strong>ideo</strong></span> <span class='ocrx_word' id='word_1_914' title='bbox 3159 5183 3248 5252; x_wconf 89' lang='lat' dir='ltr'><strong>qui</strong></span> <span class='ocrx_word' id='word_1_915' title='bbox 3273 5182 3389 5238; x_wconf 90' lang='lat' dir='ltr'><strong>vult</strong></span> <span class='ocrx_word' id='word_1_916' title='bbox 3412 5183 3599 5240; x_wconf 81' lang='lat' dir='ltr'><strong>vivere</strong></span> <span class='ocrx_word' id='word_1_917' title='bbox 3631 5186 3686 5240; x_wconf 90' lang='lat' dir='ltr'><strong>in</strong></span> <span class='ocrx_word' id='word_1_918' title='bbox 3716 5185 3897 5238; x_wconf 85' lang='lat' dir='ltr'><strong>unitate</strong></span> 
     </span>
    </p>
   </div>
   <div class='ocr_carea' id='block_1_113' title="bbox 2328 5271 3895 5345">
    <p class='ocr_par' dir='ltr' id='par_1_113' title="bbox 2328 5271 3895 5345">
     <span class='ocr_line' id='line_1_113' title="bbox 2328 5271 3895 5345; baseline 0 -19"><span class='ocrx_word' id='word_1_919' title='bbox 2328 5271 2592 5340; x_wconf 89' lang='lat' dir='ltr'><strong>corporis,</strong></span> <span class='ocrx_word' id='word_1_920' title='bbox 2614 5271 2727 5328; x_wconf 86' lang='lat' dir='ltr'><strong>haec</strong></span> <span class='ocrx_word' id='word_1_921' title='bbox 2753 5273 2876 5336; x_wconf 89' lang='lat' dir='ltr'><strong>tria,</strong></span> <span class='ocrx_word' id='word_1_922' title='bbox 2909 5274 3160 5345; x_wconf 87' lang='lat' dir='ltr'><strong>mystice,</strong></span> <span class='ocrx_word' id='word_1_923' title='bbox 3187 5291 3354 5330; x_wconf 91' lang='lat' dir='ltr'><strong>unum</strong></span> <span class='ocrx_word' id='word_1_924' title='bbox 3405 5276 3606 5331; x_wconf 90' lang='lat' dir='ltr'><strong>sentiat</strong></span> <span class='ocrx_word' id='word_1_925' title='bbox 3643 5291 3765 5332; x_wconf 88' lang='lat' dir='ltr'><strong>esse</strong></span> <span class='ocrx_word' id='word_1_926' title='bbox 3795 5284 3895 5328; x_wconf 80' lang='lat' dir='ltr'><strong>cur-</strong></span> 
     </span>
    </p>
   </div>
   <div class='ocr_carea' id='block_1_114' title="bbox 2326 5363 3900 5432">
    <p class='ocr_par' dir='ltr' id='par_1_114' title="bbox 2326 5363 3900 5432">
     <span class='ocr_line' id='line_1_114' title="bbox 2326 5363 3900 5432; baseline 0.003 -17"><span class='ocrx_word' id='word_1_927' title='bbox 2326 5377 2426 5432; x_wconf 91' lang='lat' dir='ltr'><strong>pus</strong></span> <span class='ocrx_word' id='word_1_928' title='bbox 2451 5377 2466 5427; x_wconf 89' lang='lat'><strong>;</strong></span> <span class='ocrx_word' id='word_1_929' title='bbox 2497 5363 2751 5432; x_wconf 93' lang='lat' dir='ltr'><strong>quoniam</strong></span> <span class='ocrx_word' id='word_1_930' title='bbox 2781 5374 3164 5420; x_wconf 87' lang='lat' dir='ltr'><strong>testamentum</strong></span> <span class='ocrx_word' id='word_1_931' title='bbox 3194 5365 3289 5421; x_wconf 92' lang='lat' dir='ltr'><strong>Dei</strong></span> <span class='ocrx_word' id='word_1_932' title='bbox 3320 5377 3585 5422; x_wconf 71' lang='lat' dir='ltr'><strong>aeternum</strong></span> <span class='ocrx_word' id='word_1_933' title='bbox 3624 5369 3693 5423; x_wconf 94' lang='lat' dir='ltr'><strong>de</strong></span> <span class='ocrx_word' id='word_1_934' title='bbox 3727 5367 3808 5423; x_wconf 84' lang='lat' dir='ltr'><strong>bis</strong></span> <span class='ocrx_word' id='word_1_935' title='bbox 3826 5364 3900 5420; x_wconf 56' lang='lat' dir='ltr'><strong>tiro</strong></span> 
     </span>
    </p>
   </div>
   <div class='ocr_carea' id='block_1_115' title="bbox 2331 5453 3898 5529">
    <p class='ocr_par' dir='ltr' id='par_1_115' title="bbox 2331 5453 3898 5529">
     <span class='ocr_line' id='line_1_115' title="bbox 2331 5453 3898 5529; baseline 0.004 -25"><span class='ocrx_word' id='word_1_936' title='bbox 2331 5462 2536 5506; x_wconf 86' lang='lat' dir='ltr'><strong>matum</strong></span> <span class='ocrx_word' id='word_1_937' title='bbox 2559 5463 2641 5506; x_wconf 90' lang='lat' dir='ltr'><strong>est</strong></span> <span class='ocrx_word' id='word_1_938' title='bbox 2674 5453 2725 5507; x_wconf 92' lang='lat' dir='ltr'><strong>in</strong></span> <span class='ocrx_word' id='word_1_939' title='bbox 2753 5455 3019 5526; x_wconf 84' lang='lat' dir='ltr'><strong>sanguine</strong></span> <span class='ocrx_word' id='word_1_940' title='bbox 3044 5455 3269 5512; x_wconf 88' lang='lat' dir='ltr'><strong>Christi.</strong></span> <span class='ocrx_word' id='word_1_941' title='bbox 3303 5458 3370 5513; x_wconf 86' lang='lat' dir='ltr'><strong>Et</strong></span> <span class='ocrx_word' id='word_1_942' title='bbox 3391 5460 3515 5515; x_wconf 84' lang='lat' dir='ltr'><strong>ideo</strong></span> <span class='ocrx_word' id='word_1_943' title='bbox 3530 5460 3656 5529; x_wconf 90' lang='lat' dir='ltr'><strong>jure</strong></span> <span class='ocrx_word' id='word_1_944' title='bbox 3689 5477 3792 5515; x_wconf 86' lang='lat' dir='ltr'><strong>non</strong></span> <span class='ocrx_word' id='word_1_945' title='bbox 3819 5458 3898 5518; x_wconf 85' lang='lat' dir='ltr'><strong>ait.</strong></span> 
     </span>
    </p>
   </div>
   <div class='ocr_carea' id='block_1_116' title="bbox 2331 5550 3899 5622">
    <p class='ocr_par' dir='ltr' id='par_1_116' title="bbox 2331 5550 3899 5622">
     <span class='ocr_line' id='line_1_116' title="bbox 2331 5550 3899 5622; baseline 0.001 -18"><span class='ocrx_word' id='word_1_946' title='bbox 2331 5550 2419 5604; x_wconf 89' lang='lat' dir='ltr'><strong>hic</strong></span> <span class='ocrx_word' id='word_1_947' title='bbox 2439 5559 2521 5604; x_wconf 92' lang='lat' dir='ltr'><strong>est</strong></span> <span class='ocrx_word' id='word_1_948' title='bbox 2553 5552 2710 5620; x_wconf 90' lang='lat' dir='ltr'><strong>panis</strong></span> <span class='ocrx_word' id='word_1_949' title='bbox 2757 5560 2850 5606; x_wconf 90' lang='lat' dir='ltr'><strong>aut</strong></span> <span class='ocrx_word' id='word_1_950' title='bbox 2885 5568 3081 5622; x_wconf 91' lang='lat' dir='ltr'><strong>corpus</strong></span> <span class='ocrx_word' id='word_1_951' title='bbox 3112 5554 3244 5608; x_wconf 86' lang='lat' dir='ltr'><strong>Novi</strong></span> <span class='ocrx_word' id='word_1_952' title='bbox 3273 5554 3610 5610; x_wconf 87' lang='lat' dir='ltr'><strong>Testamenti</strong></span> <span class='ocrx_word' id='word_1_953' title='bbox 3631 5597 3649 5621; x_wconf 95' lang='lat'><strong>,</strong></span> <span class='ocrx_word' id='word_1_954' title='bbox 3699 5555 3795 5612; x_wconf 87' lang='lat' dir='ltr'><strong>sed</strong></span> <span class='ocrx_word' id='word_1_955' title='bbox 3824 5553 3899 5609; x_wconf 82' lang='lat' dir='ltr'><strong>hic</strong></span> 
     </span>
    </p>
   </div>
   <div class='ocr_carea' id='block_1_117' title="bbox 2328 5642 3902 5720">
    <p class='ocr_par' dir='ltr' id='par_1_117' title="bbox 2328 5642 3902 5720">
     <span class='ocr_line' id='line_1_117' title="bbox 2328 5642 3902 5720; baseline 0.001 -22"><span class='ocrx_word' id='word_1_956' title='bbox 2328 5653 2411 5698; x_wconf 91' lang='lat' dir='ltr'><strong>est</strong></span> <span class='ocrx_word' id='word_1_957' title='bbox 2441 5642 2582 5697; x_wconf 82' lang='lat' dir='ltr'><strong>calix</strong></span> <span class='ocrx_word' id='word_1_958' title='bbox 2607 5642 2742 5698; x_wconf 85' lang='lat' dir='ltr'><strong>Novi</strong></span> <span class='ocrx_word' id='word_1_959' title='bbox 2765 5643 3102 5701; x_wconf 86' lang='lat' dir='ltr'><strong>Testamenti</strong></span> <span class='ocrx_word' id='word_1_960' title='bbox 3141 5647 3196 5702; x_wconf 92' lang='lat' dir='ltr'><strong>in</strong></span> <span class='ocrx_word' id='word_1_961' title='bbox 3227 5647 3492 5717; x_wconf 82' lang='lat' dir='ltr'><strong>sanguine</strong></span> <span class='ocrx_word' id='word_1_962' title='bbox 3519 5663 3645 5703; x_wconf 90' lang='lat' dir='ltr'><strong>meo</strong></span> <span class='ocrx_word' id='word_1_963' title='bbox 3683 5649 3777 5720; x_wconf 90' lang='lat' dir='ltr'><strong>qui</strong></span> <span class='ocrx_word' id='word_1_964' title='bbox 3819 5661 3902 5717; x_wconf 85' lang='lat' dir='ltr'><strong>pro</strong></span> 
     </span>
    </p>
   </div>
   <div class='ocr_carea' id='block_1_118' title="bbox 2330 5736 3902 5812">
    <p class='ocr_par' dir='ltr' id='par_1_118' title="bbox 2330 5736 3902 5812">
     <span class='ocr_line' id='line_1_118' title="bbox 2330 5736 3902 5812; baseline -0.001 -23"><span class='ocrx_word' id='word_1_965' title='bbox 2330 5736 2481 5803; x_wconf 85' lang='lat' dir='ltr'><strong>vobis</strong></span> <span class='ocrx_word' id='word_1_966' title='bbox 2525 5736 2799 5792; x_wconf 90' lang='lat' dir='ltr'><strong>fundetur.</strong></span> <span class='ocrx_word' id='word_1_967' title='bbox 2831 5737 2942 5794; x_wconf 79' lang='lat' dir='ltr'><strong>Nec</strong></span> <span class='ocrx_word' id='word_1_968' title='bbox 2966 5739 3237 5796; x_wconf 90' lang='lat' dir='ltr'><strong>immerito</strong></span> <span class='ocrx_word' id='word_1_969' title='bbox 3265 5739 3430 5810; x_wconf 89' lang='lat' dir='ltr'><strong>igitur</strong></span> <span class='ocrx_word' id='word_1_970' title='bbox 3459 5739 3564 5795; x_wconf 86' lang='lat' dir='ltr'><strong>hoc</strong></span> <span class='ocrx_word' id='word_1_971' title='bbox 3596 5740 3902 5812; x_wconf 83' lang='lat' dir='ltr'><strong>mysterium</strong></span> 
     </span>
    </p>
   </div>
   <div class='ocr_carea' id='block_1_119' title="bbox 2323 5826 3906 5901">
    <p class='ocr_par' dir='ltr' id='par_1_119' title="bbox 2323 5826 3906 5901">
     <span class='ocr_line' id='line_1_119' title="bbox 2323 5826 3906 5901; baseline 0.003 -21"><span class='ocrx_word' id='word_1_972' title='bbox 2323 5826 2446 5896; x_wconf 84' lang='lat' dir='ltr'><strong>jure</strong></span> <span class='ocrx_word' id='word_1_973' title='bbox 2473 5826 2606 5883; x_wconf 89' lang='lat' dir='ltr'><strong>dicit</strong></span> <span class='ocrx_word' id='word_1_974' title='bbox 2625 5835 3036 5897; x_wconf 86' lang='lat' dir='ltr'><strong>testamentum,</strong></span> <span class='ocrx_word' id='word_1_975' title='bbox 3063 5830 3210 5901; x_wconf 88' lang='lat' dir='ltr'><strong>quod</strong></span> <span class='ocrx_word' id='word_1_976' title='bbox 3231 5839 3408 5887; x_wconf 82' lang='lat' dir='ltr'><strong>morte</strong></span> <span class='ocrx_word' id='word_1_977' title='bbox 3430 5833 3719 5888; x_wconf 85' lang='lat' dir='ltr'><strong>testatoris</strong></span> <span class='ocrx_word' id='word_1_978' title='bbox 3738 5831 3906 5886; x_wconf 74' lang='lat' dir='ltr'><strong>ﬁrma-</strong></span> 
     </span>
    </p>
   </div>
  </div>
