4016 6354
150 410 226 470 επ
859 407 1221 466 EXPOSITIO
1257 406 1323 463 IN
1363 402 1805 462 MATTHIEUM.
1841 427 1912 444 --
1949 401 2073 457 LIB.
2111 400 2226 470 XII,
2268 401 2415 458 CAP.
2458 399 2646 456 XXVI.

3275 401 3376 457 898

151 543 233 584 tur.
254 525 379 581 Nam
404 523 561 594 juxta
588 521 932 593 Apostolum,
960 521 1052 576 ubi
1087 529 1470 576 testamentum
1500 519 1687 574 ﬁrma-
1716 523 1770 583 Α
1793 523 1962 580 tuum,
1991 526 2046 569 ut
2068 512 2239 569 Filius
2254 525 2371 569 tuus
2393 514 2643 583 clm-ilicet
2673 523 2720 568 te
2742 511 2923 583 (Joau.
2955 527 3084 578 xvn,
3112 513 3376 586 I),usque

150 633 234 683 tur,
250 617 315 672 ibi
331 615 570 687 profecto
585 628 808 670 necesse
821 623 926 680 est,
942 622 998 668 et
1012 628 1157 669 mors
1170 613 1445 669 testatoris
1461 613 1695 667 interve-

149 713 254 775 niat,
279 710 403 780 quia
447 709 743 764 secundum
792 708 970 778 ipsum
1008 721 1170 762 omne
1212 715 1594 762 testamentum
1640 705 1693 758 in

147 801 340 859 mortuis
357 801 729 854 conﬁrmatur.
749 797 884 853 Nam
914 807 970 854 et
997 799 1098 854 hoc
1124 813 1274 853 more
1289 813 1389 854 suo
1408 797 1695 867 Apostolus

147 913 242 953 cum
262 894 503 951 Hebraeis
529 895 641 964 ipse
662 893 920 949 Hebraeus
951 893 1004 948 in
1027 892 1245 948 Christo
1270 892 1696 958 commendaret,

145 989 308 1045 astruit
346 995 732 1043 testamentum
760 986 892 1041 nihil
919 987 1101 1041 valere
1125 985 1448 1046 bteredibus.
1473 985 1517 1039 si
1550 1001 1698 1041 mors

146 1094 228 1133 non
271 1077 572 1132 intercedat
619 1077 916 1132 testatoris.
972 1075 1226 1146 Alioquin
1268 1075 1504 1131 nondum
1536 1074 1694 1139 valet,

145 1167 244 1222 dum
264 1166 396 1221 vivit
422 1167 468 1221 is
488 1167 580 1237 qui
604 1175 856 1222 testatur.
875 1165 1035 1231 Hinc,
1065 1165 1281 1232 fratres,
1317 1175 1695 1222 testamentum

143 1257 257 1326 quod
275 1256 558 1326 'disposuit
604 1257 671 1311 ab
716 1256 1020 1322 Abraham,
1052 1267 1108 1312 et
1144 1257 1271 1312 illud
1321 1257 1498 1312 foedus
1555 1257 1698 1326 quod

141 1347 319 1418 pepigit
351 1363 476 1402 cum
503 1347 687 1409 Israel,
721 1347 774 1402 in
799 1347 1160 1416 monte,Sina,
1184 1349 1310 1419 quia
1347 1365 1444 1418 per
1468 1359 1697 1404 mortem
1739 1421 1750 1430 ⁸

142 1454 453 1509 nequaquam
494 1438 596 1492 fuit
634 1436 749 1506 ejus
773 1439 867 1508 qui
904 1438 1222 1502 testabatur,
1263 1438 1384 1493 ideo
1423 1438 1696 1493 infirmum

139 1527 238 1593 fuit,
270 1528 443 1584 donec
464 1529 700 1594 _Domini
736 1529 905 1585 nostri
934 1527 1061 1586 Jesu
1093 1529 1298 1585 Christi
1335 1529 1427 1599 qui
1461 1530 1698 1584 testaba-

141 1629 228 1684 tur,
256 1621 415 1675 unica
443 1630 617 1677 morte
645 1630 702 1676 et
731 1621 993 1694 singulari
1033 1623 1364 1678 firmaretur.
1391 1621 1520 1689 Quae
1540 1622 1698 1676 nimi-

141 1726 237 1764 rum
267 1725 435 1777 more,
462 1727 592 1766 vere
631 1713 826 1767 mortis
862 1713 1070 1768 exstitit
1096 1729 1266 1769 mors.
1295 1713 1364 1767 Et
1392 1713 1514 1768 ideo
1535 1729 1698 1783 quam

137 1803 333 1870 pulchre
363 1812 419 1858 et
441 1818 602 1874 quam
642 1806 1132 1874 pernecessarium,
1158 1806 1262 1861 hoc
1293 1816 1697 1862 sacramentum

1797 605 1865 660 ad
1890 605 1943 660 id
1968 620 2090 662 cum
2123 605 2241 659 ait:
2275 605 2405 660 Ha’c
2443 621 2560 660 cum
2601 605 2816 659 dixisset
2849 619 3082 672 egressus
3107 615 3182 660 est
3224 615 3374 661 trans

1795 709 2076 754 torrentem
2103 697 2308 754 Cedron
2347 698 2529 770 (Joan.
2581 715 2736 764 xvtn,
2768 698 2840 769 1).
2869 697 3021 764 Quod
3077 697 3124 752 si
3154 698 3252 763 ibi,
3291 699 3376 755 in-

1797 789 2006 860 quiunt,
2047 791 2280 860 scriptus
2326 805 2431 846 non
2461 799 2568 856 est,
2616 805 2716 845 nec
2758 787 2952 844 alicubi
2999 789 3052 844 in
3085 787 3378 860 Evangelio

1798 881 2033 952 scriptus
2057 883 2280 938 omnino
2306 890 2409 937 est.
2443 879 2550 936 Sed
2598 880 2686 936 illa
2725 878 3031 944 inell'abilis,
3080 887 3140 934 ut
3185 880 3262 934 ita
3296 879 3376 936 di-

1796 986 1936 1035 cam,
1973 972 2151 1027 oratio
2202 972 2287 1027 vel
2339 974 2644 1044 gratiarum
2694 973 2858 1035 actio,
2891 987 2996 1026 non
3025 972 3092 1027 ad
3127 973 3375 1030 eumdem

1798 1061 1976 1120 locum
2029 1066 2304 1136 pertinere
2338 1065 2570 1130 videtur,
2615 1079 2791 1134 neque
2829 1065 3062 1136 hymnus
3098 1063 3186 1118 ille
3215 1079 3374 1134 quem

1799 1166 1926 1229 post
1952 1158 2133 1214 cibum
2176 1159 2370 1214 solitus
2411 1167 2530 1212 erat
2574 1156 2995 1228 benignissimus
3024 1153 3275 1226 Magister
3300 1155 3380 1210 di-

1799 1265 1943 1317 cere,
1962 1251 2088 1321 jure
2123 1265 2243 1306 esse
2273 1251 2536 1305 creditur.
2577 1248 2841 1315 Quoniam
2866 1246 3124 1316 quidquid
3139 1261 3236 1317 per
3259 1260 3382 1301 car»

1799 1344 1884 1398 nis
1913 1344 2374 1413 dispensationem
2404 1358 2562 1415 agere
2593 1343 2846 1414 dignatus
2871 1350 2956 1396 est
2989 1339 3258 1405 Salvator,
3288 1349 3383 1394 aut

1799 1435 2118 1506 mysterium
2160 1434 2278 1500 fuit,
2307 1444 2400 1490 aut
2431 1434 2756 1503 exemplum.
2786 1433 2842 1486 In
2874 1447 2940 1487 eo
2969 1447 3202 1502 namque
3238 1431 3380 1502 quod

1799 1528 1997 1592 oravit,
2029 1544 2226 1598 magna
2255 1537 2380 1583 sunt
2423 1537 2799 1593 sacramenta;
2843 1527 2897 1581 in
2933 1526 3034 1583 hoc
3068 1542 3196 1582 vero
3223 1527 3379 1597 hym-

1799 1634 1891 1684 no,
1922 1619 2227 1687 exemplum
2263 1628 2368 1681 est,
2400 1619 2541 1674 sicut
2570 1619 2683 1690 ipse
2727 1618 2804 1673 ait
2863 1635 2875 1671 :
2908 1616 3217 1687 Exemplum
3261 1615 3383 1670 dedi

1799 1708 1960 1774 vobis,
1987 1719 2042 1762 ut
2071 1718 2118 1762 et
2141 1726 2226 1763 vos
2258 1710 2331 1763 ita
2361 1708 2569 1778 faciatis
2601 1707 2781 1778 (Joan.
2820 1723 2938 1770 xm,
2983 1707 3090 1778 15).
3129 1706 3381 1778 Magnum

1800 1808 1884 1854 est
1907 1800 2088 1869 itaque
2129 1800 2349 1868 pietatis
2390 1800 2717 1871 exemplum,
2761 1800 2903 1869 quod
2929 1809 2984 1854 et
3023 1799 3198 1855 adhuc
3226 1799 3384 1856 hodie

135 1892 178 1946 in
199 1894 505 1948 memoriam
537 1895 727 1950 mortis
763 1894 964 1950 Christi
1007 1895 1338 1962 immolatur,
1369 1905 1426 1951 ut
1461 1897 1532 1950 sit
1575 1911 1695 1951 cor-
1723 1911 1772 1973 Β
1802 1909 1907 1948 non
1941 1894 2118 1948 minus
2147 1903 2271 1948 ante
2323 1894 2502 1948 cibum
2530 1909 2690 1962 quam
2722 1901 2846 1962 post
2898 1893 3102 1958 cibum,
3147 1892 3385 1947 Ecclesia

133 1997 216 2051 pus
242 1984 630 2054 redemptionis
667 1993 888 2049 nostrre,
919 1994 972 2040 et
1001 1985 1316 2040 alimentum
1361 1985 1484 2041 vitae
1529 1987 1582 2040 in
1606 2002 1698 2042 no-

133 2071 220 2136 bis,
243 2090 449 2130 necnon
481 2084 535 2130 et
555 2077 776 2146 sanguis
795 2077 929 2130 Novi
958 2074 1286 2131 Testamenti
1331 2077 1384 2130 in
1421 2086 1590 2132 morte
1617 2078 1697 2148 ip-

129 2164 225 2218 sius
263 2151 579 2240 vtestatoris.
635 2167 785 2222 Alias
839 2176 1021 2222 autem
1056 2165 1463 2222 Testamentum
1506 2167 1693 2234 Vetus,

129 2257 365 2324 quamvis
392 2258 589 2312 habeat
614 2259 865 2314 universa
897 2258 1212 2314 Solemniter
1251 2267 1697 2314 testamentorum

122 2345 228 2414 jura
275 2357 513 2416 servata,
568 2359 747 2404 tamen
788 2350 914 2419 quia
963 2366 1059 2420 per
1111 2363 1340 2406 mortem
1384 2351 1699 2406 mediatoris

128 2453 220 2492 non
250 2450 369 2495 erat
393 2441 732 2505 roboratum,
766 2440 1146 2496 intirmabatur
1169 2457 1270 2512 per
1289 2456 1530 2505 carnem,
1560 2442 1700 2497 sicut

125 2530 401 2599 Apostolus
435 2532 614 2587 docet.
670 2532 782 2588 Hoc
821 2541 1001 2588 autem
1029 2529 1434 2587 Testamentum
1466 2533 1695 2601 Novum,

129 2623 235 2690 quia
261 2623 585 2677 imminente
616 2621 728 2690 jam
772 2632 946 2678 morte
975 2623 1254 2678 tcstatoris
1281 2622 1585 2678 confectum
1616 2631 1701 2678 est

127 2715 183 2768 ad
206 2715 490 2779 viaticum,
525 2717 580 2770 in
612 2717 984 2772 hmreditatem
1005 2716 1214 2780 salutis,
1246 2717 1450 2772 idcirco
1483 2719 1696 2772 firmum

123 2814 194 2858 est
213 2816 503 2876 ratumque
534 2807 587 2861 in
609 2816 1018 2878 perpetuum,et
1046 2809 1386 2877 permanebit
1410 2808 1463 2862 in
1493 2824 1690 2863 mvum.

121 2895 222 2952 Non
260 2901 415 2954 enim
460 2899 569 2953 nisi
617 2901 778 2955 unius
827 2900 1002 2955 noctis
1049 2902 1421 2955 tantummodo
1465 2901 1700 2971 spatium

122 2992 396 3060 interfuit,
451 2994 596 3049 inter
648 2994 1045 3065 promulgatam
1102 2994 1242 3048 hanc
1293 2993 1490 3049 seriem
1534 3003 1703 3048 testa-

118 3087 287 3151 menti,
312 3096 375 3142 et
419 3097 652 3142 mortem
703 3085 934 3155 piissimi
973 3085 1248 3140 testatoris
1278 3084 1500 3139 Christi.
1550 3083 1702 3140 Unde

118 3185 165 3230 et
189 3178 235 3231 in
269 3180 472 3234 eadem
497 3187 656 3234 nocte
683 3177 995 3247 specialiter
1023 3193 1158 3245 quos
1187 3176 1436 3230 haeredes
1461 3175 1515 3229 in
1544 3175 1702 3246 hujus

1801 2001 1832 2040 a
1865 1986 1976 2040 Deo
2002 1986 2272 2049 instituta,
2325 2000 2485 2056 agere
2516 2000 2622 2039 non
2663 1985 3055 2054 prmtermittit.
3111 1983 3215 2040 Sed
3263 2000 3385 2056 qua:

1800 2076 2001 2133 fuerint
2047 2075 2210 2131 verba
2274 2075 2360 2129 illa
2414 2076 2610 2145 quibus
2656 2075 2918 2146 benignus
2970 2077 3229 2134 Dominus
3275 2078 3386 2134 Deo

1799 2166 1942 2222 Patri
1975 2177 2102 2223 tunc
2127 2169 2384 2239 hymnum
2417 2168 2806 2233 decantaverit,
2835 2184 2941 2223 non
2977 2168 3111 2224 satis
3137 2179 3380 2240 apparet.

1801 2261 1956 2316 Sicut
2001 2277 2101 2316 nec
2144 2261 2358 2330 quando
2403 2260 2662 2315 clamavit
2701 2262 2767 2316 de
2796 2277 2956 2316 cruce
2997 2263 3214 2326 iterum,
3251 2262 3387 2319 Voce

1799 2370 2028 2424 magna,
2068 2363 2116 2407 et
2159 2354 2328 2406 emisit
2381 2353 2623 2421 spiritum
2655 2351 2870 2423 (Matth.
2919 2368 3091 2419 xxvii,
3136 2354 3244 2424 I8).
3286 2354 3386 2411 libi

1800 2447 1931 2518 quid
1962 2447 2163 2501 dixerit
2203 2446 2548 2500 manifestum
2603 2461 2706 2500 non
2735 2456 2837 2502 est.
2883 2447 3018 2502 Nam
3065 2457 3120 2502 et
3170 2449 3388 2518 quando

1801 2535 2015 2604 accepit
2064 2550 2260 2604 panem
2292 2543 2348 2589 et
2377 2535 2585 2606 gratias
2614 2537 2746 2606 egit,
2790 2544 3046 2590 utrumne
3077 2539 3241 2591 corde
3273 2546 3388 2591 tan-

1803 2635 1914 2681 tum
1946 2627 2064 2682 sine
2093 2627 2294 2690 verbis,
2324 2643 2391 2680 an
2412 2642 2561 2692 voce,
2589 2642 2693 2682 non
2726 2627 3003 2682 evidenter
3027 2629 3221 2693 elucet,
3248 2629 3389 2683 sicut

1805 2733 1906 2773 nec
1931 2717 1999 2771 de
2029 2717 2237 2777 calice:
2281 2717 2492 2787 1103
2529 2718 2581 2772 in
2617 2719 2814 2787 quibus
2842 2727 2895 2774 et
2933 2719 2984 2774 in
3015 2718 3386 2787 hujuscemodi

1804 2808 2002 2872 causis,
2043 2808 2133 2862 vix
2179 2808 2285 2862 ulla
2338 2809 2590 2878 leguntur
2619 2811 2784 2866 verba
2815 2811 3135 2881 composita.
3180 2811 3284 2866 Sed
3313 2820 3389 2866 ta-

1804 2915 1928 2956 men
1960 2899 2209 2969 quamvis
2261 2916 2367 2954 non
2417 2900 2682 2972 legantur,
2733 2903 2857 2970 quia
2893 2902 3008 2973 ipsa
3059 2905 3389 2975 agendarum

1804 3007 1910 3045 non
1940 2998 2025 3045 est
2077 2991 2247 3046 series
2294 2990 2560 3062 explicata
2607 2993 2926 3063 gratiarum,
2972 2993 3102 3048 nulli
3143 2993 3388 3060 dubium,

1805 3081 1930 3150 quia
1953 3080 2156 3146 verbis,
2199 3081 2392 3162 saltem
2441 3093 2664 3153 propter
2702 3084 3030 3154 exemplum,
3089 3085 3264 3141 dictus
3313 3093 3395 3141 est

1807 3180 1937 3228 tunc
1968 3174 2201 3245 hymnus
2252 3175 2429 3229 laudis
2469 3174 2586 3239 Dei,
2623 3176 2767 3231 sicut
2793 3187 2849 3231 et
2891 3177 3188 3247 gratiarum
3231 3178 3394 3244 actio,

120 3277 371 3326 testamen
386 3271 425 3324 ti
457 3269 650 3341 pagina
689 3269 900 3334 indidit,
937 3268 1078 3324 sicut
1121 3268 1188 3323 de
1219 3267 1442 3339 singulis
1482 3267 1698 3322 edocuit
1723 3268 1767 3332 C
1799 3268 2046 3338 quamvis
2076 3284 2179 3323 non
2209 3268 2318 3323 sint
2345 3269 2712 3340 evangelistis,
2775 3270 2864 3324 ubi
2914 3270 2997 3326 vel
3050 3271 3161 3336 ubi,
3215 3270 3397 3340 hujus-

120 3377 226 3431 quae
259 3378 500 3420 servare
547 3363 808 3418 deberent
843 3377 858 3416 :
889 3363 964 3416 ita
1014 3370 1070 3418 et
1100 3362 1166 3416 de
1215 3361 1318 3416 hoc
1357 3369 1705 3416 sacramento

118 3453 312 3520 calicis,
339 3454 407 3509 id
437 3461 522 3509 est
547 3453 821 3523 passionis
856 3469 988 3518 suae,
1018 3453 1274 3518 instituit,
1323 3461 1380 3506 ut
1413 3452 1467 3506 in
1502 3465 1709 3506 memo-

115 3545 242 3600 riam
279 3548 482 3602 mortis
508 3547 626 3618 ejus
678 3548 794 3602 haec
836 3555 1096 3618 agerent;
1127 3562 1191 3602 ac
1221 3561 1320 3616 per
1376 3547 1482 3600 hoc
1529 3545 1708 3600 carnis

111 3633 224 3704 ejus
245 3646 417 3708 atque
439 3637 718 3710 sanguinis
737 3638 1026 3708 participes
1059 3636 1208 3698 facti,
1239 3651 1407 3690 unum
1427 3642 1711 3690 manerent

114 3745 327 3799 corpus.
361 3731 434 3786 Et
466 3732 595 3799 quia
645 3731 949 3785 mortalitas
979 3739 1164 3786 nostra
1209 3730 1450 3800 quotidie
1479 3728 1710 3799 prolabi-

125 3827 207 3873 tur
245 3822 298 3874 in
330 3830 570 3878 mortem
601 3821 811 3891 1102
836 3821 1063 3891 peccati,
1099 3820 1340 3890 quotidie
1366 3833 1586 3874 necesse
1629 3824 1718 3873 est

113 3920 392 3980 reparetur
455 3912 621 3966 homo
665 3911 717 3966 in
777 3911 944 3969 vitam
985 3910 1229 3979 justitiae.
1282 3909 1488 3977 Quibus
1532 3909 1710 3964 omni-

111 4000 206 4058 bus
234 4004 286 4058 in
340 4005 546 4060 eadem
574 4017 728 4058 caena
759 4002 864 4057 rite
891 4002 1149 4072 expletis,
1181 4017 1305 4056 mox
1335 4000 1670 4072 evangelista
1695 4015 1708 4054 :

175 4093 245 4147 Et
268 4096 476 4166 hymno
504 4094 664 4158 dicto,
691 4093 886 4164 inquit,
901 4093 1139 4147 exierunt
1167 4093 1222 4146 in
1243 4103 1469 4146 montem
1503 4091 1711 4147 Oliveti.

110 4181 218 4240 Hoc
247 4199 504 4257 namque
538 4186 783 4255 estquod
821 4185 873 4240 in
893 4183 1108 4240 Psalmo
1132 4183 1384 4254 legimus,
1419 4183 1716 4238 Manduca-

109 4289 282 4331 rerum
311 4290 364 4332 et
401 4279 765 4332 adoraveruut
794 4293 972 4330 omnes
996 4277 1213 4346 pingues
1235 4285 1390 4329 terra!
1414 4291 1433 4340 ;
1457 4275 1715 4345 quoniam

109 4380 263 4422 nemo
301 4370 477 4440 hujus
526 4368 684 4438 adipe
731 4366 988 4422 frumenti
1041 4367 1291 4432 satiatus,
1347 4382 1524 4436 neque
1559 4366 1718 4434 hujus

105 4459 398 4517 dulcedine
446 4460 732 4531 sanguinis
791 4458 992 4514 Christi
1035 4459 1261 4522 ebrius,
1295 4457 1410 4527 jam
1458 4457 1714 4526 repletus,

106 4561 278 4607 cessat
325 4568 360 4607 a
418 4552 587 4606 laude
617 4550 730 4605 Dei.
781 4549 887 4606 Sed
917 4549 1092 4620 qualis
1133 4549 1366 4621 hymnus
1398 4549 1498 4602 iste
1527 4547 1712 4613 fuerit,

1806 3359 1952 3414 modi
1983 3359 2146 3413 verba
2206 3368 2314 3413 tam
2369 3359 2658 3430 diligenter
2705 3375 2985 3429 expressa.
3037 3360 3255 3417 Scimus
3313 3371 3394 3416 ta-

1807 3466 1930 3505 men
1979 3450 2265 3504 Dominum
2305 3459 2550 3504 nostrum
2591 3449 2774 3505 Jesum
2815 3450 3114 3515 Christum,
3165 3460 3222 3506 et
3265 3459 3394 3506 ante

1807 3539 1949 3594 hanc
1970 3539 2254 3610 mysticam
2283 3550 2335 3594 et
2359 3540 2688 3611 singularem
2721 3557 2932 3597 cmnam
2974 3543 3027 3596 in
3076 3543 3238 3598 domo
3263 3542 3396 3598 Mat-

1810 3632 1935 3688 thmi
1963 3631 2302 3695 convivasse,
2333 3632 2585 3686 similiter
2625 3641 2681 3687 et
2730 3633 2782 3687 in
2837 3633 2997 3688 domo
3043 3633 3282 3688 Simonis
3322 3633 3398 3689 le-

1811 3723 1958 3794 prosi
1987 3722 2276 3792 benignius
2301 3723 2634 3788 recubuisse,
2662 3725 2754 3778 sed
2777 3733 2832 3779 et
2861 3724 2914 3778 in
2942 3725 3104 3780 domo
3131 3725 3314 3782 Mariae
3344 3733 3401 3782 et

1813 3815 2034 3870 Martha:
2058 3831 2181 3870 cum
2213 3815 2415 3871 eisdem
2468 3815 2751 3887 discipulis
2801 3831 3065 3872 caanasse.
3098 3818 3151 3873 In
3204 3819 3400 3888 quibus

1813 3911 2067 3966 nimirum
2099 3911 2380 3975 conviviis,
2427 3911 2550 3981 quis
2581 3912 2788 3966 nesciat
2836 3921 3121 3968 auctorem
3163 3913 3307 3978 vitm,
3349 3919 3405 3968 et

1815 4002 2134 4075 Magistrum
2162 4002 2357 4056 salutis
2398 4012 2621 4068 nostraa,
2656 4005 2970 4073 priusquam
3000 4005 3178 4060 cibum
3220 4021 3401 4062 sume-

1816 4104 1920 4160 ret,
1953 4111 2052 4166 pro
2075 4109 2140 4149 eo
2160 4095 2301 4164 quod
2332 4095 2495 4150 homo
2523 4103 2660 4157 erat,
2691 4094 2797 4150 Deo
2837 4095 2984 4150 Patri
3017 4097 3224 4167 gratias
3258 4103 3402 4152 retu-

1817 4186 1966 4250 lisse,
1992 4184 2187 4241 deinde
2234 4193 2358 4254 post
2399 4186 2579 4240 cibum
2607 4201 2674 4240 ex
2718 4201 2868 4241 more
2888 4185 3204 4242 decantasse
3247 4188 3403 4260 hym-

1819 4280 1993 4334 num?
2029 4278 2130 4346 Qui
2173 4278 2432 4333 nimirum
2479 4279 2715 4350 hymnus
2741 4278 2855 4346 jam
2908 4295 2973 4336 ex
3006 4281 3395 4337 consuetudine

1821 4370 2076 4426 omnibus
2118 4377 2278 4423 notus
2315 4378 2436 4424 erat
2481 4379 2536 4423 et
2584 4369 2925 4425 manifestus.
2974 4370 3179 4426 Idcirco
3205 4371 3271 4426 ad
3305 4370 3406 4426 alia

1820 4469 2117 4531 properant
2146 4460 2499 4532 evangelista,
2534 4461 2862 4530 superfluum
2895 4462 3048 4517 duxit
3069 4478 3192 4518 eum
3233 4464 3406 4534 scrip-

1823 4559 1893 4612 tis
1913 4553 2192 4612 retexere."
2208 4555 2453 4628 Hymnus
2474 4556 2692 4626 proprie
2719 4556 2838 4609 laus
2869 4555 2963 4610 Dei
3000 4564 3118 4621 est;
3145 4572 3245 4610 nec
3265 4556 3406 4610 enim

103 4649 424 4719 quibusque
461 4646 646 4702 verbis
675 4647 873 4712 editus,
928 4662 1035 4702 non
1085 4647 1218 4702 satis
1269 4656 1604 4701 monstratur
1650 4647 1718 4701 ab
1746 4627 1797 4687 D
1823 4657 1907 4703 est
1947 4649 2182 4718 hymnus
2219 4647 2325 4701 nisi
2378 4647 2432 4700 in
2463 4661 2568 4715 quo
2619 4647 2760 4700 Deus
2796 4646 3065 4713 laudatur,
3097 4657 3152 4703 et
3187 4661 3320 4702 voce
3355 4646 3406 4700 in

105 4737 208 4791 ullo
258 4739 765 4811 evangelistarum.
827 4738 965 4793 Hinc
1015 4748 1071 4793 et
1121 4738 1278 4792 multi
1330 4725 1566 4808 religiosi
1613 4737 1715 4791 viri

102 4845 381 4899 quaerunt,
419 4834 471 4890 si
505 4833 644 4887 forte
675 4841 835 4887 tantae
867 4832 1169 4887 dulcedinis
1199 4831 1336 4896 laus,
1374 4832 1567 4886 saltem
1622 4831 1718 4884 ob-

104 4938 262 4976 scure
295 4924 357 4978 in
393 4922 701 4993 Evangelio
734 4921 929 4976 alicubi
963 4923 1325 4990 conscriptus,
1360 4920 1442 4976 vel
1494 4921 1561 4974 ab
1609 4919 1718 4974 ullo

97 5015 501 5083 apostolorum
533 5013 767 5068 traditus
796 5013 1142 5078 inveniatur;
1172 5023 1321 5067 certe
1361 5019 1454 5064 aut
1494 5011 1562 5065 ab
1597 5025 1714 5065 om-

1821 4741 2038 4797 Iaudem
2070 4741 2165 4796 Dei
2208 4750 2478 4796 cantatur.
2532 4740 2598 4794 Et
2621 4736 2742 4794 ideo
2771 4742 3005 4811 hymnus
3031 4741 3130 4795 iste
3175 4740 3291 4804 fuit,
3315 4739 3406 4809 qui

1821 4835 2146 4889 cantabatur
2170 4835 2278 4888 Deo
2301 4833 2352 4887 in
2376 4832 2626 4886 omnibus
2654 4825 2940 4896 conviviis,
2976 4832 3029 4886 in
3057 4830 3252 4902 quibus
3275 4845 3409 4901 quo-

1824 4924 1954 4979 tidie
1983 4931 2277 4978 consuetus
2300 4932 2416 4977 erat
2443 4922 2554 4978 Deo
2577 4921 2723 4978 Patri
2742 4923 2947 4994 gratias
2966 4937 3146 4993 agere,
3171 4930 3226 4976 et
3256 4923 3408 4992 hym-

1824 5033 1952 5071 num
1979 5016 2183 5071 dicerc.
2211 5016 2276 5069 Et
2304 5015 2424 5070 ideo
2455 5015 2612 5080 forte,
2643 5017 2787 5086 quod
2818 5025 2926 5070 tam
2942 5015 3267 5072 creberrime
3281 5029 3409 5085 age-

99 5108 262 5164 nibus
290 5118 481 5164 tanta:
519 5107 802 5161 suavitatis
836 5113 1108 5176 tantaeque
1153 5104 1455 5160 dulcedinis
1482 5103 1719 5174 hymnus

96 5199 167 5253 sit
194 5197 640 5270 praetermissus
660 5196 876 5251 curiose
905 5195 1040 5251 satis
1068 5211 1132 5249 ac
1155 5194 1386 5249 sollicite
1407 5195 1546 5248 scire
1575 5193 1718 5247 desi-

97 5292 336 5356 derant,
373 5289 641 5346 nolentes
670 5289 1020 5359 acquiescere
1053 5287 1195 5356 quod
1223 5285 1568 5356 evangelistae
1603 5300 1720 5340 om-

93 5403 192 5442 nes
220 5389 337 5442 hoc
373 5382 862 5457 praetermiserim.
894 5381 1048 5438 Unde
1072 5381 1291 5452 quidam
1315 5379 1519 5446 volunt,
1559 5379 1720 5444 hanc,

95 5479 250 5533 illum
319 5492 470 5533 esse
517 5477 801 5546 hymnum,
841 5475 1142 5530 orationem
1200 5473 1506 5528 mirabilem
1560 5489 1721 5544 quam

86 5571 350 5628 Joannes
373 5576 809 5629 commemorat,
847 5567 1064 5637 quando
1091 5565 1303 5622 elevato
1335 5565 1483 5620 vultu
1519 5566 1587 5621 ad
1612 5581 1726 5622 cu:-

89 5662 207 5717 lum
240 5669 389 5716 orat
422 5656 500 5712 ad
521 5657 758 5722 Patrem,
785 5659 859 5713 ita
889 5657 1155 5726 incipiens
1183 5664 1304 5725 post
1337 5655 1505 5710 multa
1529 5671 1649 5726 quae
1669 5657 1723 5711 in

85 5772 255 5812 cena
291 5755 539 5810 locutus
568 5761 651 5808 est
690 5751 986 5823 discipulis.
1032 5749 1100 5804 Et
1134 5749 1413 5804 sublevati;
1453 5749 1506 5802 in
1542 5749 1723 5804 (mlum

86 5850 312 5914 oculis,
375 5845 601 5914 inquit:
631 5845 810 5912 Pater,
855 5845 990 5902 venit
1041 5845 1192 5911 hora,
1242 5841 1479 5910 clari/ica
1527 5841 1723 5899 Filium

1826 5107 1985 5162 batur
2020 5107 2262 5162 scribere
2286 5107 2612 5177 postposuit,
2639 5117 2697 5162 ut
2727 5107 2860 5172 dixi,
2883 5105 3245 5177 evangelista;
3277 5121 3409 5173 quo-

1827 5200 1972 5254 niam
2002 5199 2058 5253 in
2085 5199 2326 5254 omnium
2357 5215 2544 5255 eorum
2576 5215 2671 5256 ore
2701 5215 2914 5270 semper
2931 5207 3064 5254 erat.
3095 5198 3213 5266 Quo
3245 5197 3408 5261 dicto,

1831 5287 2090 5342 Exierunt
2128 5289 2183 5342 in
2206 5299 2435 5344 montem
2462 5288 2672 5344 Olireti.
2706 5289 2918 5345 Detalto
2938 5290 3082 5345 enim
3120 5289 3187 5344 ad
3217 5287 3411 5343 altiora

1829 5382 2224 5446 conscendunt,
2255 5383 2383 5453 quia
2414 5383 2482 5438 de
2507 5383 2710 5438 virtute
2735 5383 2802 5437 ad
2829 5384 3057 5437 virtutes
3077 5398 3171 5437 eos
3199 5394 3412 5452 semper

1833 5474 2138 5530 transducit
2163 5473 2585 5544 benignissimus
2614 5473 2894 5529 Dominus.
2936 5470 3039 5528 Sed
3088 5472 3244 5544 longe
3285 5479 3412 5527 ante

1831 5583 1940 5623 non
1957 5568 2079 5624 dico
2101 5583 2262 5638 quam
2282 5568 2537 5638 hymnus,
2559 5582 2744 5622 verum
2759 5567 2924 5622 etiam
2948 5582 3110 5638 quam
3133 5565 3412 5637 praemissa

1830 5661 2030 5725 oratio,
2061 5658 2147 5715 vel
2199 5661 2498 5730 gratiarum
2533 5658 2674 5712 actio
2695 5655 3010 5713 funderetur
3061 5658 3127 5713 ad
3170 5657 3410 5720 Patrem,

1833 5752 2000 5807 miser
2017 5751 2186 5807 .Iudas
2219 5763 2504 5821 possessus
2531 5765 2562 5805 a
2589 5751 2851 5816 daemone,
2883 5750 3050 5806 exivit
3077 5765 3106 5804 a
3136 5747 3412 5805 consortio

1832 5841 2198 5923 apostolorum
2230 5841 2472 5917 omnium
2494 5840 2703 5897 alienus
2733 5849 3019 5910 antequam
3056 5840 3121 5897 de
3149 5837 3410 5910 sanguine
