4016 6354
621 368 726 430 899

1447 370 1507 429 8.
1550 368 1905 429 PASCHASII
1941 362 2286 429 RADBERTI
2318 371 2609 430 ABBATIS
2646 372 3094 434 COBBEIENSIS

3769 378 3862 437 $00

620 487 821 549 Christi
862 491 1310 557 communicaret,
1353 499 1413 546 ut
1458 491 1755 564 gratiarum
1803 490 1968 554 actio,
1998 498 2054 545 et
2079 489 2198 544 laus
2226 490 2274 550 Α
2302 489 2525 560 regione
2561 492 2769 547 umbra
2817 495 3012 549 mortis
3036 493 3349 550 scandalum
3410 491 3622 565 1105
3650 498 3863 566 perpessi

618 597 718 654 pro
737 584 867 653 ipsis
890 593 1035 641 esset
1071 584 1204 639 etin
1238 584 1372 656 ipsis
1393 586 1533 639 dicta
1558 586 1788 656 quicum
1813 584 2041 639 Domino
2086 598 2212 653 per-

620 675 862 731 mansuri
905 676 1193 746 erantjam
1226 676 1282 732 in
1311 677 1422 732 vita
1453 676 1638 743 beati;
1670 676 1827 747 quasi
1864 676 1919 731 hi
1951 675 2051 732 soli
2081 674 2211 730 hea-

619 766 663 823 ti
687 767 984 843 creduntur
1008 769 1103 838 qui
1158 784 1285 825 cum
1334 784 1402 826 eo
1430 769 1705 825 ascensuri
1734 777 1862 824 sunt
1893 768 1947 823 in
1971 777 2209 823 montem

618 856 835 925 Oliveti,
855 860 944 916 ubi
984 860 1229 916 laborum
1260 870 1347 917 est
1359 862 1611 928 refectio,
1635 862 1840 917 doloris
1859 869 1945 918 est
1972 860 2208 932 requies,

619 959 677 1010 et
697 952 814 1007 veri
836 952 1057 1009 luminis
1087 953 1302 1009 notitia.
1752 1006 1784 1034 ⁸

705 1040 849 1099 Tunc
873 1043 998 1097 αἰσιε
1020 1041 1128 1098 illis
1154 1041 1314 1098 Iesus
1336 1057 1354 1095 :
1380 1042 1573 1098 Omnes
1596 1059 1683 1097 vos
1710 1040 2019 1098 scandalum
2045 1041 2208 1112 patie-

620 1134 750 1189 mini
794 1135 847 1189 in
883 1151 964 1188 ine
1004 1136 1059 1189 in
1098 1135 1203 1189 ista
1252 1147 1420 1189 nocte.
1450 1132 1788 1190 Praevidebat
1818 1141 1997 1187 autem
2027 1130 2208 1201 omnia

622 1234 685 1281 ut
707 1225 872 1292 Dens,
903 1234 958 1280 et
988 1226 1233 1296 przedicit
1258 1226 1401 1295 quod
1428 1225 1645 1295 passuri
1674 1232 1831 1281 erant
1858 1224 1911 1303 in
1938 1223 2207 1293 proximo,

623 1315 765 1370 sicut
807 1315 1066 1384 providus
1110 1314 1382 1385 Magister,
1422 1324 1482 1369 ut
1529 1330 1653 1369 cum
1711 1313 1856 1385 passi
1906 1312 2108 1367 fuerint
2141 1327 2210 1366 ne

621 1407 911 1478 desperent
940 1407 1194 1474 salutem,
1225 1407 1321 1463 sed
1357 1406 1582 1463 redeant
1605 1422 1702 1477 per
1735 1404 2127 1476 paenitentiam,
2150 1410 2210 1457 ut

525 1522 537 1530 -
623 1502 925 1558 liberentur
969 1517 1001 1555 a
1029 1500 1286 1557 seandalo
1340 1499 1692 1565 inﬁdelitatis,
1744 1496 1958 1569 11M
1988 1504 2045 1550 et
2088 1495 2208 1550 ideo

623 1610 751 1651 mox
792 1595 1001 1651 addidit
1030 1593 1398 1651 testimonium
1445 1591 1775 1663 prophetiae;
1820 1588 1961 1659 quod
1991 1588 2208 1643 evenire

622 1699 731 1741 non
776 1693 1011 1755 poterat,
1054 1697 1122 1738 ne
1166 1682 1360 1737 ﬁerent
1387 1691 1442 1738 et
1465 1680 1871 1752 complerentur
1910 1680 2112 1742 omnia,
2150 1686 2210 1733 ut

623 1777 884 1849 praedicta
926 1785 1104 1832 erant.
1151 1775 1382 1842 Quibus,
1422 1782 1482 1830 ut
1527 1772 1962 1837 consolarentur,
2016 1770 2209 1826 saltent

620 1879 745 1941 post
781 1869 964 1942 fugant
1013 1878 1070 1924 et
1104 1867 1417 1924 scandalum
1450 1866 1586 1921 tanti
1616 1865 1854 1936 pavoris,
1900 1871 1955 1919 ct
1997 1863 2207 1934 disper-
2237 1851 2293 1919 Β,

620 1961 826 2021 sionem
860 1960 1041 2015 nimim
1069 1959 1461 2030 trepidationis,
1485 1958 1744 2014 continuo
1769 1955 2001 2025 subjecit
2034 1972 2048 2010 :
2080 1954 2214 2013 Cum

624 2062 805 2108 autem
828 2067 1129 2117 surrexero,
1156 2051 1449 2121 prrrcedam
1476 2067 1567 2104 vos
1597 2051 1653 2103 in
1680 2047 1980 2104 Galilwam.
2006 2048 2065 2105 Si
2091 2048 2215 2117 quis

621 2152 803 2198 autem
832 2151 1047 2213 quaret
1071 2151 1191 2213 post
1223 2151 1370 2199 tanta
1397 2149 1453 2197 et
1485 2141 1611 2197 talia
1639 2142 1897 2195 virtutum
1941 2140 2115 2210 signa,
2159 2144 2216 2195 et

620 2237 870 2308 prodigia
892 2236 1302 2299 miraculorum,
1339 2242 1461 2305 post
1487 2242 1567 2289 tot
1587 2234 1933 2298 documenta,
1964 2243 2019 2287 et
2057 2231 2213 2287 innu-

622 2342 775 2385 mera
806 2325 1211 2399 pranlicationis
1239 2324 1444 2382 Christi
1479 2332 1851 2389 sacramenta,
1890 2322 2216 2391 deitatisqne

622 2434 787 2489 opera
835 2425 889 2473 et
936 2415 1210 2487 exempla,
1257 2414 1530 2485 quomodo
1583 2412 1830 2483 discipuli
1885 2420 1994 2467 tant
2035 2411 2215 2467 subito

622 2509 1061 2569 scandalizantur
1112 2508 1230 2564 sine
1253 2506 1359 2561 ulla
1388 2505 1586 2561 mentis
1624 2503 1955 2568 constantia,
1979 2503 2099 2558 sine
2128 2501 2213 2557 ul-

622 2604 727 2661 lius
773 2603 958 2673 vigore
1011 2601 1393 2658 fortitudinis?
1444 2598 1598 2656 Sciat
1636 2600 1787 2669 quia,
1837 2597 2009 2654 Nemo
2048 2605 2214 2668 potest

620 2694 798 2750 dicere
824 2693 1112 2748 Dominum
1147 2692 1356 2757 Iesum,
1388 2692 1491 2746 nisi
1529 2692 1585 2746 in
1632 2691 1836 2763 Spiritu
1884 2701 2067 2746 sancto
2098 2689 2216 2745 :sic

622 2800 785 2842 nemo
806 2792 986 2855 potest
1013 2784 1135 2839 sine
1158 2781 1416 2840 seandalo
1446 2791 1593 2837 tanta
1629 2791 1684 2836 et
1719 2780 2024 2851 hujusmodi
2057 2779 2220 2835 susti-

624 2893 779 2942 nere,
812 2877 915 2932 nisi
948 2875 1186 2945 Spiritus
1215 2874 1387 2930 sancti
1413 2874 1610 2946 gratia.
1641 2872 1883 2929 Necdum
1917 2872 2062 2928 enim
2097 2880 2217 2927 erat

628 2970 864 3041 Spiritus
892 2979 1111 3024 sanctus
1133 2969 1315 3033 datus,
1342 2967 1469 3039 quia
1507 2966 1666 3023 Iesus
1691 2968 1920 3023 necdum
1953 2976 2076 3022 erat
2102 2966 2217 3038 glo-

624 3064 891 3123 riiicatus.
915 3063 982 3118 Et
1008 3062 1130 3118 ideo
1170 3063 1431 3133 providus
1477 3063 1819 3133 dispensator
1841 3063 2112 3129 Chrisuts,
2138 3065 2217 3119 sic

627 3154 880 3210 universa
901 3153 1159 3222 disponit,
1188 3160 1248 3208 ut
1284 3152 1400 3223 ipse
1428 3167 1566 3208 unus
1616 3169 1714 3223 pro
1766 3154 2020 3210 omnibus
2051 3170 2217 3225 appa-

628 3254 748 3303 reat
774 3260 986 3316 passus,
1025 3254 1081 3301 et
1110 3259 1270 3301 nemo
1291 3222 1359 3301 de
1390 3258 1451 3300 se
1486 3222 1814 3314 przesumat;
1856 3244 1985 3313 quia
2015 3222 2217 3299 solttnt-
2243 3222 2290 3285 ο

627 3336 809 3403 modo,
837 3336 930 3406 qui
966 3333 1173 3406 Spiritu
1204 3334 1301 3389 Dei
1351 3341 1602 3405 aguntur,
1640 3335 1692 3389 hi
1733 3343 1860 3389 sunt
1888 3343 2096 3389 tantum
2123 3335 2219 3391 Dei

627 3428 745 3494 lilii,
769 3440 824 3483 et
849 3434 1171 3498 permanent
1196 3427 1250 3481 in
1285 3425 1411 3481 ﬁde.
1455 3427 1523 3481 Et
1559 3426 1860 3481 notandum
1889 3427 2033 3498 quod
2069 3428 2220 3482 addi-

627 3520 708 3575 dit
735 3519 985 3575 Salvator
1014 3556 1031 3584 ,
1066 3516 1133 3571 1n
1174 3518 1277 3573 ista
1310 3526 1482 3582 nocte,
1524 3524 1585 3572 ut
1631 3518 1823 3581 scires,
1871 3518 2012 3572 sicut
2056 3533 2219 3589 quam

625 3628 769 3683 sepe
790 3611 900 3669 dixi
929 3611 984 3667 in
1028 3610 1134 3675 his,
1163 3608 1308 3679 quod
1343 3608 1480 3664 nihil
1526 3619 1692 3664 vacat
1720 3624 1751 3663 a
1801 3611 2077 3681 mysterio,
2113 3625 2219 3664 non

624 3711 864 3775 tempus,
894 3718 1003 3759 non
1029 3701 1204 3766 locus,
1240 3715 1349 3756 non
1377 3701 1535 3767 ordo,
1563 3716 1668 3755 non
1701 3702 1809 3755 ulla
1842 3703 2017 3757 sancti
2042 3701 2222 3756 Evan-

623 3794 750 3866 gelii
780 3794 1042 3851 narratio.
1056 3792 1191 3860 Quia
1220 3792 1362 3848 sicut
1385 3792 1480 3863 qni
1504 3792 1869 3859 inebriantur,
1903 3803 2043 3849 teste
2074 3792 2222 3850 Scri-

627 3897 814 3957 ptura,
866 3893 1024 3940 nocte
1066 3884 1408 3940 inebriantur
1442 3899 1460 3939 ε
1489 3883 1563 3939 ita
1606 3893 1662 3940 et
1699 3885 1791 3955 qui
1843 3885 2094 3941 scandala
2122 3900 2219 3955 pa—

631 3977 863 4042 tiuntur,
889 3985 1047 4032 nocte
1076 3973 1540 4041 scandalizantur,
1580 3975 1674 4046 qui
1723 3975 1779 4030 in
1818 3975 2058 4031 tenebris
2096 3982 2224 4031 sunt

630 4080 687 4128 et
712 4071 1017 4142 ignorantia
1049 4070 1247 4128 noctis.
1274 4070 1347 4125 At
1367 4083 1500 4125 vero
1528 4069 1623 4139 qui
1663 4069 1771 4125 diei
1799 4080 1928 4125 sunt
1970 4079 2026 4126 et
2069 4069 2225 4125 lumi-

632 4165 740 4231 nis,
768 4180 875 4219 non
905 4162 1205 4230 oﬂ'endunt,
1234 4179 1300 4220 eo
1329 4164 1475 4233 quod
1505 4179 1614 4218 nox
1641 4162 1748 4218 illis
1774 4164 2073 4234 praecessit,
2105 4164 2223 4219 dies

634 4264 814 4311 autem
833 4254 1307 4325 appropinquavit.
1348 4253 1501 4310 Unde
1537 4253 1792 4309 Salvator
1819 4256 1934 4309 ait:
1960 4254 2066 4321 Qui
2103 4273 2222 4310 am-

632 4345 777 4400 bulat
799 4347 853 4401 in
891 4347 994 4404 die.
1028 4362 1132 4401 non
1179 4339 1615 4415 ofl‘endit.'Quod
1646 4354 1823 4401 autem
1850 4347 2114 4415 scriptum
2142 4347 2224 4402 di-

632 4438 705 4492 cit
730 4452 875 4503 esse,
903 4435 1206 4492 Percutiam
1242 4446 1505 4507 pastorem
1536 4436 1718 4509 (Joan.
1768 4452 1847 4503 χι,
1892 4436 1971 4509 9),
2020 4446 2074 4492 et
2113 4452 2222 4493 non

634 4531 767 4587 dicit
787 4530 901 4596 ubi,
931 4530 1146 4585 videtur
1168 4545 1389 4586 sensum
1419 4532 1697 4603 accepisse
1726 4531 1792 4586 de
1813 4530 2075 4586 Zacharia
2097 4546 2223 4601 pro-

632 4622 820 4693 pheta,
845 4629 900 4676 et
928 4636 1036 4677 non
1083 4622 1470 4692 proprietatem
1514 4623 1807 4689 dictorum,
1856 4624 1984 4693 quia
2035 4624 2110 4679 ibi
2153 4638 2221 4678 ex

630 4728 865 4784 persona
888 4715 1165 4785 propheta:
1206 4716 1273 4772 ad
1322 4715 1495 4772 Deum
1530 4718 1747 4783 dicitur,
1778 4725 1999 4788 percute
2042 4726 2225 4789 pasto-

632 4819 782 4870 rem,
816 4805 906 4861 hic
953 4814 1137 4860 autem
1164 4806 1336 4876 ipsius
1362 4805 1459 4862 Dei
1510 4806 1689 4863 Patris
1720 4823 1950 4879 persona
1988 4809 2228 4865 introdu-

632 4899 784 4978 citur
812 4899 1054 4956 dixisse:
1096 4899 1396 4956 Percutiam
1429 4912 1714 4971 pastorem,
1750 4903 1816 4958 de
1839 4919 1949 4973 quo
1978 4904 2032 4958 in
2077 4903 2227 4959 Psal-

641 5007 731 5047 mo
758 4993 1000 5048 dicitur:
1049 4993 1311 5060 Quoniam
1353 5012 1505 5066 quem
1545 5007 1599 5050 tu
1638 4998 1936 5065 percussisti
1972 4996 2226 5068 persecuti

637 5096 758 5139 sunt
789 5082 963 5157 (Psal.
1005 5101 1195 5153 vant,
1238 5087 1355 5160 27).
1409 5088 1521 5143 Nec
1559 5089 1721 5159 igitur
1769 5091 1967 5144 mirum
2005 5090 2052 5145 si
2081 5089 2227 5144 dicat

643 5173 788 5239 Dens
819 5174 980 5231 Pater
1026 5186 1310 5246 percutere
1357 5194 1414 5234 se
1462 5189 1757 5250 pastorem,
1805 5181 1859 5234 id
1901 5190 1986 5235 est
2030 5179 2226 5234 Filium

633 5282 801 5327 suum
855 5269 910 5325 in
942 5278 1195 5339 mortem,
1242 5271 1334 5342 qui
1384 5276 1483 5342 pro
1529 5273 1686 5329 nobis
1721 5272 1973 5327 omnibus
2011 5272 2231 5327 tradidit

632 5378 769 5421 eum
819 5363 874 5418 in
914 5364 1247 5434 passionem.
1296 5365 1482 5436 Neque
1520 5366 1716 5420 mirum
1766 5366 1812 5419 si
1854 5366 2233 5434 disperguntur

641 5469 773 5511 oves
829 5457 1009 5527 gregis
1073 5472 1172 5526 pro
1224 5473 1322 5514 sua
1377 5458 1693 5512 inﬁrmitate
1732 5458 2018 5512 admodum
2086 5456 2230 5525 passi

640 5548 956 5605 scandalum
980 5550 1216 5618 timoris,
1232 5560 1291 5606 ut
1314 5552 1531 5608 demum
1562 5557 1961 5621 congregentur
1982 5550 2036 5603 in
2064 5565 2230 5603 unum

636 5650 964 5711 resurgente
999 5641 1240 5711 Christo,
1280 5652 1336 5700 ει
1371 5653 1669 5716 sequantur
1709 5658 1833 5698 eum
1875 5643 1928 5697 itt
1956 5641 2229 5698 Galilaeam

638 5732 911 5803 gentium,
942 5734 1057 5801 ubi,
1079 5737 1206 5807 quia
1238 5738 1290 5792 in
1319 5736 1558 5793 tenebris
1579 5736 1833 5808 fugerunt
1859 5749 2051 5791 omnes
2075 5735 2229 5806 juxta

641 5820 991 5896 Prophetam,
1045 5829 1224 5887 videat
1296 5831 1473 5886 lumen
1538 5845 1815 5903 magnum.
1875 5830 1941 5885 Et
1995 5828 2123 5902 quia
2176 5830 2230 5885 in

2312 591 2439 637 sunt
2489 582 2817 653 formidinis,
2866 585 2960 642 lux
3007 587 3090 643 eis
3140 588 3349 643 oriatur
3372 586 3441 642 de
3487 595 3664 641 morte
3689 585 3864 643 Christi

2311 677 2365 733 in
2400 678 2899 749 transmigratione.

2383 767 2720 838 Respondeas
2754 780 2930 826 autem
2962 769 3174 838 Petrus,
3205 772 3339 826 dixit
3376 773 3464 826 ei:
3513 770 3583 825 Et
3621 772 3668 826 si
3711 786 3864 826 mes

2310 860 2658 917 scandalisati
2685 861 2880 930 fuerint
2904 864 2959 917 in
2975 872 3044 928 te,
3061 879 3155 933 ego
3177 879 3444 933 nunquam
3470 862 3862 926 srandalizabor,

2310 949 2426 1007 Hoc
2449 953 2647 1022 quippe
2679 952 2746 1008 de
2774 953 2968 1009 ardore
2994 954 3117 1008 ﬁdei
3144 954 3335 1026 magis,
3364 969 3526 1024 quam
3572 968 3641 1007 ex
3670 963 3781 1008 tem.
3800 953 3863 1009 ri-

2311 1055 2421 1102 tate
2444 1048 2529 1101 vel
2559 1048 2859 1111 mendacio,
2901 1059 3164 1119 quantum
3195 1050 3246 1104 in
3287 1065 3382 1105 sua
3412 1049 3515 1103 fuit
3538 1049 3863 1114 conscientia,

2310 1141 2532 1196 omnino
2560 1140 2708 1195 dicit.
2741 1139 2896 1196 Facit
2925 1143 3067 1196 enim
3097 1142 3199 1197 hoc
3226 1143 3373 1198 circa
3402 1143 3574 1197 Deum
3608 1141 3867 1209 impatiens

2310 1231 2558 1296 allectus,
2589 1241 2644 1286 et
2693 1247 2802 1287 non
2853 1231 3044 1288 levitas
3072 1234 3290 1288 mentis.
3349 1231 3417 1285 Et
3447 1230 3517 1285 ait
3562 1231 3643 1285 illi
3695 1231 3865 1285 Iesus:

2309 1324 2474 1379 Arnen
2503 1323 2620 1377 dico
2651 1323 2762 1387 tibi,
2795 1324 2918 1394 quia
2949 1323 3003 1377 in
3050 1325 3150 1377 Itac
3186 1333 3354 1387 nocte,
3400 1333 3676 1392 antequam
3721 1320 3867 1391 gallus

2311 1423 2501 1479 cantet,
2527 1423 2605 1465 ter
2629 1429 2709 1465 me
2740 1413 2967 1484 negabis.
3007 1412 3267 1468 Dominus
3296 1414 3514 1482 quidem
3544 1412 3788 1480 loquitur,
3820 1420 3866 1464 ut

2312 1504 2476 1570 Deus,
2503 1504 2595 1574 qui
2625 1504 2772 1558 novit
2800 1505 2981 1558 omnia
3024 1513 3315 1574 antequam
3356 1502 3521 1568 ﬁant;
3564 1502 3750 1556 Petrus
3790 1518 3868 1556 an-

2312 1606 2419 1652 tem
2442 1605 2500 1650 ut
2519 1596 2700 1661 homo,
2722 1596 2845 1665 quia
2868 1597 3034 1651 omnis
3059 1597 3212 1651 homo
3239 1596 3467 1649 mendas:
3487 1594 3660 1663 (Psal.
3690 1594 3865 1663 cmi).

2311 1686 2376 1741 Et
2408 1687 2528 1741 ideo
2554 1686 2666 1740 ait:
2701 1680 2759 1740 Si
2794 1704 2876 1741 me
2908 1688 3196 1755 oportuerit
3219 1686 3353 1739 mori
3377 1695 3572 1750 tecum,
3596 1700 3699 1738 non
3718 1694 3762 1737 te
3794 1700 3867 1737 nc-

2311 1779 2465 1848 gabo,
2493 1776 2735 1832 similiter
2755 1787 2803 1832 et
2827 1794 3001 1832 omnes
3023 1778 3269 1847 discipuli
3289 1778 3556 1832 dixerunt.
3583 1775 3694 1830 Nec
3714 1785 3866 1829 tamen

2316 1870 2439 1927 ideo
2489 1880 2651 1942 negat
2712 1870 2929 1934 Petrus,
2981 1870 3107 1940 quia
3152 1870 3416 1925 Dominus
3462 1867 3593 1922 illud
3634 1865 3869 1936 ιιηόὶςίι,

2315 1964 2410 2019 sed
2443 1963 2565 2018 ideo
2600 1964 2815 2017 Veritas
2838 1962 2913 2016 all
2950 1964 3093 2033 quod
3124 1962 3362 2017 futurum
3392 1970 3536 2026 erat,
3574 1960 3699 2029 quia
3738 1957 3869 2012 Veri-

2314 2065 2399 2111 tas
2418 2063 2503 2111 cst
2525 2064 2581 2110 et
2612 2054 2720 2109 falli
2749 2070 2854 2109 non
2886 2065 3082 2125 potest.
3109 2054 3264 2110 Sicut
3290 2068 3390 2109 nec
3418 2053 3540 2108 ideo
3564 2052 3729 2105 omnis
3744 2052 3870 2103 homo

2315 2146 2561 2211 mendax,
2612 2146 2737 2216 quia
2788 2143 3057 2217 Propheta
3098 2145 3201 2200 hoc
3243 2146 3338 2207 ait,
3391 2152 3445 2199 et
3500 2157 3611 2197 non
3662 2139 3872 2209 przecipit

2313 2255 2530 2296 omnem
2562 2240 2841 2295 hominem
2873 2255 2996 2296 esse
3044 2240 3380 2299 mendacem.
3437 2237 3534 2292 sed
3586 2236 3869 2306 pronuntiat

2316 2334 2459 2403 quod
2474 2336 2673 2389 'verum
2696 2342 2802 2398 est,
2841 2342 2896 2388 et
2925 2334 3057 2389 dicit
3082 2331 3477 2395 universaliter,
3528 2329 3714 2384 Omnis
3746 2330 3871 2381 homo

2314 2426 2562 2479 mendax.
2606 2425 2707 2480 Ubi
2756 2427 3091 2481 demonstrat
3142 2425 3416 2479 Christttm
3465 2421 3752 2493 plusquam
3788 2418 3871 2471 ho-

2316 2516 2518 2570 minem
2543 2531 2687 2580 esse,
2709 2525 2765 2570 ttt
2797 2516 2911 2587 ipse
2940 2515 3108 2580 solus,
3138 2515 3263 2585 quia
3296 2515 3437 2568 Deus
3461 2521 3568 2578 est,
3607 2513 3679 2566 sit
3710 2524 3867 2563 verax.

2319 2605 2424 2662 Sed
2465 2606 2657 2661 Petrus
2685 2607 2854 2661 nimio
2878 2606 3087 2661 fcrvorc
3109 2606 3253 2670 ﬁdei,
3286 2612 3340 2659 et
3364 2618 3554 2658 amore
3583 2614 3868 2663 succensus,

2319 2714 2424 2755 non
2454 2698 2584 2754 satis
2612 2699 2939 2763 considerat,
2971 2698 3097 2767 quia
3123 2698 3216 2769 qui
3251 2698 3384 2751 dixit
3410 2715 3422 2750 :
3455 2694 3573 2766 Ego
3600 2710 3711 2750 sunt
3750 2694 3865 2748 νει-ἰν

2319 2804 2399 2847 tas
2426 2793 2611 2863 (Joan.
2630 2808 2745 2857 xw,
2765 2791 2840 2865 6),
2867 2792 3085 2847 mentiri
3115 2807 3220 2845 non
3250 2797 3447 2859 potest.
3489 2789 3713 2857 Propter
3729 2786 3869 2856 quod,

2318 2893 2379 2939 ut
2404 2885 2633 2948 aestimo,
2666 2884 2793 2954 quia
2822 2883 3015 2953 reliqui
3041 2882 3294 2953 discipuli
3328 2896 3435 2936 non
3461 2888 3672 2935 tantum
3704 2886 3870 2934 contra

2318 2977 2603 3031 veritatem
2636 2977 2714 3031 ire
2738 2985 3089 3046 praesumunt,
3135 2974 3486 3031 scandalizati
3537 2984 3664 3027 sunt
3691 2981 3871 3025 tantum

2319 3067 2374 3121 in
2404 3067 2585 3122 losum
2611 3084 2625 3120 :
2659 3067 2851 3122 Petrus
2880 3076 3059 3122 autem
3101 3067 3227 3137 quia
3272 3058 3462 3137 parum
3494 3064 3655 3119 duxit
3681 3065 3723 3119 si
3751 3077 3876 3117 meu-

2322 3159 2515 3214 tiretur
2545 3158 2817 3226 Christus,
2861 3159 3133 3228 cogitabat
3156 3157 3294 3212 forte
3314 3172 3435 3212 eum
3466 3156 3641 3227 magis
3679 3151 3870 3209 mentiri

2322 3264 2504 3319 posse,
2531 3264 2692 3318 quam
2720 3250 2821 3303 sibi
2850 3249 3008 3303 aliter
3049 3247 3287 3313 evenire,
3321 3262 3483 3316 quam
3523 3246 3629 3300 hoc
3659 3244 3796 3314 quod
3834 3241 3874 3295 in

2296 3340 2301 3345 ’
2323 3342 2486 3395 corde
2507 3340 2747 3410 gerebat.
2790 3338 3014 3403 ideirco,
3041 3338 3164 3408 quia
3194 3338 3405 3392 incaute
3428 3336 3494 3391 de
3525 3351 3585 3391 se
3611 3331 3874 3405 praesumit,

2324 3441 2379 3487 et
2404 3432 2617 3486 cmteris
2666 3432 2719 3484 in
2761 3430 2867 3484 ﬁde
2905 3445 2963 3485 se
3002 3428 3303 3498 anteponit,
3350 3443 3453 3483 nec
3496 3426 3726 3481 intendit
3771 3421 3874 3478 satis

2323 3522 2466 3591 quod
2500 3521 2712 3575 Veritas
2748 3529 2831 3576 est
2859 3520 2954 3589 qui
2993 3520 3042 3574 ei
3085 3520 3187 3575 ista
3218 3519 3367 3582 dicit,
3402 3533 3513 3573 non
3542 3516 3713 3572 solum
3742 3528 3873 3569 scan-

2324 3612 2589 3668 dalizatus
2617 3621 2721 3676 est,
2751 3618 2809 3665 ut
2830 3611 3036 3676 caeteri,
3062 3624 3250 3665 verum
3273 3610 3438 3663 etiatn
3474 3606 3763 3662 derelictus
3780 3615 3876 3673 pro-

2324 3715 2445 3777 pter
2478 3704 2799 3760 temeritatis
2828 3703 3132 3769 audaciam,
3163 3711 3222 3757 ut
3245 3712 3329 3757 ter
3352 3712 3579 3773 negaret
3598 3700 3873 3755 Dominum.

2324 3798 2394 3854 Et
2419 3798 2465 3851 si
2505 3796 2792 3867 diligenter
2836 3795 3181 3865 perspexeris
3212 3794 3456 3852 omnium
3491 3800 3729 3864 quatuor
3747 3804 3876 3845 evan-

2325 3889 2638 3960 gelistamm
2665 3888 2732 3945 de
2763 3890 2862 3943 hac
2890 3903 2949 3944 re
2978 3889 3293 3953 sententias,
3337 3887 3478 3942 forte
3529 3886 3768 3941 invenies
3799 3890 3879 3934 ten

2324 3982 2401 4035 tio
2445 3988 2746 4049 permotum
2796 3978 3017 4033 Petrum
3050 3994 3117 4034 es
3168 3979 3378 4034 Domini
3426 3977 3632 4042 verbis,
3675 3985 3736 4030 ut
3767 3974 3875 4027 hanc

2324 4068 2593 4143 proferret
2635 4085 2757 4125 cum
2801 4069 3048 4135 Domino,
3095 4069 3179 4124 vel
3223 4084 3321 4140 pro
3370 4068 3603 4123 Domino
3652 4060 3875 4123 utorieadi

2325 4163 2826 4235 prmsumptionem.
2846 4162 2979 4217 Nam
3004 4161 3288 4217 Mattltazus
3309 4170 3363 4216 et
3387 4160 3602 4216 Marcus
3623 4175 3732 4214 uno
3761 4168 3880 4210 leno.

2326 4269 2388 4311 re
2414 4256 2481 4310 de
2507 4256 2610 4310 hoc
2639 4255 2855 4320 dicunt;
2887 4252 3063 4308 Lucas
3089 4268 3220 4308 vero
3243 4261 3300 4306 et.
3340 4252 3583 4306 Joannes
3604 4246 3818 4305 diversis
3839 4245 3879 4295 in

2326 4347 2461 4403 locis
2500 4348 2674 4418 magis
2708 4356 2905 4418 cogunt
2948 4346 3171 4418 intelligi
3207 4345 3425 4410 debere,
3474 4355 3562 4399 ter
3606 4358 3730 4398 cum
3768 4342 3878 4393 hanc

2327 4439 2800 4511 prmsumptioncnt
2846 4438 3150 4507 protulisse,
3184 4448 3240 4493 et
3269 4448 3352 4492 ter
3376 4454 3406 4491 a
3452 4436 3686 4491 Domino
3727 4434 3793 4488 illi
3817 4444 3882 4483 re-

2327 4546 2586 4602 sponsum
2625 4546 2765 4596 esse,
2803 4531 2948 4601 quod
2996 4546 3143 4597 eum,
3192 4540 3481 4599 antequam
3517 4528 3694 4600 gallus
3736 4534 3885 4580 tanta.

2328 4635 2446 4690 τοι,
2501 4632 2648 4678 esset
2696 4634 2779 4680 ter
2829 4633 3141 4696 negaturus.
3184 4623 3370 4694 Neque
3415 4625 3559 4678 enim
3604 4614 3887 4678 incredi’ile

2332 4717 2493 4773 debet
2517 4718 2711 4784 videri,
2746 4718 3015 4774 distinctis
3046 4719 3365 4790 quantisper
3403 4728 3712 4790 temporum
3754 4717 3886 4769 inter-

2300 4864 2303 4867 .
2332 4818 2509 4884 vallis,
2536 4818 2755 4874 Petrum
2789 4830 3119 4875 commotum
3153 4820 3321 4876 fuisse
3357 4822 3575 4893 1106
3602 4821 3686 4874 ad
3724 4830 3887 4887 prrsu-

2334 4911 2588 4965 mendum
2618 4925 2685 4965 ex
2734 4911 2946 4966 Domini
2982 4912 3186 4979 verbis,
3219 4913 3359 4967 sicut
3396 4920 3449 4965 et
3481 4914 3549 4966 ad
3596 4906 3884 4982 negandum.

2337 5002 2665 5071 quibuslibet
2709 5018 2776 5057 ex
2821 5004 2998 5059 dictis.
3053 5003 3239 5074 Neque
3283 5004 3579 5058 absurdum
3625 5004 3821 5057 videtur
3848 4992 3888 5047 ei

2333 5093 2623 5149 Dominum
2660 5093 2739 5148 sic
2766 5103 2849 5150 ter
2879 5097 3244 5165 respondisse,
3276 5095 3717 5165 quandoquidem
3758 5088 3889 5144 etiam

2334 5186 2653 5250 contextim,
2694 5186 2858 5242 nullis
2888 5186 3009 5242 aliis
3048 5186 3382 5257 interpositis
3414 5188 3600 5251 rebus,
3631 5193 3721 5239 aut
3747 5178 3891 5235 verbis

2334 5285 2457 5348 post
2478 5277 2956 5345 resurrectionem,
2981 5289 3064 5334 ter
3090 5279 3239 5333 illum
3279 5280 3652 5349 interrogasse
3678 5275 3888 5345 legium.

2338 5382 2519 5426 utrum
2556 5386 2677 5426 eum
2730 5380 2895 5438 amet,
2944 5380 3134 5442 terque
3173 5372 3394 5427 Petrum
3445 5370 3811 5441 respondisse;
3844 5375 3890 5413 ac

2340 5463 2553 5528 deinde,
2589 5470 2670 5518 tcr
2698 5464 2762 5518 de
2788 5464 3073 5535 pascendis
3103 5464 3293 5518 ovibus
3328 5464 3377 5518 ei
3423 5470 3753 5533 praeceptum
3778 5467 3890 5509 esse.

2340 5555 2679 5627 Quapropter
2725 5566 2780 5611 et
2820 5558 2959 5626 patri
3010 5557 3312 5628 Augustino
3351 5554 3669 5611 credibilius
3713 5552 3804 5607 hoc
3836 5544 3889 5599 ill

2339 5662 2458 5703 esse
2482 5648 2714 5713 videtur,
2753 5656 2834 5702 ter
2863 5664 2986 5703 eum
3015 5648 3229 5704 incaute
3254 5647 3685 5719 prmsumpsisse,
3718 5650 3768 5697 et
3800 5638 3894 5693 ideo

2340 5742 2407 5798 de
2441 5742 2579 5798 trina
2610 5758 2705 5798 sua
2744 5744 3029 5815 negatione
3079 5751 3161 5799 ter
3183 5757 3213 5797 a
3251 5742 3482 5798 Domino
3517 5739 3755 5798 audisse,
3782 5732 3894 5788 sit!"

2312 5850 2404 5911 ex
2435 5834 2565 5904 ipsis
2596 5837 3045 5905 evangelistztrum
3079 5836 3279 5903 verbis,
3302 5837 3490 5901 lector,
3521 5842 3577 5889 et
3609 5833 3676 5889 de
3701 5830 3780 5887 bis
3800 5834 3893 5895 ιιηε
