4016 6354
205 332 299 388 901

931 304 1295 387 Εχροδιτιο
1332 324 1397 385 IN
1439 325 1877 385 nuru/eun.
1918 357 1988 371 .-
2027 323 2154 381 ue.
2196 324 2313 392 xu,
2352 324 2503 382 esp.
2546 322 2735 381 xxvi.

3375 322 3482 385 902

203 463 234 501 ,ι
271 414 505 500 Domino
545 443 688 499 dicta
736 446 1258 508 commemorantur,
1305 444 1418 512 ipse
1455 441 1524 496 ad
1573 440 1790 511 plenum
1820 447 1868 504 Α
1897 454 2016 498 rum
2038 438 2204 493 etiam
2241 445 2296 492 et
2338 436 2529 508 reliqui
2553 434 2780 509 apostoli
2823 434 3076 506 permissi
3124 443 3251 490 sunt
3292 435 3372 489 ire
3428 436 3480 489 in

200 537 410 610 poteris
434 548 782 606 cognoscere.
811 534 877 588 Et
904 542 966 588 ut
988 534 1177 607 paucis
1202 533 1253 588 id
1279 533 1584 598 ostendam,
1621 532 1788 587 babes

200 633 254 687 in
306 627 541 694 Joanne,
583 644 704 683 cum
758 628 986 683 dixisset
1045 624 1335 682 Salvator:
1376 625 1585 692 Filioli,
1616 628 1789 680 adhuc

206 722 479 777 modicum
527 719 788 774 vobiscum
833 735 999 773 sum:
1040 718 1286 790 qumretis
1324 733 1404 772 tne
1434 727 1481 773 et
1504 719 1637 773 sicut
1679 716 1790 770 dixi

198 812 442 876 ludatis,
475 826 579 881 qua
604 826 695 880 ego
729 810 860 864 vado
893 827 980 864 ros
1022 825 1125 864 non
1162 810 1374 879 potestis
1414 809 1587 862 venire
1602 806 1785 878 (Joan.

198 920 321 970 nn,
350 903 449 968 33,
473 902 567 968 56,
590 901 702 973 57).
735 901 944 967 Quibus
973 900 1213 970 profecto
1240 900 1432 955 Petrus
1452 900 1630 954 verbis
1649 913 1794 954 com-

198 1005 411 1060 motus,
445 993 656 1063 disitei
685 1010 696 1047 :
744 992 983 1058 Domine,
1016 1009 1116 1064 quo
1143 992 1328 1047 vadis?
1362 991 1461 1047 Cui
1491 991 1787 1046 Dominus:

202 1088 321 1155 Qua
376 1087 473 1156 ego
511 1085 670 1153 vado,
719 1095 990 1154 non,potes
1032 1100 1113 1137 me
1156 1084 1311 1138 modo
1351 1084 1518 1155 sequi,
1564 1083 1791 1153 sequeris

198 1161 384 1234 autem
413 1186 616 1248 postea.
650 1176 801 1230 Tunc
828 1174 1024 1230 Petrus
1052 1192 1065 1229 :
1103 1173 1280 1241 Quare
1304 1191 1407 1230 non
1441 1191 1672 1245 possum,
1706 1173 1790 1228 iii-

197 1271 341 1341 quit,
373 1268 523 1339 sequi
549 1279 597 1321 te
624 1268 781 1321 modo
804 1268 829 1321 2’
852 1268 1097 1321 Animam
1130 1283 1302 1321 meam
1346 1283 1440 1336 pro
1481 1277 1530 1321 te
1578 1282 1790 1336 ponant.

198 1360 341 1416 Huic
388 1376 535 1437 ergo
577 1360 984 1431 przesumptiuni
1032 1374 1158 1413 mox
1208 1360 1486 1429 respondit
1535 1358 1793 1415 Dominus

198 1453 448 1507 futuram
467 1450 585 1520 ejus
602 1451 971 1521 negationem.
992 1450 1166 1507 Lucas
1178 1458 1356 1506 autem
1383 1466 1509 1507 cum
1537 1451 1790 1515 dixisset:

201 1544 416 1611 Simon,
456 1561 573 1600 ecce
606 1543 838 1599 Satanas
879 1544 1119 1614 expetivit
1148 1561 1234 1598 vos
1281 1553 1334 1597 ut
1380 1543 1630 1598 cribraret
1660 1544 1796 1597 sicut

198 1641 471 1707 triticum;
494 1657 588 1710 ego
612 1650 789 1695 autem
813 1642 987 1711 rogavi
1012 1658 1107 1711 pro
1134 1650 1183 1695 te
1203 1657 1266 1694 ne
1290 1640 1500 1709 deficiat
1523 1640 1655 1709 ﬁdes
1680 1649 1793 1702 tua,

197 1744 248 1787 et
279 1744 360 1799 tu,
387 1732 675 1803 aliquando
700 1750 996 1798 conversus,
1016 1734 1268 1801 conﬁrma
1288 1733 1477 1802 fratres
1500 1741 1616 1786 tuos
1640 1730 1791 1803 (Luc.

1895 530 2277 595 tentationem;
2329 530 2472 585 inter
2518 538 2736 595 caetera,
2773 536 2833 581 ut
2888 527 2979 600 qui
3029 526 3272 600 magistri
3314 524 3485 584 futuri

1893 632 2050 680 erant
2088 623 2440 679 ecclesiarum
2484 621 2601 687 Dei,
2632 637 2702 678 ex
2741 636 2799 677 se
2843 620 3134 687 discerent,
3170 620 3236 676 de
3273 635 3333 676 se
3367 619 3481 693 jam

1894 715 2033 770 ultra
2060 728 2337 784 nunquam
2360 727 2708 783 pnesumere,
2738 720 2798 767 ut
2829 700 3031 767 scirent
3057 711 3324 782 quomodo
3348 711 3485 768 alios

1896 810 2157 864 deberent
2186 808 2417 864 tolerare
2448 808 2502 862 in
2543 806 2720 878 culpa,
2750 808 2842 878 qui
2871 822 3000 863 suos
3033 814 3483 878 recognoscerent
3510 862 3511 865 η

1897 919 2076 965 casus,
2127 911 2182 958 et
2239 903 2285 957 si
2329 901 2525 974 aliquis
2570 901 2886 967 corruisset,
2947 902 3088 957 sicut
3136 917 3296 972 quam
3343 913 3485 972 smpe

1896 994 2143 1048 mortalis
2174 991 2467 1048 inﬁrmitas
2508 1007 2568 1048 se
2600 990 2781 1059 liabet,
2809 991 3044 1047 disceret
3089 1006 3362 1061 nunquam
3393 990 3478 1046 de-

1896 1100 2116 1155 sperare
2143 1084 2208 1142 de
2236 1084 2413 1151 venia,
2460 1084 2586 1138 dum
2632 1084 2778 1138 videt
2812 1083 3098 1157 magistros
3129 1083 3480 1140 ecclesiarum

1898 1178 1952 1232 in
1983 1178 2162 1233 subito
2192 1176 2471 1231 cecidisse.
2502 1175 2675 1230 Porro
2705 1175 2849 1247 quod
2873 1174 3154 1229 Matthmus
3184 1175 3256 1229 ait
3279 1173 3479 1230 dixisse

1899 1268 2206 1335 Dominum,
2258 1268 2551 1338 Antequam
2579 1265 2750 1338 gallus
2795 1276 2987 1333 cantet,
3018 1276 3098 1321 ter
3126 1284 3206 1320 me
3247 1265 3481 1338 negabis,

1898 1363 2148 1417 similiter
2169 1361 2343 1416 Lucas
2376 1371 2431 1416 et
2459 1359 2695 1417 Joannes
2736 1361 3011 1416 dixerunt.
3077 1359 3236 1416 Solus
3280 1362 3480 1417 etenim

1898 1455 2110 1510 Marcus
2129 1456 2330 1509 distare
2353 1455 2564 1509 videtur
2586 1454 2653 1510 ab
2676 1453 2804 1519 illis,
2829 1454 2919 1522 qui
2936 1454 3009 1509 ait
3031 1453 3231 1510 dixisse
3263 1453 3479 1509 Jesum:

1900 1544 2071 1600 Hodie
2100 1547 2153 1598 in
2179 1545 2277 1599 hac
2307 1556 2455 1599 nocte
2485 1546 2788 1617 priusquam
2818 1545 2988 1615 gallus
3029 1564 3198 1601 vocem
3226 1548 3302 1602 bis
3332 1547 3483 1602 dede-

1900 1636 1988 1700 rit,
2019 1645 2098 1689 ter
2130 1652 2209 1689 me
2250 1647 2536 1705 negaturus
2559 1655 2611 1692 es
2643 1637 2838 1708 (Marc.
2873 1655 2984 1704 le,
3018 1638 3127 1711 72).
3157 1639 3407 1710 Alioquin
3433 1638 3480 1695 si

1900 1742 2005 1780 non
2037 1725 2251 1781 Marcus
2298 1727 2501 1797 aliquid
2548 1728 2854 1798 expressius
2888 1730 3156 1793 innueret,
3202 1746 3476 1801 nunquam

195 1839 340 1888 xxii,
374 1825 467 1889 51,
505 1824 598 1889 52,
626 1824 716 1889 55,
742 1824 856 1892 54).
900 1824 998 1879 Cui
1042 1823 1237 1879 Petrus
1265 1842 1277 1876 :
1310 1823 1548 1888 Domine,
1597 1823 1792 1891 inquit,
1824 1828 1872 1892 Β
1901 1817 1983 1872 bis
2027 1818 2346 1884 addidisset,
2377 1818 2520 1889 quod
2548 1816 2730 1876 'cmteri
2778 1821 3023 1876 absolute
3053 1823 3323 1878 dixerunt.
3362 1822 3495 1907 Non.

191 1926 422 1984 paratus
446 1933 585 1982 sum,
606 1927 654 1971 et
688 1919 743 1970 in
772 1933 1031 1971 carcerem
1070 1927 1117 1970 et
1147 1917 1201 1980 ὓ
1236 1924 1454 1970 mortem
1492 1926 1659 1969 tecum
1690 1916 1785 1970 ire.

193 2004 258 2060 Et
303 2006 566 2062 Dominus
595 2009 665 2063 ad
702 2023 826 2063 eum
859 2027 872 2061 :
903 2008 1035 2062 Dico
1063 2007 1180 2070 tibi,
1215 2006 1396 2069 Petre,
1427 2023 1531 2060 non
1560 2006 1788 2061 cantabit

188 2098 354 2151 hodie
377 2099 570 2170 gallus,
600 2100 764 2155 donec
793 2112 873 2155 ter
904 2117 1053 2171 neges
1086 2117 1236 2155 nosse
1261 2116 1361 2154 me.
1404 2100 1536 2167 Quis
1573 2114 1679 2155 non
1708 2100 1788 2155 vi-

186 2189 329 2244 deat
360 2191 416 2245 in
440 2192 611 2246 tribus
647 2192 768 2247 istis
796 2193 1252 2264 evangelistarutu
1281 2192 1434 2258 locis,
1479 2193 1676 2263 quibus
1711 2193 1780 2247 ad

183 2285 633 2351 praesumendum
666 2285 857 2341 Petrus
898 2286 1109 2340 Domini
1154 2294 1456 2343 commotus
1482 2286 1555 2340 sit
1585 2285 1782 2340 verbis.

186 2371 337 2429 Puto
388 2375 535 2442 quod
580 2390 740 2429 nemo
772 2376 863 2444 qui
901 2390 1006 2429 non
1041 2374 1187 2429 aliud
1222 2374 1351 2428 illud
1381 2374 1528 2429 dicat
1566 2390 1705 2439 esse,
1732 2382 1788 2429 et

183 2463 341 2518 aliud
372 2465 512 2521 illtid
540 2466 591 2519 in
630 2466 717 2521 bis
749 2466 1004 2521 omnibus
1035 2465 1170 2520 locis
1210 2466 1349 2521 unde
1381 2466 1533 2536 origo
1572 2478 1786 2535 sumpta

179 2566 266 2612 est
302 2556 431 2611 talia
465 2558 847 2628 praesumendi.
877 2558 1047 2614 Porro
1087 2557 1301 2613 Marcus
1329 2559 1519 2613 eodem
1550 2560 1605 2613 in
1641 2559 1781 2624 loco,

180 2664 297 2718 quo
331 2655 390 2703 et
431 2648 731 2716 Mattlimus,
774 2649 874 2706 ista
906 2649 1036 2706 dicit
1061 2665 1219 2719 pene,
1246 2650 1558 2720 eisdemque
1580 2649 1781 2705 verbis.

181 2739 298 2797 Sed
336 2741 535 2812 reliqui
574 2742 703 2808 duo,
732 2744 858 2813 quia
898 2744 1055 2814 longe
1089 2744 1248 2798 aliter
1287 2752 1536 2808 narrant,
1582 2752 1786 2815 cogunt

179 2845 285 2887 nos
326 2833 653 2903 intelligere,
695 2835 891 2889 trinam
947 2834 1159 2890 Domini
1201 2836 1269 2890 de
1306 2835 1411 2891 bac
1448 2851 1507 2890 re
1553 2836 1783 2906 prophe-

177 2923 319 2978 tiam
348 2922 546 2987 fuisse,
571 2927 697 2995 quia
724 2927 864 2981 trina
904 2925 1049 2982 Petri
1084 2928 1434 2997 pmsumptio
1478 2928 1779 2998 praicessit,

179 3023 233 3069 et
267 3015 530 3084 impulsio
550 3017 616 3071 ad
640 3017 1074 3086 przesumendum
1096 3033 1164 3072 ex
1189 3018 1362 3071 tribus
1382 3019 1674 3072 verborum
1694 3032 1784 3072 va-

180 3106 394 3174 riisque
437 3106 588 3161 locis.
623 3107 688 3161 Et
725 3108 846 3164 ideo
868 3116 928 3162 ut
963 3109 1330 3181 corrigeretur
1367 3111 1556 3165 doctor
1582 3118 1637 3165 et
1666 3126 1782 3164 ma-

1892 1911 2036 1965 enim
2075 1912 2125 1965 in
2166 1911 2347 1980 aliquo
2372 1912 2658 1968 dissentire
2697 1922 2942 1983 possunt,
2974 1914 3065 1983 qui
3095 1930 3201 1970 uno
3246 1914 3480 1985 loquutt~

1894 2012 1980 2057 tur
2008 2004 2221 2073 spiritu.
2256 2003 2363 2060 Sed
2395 2005 2497 2060 hoc
2522 2006 2821 2076 intelligere
2860 2014 3094 2078 oportet,
3146 2009 3289 2078 quod
3338 2008 3479 2064 tritta

1891 2095 1980 2149 illa
2004 2096 2147 2151 Petri
2166 2096 2401 2167 negatio,
2427 2106 2553 2151 ante
2573 2098 2806 2167 primum
2828 2098 2951 2167 galli
2977 2106 3195 2153 cantum
3218 2110 3479 2170 concepta

1889 2196 1992 2253 est,
2024 2187 2166 2256 quod
2198 2196 2309 2242 tres
2338 2188 2412 2242 illi
2442 2188 2742 2250 intendunt,
2775 2203 2880 2244 non
2909 2190 3123 2258 quando
3151 2205 3273 2244 eam
3313 2199 3479 2246 totam

1888 2276 2112 2332 vocibus
2139 2276 2451 2346 expleturus
2480 2287 2621 2343 erat,
2649 2279 2788 2333 sicut
2817 2277 3031 2335 Marcus
3062 2279 3369 2335 evidentius
3391 2280 3475 2334 in-

1889 2369 2076 2432 tendit,
2124 2369 2220 2425 sed
2262 2371 2479 2439 quando
2508 2386 2627 2441 qua:
2671 2369 2853 2426 futura
2883 2381 3004 2428 erat
3045 2389 3144 2443 per
3190 2374 3474 2447 intervalla

1888 2459 2167 2530 temporis,
2213 2468 2321 2515 tota
2357 2460 2518 2515 simul
2552 2470 2816 2531 concepta
2844 2472 3008 2527 esset,
3041 2470 3097 2517 et
3125 2463 3390 2533 praefinita
3416 2464 3473 2520 in

1886 2552 2085 2617 animo,
2115 2568 2226 2621 prae
2264 2553 2433 2606 nimio
2467 2552 2661 2609 timore
2693 2563 2746 2608 et
2774 2569 2973 2624 pavore
3008 2556 3219 2610 mortis.
3278 2554 3478 2627 Sicque

1884 2659 2073 2699 omnes
2103 2660 2287 2701 verum
2314 2655 2370 2701 et
2416 2662 2581 2701 unum
2621 2647 2880 2714 sentiunt,
2911 2650 3037 2719 quia
3074 2649 3223 2705 trina
3258 2649 3346 2704 illa
3380 2665 3475 2706 ne-

1884 2737 2029 2807 gatio
2065 2747 2191 2794 ante
2232 2739 2354 2810 galli
2400 2750 2620 2796 cantum
2655 2750 2763 2796 tota
2793 2751 3051 2812 concepta
3081 2752 3166 2800 est
3194 2744 3248 2799 in
3284 2746 3471 2813 corde,

1882 2837 1936 2884 et
1966 2844 2074 2900 prae
2107 2839 2312 2887 terrore
2347 2833 2563 2904 1108
2591 2834 2757 2890 nimio
2786 2834 3106 2902 deliberata,
3142 2845 3197 2892 et
3224 2846 3352 2895 ante
3387 2852 3472 2894 se-

1882 2925 2117 2979 cundum
2142 2925 2263 2994 galli
2287 2936 2528 2993 cantum,
2553 2942 2688 2984 voce
2710 2938 2948 2998 peracta,
2974 2929 3115 2986 sicut
3132 2928 3246 2998 jam
3276 2946 3471 2989 conce«

1879 3023 1971 3084 pta
1998 3024 2135 3069 erat.
2166 3015 2431 3081 Quoniam
2467 3018 2550 3072 vis
2591 3019 2754 3073 animi
2802 3027 2963 3089 atque
3005 3018 3230 3079 affectus
3275 3023 3475 3080 mentis

1882 3114 2027 3162 totus
2046 3105 2098 3160 in
2119 3122 2185 3161 eo
2202 3104 2316 3174 jam
2342 3106 2600 3164 confusus
2625 3120 2760 3175 erat,
2789 3110 2859 3166 ob
2885 3111 3311 3181 magnitudinem
3336 3129 3470 3171 mce-

178 3197 355 3266 gister
385 3197 552 3252 totius
577 3198 852 3265 Ecclesim,
884 3201 1105 3269 provide
1129 3201 1265 3255 satis
1288 3201 1496 3272 judicio
1520 3201 1611 3255 Dei
1631 3201 1780 3271 justo
1807 3197 1853 3261 C
1885 3200 2024 3256 miis
2047 3209 2101 3255 et
2126 3200 2376 3267 tristitiae,
2409 3201 2478 3259 ob
2506 3201 2848 3258 formidinem
2881 3203 3011 3259 tanti
3040 3204 3392 3269 discriminis,
3416 3216 3474 3262 et

178 3291 517 3359 permissum
545 3301 645 3355 est,
677 3301 738 3346 ut
772 3301 856 3348 ter
895 3302 1115 3364 negaret
1158 3294 1470 3360 Dominum,
1500 3295 1589 3364 qui
1621 3296 1780 3351 tertio

176 3380 402 3439 Βοιηίιή
434 3384 759 3440 ﬁrmissimis
800 3385 975 3441 noluit
1017 3387 1366 3456 acquiescere
1404 3387 1581 3442 dictis.
1633 3388 1782 3444 Alias

176 3481 371 3528 autem
401 3476 608 3540 nescio,
630 3476 673 3531 si
708 3486 890 3532 tantus
922 3478 1148 3548 talisque
1175 3496 1204 3532 a
1238 3479 1467 3533 Domino
1489 3482 1567 3534 ire
1589 3480 1641 3534 in
1670 3490 1781 3534 teu-

181 3566 450 3620 tationem
496 3570 861 3626 abundantius
903 3573 1330 3641 permitteretur,
1378 3588 1539 3643 quam
1590 3572 1779 3628 centeri

177 3660 441 3729 apostoli,
466 3662 567 3717 nisi
593 3665 721 3733 quia
750 3681 851 3719 nec
876 3666 1088 3722 Domini
1120 3666 1504 3723 considerabat
1534 3668 1782 3737 majesta-

179 3759 321 3811 tem.
355 3766 456 3807 nec
476 3768 630 3807 suam
663 3754 905 3826 fragilem
930 3756 1298 3827 lubricamqne
1333 3758 1516 3813 vitam.
1554 3758 1617 3811 Et
1656 3758 1778 3812 ideo

177 3853 239 3899 ut
288 3854 554 3918 arguatur
584 3848 810 3903 audacia
845 3850 1074 3905 incautae
1112 3850 1508 3920 promissionis,
1548 3850 1779 3918 permit-

179 3937 322 3991 titur
369 3938 471 4003 ire,
506 3939 662 4009 juxta
700 3955 984 3997 numerum
1016 3941 1226 4011 1107
1259 3957 1368 3996 sua:
1392 3941 1695 4010 sponsionis
1723 3940 1779 3996 in

176 4031 540 4087 tentationem
572 4035 894 4105 negationis.
928 4035 997 4090 Ut
1032 4036 1157 4105 quia
1188 4044 1271 4091 ter
1310 4035 1439 4089 illud
1469 4034 1775 4090 inconside-

173 4134 301 4177 rate
326 4126 671 4193 promiserat,
702 4137 784 4180 ter
808 4125 971 4180 etiam
998 4125 1185 4179 timide
1210 4141 1332 4180 cum
1351 4125 1661 4193 iuramento
1688 4140 1779 4180 ne-

173 4220 353 4281 garet.
394 4212 547 4269 Unde
580 4215 920 4282 instruimur,
957 4226 1017 4270 ut
1042 4232 1317 4285 nunquam
1364 4217 1484 4271 sine
1525 4217 1775 4272 consultu

171 4302 379 4356 virium
404 4303 605 4372 aliquid
625 4304 787 4379 stulte
811 4307 1190 4376 promittamus
1214 4322 1376 4377 supra
1400 4306 1774 4362 habitudinem

171 4392 560 4461 possibilitatis
609 4404 824 4451 nostrae.
884 4397 1152 4452 Debuerat
1195 4400 1338 4452 enim
1390 4398 1581 4454 Petrus
1628 4407 1776 4469 post-

1883 3290 2017 3344 nihil
2054 3291 2107 3345 in
2135 3305 2201 3346 eo
2222 3291 2335 3360 jam
2367 3291 2559 3347 virium
2587 3302 2942 3360 remanserat,
2970 3309 3132 3363 quem
3162 3303 3333 3351 totum
3366 3311 3471 3352 an-

1880 3382 2056 3453 gustia
2077 3391 2133 3437 et
2160 3391 2338 3439 terror
2364 3393 2699 3453 pervaserat.

1953 3471 2096 3527 Tunc
2124 3475 2256 3528 venit
2301 3473 2455 3528 Jesus
2486 3490 2602 3527 cum
2630 3474 2735 3528 illis
2761 3474 2814 3528 in
2843 3473 3019 3529 uillam
3059 3475 3394 3531 Gethsemani
3420 3488 3470 3535 et

1880 3564 2013 3619 dixit
2040 3563 2311 3633 discipulis
2343 3567 2453 3620 suis
2477 3580 2495 3618 :
2523 3564 2711 3622 Sedete
2733 3567 2839 3632 hic,
2870 3567 3036 3622 donec
3061 3572 3247 3624 vadum
3271 3569 3399 3625 illuc
3418 3582 3468 3627 et

1880 3674 2042 3711 orem.
2083 3656 2429 3714 Gethsemani
2463 3675 2697 3730 namque
2728 3662 3119 3731 interpretatur
3147 3663 3300 3719 uallis
3343 3665 3464 3734 pin-

1877 3749 2156 3818 guissima,
2191 3749 2278 3804 vel
2306 3751 2599 3820 pinguium,
2638 3767 2802 3822 supra
2828 3750 2982 3820 cujus
3010 3753 3164 3808 vallis
3204 3755 3463 3812 verticem

1880 3839 2138 3909 templum
2175 3839 2389 3895 Domini
2431 3842 2593 3896 situm
2639 3852 2775 3898 erat.
2818 3844 2895 3898 De
2921 3860 3027 3913 qua
3072 3845 3209 3901 valle
3255 3846 3463 3905 Isaias:

1890 3928 1978 3985 Vra
2005 3948 2212 3986 corona:
2233 3933 2490 4003 superbia:
2511 3935 2667 3989 ebriis
2694 3933 2969 4006 Epltraim,
2999 3939 3090 4008 qni
3105 3948 3255 3993 erant
3280 3941 3336 3995 in
3357 3958 3467 3995 uer-

1877 4024 1979 4078 tice
2030 4023 2183 4080 vallis
2227 4026 2586 4103 pinguissima:
2635 4026 2768 4097 (Isa.
2812 4044 3000 4091 xxvm,
3036 4029 3465 4102 l),signilicans

1876 4116 2191 4173 sacerdotes
2231 4124 2283 4172 ct
2331 4117 2551 4175 Scribas
2592 4119 2719 4176 vino
2758 4120 2958 4176 erroris
3008 4122 3212 4188 ebrios,
3252 4125 3340 4194 qui
3386 4125 3462 4183 ibi

1876 4205 2160 4263 Dominum
2223 4209 2750 4279 comprehenderunt
2796 4220 2850 4265 et
2895 4213 3226 4271 occiderunt.
3286 4206 3459 4283 Quam

1873 4298 2071 4365 Lucas,
2105 4315 2209 4356 non
2234 4316 2489 4371 expresse
2512 4303 2793 4357 nominato
2820 4305 3042 4374 praedio,
3070 4306 3251 4361 villam
3279 4319 3457 4374 vocat,

1873 4405 1995 4444 cum
2019 4390 2137 4445 ait:
2184 4391 2442 4462 Egressus
2491 4394 2646 4450 Jesus
2690 4396 2799 4450 ibat
2849 4398 3135 4452 secundum
3183 4412 3460 4455 consuetu-

172 4500 347 4554 quant
396 4486 603 4541 audivit
629 4504 658 4541 a
710 4488 939 4545 Domino
974 4506 1032 4544 se
1074 4498 1419 4560 negaturum,
1467 4491 1645 4561 potius
1679 4491 1771 4545 de-
1796 4560 1821 4563 _
1873 4483 2048 4538 dinem
2087 4483 2141 4538 ἱη
2182 4497 2410 4540 montem
2461 4486 2733 4542 Olivarum
2767 4490 2917 4560 (Luc.
2958 4507 3073 4546 XXII
3107 4492 3219 4563 59).
3275 4496 3454 4552 Secuti

169 4576 392 4645 precari
431 4591 496 4643 ne
529 4576 585 4631 id
615 4579 949 4647 permitteret
977 4581 1097 4651 pius
1124 4580 1403 4643 Dominus,
1426 4560 1586 4651 quam
1615 4583 1681 4636 de
1707 4595 1767 4636 se
1792 4560 1845 4620 D
1870 4584 1999 4630 sunt
2019 4583 2198 4630 autem
2224 4576 2371 4631 illum
2393 4584 2448 4631 et
2469 4577 2712 4645 diSt-ipuli
2729 4578 2863 4647 ejus.
2896 4581 3103 4637 Etcum
3121 4560 3454 4654 pervenisset,

171 4665 245 4720 ita
295 4680 646 4735 przesumere.
695 4670 881 4740 Neque
912 4672 1055 4727 enim
1102 4672 1190 4727 ille
1238 4672 1461 4729 idoneus
1504 4689 1624 4729 cum
1665 4673 1768 4728 Do-

172 4756 355 4818 mino,
388 4755 471 4810 vel
499 4773 600 4827 pro
644 4757 873 4816 Domino
913 4762 1063 4832 prius
1116 4763 1276 4828 mori,
1306 4778 1468 4832 quam
1519 4762 1767 4819 Salvator

178 4855 290 4911 pro
329 4847 583 4903 omnibus
634 4860 865 4906 mortem
905 4861 1168 4921 gustaret.
1226 4853 1400 4919 Unde,
1451 4854 1576 4924 quia
1624 4854 1764 4909 ultra

171 4951 373 4992 omnes
403 4938 469 4993 de
505 4955 565 4995 se
594 4940 805 4997 incaute
842 4945 1207 5014 praesumpsit,
1234 4945 1373 5000 ultra
1404 4960 1610 5010 omnes,
1651 4954 1763 4999 ter-

169 5030 251 5086 tio
279 5031 417 5085 satis
458 5030 723 5105 fragiliter
751 5037 984 5107 negavit.
1040 5036 1194 5093 Licet
1220 5039 1435 5109 quidam
1473 5037 1764 5093 defendere

177 5123 348 5178 :elint
380 5123 625 5191 Petrum,
650 5127 793 5197 quod
826 5136 1035 5183 tantum
1060 5143 1214 5196 voce,
1243 5138 1299 5183 et
1328 5144 1435 5183 non
1464 5130 1625 5184 corde
1670 5143 1765 5184 ne-

171 5215 411 5281 gaverit,
444 5217 624 5286 potius
649 5219 901 5277 simulate
924 5236 1087 5291 quam
1115 5236 1261 5276 vere.
1307 5219 1414 5276 Sed
1441 5237 1545 5276 una
1574 5230 1658 5277 est
1675 5236 1765 5276 eo-

167 5322 305 5365 rum
337 5313 589 5380 assertio,
616 5329 776 5384 quem
807 5318 1043 5386 produnt
1072 5315 1324 5385 lacrymae
1349 5316 1415 5370 de
1437 5316 1599 5371 corde
1639 5306 1761 5384 pro-

169 5401 329 5469 lata,
353 5406 446 5474 qui
472 5407 539 5460 ad
565 5421 624 5463 se
649 5423 899 5464 reversus
919 5407 1259 5488 amarissime
1279 5406 1444 5472 ﬂevit,
1469 5407 1592 5461 dum
1615 5407 1760 5461 videt

166 5511 230 5552 se
263 5497 508 5569 graviter
533 5501 840 5572 deliquisse.
875 5502 956 5556 Pii
997 5501 1309 5558 defensores
1336 5500 1500 5561 Petri,
1550 5500 1640 5569 qui
1681 5499 1760 5554 sic

162 5602 300 5641 eum
355 5586 650 5646 defendere
705 5601 992 5657 conantur,
1030 5602 1089 5647 ut
1140 5594 1428 5649 Dominum
1472 5590 1755 5646 mentitum

166 5674 345 5735 fuisse
383 5679 632 5748 probent.
674 5680 779 5738 Sed
823 5698 962 5739 caeca
999 5698 1187 5739 eorum
1227 5682 1484 5746 defensio,
1519 5697 1624 5737 non
1678 5680 1758 5735 in-

169 5769 369 5839 telligit
415 5787 576 5839 quam
622 5774 987 5844 dispensative
1034 5791 1141 5831 non
1184 5776 1352 5833 solum
1405 5774 1616 5837 Petrus,
1670 5788 1757 5828 ve-

1643 5909 1652 5919 ‘
1725 5910 1764 5927 Ἦ

1874 4666 2067 4735 inquit,
2091 4667 2161 4721 ad
2184 4667 2375 4732 locum,
2402 4668 2532 4721 dixit
2555 4668 2661 4722 illis
2683 4683 2702 4721 .'
2734 4670 2893 4728 Orate
2915 4690 2976 4727 ne
2996 4676 3198 4729 intretis
3220 4678 3274 4729 in
3296 4687 3457 4734 lenta-

1872 4759 2086 4813 tionem.
2137 4756 2242 4813 Iste
2292 4766 2376 4814 est
2423 4774 2553 4829 ergo
2597 4760 2749 4816 locus
2790 4764 2941 4831 cujus
2993 4782 3183 4820 nomen
3227 4767 3301 4821 illi
3347 4771 3455 4827 duo

1871 4847 2219 4904 Gethsemani
2250 4864 2368 4905 esse
2400 4851 2673 4917 dixerunt,
2706 4854 2797 4909 tibi
2826 4856 3074 4911 nimirum
3108 4858 3255 4913 illum
3284 4859 3451 4917 fuisse

1871 4940 2214 5011 intelligimus
2254 4943 2492 5008 hortum,
2522 4951 2669 4997 trans
2711 4954 2988 5002 torrentem
3019 4948 3248 5016 Cedron,
3287 4967 3449 5022 quem

1868 5032 2104 5088 Joannes
2149 5044 2557 5091 commemorat.
2592 5035 2763 5104 Quem
2800 5038 2975 5096 locum
3005 5043 3211 5097 sciebat
3258 5044 3445 5114 Judas,

1867 5125 1992 5193 quia
2022 5123 2179 5181 Jesus
2218 5126 2270 5180 in
2304 5142 2427 5180 eum
2479 5144 2601 5183 cum
2651 5129 2929 5202 discipulis
2976 5135 3090 5190 suis
3134 5134 3446 5205 frequenter

1865 5216 2145 5273 introibat.
2172 5218 2302 5273 Mira
2327 5220 2715 5289 omnipotentis
2739 5223 2833 5277 Dei
2888 5225 3191 5294 dispositio,
3219 5231 3311 5301 qui
3363 5233 3443 5288 sic

1863 5310 2359 5380 omniadispensat,
2388 5312 2574 5381 sicque
2602 5314 2877 5383 pnevidct,
2909 5323 2969 5371 ut
2993 5318 3240 5377 universa
3287 5322 3444 5393 plena

1863 5400 1973 5454 sint
1993 5401 2370 5456 sacramentis.
2403 5400 2513 5461 Nec
2543 5403 2689 5458 enim
2717 5406 3074 5463 conveniebat
3103 5421 3163 5466 ut
3183 5412 3343 5469 Iesus
3378 5431 3444 5470 eo

1868 5492 2066 5548 inloco
2096 5493 2423 5558 traderetur,
2461 5494 2550 5547 ubi
2599 5510 2721 5549 cum
2747 5496 3025 5568 discipulis
3048 5506 3245 5570 pascha
3290 5519 3443 5560 man-

1867 5584 2180 5649 ducaverat,
2205 5584 2298 5641 sed
2352 5585 2474 5641 talis
2528 5586 2747 5656 eligitur
2797 5588 2946 5645 locus
2996 5608 3094 5662 per
3130 5610 3290 5665 quem
3341 5596 3444 5654 ista

1866 5679 2098 5735 mundus
2124 5677 2478 5748 signiﬁcetur,
2512 5679 2566 5732 in
2597 5695 2706 5748 quo
2752 5682 3010 5739 Dominus
3048 5686 3279 5742 traditus
3334 5696 3435 5744 est.

1868 5770 2018 5827 Unde
2057 5770 2310 5840 praefatus
2342 5771 2599 5840 propheta
2629 5770 2746 5827 εγω
2793 5775 2912 5841 ﬂori
2960 5775 3218 5831 decidenti
3259 5778 3437 5844 gloria;
