4016 6354
609 355 714 413 903

605 469 974 526 exsultationis
1002 466 1137 538 (ha.
1170 481 1362 530 xxvm,
1389 465 1465 536 1).

606 574 689 620 ret
717 559 1004 632 passionis,
1030 557 1310 614 ﬁorentem
1338 557 1431 610 ait.
1466 556 1532 611 Et
1558 555 1610 610 in
1638 570 1704 610 eo
1733 555 1921 610 hortus
1950 567 2070 608 esse
2098 551 2183 606 di-

603 655 766 720 citur,
797 653 922 723 quia
949 651 1187 707 Ecclesia
1217 650 1311 706 Dei
1334 649 1538 704 ﬁoridis
1559 647 1769 703 consita
1803 648 2185 703 odoramento-

607 765 724 803 rum
766 746 1056 800 virtutibus
1087 745 1138 799 in
1180 742 1380 798 mundo
1420 751 1521 804 est,
1551 741 1619 796 ad
1664 756 1826 810 quam
1856 754 1998 810 saape
2027 736 2186 792 Jesus

606 837 926 909 ingreditur,
957 845 1016 890 ut
1039 835 1217 890 videat
1245 833 1288 888 si
1309 831 1543 887 ﬂoreant
1570 831 1708 886 mala
1731 831 1944 902 punica,
1957 837 2012 884 et
2034 843 2188 882 areo-

608 929 670 986 lte
701 929 897 984 divinis
929 927 1171 998 rigentur
1205 925 1463 989 fontibus,
1497 940 1617 996 qua:
1657 923 1879 978 consita:
1907 930 2032 978 sunt
2054 921 2189 974 bene

610 1037 640 1076 a
672 1019 1075 1092 pigmentariis;
1113 1018 1182 1074 de
1228 1018 1424 1088 quibus
1454 1016 1622 1072 David
1663 1013 1861 1070 arcolis
1893 1011 2044 1081 juxta
2079 1009 2189 1066 He.

607 1110 894 1166 hraicum:
937 1107 1090 1163 Sicut
1133 1108 1327 1163 areola:
1353 1148 1366 1171 ,
1419 1107 1609 1178 inquit,
1673 1104 1982 1162 desiderant
2025 1116 2190 1172 aqua-

610 1217 728 1256 rum
761 1200 986 1266 fontem,
1021 1200 1093 1254 ita
1136 1209 1190 1256 et
1239 1201 1416 1254 anima
1471 1214 1587 1254 mea
1624 1197 1792 1253 Deum
1829 1196 2032 1250 vivum.
2084 1191 2191 1248 Sed

611 1293 714 1350 iste
759 1293 947 1348 hortus
1008 1291 1322 1347 deliciarum
1369 1306 1475 1345 non
1519 1290 1668 1361 prius
1723 1288 1917 1345 florere
1968 1285 2035 1340 ad
2079 1284 2193 1338 fru-

611 1395 757 1438 ctum
812 1381 1002 1452 potuit,
1055 1381 1140 1436 vel
1185 1381 1512 1450 germinare,
1553 1389 1844 1449 antequam
1883 1375 2040 1431 Jesus
2079 1384 2189 1427 tor-

614 1486 806 1527 rentem
850 1471 1229 1543 pertransierit
1293 1470 1520 1525 Cedron.
1576 1470 1654 1524 De
1703 1485 1810 1540 quo
1857 1477 2084 1521 torrente
2137 1473 2191 1520 et

613 1563 726 1634 ipse
770 1562 823 1616 in
871 1563 952 1617 via
1009 1562 1132 1616 bibit
1162 1559 1347 1631 (Paul.
1399 1577 1510 1625 cu,
1559 1559 1654 1630 7).
1717 1559 1823 1614 Sed
1874 1560 2190 1628 priusquam

613 1653 939 1718 traderetur,
980 1653 1338 1708 conveniebat
1365 1667 1525 1707 orare
1571 1667 1714 1716 eum,
1753 1659 1806 1705 et
1849 1665 1954 1704 non
1995 1647 2192 1701 alicubi

611 1759 770 1814 quam
805 1744 857 1799 in
891 1757 1072 1800 monte
1098 1745 1397 1808 Olivarum,
1429 1744 1516 1799 tibi
1539 1753 1658 1798 erat
1681 1751 1736 1798 et
1759 1743 1947 1797 hortus
1970 1741 2023 1795 in
2055 1739 2193 1794 valle

1418 348 1476 404 S.
1515 339 2256 405 PASCHASU-RADBERTI
2289 339 2578 397 ABBATIS
2616 339 3064 398 COBBEIENSIS

1533 463 1666 521 Cum
1691 463 1869 518 locum
1921 461 2191 532 exprime—
2220 461 2274 522 Α
2298 465 2358 512 ut
2387 467 2500 513 tres
2529 466 2710 512 essent
2736 465 2924 521 testes,
2962 455 3016 511 in
3046 455 3240 526 quibus
3268 467 3402 516 stare
3443 462 3608 520 dicitur
3647 483 3765 526 omne

3686 355 3761 411 θοι

2293 551 2542 606 verbum.
2580 550 2645 605 Et
2684 549 2825 606 sicut
2847 564 3012 619 supra
3038 548 3304 621 eliguntur
3328 561 3378 606 ut
3406 562 3547 610 testes
3563 557 3650 613 sint
3684 559 3768 629 ejus

2293 643 2499 714 gloriae.
2537 643 2610 697 ita
2641 651 2696 698 et
2748 643 2851 699 hoc
2907 641 3027 697 loco
3076 642 3143 696 ad
3191 658 3362 699 veram
3405 651 3768 718 comprobandain

2295 733 2686 788 humanitatem
2752 733 2890 804 ejus,
2959 742 3304 788 assumuntur
3354 736 3401 790 in
3463 739 3770 807 testimonium,

2293 826 2435 897 quod
2458 839 2674 880 omnem
2723 825 2777 880 in
2811 840 2888 888 se,
2948 825 3064 880 sine
3121 834 3356 896 peccato,
3403 828 3587 899 1110
3629 842 3774 888 nostra

2295 919 2533 988 suscepit
2556 927 2762 972 natura:
2808 918 3200 974 inﬁrmitatem.
3254 918 3394 974 Unde
3422 921 3521 974 ait:
3553 921 3676 977 Tunc
3709 941 3776 978 ce-

2293 1009 2367 1078 pit
2406 1009 2708 1062 contristari
2743 1018 2790 1062 et
2835 1018 3046 1064 miratus
3076 1025 3206 1062 esse.
3255 1007 3367 1063 Jam
3415 1025 3556 1080 supra
3593 1011 3775 1069 dixeram

2294 1099 2360 1152 de
2392 1099 2641 1170 passione
2660 1108 2717 1154 et
2741 1099 3127 1170 propassione;
3159 1099 3297 1171 quod
3338 1103 3588 1172 propassio
3630 1104 3688 1158 sit
3719 1105 3774 1160 in-

2297 1187 2525 1244 ﬁrmitas
2544 1189 2830 1260 passionis,
2848 1205 2968 1260 quae
2990 1198 3117 1245 ante
3133 1191 3424 1260 passionem
3441 1208 3488 1246 in
3504 1193 3654 1247 animo
3671 1194 3778 1250 inﬁr-

2297 1283 2497 1336 mantis
2525 1282 2688 1337 cadit.
2713 1281 2921 1338 Idcirco
2933 1283 3263 1356 evangelista
3289 1285 3539 1356 signanter
3556 1285 3644 1339 ait:
3663 1285 3780 1354 Cepit

2297 1374 2602 1428 contristari
2626 1384 2672 1428 et
2687 1386 2898 1430 incestus
2914 1391 3045 1438 esse,
3077 1384 3136 1430 ut
3158 1375 3452 1431 ostenderet
3463 1377 3780 1447 pmpassioncm

2299 1467 2626 1522 inﬁrmitatis
2639 1467 2690 1520 in
2706 1483 2772 1522 eo
2783 1465 2948 1524 fuisse
2962 1484 3027 1524 ac
3037 1469 3287 1540 cmpisse.
3303 1467 3411 1524 Non
3428 1471 3691 1540 utpassioin
3701 1473 3778 1526 ani-

2298 1573 2388 1612 mo
2409 1557 2550 1612 illius
2564 1559 2952 1624 dominaretur,
2986 1560 3081 1615 sed
3111 1569 3170 1614 ut
3219 1577 3285 1616 ex
3333 1561 3642 1632 prepassione
3670 1577 3782 1618 verus

2299 1648 2478 1714 homo,
2502 1651 2594 1720 qui
2625 1660 2678 1706 et
2705 1651 3026 1720 patiebatur,
3089 1663 3490 1708 monstraretur.
3554 1654 3685 1708 Aliud
3725 1665 3782 1709 est

2299 1741 2441 1794 enim
2473 1741 2782 1795 contristari
2811 1751 2865 1796 et
2891 1751 3143 1797 muastum
3187 1759 3328 1805 esse,
3353 1752 3404 1798 et
3427 1743 3558 1797 aliud
3610 1743 3783 1811 incipere

611 1838 774 1899 situs;
802 1852 898 1905 pI‘O
926 1853 1056 1904 quo,
1079 1846 1133 1891 et
1162 1837 1214 1890 in
1245 1852 1352 1906 quo
1381 1836 1621 1905 oportuit
1640 1852 1822 1900 orare,
1845 1834 1972 1904 quia
1995 1833 2197 1887 Christi
2227 1817 2274 1876 Β
2301 1831 2633 1886 contristari.
2666 1832 2818 1897 Quod
2849 1832 2892 1885 si
2915 1833 3110 1901 aliquis
3146 1832 3428 1888 defendere
3453 1831 3651 1886 voluerit
3684 1844 3784 1884 exse

613 1926 827 1996 1109
854 1927 1091 1982 Ecclesia
1118 1942 1245 1981 vere
1293 1931 1482 1980 domus
1505 1927 1766 1980 orationis
1813 1925 2031 1979 dicitur.
2081 1922 2197 1977 Non

609 2033 740 2086 ergo
768 2022 882 2073 sine
907 2033 1068 2072 causa
1106 2034 1137 2072 a
1187 2019 1414 2072 Domino
1467 2018 1683 2088 eligitur
1738 2017 1890 2072 locus
1935 2015 2198 2070 orationis

613 2109 1000 2163 ntunlissimus
1027 2125 1091 2163 ac
1120 2118 1376 2164 remotus.
1415 2107 1542 2162 Vult
1565 2109 1707 2162 enini
1734 2124 1801 2162 ex
1834 2123 1918 2170 eo,
1958 2117 2017 2161 ut
2037 2121 2197 2160 oran-

614 2200 683 2254 tis
705 2201 879 2254 oratio
909 2200 980 2254 sit
1000 2202 1249 2256 mundior
1271 2210 1326 2256 et
1351 2202 1522 2270 magis
1550 2201 1848 2272 acceptior,
1872 2201 2026 2271 juxta
2056 2202 2198 2269 quod

610 2291 868 2358 scriptum
891 2299 990 2352 est,
1026 2290 1220 2346 Domus
1243 2309 1374 2351 mea,
1403 2291 1587 2345 domus
1628 2293 1881 2345 orationis
1933 2291 2201 2345 vocabitur

609 2377 822 2448 (Matth.
877 2395 988 2442 ut,
1022 2381 1131 2444 13).
1165 2380 1240 2436 De
1277 2397 1384 2450 quo
1409 2382 1528 2436 loco
1557 2392 1611 2437 et
1635 2382 1760 2436 alibi
1803 2383 2007 2436 dictum
2060 2381 2200 2451 legi-

608 2483 748 2530 mus,
785 2468 945 2523 Terra
968 2471 1022 2524 in
1043 2489 1144 2542 qua
1173 2483 1299 2535 stas,
1329 2484 1471 2527 terra
1518 2485 1701 2528 sancta
1723 2483 1819 2528 est.
1851 2473 2002 2529 Umle
2053 2489 2200 2542 qua:-

610 2561 832 2614 rendum
862 2569 1010 2631 puto.
1044 2562 1088 2616 si
1140 2561 1276 2618 forte
1300 2563 1450 2617 locus
1489 2564 1768 2632 eligendus
1798 2574 1881 2619 est
1923 2580 2032 2633 quo
2070 2564 2198 2619 reli-

609 2652 810 2723 giosius
871 2653 1030 2707 ores?
1097 2651 1361 2709 Utrumne
1411 2653 1645 2725 eligendi
1696 2664 1842 2720 sunt,
1906 2656 2048 2710 sicut
2101 2655 2200 2708 Do-

611 2742 814 2795 minum
871 2742 1066 2797 fecisse
1123 2745 1420 2804 cernimus.
1460 2762 1583 2800 cum
1653 2747 1849 2816 quibus
1877 2747 2037 2801 ores?
2065 2745 2199 2800 Nam

608 2832 866 2888 Dominus
910 2833 1065 2905 longe
1092 2832 1206 2902 jam
1243 2853 1405 2907 supra
1450 2847 1704 2893 oraturus
1752 2855 1849 2909 pro
1894 2839 1998 2893 lilia
2044 2837 2197 2901 Jairi,

610 2936 801 2976 omnes
851 2922 1010 2992 ejecit
1072 2923 1242 2990 foras,
1313 2935 1425 2982 tres
1491 2937 1699 2982 tantum
1759 2929 1923 3000 elegit
1992 2945 2195 2991 secum,

611 3025 748 3080 quos
773 3021 827 3066 et
873 3029 1036 3083 supra
1085 3014 1138 3069 in
1191 3027 1426 3071 montem
1485 3035 1670 3074 secum
1733 3020 1976 3074 decrevit
2027 3019 2200 3074 abdu-

613 3119 757 3169 cere,
819 3114 876 3160 ut
930 3115 1092 3164 testes
1120 3120 1303 3165 essent
1353 3111 1469 3182 ejus
1513 3112 2026 3183 trausﬁgurationis.
2067 3113 2200 3169 For-

617 3196 776 3250 tassis
800 3213 928 3268 ergo
972 3208 1028 3254 et
1081 3210 1305 3270 propter
1353 3202 1454 3257 hoc
1523 3203 1778 3259 Ecclesia:
1817 3205 2018 3260 Christi
2074 3205 2196 3260 talis

612 3296 693 3340 est
724 3290 1058 3345 consuetudo
1103 3294 1172 3348 ab
1233 3295 1492 3364 apostolis
1545 3297 1806 3354 divinitus
1861 3298 2083 3363 tradita,
2138 3308 2197 3352 ut

611 3379 701 3446 qui
743 3379 1040 3435 manifestis
1066 3391 1190 3437 sunt
1235 3385 1554 3441 criminibus
1601 3388 1922 3458 deprehensi
1974 3389 2196 3459 ejician-

613 3477 700 3522 tur
727 3469 795 3523 ab
823 3472 1068 3528 oratione
1093 3479 1399 3541 communi;
1431 3478 1555 3547 quia
1606 3495 1710 3534 non
1755 3489 1974 3550 propter
2017 3481 2196 3535 locum

614 3563 788 3617 oratio
818 3563 1042 3619 differre
1064 3568 1299 3631 vuletur,
1328 3572 1576 3638 quamvis
1597 3574 1974 3642 opportunitas
2016 3583 2071 3629 et
2115 3589 2198 3627 re-

611 3649 736 3722 ligio
765 3668 978 3725 semper
1003 3657 1292 3726 quaarenda
1324 3660 1410 3724 sit,
1452 3661 1546 3716 sed
1589 3663 1690 3718 hoc
1719 3665 2023 3730 sciendum,
2069 3665 2199 3735 quia

613 3748 805 3804 melius
827 3761 910 3804 est
939 3751 1084 3808 solos
1116 3769 1215 3810 nos
1254 3772 1434 3820 orare,
1463 3773 1625 3828 quam
1648 3775 1770 3813 cum
1798 3759 1952 3816 malis
1975 3775 2199 3814 consen-

613 3839 793 3894 tienJo
827 3849 884 3894 ut
913 3843 1039 3897 mali
1061 3845 1188 3908 sint,
1239 3862 1419 3902 orare.
1467 3847 1576 3904 Nec
1619 3850 1720 3906 hoc
1769 3851 1890 3906 ideo
1944 3853 2196 3916 dicimus,

611 3935 670 3980 ut
720 3937 924 3984 temere
964 3931 1029 3986 de
1078 3931 1257 4002 aliquo
1311 3934 1504 3990 debeat
1550 3938 1674 4007 quis
1718 3938 1982 4008 judicare,
2024 3955 2200 4007 neque

613 4018 732 4074 aliis
783 4035 840 4074 se
885 4035 1213 4092 praeponere.
1274 4025 1380 4080 Sed
1429 4042 1604 4098 neque
1670 4029 1735 4084 de
1792 4029 2053 4099 apostolis
2103 4030 2201 4084 ali-

612 4109 740 4178 quid
811 4111 1087 4167 sinistrum
1153 4117 1414 4185 suspicari
1483 4120 1757 4184 convenit,
1809 4121 1904 4175 sed
1961 4123 2202 4178 conside-

615 4217 735 4256 rare
787 4203 929 4272 quod
997 4205 1144 4261 solus
1192 4218 1276 4263 est
1334 4211 1426 4278 qui
1479 4212 1631 4265 novit
1684 4227 1780 4268 cur
1831 4214 1913 4268 eis
1981 4215 2198 4282 dixerit,

614 4291 714 4346 uisi
797 4295 864 4348 ad
925 4294 1156 4351 formam
1221 4309 1445 4355 secreta:
1493 4302 1812 4357 orationis:
1873 4303 2056 4359 Sedete
2119 4307 2202 4360 Iu'c

613 4381 774 4435 donec
797 4383 982 4437 uadum
1018 4385 1142 4441 illuc
1201 4397 1250 4441 et
1284 4406 1446 4444 orem.
1497 4391 1788 4448 lnell'abilis
1839 4393 1931 4449 Dei
1988 4397 2202 4466 dispen-

615 4473 770 4535 satio,
793 4484 1048 4530 oraturus
1077 4493 1172 4545 pro
1198 4481 1465 4545 omnibus,
1524 4483 1932 4554 residerejubet
1987 4502 2200 4556 aposw-

616 4561 714 4625 los,
745 4574 797 4617 et
834 4567 1060 4621 assumit
1084 4577 1192 4625 tres
1220 4582 1425 4628 tantum
1463 4591 1668 4630 secum.
1703 4576 1812 4633 Nec
1847 4589 2023 4634 tamen
2075 4592 2202 4638 ante

615 4654 1126 4726 cmpitcontristari,
1177 4677 1339 4732 quam
1363 4680 1456 4721 eos
1510 4679 1774 4732 assumat,
1825 4680 1881 4724 et
1931 4671 2200 4742 relinquat

616 4757 860 4803 caeteros.
895 4750 1084 4808 Omnis
1112 4771 1242 4826 ergo
1280 4773 1482 4812 mmror
1513 4761 1710 4816 exinde
1733 4761 1804 4815 illi
1848 4779 1970 4820 esse
2013 4767 2196 4836 εοενίι.

619 4833 771 4891 Unde
800 4856 903 4894 non
927 4843 992 4896 de
1016 4860 1073 4898 se
1097 4855 1214 4899 orta
1238 4847 1451 4902 videtur
1481 4850 1595 4904 lucc
1623 4851 1864 4916 tristitia,
1893 4855 1986 4908 sed
2009 4856 2074 4909 de
2098 4833 2203 4912 i.|is

618 4942 756 4997 quos
778 4931 966 4988 sedere
987 4936 1254 5004 permisit,
1281 4938 1364 4993 vel
1386 4956 1483 5010 pro
1513 4941 1614 4996 illis
1636 4958 1771 5012 quos
1799 4960 1980 5000 secum
2002 4964 2205 5003 assum-

619 5022 746 5092 psit.
772 5022 908 5080 Hinc
945 5025 1084 5083 forte
1107 5039 1231 5084 nata
1265 5033 1443 5086 omnis
1471 5035 1782 5090 moestitudo
1809 5038 1923 5108 ejus
1945 5041 2205 5106 creditur,

621 5131 749 5172 nam
789 5133 924 5188 quos
958 5136 1141 5177 secum
1188 5124 1336 5178 ducit
1373 5125 1474 5194 ipsi
1507 5137 1635 5180 sunt
1682 5129 1877 5198 quibus
1923 5147 2002 5196 se,
2035 5134 2210 5202 qualis

623 5223 885 5270 venturus
906 5227 989 5271 est
1015 5218 1067 5272 iu
1096 5233 1260 5285 regno
1287 5234 1404 5283 suo,
1431 5219 1482 5273 in
1512 5231 1692 5276 monte
1722 5224 1926 5292 positus
1949 5226 2204 5280 ostendit.

698 5305 764 5360 Et
792 5319 1058 5377 assumpto
1087 5307 1264 5374 Petro,
1314 5311 1505 5379 inquit,
1537 5321 1583 5364 et
1613 5311 1816 5365 duobus
1873 5314 1999 5382 ﬁliis
2049 5313 2210 5370 Zebe-

622 5397 727 5452 dati
752 5399 898 5468 erepit
923 5399 1227 5452 contristari
1249 5409 1298 5454 et
1327 5409 1536 5454 mestus
1567 5417 1694 5455 esse.
1723 5401 1832 5457 llos
1868 5403 2012 5473 ipsos
2059 5423 2211 5462 assu-

624 5487 724 5542 mit
751 5504 889 5560 quos
910 5505 1071 5558 supra
1101 5499 1156 5545 ct
1184 5490 1238 5544 in
1267 5499 1504 5546 montem
1527 5501 1580 5546 et
1609 5494 1674 5547 ad
1710 5493 1874 5549 ﬁliam
1903 5493 2056 5553 Jairi.
2104 5499 2213 5556 Cur

625 5587 804 5634 autem
831 5595 926 5635 eos
958 5589 1186 5646 tantum,
1221 5581 1334 5651 ipse
1364 5581 1510 5638 solus
1571 5585 1720 5640 novit
1752 5587 1845 5656 qui
1895 5600 1980 5646 est
2028 5593 2213 5664 cogni-

627 5672 714 5720 tor
729 5668 968 5724 omnium
1004 5679 1358 5726 secretorum.
1388 5672 1647 5740 Quamvis
1668 5674 1863 5747 aliquis
1889 5680 2056 5744 dicat,
2085 5684 2211 5753 quia

629 5753 730 5811 deo
750 5761 1102 5831 assumpserit
1127 5777 1222 5820 eos
1245 5763 1463 5834 speciali
1503 5765 1737 5837 honore,
1769 5768 1912 5828 sicut
1936 5781 1990 5828 et
2025 5789 2208 5848 supra,

2235 4545 2280 4602 Ι)

2305 1937 2403 1992 pro
2435 1933 2607 1978 morte
2639 1940 2756 1988 sua,
2789 1924 2871 1978 vel
2899 1923 2969 1986 ὠ
3009 1925 3175 1990 aliud,
3205 1942 3330 1980 eum
3375 1941 3438 1981 ex
3471 1934 3568 1980 toto
3602 1933 3786 1978 mustum

2300 2012 2486 2077 fuisse,
2535 2013 2720 2068 audiat
2749 2014 3086 2084 Apostolum,
3154 2016 3282 2084 quia
3315 2031 3406 2086 per
3470 2015 3625 2069 omnia
3665 2022 3785 2066 tenta-

2304 2116 2389 2162 tus
2430 2116 2515 2161 est
2564 2109 2859 2162 secundum
2883 2108 3316 2174 similitudinem,
3356 2117 3536 2178 praeter
3559 2107 3673 2175 quod
3695 2105 3786 2157 inse

2300 2204 2580 2264 peccatum
2615 2195 2818 2249 nullum
2846 2197 3086 2258 admisit,
3117 2206 3170 2252 et
3201 2211 3504 2267 compassus
3525 2205 3595 2248 est
3627 2191 3785 2246 inﬁrmi-

2302 2286 2504 2340 tatibus
2531 2287 2758 2350 nostris;
2788 2287 2915 2357 quia
2946 2303 3042 2358 per
3089 2289 3277 2343 omnia
3319 2286 3681 2342 similitudinem
3711 2297 3790 2336 car-

2300 2379 2384 2432 nis
2440 2379 2647 2447 peccati
2682 2378 2889 2433 habuit.
2943 2379 3094 2435 Unde
3118 2381 3299 2436 factus
3334 2391 3414 2436 est
3447 2379 3696 2436 secundum
3730 2388 3790 2428 na-

2303 2480 2480 2525 turam
2544 2472 2914 2535 humanitatis,
2946 2474 3119 2528 tristis
3143 2490 3206 2530 ac
3240 2483 3459 2537 nitntus,
3485 2481 3535 2526 et
3558 2481 3793 2526 nonsecun-

2301 2563 2427 2616 dum
2451 2565 2593 2632 quod
2625 2564 2676 2618 in
2711 2579 2776 2619 eo
2819 2574 2936 2619 erat
2961 2567 3244 2622 thesaurus
3275 2565 3554 2637 sapientiae,
3577 2579 3630 2617 ac
3670 2561 3792 2616 scien-

2303 2655 2390 2709 tiae
2423 2654 2645 2718 salutis;
2677 2655 2903 2724 ideoque
2931 2658 3007 2711 ait
3035 2658 3160 2727 quia
3199 2658 3355 2728 cepit
3392 2654 3674 2713 contristari,
3701 2646 3793 2704 utul-

2303 2746 2374 2800 tis
2397 2763 2464 2799 ex
2495 2748 2692 2810 causis,
2719 2757 2768 2801 et
2795 2758 3006 2802 maestus
3049 2766 3177 2804 esse.
3224 2749 3503 2811 Attendat,
3545 2758 3706 2816 quieso,
3735 2753 3794 2793 ca-

2304 2837 2416 2892 thol
2440 2853 2538 2893 cus
2560 2839 2789 2908 quisque
2817 2841 3053 2895 animam
3084 2841 3320 2904 Christi,
3340 2850 3394 2896 et
3412 2855 3524 2909 qua:
3560 2829 3796 2892 siutiuani-

2303 2947 2388 2984 nia
2411 2931 2636 2996 Christi,
2667 2941 2723 2986 ut
2749 2931 3014 3004 intelligat
3045 2934 3404 2988 mediatoiem
3429 2932 3579 2985 Deum
3618 2921 3794 2980 ethomi-

2302 3037 2448 3077 nem.
2484 3023 2748 3089 Quoniam
2790 3024 3087 3078 secundum
3113 3025 3502 3079 humanitatem
3538 3033 3638 3072 eam
3671 3025 3796 3069 SINC'

2304 3115 2383 3183 pit
2409 3125 2681 3180 naturam,
2709 3131 2829 3186 qua:
2857 3115 3090 3170 hominis
3112 3116 3197 3170 est
3226 3134 3236 3168 :
3275 3113 3556 3170 secundum
3581 3109 3793 3164 Deumau-

2303 3213 2429 3265 tem,
2463 3221 2523 3259 ea
2547 3206 2703 3261 estin
2740 3206 2856 3276 ipso
2906 3206 3123 3262 Christo
3172 3217 3396 3270 natura,
3441 3219 3552 3274 qua:
3589 3198 3700 3253 Deus
3727 3197 3794 3245 est.

2299 3293 2432 3349 Cum
2453 3306 2634 3351 autem
2662 3297 2728 3351 de
2755 3297 2936 3351 anima
2969 3297 3171 3353 Christi
3204 3297 3501 3368 loquimur,
3524 3293 3582 3348 de
3627 3288 3698 3342 illo
3728 3281 3794 3335 uti-

2299 3404 2404 3458 que
2440 3389 2710 3458 loquimur
2734 3391 2980 3445 rationali
3005 3392 3224 3462 spiritu,
3247 3394 3325 3448 ad
3352 3404 3505 3461 quem
3549 3400 3638 3441 non
3676 3378 3796 3436 solum

2299 3479 2440 3534 Detts
2467 3496 2564 3550 per
2583 3481 2812 3551 gratiam
2837 3483 3009 3545 venit,
3033 3483 3127 3537 sed
3149 3498 3318 3552 quem
3370 3484 3480 3552 ipsa
3531 3474 3734 3532 diViuilaS
3763 3468 3798 3520 in

2300 3575 2503 3628 unitate
2548 3589 2792 3644 persona:
2830 3578 3085 3646 suscepit.
3126 3577 3330 3631 Anima
3385 3575 3569 3646 quippe
3614 3568 3686 3624 illa
3719 3571 3799 3616 cum

2302 3667 2465 3721 verbo
2497 3682 2634 3722 unus
2663 3679 2747 3722 est
2768 3665 3038 3734 Christus,
3067 3670 3244 3724 anima
3291 3671 3378 3724 illa
3406 3684 3523 3724 cum
3544 3662 3679 3718 verbo
3709 3666 3800 3709 unus

2299 3773 2382 3817 est
2408 3764 2711 3833 unigenitus
2739 3764 2897 3819 Deus.
2923 3765 2988 3819 Et
3005 3767 3129 3836 quia
3160 3767 3478 3839 unigenitus
3502 3764 3626 3819 Deus
3642 3750 3801 3825 aequam

2300 3853 2563 3919 estPatri,
2584 3870 2686 3908 non
2702 3865 2879 3924 potest
2899 3865 3068 3910 totum
3085 3873 3190 3912 non
3217 3859 3426 3914 habere
3440 3870 3549 3928 qum
3560 3850 3704 3908 Patris
3718 3850 3802 3900 sum

2301 3955 2355 4001 et
2380 3962 2537 4002 nosse
2567 3957 2622 4002 et
2647 3947 2801 4002 velle.
2832 3948 2893 4002 Et
2917 3949 3055 4018 quia
3076 3951 3320 4008 hominis
3358 3961 3444 4007 est
3475 3948 3620 4009 ﬁlius,
3656 3942 3805 3998 consul

2304 4048 2472 4094 totum
2501 4041 2802 4110 suscepisse
2830 4043 2972 4112 quod
2996 4042 3230 4097 hominis
3267 4053 3355 4100 est
3382 4060 3412 4098 a
3443 4052 3633 4098 natura.
3661 4028 3802 4101 Elquia

2303 4129 2356 4184 in
2372 4146 2434 4186 ea
2453 4139 2595 4186 totus
2624 4131 2859 4200 Spiritus
2874 4146 3092 4190 sanctus
3113 4138 3339 4200 mansit,
3370 4136 3454 4191 cui
3477 4133 3802 4188 nonmemumnt

2301 4223 2441 4276 dedit
2474 4222 2616 4277 Deus
2662 4226 2925 4294 spiritum,
2979 4242 3170 4282 omnes
3210 4227 3457 4283 thesauri
3502 4219 3732 4294 sapientia:
3769 4217 3806 4263 Cl

2303 4314 2541 4368 scientiae
2572 4315 2624 4368 in
2647 4331 2712 4369 eo
2739 4315 2978 4382 fuerunt,
3001 4328 3055 4372 et
3083 4319 3202 4373 ideo
3232 4335 3345 4374 non
3390 4316 3558 4390 potuit
3596 4300 3805 4368 inﬁrmari.

2303 4406 2428 4460 licet
2455 4406 2594 4460 ineo
2625 4416 2813 4461 natura
2843 4408 3174 4465 inﬁrmitatis
3195 4421 3368 4476 esset,
3395 4410 3496 4466 nisi
3535 4413 3742 4476 quantum
3773 4399 3810 4444 ει

2306 4495 2358 4549 in
2391 4496 2798 4566 quibuscanque
2829 4497 3146 4554 naturaliter
3172 4501 3367 4565 rebus,
3396 4502 3509 4569 ipse
3527 4493 3685 4551 voluit.
3708 4484 3810 4541 Unde

2309 4586 2431 4657 quia
2460 4595 2684 4641 mwstus
2703 4596 2757 4641 et
2782 4588 2954 4642 tristis
3001 4588 3120 4654 fuit,
3165 4592 3312 4645 scire
3358 4597 3582 4661 oportet,
3609 4583 3710 4654 quia
3742 4586 3810 4628 "0“

2310 4692 2408 4745 pro
2429 4693 2505 4740 se,
2535 4677 2628 4731 sed
2658 4677 2841 4731 multis
2871 4693 2938 4732 ex
2961 4680 3140 4734 causis
3178 4681 3339 4736 valde
3382 4695 3480 4750 pro
3504 4675 3642 4733 nobis
3677 4663 3810 4722 doluit.

2311 4767 2574 4830 Primum,
2597 4768 2720 4836 quia
2753 4778 2873 4837 post
2918 4768 3048 4824 Adae
3079 4769 3314 4840 lapsum,
3376 4769 3594 4825 transitu
3631 4759 3718 4819 tali.
3753 4766 3814 4806 ω’

2309 4857 2393 4912 bis
2416 4873 2480 4909 ex
2513 4859 2613 4912 hoc
2643 4859 2842 4913 sazculo
2888 4859 3249 4916 recedendum
3277 4871 3419 4926 erat,
3444 4868 3501 4913 ut
3520 4854 3640 4913 mori
3659 4853 3813 4904 necesse

2311 4957 2474 5002 esset.
2499 4946 2640 5004 Deus
2663 4949 2808 5006 enim
2847 4961 3075 5006 mortem
3123 4969 3230 5007 non
3271 4951 3496 5016 fecerat,
3549 4961 3639 5003 nec
3668 4942 3717 4995 he
3735 4946 3817 5032 atur

2312 5040 2364 5093 in
2396 5040 2696 5110 perditione
2736 5042 3051 5098 viventium.
3077 5044 3142 5098 Et
3188 5045 3310 5099 ideo
3347 5043 3476 5114 jure
3526 5031 3746 5094 fastidivit
3782 5031 3816 5076 in

2312 5133 2671 5203 sesuscipere
2695 5139 2837 5206 quod
2885 5137 3091 5206 1111
3147 5137 3261 5208 ipse
3319 5154 3429 5192 non
3478 5134 3614 5190 fecit.
3660 5118 3821 5217 Videbat

2313 5225 2455 5280 enim
2486 5235 2542 5281 et
2566 5227 2790 5282 chorum
2837 5229 3228 5299 apostolorum,
3278 5245 3420 5300 quos
3468 5221 3820 5282 tanta‘enlllm‘

2317 5326 2399 5371 rat
2423 5317 2700 5388 diligentia
2731 5320 2782 5374 in
2834 5321 3012 5377 subito
3061 5322 3514 5394 dispergendum;
3569 5319 3692 5372 inter
3728 5314 3821 5374 4"“

2315 5408 2563 5464 etiamet
2598 5408 2955 5468 infelicissimi
3005 5412 3155 5469 Judae
3193 5431 3363 5470 causa
3415 5422 3530 5468 erat
3586 5397 3819 5490 dolendulttf

2316 5499 2656 5574 Quapropter
2692 5520 2799 5561 non
2855 5505 3130 5563 immerito
3175 5507 3464 5578 quaeritur,
3516 5503 3631 5557 licet
3666 5495 3747 5548 ista
3779 5487 3826 5538 sti

2316 5607 2475 5648 causa
2507 5595 2761 5663 tristitizn,
2790 5615 2887 5654 cur
2907 5615 2973 5655 eo
2995 5600 3048 5654 in
3083 5610 3351 5672 tempore,
3378 5608 3437 5655 et
3478 5608 3594 5652 cum
3637 5587 3695 5642 ad
3737 5587 3825 5636 ευ¹¹

2316 5691 2626 5757 pervenerit
2661 5691 2836 5748 locum
2859 5701 3122 5750 utoraret
3154 5695 3217 5750 ad
3241 5693 3484 5756 Patrem,
3513 5691 3563 5745 in
3603 5696 3696 5756 qth
3710 5681 3827 5747 quam

2319 5793 2460 5852 saepe
2482 5784 2777 5842 convenire
2823 5786 3018 5846 solitus
3041 5798 3200 5846 erat:
3247 5788 3382 5858 quid
3436 5793 3518 5843 est
3563 5775 3688 5851 quod
3723 5767 3826 5824 ιιωιε
