4016 6354
151 334 256 403 905
934 349 1295 409 EX'POSITIO
1328 349 1395 406 IN
1430 345 1864 405 MATTHAEUM.
1906 376 1977 388 --
2010 344 2136 401 LIB.
2175 344 2292 414 XII,
2328 346 2479 404 CAP.
2522 347 2708 405 XXVI.
3308 351 3415 415 906

149 468 260 516 tam
283 460 458 517 tristis
486 469 542 516 et
598 470 827 519 maestus
865 479 987 520 esse
1038 466 1267 521 dicitur?
1319 463 1433 519 Nisi
1477 461 1615 517 forte
1667 469 1724 514 ιιι
1754 467 1801 524 Α
1829 458 2168 528 Quapropter
2195 473 2261 513 ne
2286 458 2478 515 timeas
2516 461 2782 526 conﬁteri,
2808 462 2951 532 quod
2982 457 3411 523 in'sacramento

147 568 366 608 causam
395 554 657 609 orationis
681 564 877 611 nostrae
899 556 1252 627 exprimeret,
1301 556 1520 626 quando
1565 570 1630 608 eo
1676 554 1730 609 in
1835 560 2033 605 nostrae
2062 549 2252 605 salutis
2296 559 2399 618 est,
2441 561 2495 606 et
2543 568 2611 607 ne
2658 551 2981 641 confundas,
3008 556 3150 623 quod
3207 556 3259 611 in
3289 573 3412 628 pro-

148 650 388 713 πωροτε
434 645 747 700 contristari
795 656 1029 716 θρονιει,
1089 649 1326 702 maxime
1380 646 1587 701 duabus
1634 662 1732 717 pro
1831 642 2063 712 prietate
2113 642 2537 714 uniuscujusque
2589 653 2796 700 naturae
2845 655 2946 701 est.
3000 647 3136 715 Quia
3193 648 3260 703 ad
3308 648 3411 705 hoc

148 733 374 788 causis;
414 733 500 789 νει
540 735 668 805 quia
702 750 985 792 versamur
1028 738 1083 792 in
1135 737 1416 799 mansne]
1460 738 1584 807 quia
1639 737 1731 791 ad-
1832 732 1978 786 venit
2017 723 2266 786 Chrisins
2309 731 2485 799 .lesus,
2530 734 2670 789 Deus
2720 736 2883 790 homo
2908 734 3104 804 factus,
3138 746 3196 792 ut
3247 740 3411 795 sciret

149 826 252 880 huc
319 825 599 896 privamur
649 828 825 884 bonis.
885 828 989 883 Sed
1037 829 1162 898 quia
1213 829 1326 899 ipse
1372 828 1729 883 itmnolaudus
1823 820 1980 891 iuxta
2012 824 2328 893 prophetam
2356 825 2407 878 in
2451 825 2606 895 plaga
2637 827 2869 896 positus,
2896 839 3112 899 nostras
3150 830 3293 886 ferre
3324 832 3405 885 in-

146 924 283 980 ει-αι,
308 931 409 985 pro
445 916 617 971 salute
664 918 829 973 ιοιεηε
882 919 1086 984 mundi,
1135 920 1269 973 vidi;
1320 929 1500 974 astare
1553 934 1724 990 rcges,
1832 914 2135 980 ﬁrmitates,
2159 924 2482 985 nostrosque
2508 917 2776 973 sustinere
2808 919 3041 974 dolores.
3072 920 3138 974 Et
3167 921 3287 976 ideo
3302 938 3408 977 non

146 1016 200 1061 et
237 1007 516 1077 principes
562 1011 855 1065 convenire
905 1012 1153 1067 adversus
1192 1012 1495 1078 Dominum,
1538 1022 1583 1066 et
1633 1013 1707 1066 adt

1829 1014 1954 1058 sunt
1998 1005 2246 1061 audiendi
2285 1007 2376 1076 qui
2420 1009 2593 1077 magis
2636 1017 2912 1078 stuporem
2957 1010 3242 1067 vulnerum
3292 1012 3411 1082 ejus

146 1115 322 1155 ursus
365 1100 632 1155 Christum
669 1102 782 1172 ejus
814 1100 988 1174 (Psal.
1020 1119 1080 1169 ιι,
1109 1104 1186 1175 2).
1234 1104 1308 1159 Ea
1362 1105 1542 1161 omnia
1590 1103 1728 1161 forte

148 1189 281 1243 mala
332 1190 386 1244 in
435 1201 708 1247 momento
752 1192 910 1259 vidit,
958 1196 1254 1249 secundum
1308 1196 1722 1269 humanitatem,

151 1292 259 1347 qua:
304 1292 526 1349 semper
580 1296 765 1336 coram
817 1298 883 1337 eo
940 1293 1066 1338 sunt
1123 1286 1416 1339 secundum
1468 1286 1723 1340 divinita-

150 1379 271 1435 tem,
332 1385 455 1440 qua:
509 1371 794 1427 imminent
838 1374 1022 1445 generi
1080 1375 1347 1438 humano,
1393 1384 1448 1430 et
1494 1377 1725 1431 mundus

149 1469 447 1529 perpartes
475 1461 729 1519 admittit.
774 1463 1177 1536 Forsitan‘ergo
1201 1466 1254 1520 in
1297 1466 1525 1521 articulo
1578 1482 1722 1522 mor-

151 1550 215 1604 tis
240 1565 363 1605 su:
403 1553 707 1621 conspexit,
760 1563 819 1609 ut
862 1555 991 1617 dixi,
1040 1556 1257 1610 easdem
1304 1558 1621 1613 assistentes
1665 1558 1722 1614 in

146 1656 305 1696 una
329 1656 520 1699 aereas
545 1652 839 1714 potestates
881 1654 1067 1701 contra
1095 1662 1174 1712 se,
1220 1657 1517 1719 contraque
1554 1665 1721 1720 genus

148 1733 438 1789 humanum
469 1754 483 1789 :
516 1751 613 1806 pro
642 1738 837 1807 quibus
865 1739 1133 1804 omnibus,
1169 1755 1276 1795 non
1299 1740 1423 1807 sibi,
1472 1742 1566 1797 sed
1621 1758 1721 1814 pro

1826 1097 2123 1167 prmdicant
2172 1114 2332 1167 quam
2377 1099 2637 1166 dolorem,
2687 1111 2743 1156 et
2793 1101 2959 1157 animi
3011 1106 3184 1175 magis
3238 1106 3407 1162 simu-

1827 1185 2081 1241 lationem
2119 1204 2280 1259 quam
2313 1204 2624 1245 maerorem.

1900 1276 2044 1332 Tum:
2066 1280 2139 1333 ait
2164 1279 2268 1334 illis
2294 1297 2311 1334 :
2338 1279 2525 1336 Tristis
2549 1292 2624 1337 est
2645 1284 2824 1338 anima
2848 1301 2963 1340 mea
2999 1303 3160 1358 usque
3180 1289 3251 1342 ad
3271 1306 3412 1344 mor-

1827 1379 1968 1429 tem:
1999 1374 2249 1427 sustinete
2286 1375 2401 1440 hic,
2440 1384 2489 1428 et
2520 1376 2732 1460 vigilate
2769 1394 2992 1433 mecum.
3029 1379 3137 1436 Illis
3175 1398 3410 1454 namque

1825 1461 1974 1527 dicit,
2001 1479 2137 1533 quos
2160 1480 2344 1519 secmn
2373 1481 2437 1521 ex
2470 1467 2723 1521 omnibus
2746 1481 3134 1541 assumpserat.
3163 1473 3241 1529 Ac
3257 1475 3301 1530 si
3324 1476 3405 1530 di-

1824 1560 1973 1605 ceret
2002 1571 2015 1606 :
2048 1552 2183 1609 Nolo
2213 1571 2310 1610 vos
2338 1556 2563 1612 ulterius
2585 1560 2835 1629 progredi
2857 1578 2869 1611 :
2890 1563 3022 1619 satis
3052 1565 3123 1618 sit
3144 1566 3297 1622 vobis
3323 1550 3410 1622 vii-

1823 1642 1969 1698 disse
1999 1654 2055 1700 et
2079 1648 2295 1704 audisse
2324 1665 2410 1704 me
2452 1651 2662 1706 tristem
2698 1669 2798 1722 pro
2835 1656 3011 1721 vobis,
3054 1659 3179 1727 quia
3212 1661 3278 1714 ad
3309 1662 3412 1716 hoc

1821 1746 1919 1789 vos
1954 1751 2129 1806 usque
2162 1737 2269 1792 huc
2297 1740 2480 1793 venire
2513 1742 2756 1810 permisi,
2792 1753 2847 1797 ut
2891 1755 3055 1802 testes
3081 1748 3199 1803 sitis
3223 1765 3411 1806 eorum

145 1823 296 1878 nobis
322 1826 547 1895 gemuit,
594 1835 650 1881 et
685 1829 893 1893 oravit;
947 1845 1054 1884 non
1101 1830 1569 1903 qualitercunque,
1627 1835 1722 1891 sed
1750 1831 1798 1892 Β
1826 1840 1946 1894 quas
1976 1827 2176 1882 auditis
2215 1844 2281 1883 ex
2312 1844 2419 1896 me,
2467 1832 2597 1885 etin
2648 1834 2854 1904 meipso
2900 1838 3231 1907 conspicitis.
3273 1839 3411 1895 Nam

141 1915 404 1985 prolixius
425 1916 480 1971 in
501 1918 714 1988 agonia,
754 1920 827 1975 ita
850 1930 909 1974 ut
928 1930 1077 1991 gutta
1099 1923 1375 1995 sanguinis
1397 1925 1463 1978 ab
1490 1939 1573 1989 eo,
1609 1940 1720 1995 prae

139 2005 338 2062 sudore
356 2006 580 2074 laboris,
613 2009 667 2064 in
695 2019 897 2065 terram
922 2012 1207 2078 deciderit,
1237 2023 1294 2068 ut
1322 2015 1504 2068 omnia
1563 2017 1719 2072 nobis

142 2099 500 2166 adversantia,
524 2116 622 2171 pro
652 2103 807 2158 nobis
831 2104 1030 2169 oblata,
1060 2121 1156 2160 sua
1186 2120 1350 2176 prece
1393 2107 1709 2176 depelleret.

147 2188 480 2245 Tristabatur
515 2192 680 2247 etiam
721 2201 777 2248 et
812 2208 913 2264 pro
960 2192 1179 2259 Judeeis,
1231 2211 1367 2265 quos
1410 2197 1719 2267 specialiter

141 2281 243 2337 sibi
278 2283 510 2355 elegerat
536 2284 592 2339 in
619 2284 895 2355 populum,
921 2296 977 2341 et
1009 2289 1310 2343 enutrierat
1332 2304 1496 2359 quam
1543 2290 1715 2346 dulci-

144 2383 253 2441 ter;
282 2377 535 2446 quoniam
559 2379 814 2433 cernebat
837 2392 931 2434 eos
956 2394 1143 2434 omnes
1172 2380 1225 2434 in
1249 2379 1364 2449 ejus
1391 2396 1717 2437 concurrere

146 2476 384 2522 mortem.
420 2466 533 2523 Nec
559 2468 722 2539 igitur
743 2470 964 2534 mirum,
994 2472 1039 2525 si
1094 2486 1194 2540 pro
1242 2474 1327 2527 bis
1389 2474 1561 2529 tristis
1610 2488 1710 2540 est,

143 2575 294 2630 quem
316 2576 414 2633 pro
444 2562 531 2617 his
557 2577 721 2632 supra
764 2560 979 2618 ﬂevisse
1032 2564 1279 2635 legimus.
1330 2564 1441 2621 Hoc
1493 2568 1713 2638 quippe,

145 2650 351 2717 fratres,
374 2668 634 2724 magnum
660 2661 745 2708 est
772 2663 1194 2721 sacramentum,
1217 2656 1360 2725 quod
1380 2655 1546 2723 ﬂevit,
1570 2658 1713 2728 quod

146 2743 306 2799 tristis
341 2752 394 2799 et
424 2754 653 2799 maestus
673 2744 798 2810 fuit,
857 2760 921 2801 ac
947 2746 1138 2801 doluit.
1177 2747 1328 2802 Unde
1384 2763 1493 2803 non
1539 2749 1712 2804 solum

146 2833 435 2899 defendere,
460 2818 578 2890 base
597 2835 778 2891 omnia
814 2849 913 2906 pro
945 2836 1104 2893 nobis
1133 2852 1239 2892 non
1259 2838 1457 2910 egisse,
1480 2856 1588 2895 non
1620 2841 1712 2896 de-

144 2925 341 2993 bemus,
360 2929 506 2984 sicut
550 2929 767 2999 quidam
816 2929 1082 2998 fecerunt,
1109 2948 1296 2988 verum
1326 2934 1490 2989 etiam
1538 2934 1709 2991 conﬁ-

151 3018 313 3074 teriet
339 3020 539 3088 dicere,
567 3022 708 3091 quod
731 3038 829 3093 pro
850 3025 1009 3080 nobis
1038 3024 1209 3081 doluit
1256 3034 1312 3082 et
1354 3029 1710 3085 contristatus

144 3118 244 3173 est,
271 3111 355 3180 qui
382 3127 482 3181 pro
507 3126 568 3169 se
588 3129 694 3168 non
728 3114 919 3171 habuit
941 3117 1084 3184 quod
1108 3115 1334 3184 doleret,
1359 3135 1532 3189 neque
1574 3121 1706 3188 ullo,

1820 1918 1945 1988 quia
1996 1928 2236 1991 coeperat
2304 1922 2619 1978 contristari
2662 1934 2717 1979 et
2769 1937 2996 1983 moestus
3048 1944 3168 1985 esse
3222 1930 3407 2002 (verba

1822 2008 2061 2065 Matthaei
2090 2012 2237 2081 sunt)
2262 2027 2382 2082 quas
2423 2013 2523 2082 ipsi
2551 2022 2660 2069 tres
2693 2010 2864 2071 oculis
2907 2029 3333 2090 conspexerant:
3355 2029 3411 2076 et

1820 2102 1963 2170 quod
1994 2102 2060 2157 de
2089 2118 2149 2158 se
2174 2103 2316 2158 ultra
2350 2105 2594 2174 protulit,
2621 2108 2786 2162 tristis
2808 2117 2883 2162 est
2904 2111 3083 2165 anima
3113 2128 3229 2167 mea
3248 2129 3411 2183 usque

1820 2192 1890 2246 ad
1916 2203 2157 2260 mortem,
2206 2195 2307 2264 ipsi
2339 2197 2563 2253 auribus
2611 2200 2680 2254 ab
2729 2215 2795 2256 eo
2839 2201 3145 2259 audierant.
3176 2205 3245 2260 Et
3285 2206 3408 2264 ideo

1819 2299 1925 2338 non
1957 2284 2074 2339 sine
2096 2301 2257 2341 causa
2287 2301 2381 2342 eos
2405 2303 2645 2359 eousque
2675 2292 2981 2348 adduxerat
3005 2295 3162 2364 quasi
3193 2295 3403 2352 ﬁrmio-

1819 2372 1982 2427 resin
2009 2387 2182 2442 agone
2207 2376 2540 2442 certaminis,
2559 2378 2653 2433 sed
2672 2387 2731 2433 ut
2750 2395 2873 2436 cum
2898 2396 2987 2447 eo,
3011 2382 3140 2439 licet
3164 2385 3399 2459 alonge,

1817 2461 2127 2518 laborarent
2156 2465 2353 2535 vigiliis
2382 2475 2438 2521 et
2462 2468 2823 2525 orationibus.
2853 2469 2966 2526 Illis
2993 2473 3212 2542 quidem
3234 2491 3401 2546 supra

1809 2551 1965 2622 juxta
2014 2553 2344 2623 Matthzeum,
2402 2559 2589 2614 sedere
2628 2568 2832 2616 tantum
2856 2561 3033 2631 jubet,
3076 2565 3197 2622 istis
3222 2578 3406 2625 autem

1816 2643 2044 2713 vigilare
2085 2654 2139 2699 et
2166 2661 2326 2702 orare
2351 2664 2475 2703 eum
2502 2665 2586 2715 eo,
2614 2666 2678 2705 ac
2704 2652 2749 2707 si
2778 2653 3076 2724 participes
3121 2658 3258 2713 tanti
3288 2660 3401 2715 dis-

1815 2733 2079 2790 criminis.
2112 2734 2274 2792 .lnbet
2315 2746 2495 2795 tamen
2521 2749 2576 2796 et
2610 2756 2705 2796 eos
2738 2758 2960 2800 manere
2998 2746 3053 2800 in
3080 2762 3178 2803 suo
3204 2752 3402 2821 gradu,

1815 2835 1874 2880 ut
1922 2829 2297 2900 unusquisque
2352 2831 2407 2886 in
2453 2832 2576 2888 loco
2629 2843 2685 2889 et
2740 2843 2890 2892 sorte
2947 2840 3248 2897 vocationis
3290 2858 3403 2899 sure

1815 2922 2115 2977 consistere
2162 2924 2355 2989 discat,
2403 2942 2471 2981 ne
2514 2927 2702 2984 altiora
2756 2946 2815 2986 se
2862 2943 3090 3002 quaerat.
3135 2934 3403 3003 Quoniam

1816 3024 2005 3068 eorum
2042 3021 2096 3068 et
2125 3016 2367 3070 omnium
2407 3018 2581 3089 gratia
2625 3019 2752 3076 licet
2804 3023 2878 3078 sit
2932 3040 3148 3097 magna,
3181 3042 3397 3099 semper

1819 3104 2030 3174 1113
2077 3104 2324 3161 Christus
2367 3109 2620 3165 omnibus
2662 3121 2746 3167 est
2791 3112 2984 3183 major,
3013 3117 3168 3188 cujus
3199 3118 3388 3190 singu-

145 3215 209 3255 εχ
228 3217 325 3272 quo
348 3205 763 3261 οοηιτῖειπθιυι.
793 3204 1011 3272 mea“,
1036 3207 1129 3278 qui
1148 3222 1246 3277 pro
1270 3186 1521 3265 οηηιίιίηε
1543 3186 1707 3267 etiam
1736 3186 1783 3249 C
1815 3194 2023 3261 laritas,
2055 3196 2184 3267 quia
2213 3199 2357 3253 Deus
2376 3208 2482 3265 est,
2534 3202 2752 3258 excellit
2793 3206 3093 3263 universos.
3123 3208 3276 3266 Unde
3306 3225 3398 3268 se-

145 3294 271 3349 mori
299 3296 639 3352 voluit.’Cur
679 3312 810 3369 ergo
871 3313 980 3352 non
1034 3297 1371 3355 conﬁdenter
1433 3300 1709 3357 tristitiam

143 3384 274 3455 ejus,
298 3402 387 3442 seu
414 3388 749 3452 maestitiam,
786 3396 841 3443 et
863 3388 1106 3443 dolorem
1146 3405 1251 3444 non
1319 3390 1576 3460 praedico,
1614 3392 1708 3463 qui

146 3477 393 3551 lacrymas
415 3479 534 3550 ejus
554 3489 611 3535 et
638 3489 867 3536 mortem
904 3481 1060 3553 lego?
1095 3480 1229 3536 Nam
1258 3484 1507 3553 quamvis
1530 3484 1708 3557 lacry-

144 3586 340 3626 marum
363 3571 596 3629 oliicium
625 3572 680 3627 in
701 3588 934 3644 corpore
960 3574 1055 3640 sit,
1095 3574 1262 3629 animi
1293 3583 1475 3630 tamen
1513 3590 1608 3632 eas
1651 3578 1705 3632 in

147 3660 431 3718 ministerio
458 3664 703 3733 corporis
730 3660 956 3719 fundere
984 3672 1098 3730 est;
1133 3665 1260 3734 quia
1284 3666 1440 3735 quasi
1484 3667 1705 3736 quidam

144 3753 296 3807 animi
323 3769 520 3810 maeror
543 3770 639 3810 eas
667 3754 800 3811 foris
827 3756 1077 3811 exsudat.
1101 3757 1306 3812 Idcirco
1332 3757 1423 3812 ubi
1453 3758 1706 3831 lacrymze

142 3844 513 3913 pmdieantur,
546 3846 702 3903 dolor
724 3856 778 3902 et
806 3848 1085 3914 mmstitia,
1117 3847 1284 3904 fuisse
1311 3849 1551 3916 omnino,
1596 3864 1703 3905 non

142 3934 252 3988 dico
313 3935 668 4003 defendenda,
724 3954 911 3994 verum
966 3940 1132 3995 etiam
1196 3941 1533 4010 prmdicanda
1597 3951 1700 3998 est.

143 4022 274 4095 Ergo
334 4027 422 4097 qui
482 4041 701 4083 crucem
760 4035 816 4083 et
863 4037 1093 4084 mortem
1161 4031 1435 4099 praedicat,
1490 4032 1703 4103 1112

144 4116 345 4172 stultum
391 4127 476 4175 est
534 4126 594 4173 ut
656 4118 896 4174 dolorem
935 4128 990 4174 et
1035 4134 1298 4177 mcerores
1346 4132 1524 4193 neget.
1567 4124 1703 4191 Quia

145 4205 367 4265 Christus
427 4226 536 4266 non
584 4211 822 4281 speciem
880 4212 1292 4281 incarnationis,
1357 4216 1442 4269 vel
1506 4217 1697 4290 imagi-

145 4299 215 4354 nis
253 4303 506 4373 suscepit,
552 4303 648 4359 sed
696 4303 1002 4371 veritatem,
1044 4320 1151 4360 non
1178 4315 1237 4361 ut
1265 4321 1364 4377 pro
1390 4322 1449 4361 se
1474 4307 1698 4375 doleret,

144 4390 439 4456 quinnllam
491 4392 545 4446 in
593 4407 652 4448 se
684 4394 922 4464 suscepit
965 4409 1185 4450 causam
1237 4397 1457 4463 doloris,
1509 4398 1603 4454 sed
1644 4407 1704 4454 ut

143 4491 227 4545 pro
275 4498 356 4538 me
409 4492 711 4555 pateretur,
766 4486 1010 4556 mihique
1056 4487 1262 4543 doleret
1313 4496 1370 4543 et
1417 4505 1524 4545 non
1572 4490 1697 4545 sibi.

1814 3288 2036 3358 quitur:
2071 3289 2141 3343 Et
2187 3308 2492 3362 progressus
2530 3295 2780 3364 pusillum
2823 3300 3045 3368 procidit
3090 3302 3145 3355 in
3203 3302 3393 3372 faciem

1812 3394 1987 3444 suam,
2041 3380 2269 3436 adorans
2309 3392 2357 3436 et
2407 3384 2602 3439 dicens.
2655 3386 2793 3443 Ecce
2834 3404 2932 3444 cur
2978 3392 3227 3449 eduxerit
3280 3388 3395 3463 eos,

1811 3470 2072 3534 ostendit,
2104 3480 2164 3525 ut
2191 3471 2405 3526 discant
2458 3488 2563 3529 non
2594 3475 2660 3531 de
2695 3492 2755 3533 se
2784 3478 3002 3535 incaute
3047 3498 3397 3552 praesumere,

1812 3560 1907 3615 sed
1939 3560 2141 3632 vigiliis
2160 3570 2214 3618 et
2228 3564 2563 3622 orationibus
2590 3569 2741 3639 prius
2768 3571 3077 3641 impetrare,
3102 3578 3395 3635 utvideant

1810 3653 2195 3723 et-intelligant
2244 3657 2335 3712 ubi
2382 3666 2498 3723 est,
2544 3667 2599 3714 et
2630 3676 2913 3732 quousque
2951 3682 3112 3737 posse
3157 3671 3393 3729 hominis

1809 3743 1897 3834 sit,
1930 3742 2017 3798 vel
2041 3746 2310 3814 quomodo
2360 3748 2652 3818 impetrare
2698 3754 2947 3810 debeant.
2992 3756 3226 3816 Videant
3266 3764 3391 3834 qui-

1808 3832 1931 3889 dem
1962 3834 2244 3891 cadentem
2272 3846 2328 3893 et
2380 3840 2697 3899 adorantem
2751 3845 2805 3900 in
2851 3845 3049 3905 faciem
3103 3832 3301 3920 suam,“
3336 3867 3395 3914 et

1809 3924 2031 3980 audiant
2065 3926 2334 3983 dicentem
2362 3948 2375 3984 :
2412 3928 2593 4000 Pater,
2618 3936 2665 3988 si
2706 3938 2951 4005 possibile
2972 3950 3067 4007 est,
3098 3951 3331 4003 transeat
3361 3966 3395 4004 α

1805 4029 1888 4068 me
1909 4014 2049 4070 calix
2069 4016 2186 4071 iste.
2233 4017 2526 4077 Oeaeleste
2581 4025 2976 4094 magisterium,
3014 4039 3069 4086 et
3122 4035 3392 4094 medicina

1806 4105 2029 4163 salutis!
2060 4107 2200 4165 Ecce
2229 4120 2418 4167 contra
2458 4121 2620 4170 tautae
2667 4118 2911 4175 audaciae
2951 4122 3197 4179 morbum
3228 4128 3390 4198 quale

1806 4197 2128 4265 antidotum,
2152 4209 2213 4255 ut
2233 4202 2445 4258 discant
2465 4220 2573 4260 non
2605 4206 2673 4262 de
2693 4223 2753 4264 se
2803 4225 2999 4282 magna
3043 4197 3259 4286 sapere,
3293 4220 3389 4275 sed

1804 4284 2039 4342 humana
2059 4290 2329 4347 aestimare
2346 4335 2360 4359 ,
2391 4309 2493 4350 nec
2511 4294 2724 4353 veloces
2747 4312 2866 4354 esse
2894 4299 2962 4355 ad
2978 4284 3265 4372 promissa,
3289 4309 3388 4365 sed

1804 4375 2023 4432 solliciti
2049 4378 2117 4434 ad
2145 4381 2503 4451 impetranda.
2533 4385 2736 4443 Etideo
2757 4388 2896 4445 forte
2923 4394 3385 4465 prudentioribus,

1803 4473 1889 4528 vel
1928 4474 2242 4531 fortioribus
2265 4477 2315 4531 in
2345 4476 2448 4533 ﬁde
2472 4478 2573 4533 ista
2596 4484 2883 4539 ostendere
2909 4486 3100 4552 voluit,
3135 4498 3194 4543 ut
3226 4506 3386 4548 nemo

148 4542 278 4624 Sicut
305 4580 359 4626 et
392 4542 526 4629 mihi
570 4584 816 4630 mortuus
860 4542 965 4641 est,
1016 4584 1073 4630 et
1107 4592 1206 4647 pro
1259 4592 1366 4643 me,
1411 4587 1471 4633 ut
1502 4595 1587 4635 me
1635 4580 1701 4635 de

1812 4564 2120 4621 mortalium
2142 4566 2280 4621 ultra
2307 4568 2375 4622 de
2394 4584 2454 4623 se
2481 4584 2808 4639 praesumere
2832 4578 3024 4645 possit.
3072 4577 3259 4635 Tristis
3284 4594 3386 4649 est,

150 4671 302 4717 morte
327 4663 392 4717 ad
418 4664 587 4719 vitam
619 4675 917 4736 repararet.
951 4667 1018 4721 Et
1047 4668 1169 4724 ideo
1200 4668 1343 4725 Deus
1369 4678 1541 4726 totum
1574 4687 1697 4727 sus-

147 4753 270 4821 cepit
308 4756 604 4823 hominem,
635 4757 773 4812 utin
802 4773 869 4814 eo
909 4758 1026 4813 haec
1055 4759 1238 4814 omnia
1264 4758 1552 4830 perferret,
1578 4778 1698 4832 quae

151 4841 192 4895 in
215 4858 271 4898 se
319 4846 427 4915 pati
472 4862 580 4901 non
610 4855 859 4918 poterat;
886 4850 1010 4918 quia
1052 4863 1118 4904 ex
1152 4858 1264 4906 toto
1294 4850 1615 4906 immortalis
1642 4859 1698 4906 et

146 4930 467 5005 impassibilis
492 4947 630 4995 erat.
662 4939 730 4994 Et
760 4940 880 4997 ideo
916 4956 1023 4996 non
1051 4942 1222 4998 tristis
1246 4958 1388 5009 sum,
1418 4944 1512 4999 sed
1533 4944 1693 4998 tristis

146 5038 203 5080 est
228 5032 400 5086 anima
435 5048 573 5087 mea.
604 5031 684 5089 Ac
710 5049 811 5105 per
836 5035 958 5100 hoc,
992 5035 1164 5091 ﬁdelis
1187 5035 1418 5097 auditor.
1449 5037 1697 5093 discerne

146 5114 349 5190 singula,
389 5130 445 5176 et
470 5122 713 5194 intellige
753 5124 1073 5194 prudenter,
1105 5140 1173 5180 ne
1201 5125 1254 5179 in
1305 5125 1484 5196 aliquo
1515 5127 1696 5182 divina

145 5209 418 5267 confundas
456 5222 817 5269 sacramenta.
849 5213 984 5282 Quia
1006 5215 1109 5271 etsi
1136 5231 1280 5271 unus
1317 5227 1401 5271 est
1425 5215 1694 5284 Christus,

142 5291 185 5349 in
219 5315 285 5357 eo
324 5303 480 5375 plura
526 5315 654 5359 sunt
698 5306 878 5361 divina
928 5307 1203 5378 mysteria.
1274 5307 1412 5363 Ecce
1467 5322 1697 5378 regnans

138 5396 367 5464 moritur,
396 5406 453 5451 et
492 5407 739 5454 mortuus
768 5408 987 5470 regnat;
1015 5400 1154 5455 Ecce
1179 5401 1270 5470 qui
1298 5409 1422 5454 ante
1460 5400 1696 5455 tribunal

130 5473 309 5543 iudicis
350 5489 537 5559 inique
568 5490 875 5556 damnatur,
922 5492 976 5546 in
1009 5492 1148 5547 cmlo
1192 5491 1307 5546 Rex
1352 5501 1406 5547 et
1431 5492 1696 5563 gloriosus

134 5574 307 5633 setlere
355 5578 620 5634 creditur.
683 5579 749 5634 Et
795 5582 887 5650 qui
940 5583 1171 5651 patitur,
1226 5583 1278 5635 in
1333 5592 1691 5647 sacramento,

129 5653 259 5722 ﬁlius
279 5669 535 5735 hominis,
566 5670 680 5740 ipse
706 5680 791 5726 est
814 5670 983 5728 Filius
1011 5672 1126 5736 Dei,
1168 5672 1259 5742 qui
1294 5674 1348 5727 in
1375 5687 1440 5726 eo
1470 5674 1691 5743 patitur,

126 5761 300 5819 etnon
330 5764 385 5819 in
417 5778 497 5829 se,
523 5764 647 5834 quia
672 5762 815 5821 Deus
835 5772 890 5819 et
933 5765 1096 5822 homo
1133 5780 1272 5821 unus
1312 5774 1395 5821 est
1420 5764 1690 5820 Christus.

437 5858 707 5918 Ρηιιοι..
753 5856 953 5921 CXX.

1808 4655 2003 4726 inquit,
2037 4659 2214 4712 anima
2244 4674 2357 4712 mea
2380 4663 2627 4731 usquead
2653 4674 2905 4732 mortem;
2935 4671 3076 4740 quod
3114 4683 3387 4730 monstra-

1806 4749 1967 4804 batur
1994 4751 2049 4805 in
2075 4751 2225 4805 vultu
2271 4753 2486 4821 quando
2522 4757 2687 4824 coepit
2711 4759 3043 4828 contristari,
3076 4770 3306 4820 testatur
3330 4768 3385 4822 in

1808 4855 1940 4894 voce
1988 4855 2109 4894 cum
2166 4841 2241 4896 ait
2285 4859 2297 4895 :
2339 4842 2523 4899 Tristis
2576 4857 2650 4900 est
2705 4850 2886 4906 anima
2938 4869 3053 4907 mea
3106 4871 3269 4927 usque
3312 4860 3383 4912 ad

1804 4937 2043 4983 mortem.
2079 4930 2145 4985 Et
2167 4931 2211 4985 si
2248 4932 2427 4986 anima
2463 4932 2578 5003 ejus
2606 4937 2881 4995 tristitiam
2913 4942 3139 5015 recepit,
3198 4947 3386 5018 utique

1802 5030 1857 5078 et
1882 5037 2010 5078 caro
2033 5022 2273 5078 dolorem
2307 5026 2498 5091 sensit,
2526 5028 2653 5098 quia
2681 5046 2809 5087 vere
2848 5032 3071 5090 vulnera
3114 5043 3169 5091 et
3196 5035 3385 5109 plagas

1800 5115 2054 5185 suscepit.
2078 5114 2321 5169 Primum
2352 5118 2572 5174 audiant
2613 5120 3033 5192 Apollinaristae,
3065 5127 3157 5197 qui
3197 5127 3389 5185 dicunt

1799 5206 2032 5260 animam
2049 5222 2156 5262 non
2180 5207 2433 5264 habuisse
2451 5208 2663 5278 Iesum;
2690 5213 2882 5271 deinde
2905 5218 3085 5273 caeteri
3116 5220 3382 5289 haeretici,

1800 5297 1890 5365 qui
1915 5297 2260 5367 suspicantur
2298 5299 2728 5359 irrationabilem
2774 5308 3067 5376 sumpsisse
3114 5312 3378 5381 animam,

1798 5390 2068 5458 quomodo
2090 5391 2325 5459 potuerit
2354 5394 2687 5449 contristari.
2713 5395 2847 5463 Quia
2866 5401 3117 5469 quamvis
3143 5412 3198 5458 et
3218 5405 3381 5461 bruta

1801 5482 2082 5535 videantur
2109 5483 2418 5539 mtestitiam
2448 5486 2688 5556 recipere
2714 5489 2987 5556 animalia,
3037 5508 3171 5548 non'
3196 5496 3381 5551 sciunt

1799 5585 1979 5629 tamen
2014 5584 2221 5645 tempus
2245 5577 2477 5632 tristitia:
2525 5594 2656 5645 suas,
2684 5589 2739 5634 et
2764 5597 2981 5637 causam
3024 5585 3246 5642 doloris.
3277 5587 3379 5645 Hic

1798 5676 1979 5721 autem
2007 5682 2175 5737 usque
2206 5670 2271 5722 ad
2322 5670 2464 5738 quod
2504 5669 2696 5725 debeat
2740 5675 3076 5743 contristari,
3116 5688 3369 5745 testatur,

1797 5770 1851 5815 et
1887 5774 2105 5814 causam
2139 5760 2407 5814 maestitia:
2456 5776 2567 5815 sum
2618 5763 2800 5818 multis
2841 5765 3079 5823 declarat
3136 5769 3370 5827 indiciis.

2783 5855 2861 5916 29
