4016 6354
1449 295 1509 352 8.
1547 294 1907 353 PASCHASII
1946 295 2296 355 RADBERTI
2333 296 2622 355 ABBATIS
2659 296 3108 357 COBBEIENSIS
3701 310 3774 369 ιω

641 410 760 468 Non
780 409 928 469 enim
954 409 1054 479 ait,
1083 411 1257 469 tristis
1300 418 1384 468 est
1414 412 1593 466 anima
1643 427 1760 467 mea
1806 422 2027 482 propter
2068 394 2221 467 'tnor-
2248 418 2295 477 Α
2324 414 2465 469 calix
2490 416 2611 479 iste,
2659 414 2752 469 sed
2775 432 2806 470 α
2837 432 2941 469 me.
2964 412 3226 483 Quoniam
3255 414 3387 471 aliud
3410 431 3515 473 esse
3545 420 3778 492 videtnr,ti

642 512 775 569 tem,
807 502 900 559 sed
924 518 1087 574 usque
1115 503 1184 557 ad
1230 512 1466 557 mortem.
1499 501 1651 557 Unde
1708 503 1928 574 quidam
1991 504 2223 559 eximius

641 596 852 659 doctor,
884 594 928 649 si
961 594 1028 649 de
1055 602 1230 649 morte
1264 603 1404 657 erat,
1440 594 1633 665 inquit.
1676 595 1775 648 ista
1832 594 2071 657 tristitia,
2132 594 2224 664 qui

644 687 842 743 adhoc
870 695 1088 742 venerat
1132 696 1193 741 ut
1220 695 1446 742 mortem
1494 694 1789 754 pateretur,
1845 701 1944 741 nec
1990 686 2221 750 aliunde,

644 778 832 833 debuit
861 779 1045 849 utique
1067 792 1289 834 causam
1320 778 1385 831 ad
1417 777 1666 832 eamdem
1717 774 1921 832 referre
1974 785 2224 842 mortem,

646 887 742 942 per
769 887 930 942 quam
960 881 1077 927 erat
1104 886 1385 941 passurus,
1413 878 1469 925 et
1512 884 1641 933 non,
1670 884 1840 938 usque
1871 870 1938 924 ad
1966 883 2108 933 eam,
2141 868 2225 922 di-

646 976 771 1017 cere
792 978 851 1018 se
882 962 1106 1018 tristari.
1141 962 1405 1029 Quoniam
1428 959 1573 1014 aliud
1602 968 1705 1023 est,
1749 958 1943 1029 inquit,
1968 972 2140 1027 usque
2160 957 2229 1012 ad

649 1051 725 1116 id,
786 1061 839 1109 et
870 1052 1015 1107 aliud
1063 1053 1131 1106 ob
1167 1052 1219 1106 id
1252 1062 1502 1106 moestum
1535 1065 1689 1115 esse;
1719 1050 1846 1119 quia
1889 1049 1981 1104 ubi
2010 1057 2229 1119 prepter

616 1130 880 1199 'mortem
916 1146 1130 1200 tristitia
1157 1154 1261 1207 est,
1302 1144 1410 1199 illic
1451 1144 1565 1214 ipsa
1594 1158 1739 1198 mors
1790 1156 1955 1198 causa
1999 1141 2229 1196 tristitiae

649 1246 734 1294 est
798 1256 811 1291 :
864 1237 957 1292 ubi
1015 1252 1143 1291 vero
1187 1250 1355 1306 usque
1404 1237 1471 1290 ad
1526 1243 1753 1290 mortem
1836 1245 1937 1296 est,
1983 1234 2053 1288 ibi
2085 1248 2232 1289 mors

650 1345 757 1385 non
778 1329 888 1400 jam
912 1344 1093 1393 causa,
1132 1328 1225 1382 sed
1272 1327 1393 1381 linis
1430 1335 1532 1383 est.
1564 1326 1696 1393 Quia
1745 1326 1887 1395 quod
1918 1325 1971 1380 in
1997 1325 2102 1380 fine
2124 1333 2227 1386 est.

652 1434 870 1476 causam
897 1422 1083 1475 mortis
1107 1435 1210 1474 non
1250 1418 1391 1474 facit.
1436 1418 1551 1473 Non
1582 1427 1663 1472 est
1688 1433 1816 1485 ergo
1841 1415 2232 1471 elaborandum

652 1509 793 1566 forte
824 1512 963 1581 quod
994 1526 1097 1564 non
1130 1509 1377 1571 doluerit,
1418 1508 1561 1577 quod
1592 1522 1696 1561 non
1734 1505 1895 1560 fuerit
1932 1504 2120 1566 tristis,
2138 1519 2233 1557 seu

653 1610 902 1663 mmstus,
941 1601 1022 1656 vel
1070 1610 1262 1656 caetera
1301 1598 1627 1667 hujusmotli,
1667 1598 1761 1652 sed
1806 1597 1933 1667 quia
1969 1611 2075 1650 non
2104 1609 2233 1666 pro-

653 1702 773 1762 pter
794 1700 1042 1747 mortem.
1070 1691 1150 1746 Ad
1181 1692 1281 1745 hoc
1307 1691 1503 1760 quippe
1534 1697 1786 1752 venerat,
1813 1702 2019 1756 suaque
2043 1695 2236 1756 sponte

2324 522 2383 563 se
2414 515 2671 569 transeat,
2703 515 2761 560 ut
2809 508 2925 577 ipse
2954 523 2986 561 a
3034 506 3286 562 molestiis
3328 513 3612 567 transeuntis
3646 516 3781 574 calicis

2324 598 2645 669 excipiatur,
2683 607 2737 651 et
2764 597 2906 651 aliud
2943 606 3058 652 uta
3090 613 3149 652 se
3191 606 3414 653 transeat
3448 617 3507 656 ne
3546 604 3620 657 sit.
3640 603 3727 661 Non
3743 616 3785 663 ut

2327 694 2441 765 ipse
2461 699 2812 762 prteterealur
2863 706 2931 747 ne
2982 690 3129 745 illum
3168 689 3310 745 bibat
3343 692 3391 746 in
3433 708 3570 761 quem
3607 696 3783 763 devenit,

2325 786 2490 841 etiam
2521 784 2572 837 in
2594 798 2658 838 eo
2686 791 2824 848 erat,
2849 784 2948 837 sed
2975 791 3033 837 ut
3065 798 3095 836 a
3138 797 3213 847 se,
3253 797 3318 838 ne
3359 783 3409 837 in
3439 783 3621 840 Judatos
3659 788 3785 843 cadat.

2330 877 2436 932 Seu
2465 875 2640 937 aliter,
2665 882 2724 927 ut
2751 890 2780 928 a
2817 890 2904 928 me
2932 882 3172 928 transeat
3202 874 3252 928 in
3270 889 3376 939 eos,
3408 875 3455 930 id
3480 886 3551 931 est
3586 882 3788 946 quomodo

2328 982 2359 1021 a
2389 981 2474 1019 me
2516 964 2735 1027 bibitur,
2759 964 2840 1017 sic
2860 973 2916 1017 et
2947 964 3016 1018 ab
3046 963 3149 1028 his,
3197 978 3313 1018 cum
3353 964 3484 1018 omni
3530 965 3700 1037 1115
3726 983 3791 1037 spe

2330 1050 2499 1103 venite
2521 1059 2575 1105 et
2609 1067 2731 1108 cum
2762 1052 2907 1107 omni
2946 1051 3140 1106 fiducia
3162 1051 3363 1107 salutis.
3409 1051 3625 1122 Alioquin
3648 1056 3791 1125 impos-

2330 1142 2484 1198 sibile
2512 1154 2630 1198 erat
2654 1160 2758 1199 non
2789 1145 2900 1214 pati
2928 1144 3221 1199 Christum.
3252 1143 3482 1213 Nunquid
3495 1158 3606 1211 ergo
3623 1146 3708 1213 pati
3730 1160 3797 1200 no-

2332 1233 2497 1298 lebat,
2521 1235 2612 1304 qui
2644 1235 2805 1305 paulo
2857 1237 3103 1305 superius
3161 1235 3461 1305 sanguinem
3504 1236 3702 1304 corporis
3737 1236 3793 1290 sui

2331 1321 2660 1379 fundendum
2685 1324 2737 1379 in
2756 1324 3127 1379 remissionem
3143 1332 3489 1394 peccatorum,
3506 1325 3798 1379 consecrarat!

2332 1415 2483 1483 Quod
2517 1417 2560 1472 si
2592 1417 2784 1487 aliquis
2801 1417 2936 1472 ultra
2958 1417 3323 1472 cententiosus
3350 1430 3462 1471 esse
3479 1415 3682 1477 voluerit,
3698 1415 3796 1485 quod

2332 1505 2589 1569 oraverit,
2618 1521 2684 1560 ne
2710 1517 2938 1560 mortem
2969 1515 3230 1578 gustaret,
3249 1505 3482 1575 quamvis
3506 1504 3798 1575 prtescitalue-

2334 1596 2405 1650 rit
2423 1596 2489 1650 ab
2513 1595 2631 1666 ipso
2651 1604 2705 1650 et
2724 1597 3090 1666 pronuntiata,
3119 1597 3257 1650 sciat
3278 1594 3415 1665 quod
3442 1610 3530 1650 nec
3544 1609 3628 1648 nos
3647 1595 3686 1646 id
3705 1592 3799 1647 mul-

2336 1693 2449 1740 tum
2472 1701 2749 1756 negamus.
2767 1686 2899 1753 Quia
2914 1702 3015 1741 nec
3037 1686 3233 1740 mirum
3257 1686 3299 1739 si
3322 1685 3465 1755 quasi
3479 1685 3615 1738 homo
3639 1691 3799 1738 mortem

653 1782 926 1851 suscipere
951 1797 1071 1836 eam
1105 1789 1322 1851 paratus
1351 1791 1490 1845 erat,
1518 1779 1585 1834 ad
1612 1794 1773 1848 quam
1808 1792 1940 1833 suos
1977 1779 2233 1833 cxborta-
2261 1780 2308 1842 Β
2337 1784 2574 1840 recusat,
2606 1776 2696 1845 qui
2725 1778 2876 1845 quasi
2924 1776 3063 1831 Deus
3099 1777 3416 1830 sententiam
3451 1789 3585 1829 suam
3608 1784 3652 1828 et
3673 1773 3802 1828 volun-

657 1875 813 1929 batur
841 1874 1057 1928 obviam
1096 1872 1197 1936 ire,
1217 1881 1269 1925 et
1297 1872 1409 1940 ipse
1436 1870 1733 1939 intrepidus
1756 1869 1900 1934 ibat;
1928 1868 2069 1925 sicut
2087 1868 2234 1924 enim

656 1965 772 2018 alite
804 1965 982 2017 multae
1014 1979 1192 2018 causae
1221 1963 1287 2016 de
1332 1962 1529 2032 quibus
1559 1960 1671 2030 jam
1721 1960 1855 2025 dixi,
1888 1975 1988 2030 pro
2038 1959 2235 2030 quibus

656 2069 783 2108 vere
809 2052 1021 2125 1114
1045 2054 1217 2108 tristis
1241 2061 1298 2107 et
1346 2062 1572 2107 mlestus
1597 2061 1734 2108 erat.
1788 2051 1897 2107 Nec
1935 2059 2116 2106 tamen
2142 2051 2237 2105 ab-

665 2143 852 2198 horret
896 2159 923 2194 a
976 2158 1142 2206 vero,
1194 2142 1320 2212 quia
1365 2141 1525 2196 homo
1573 2150 1708 2203 erat,
1759 2149 1815 2195 ct
1836 2140 2021 2196 omnia
2064 2138 2237 2194 nostri

656 2232 901 2303 corporis
924 2233 1133 2287 inlirtna
1161 2241 1496 2301 susceperat,
1524 2232 1568 2287 si
1610 2232 1774 2286 etiam
1807 2231 2059 2285 timorem
2091 2244 2237 2283 mor-

656 2324 727 2376 tis
752 2324 803 2375 in
848 2338 908 2377 se
955 2322 1260 2387 admiserit;
1293 2336 1397 2375 non
1440 2329 1500 2374 ut
1530 2320 1692 2375 timor
1741 2320 2001 2386 vinceret,
2033 2322 2128 2375 sed
2177 2328 2238 2377 ut

659 2413 772 2484 ipse
795 2412 1112 2467 fortitudine
1155 2412 1373 2466 virtutis
1413 2426 1526 2468 sua:
1569 2412 1761 2467 mortis
1813 2412 2061 2467 timorem
2092 2412 2238 2481 peri-

656 2515 845 2565 meret,
874 2505 1130 2577 quoniam
1160 2504 1378 2559 ae‘uleus
1407 2505 1596 2560 mortis
1626 2505 1679 2560 in
1733 2519 1799 2560 eo
1844 2519 1952 2560 non
1999 2515 2137 2560 erat.
2171 2504 2239 2559 Et

657 2596 778 2653 ideo
808 2596 955 2651 solus
975 2600 1109 2651 inter
1146 2607 1379 2651 mortuos
1414 2596 1544 2651 liber
1586 2595 1759 2667 (Psal.
1806 2613 2051 2664 Lxxxvtt,
2075 2597 2151 2666 6),
2182 2604 2238 2652 et

655 2704 827 2759 usque
850 2688 916 2742 ad
943 2698 1170 2743 mortem
1203 2689 1404 2754 tristis;
1443 2689 1570 2757 quia
1600 2704 1747 2743 mors
1767 2688 1883 2757 ejus
1938 2688 2238 2744 chtr'uctio

656 2784 851 2841 mortis
875 2791 1011 2847 erat,
1033 2792 1089 2839 et
1118 2784 1390 2838 restitutio
1414 2783 1554 2837 vitm.
1583 2762 1735 2838 Alias
1795 2791 1999 2847 autem,
2027 2783 2119 2852 qui
2151 2782 2234 2836 di-

657 2887 789 2935 cunt
838 2877 984 2947 quod
1014 2876 1159 2931 nulla
1189 2876 1407 2932 tristitia
1435 2875 1626 2931 mortis
1657 2877 1760 2930 nisi
1791 2891 1857 2929 ex
1889 2886 2030 2931 metu
2067 2875 2234 2939 venit,

660 2968 842 3023 dicant
863 2968 1006 3037 quod
1031 2967 1254 3032 volunt;
1307 2981 1406 3021 nos
1438 2975 1619 3020 autem
1666 2965 1921 3030 dicimus,
1970 2965 2095 3034 quia
2134 2965 2237 3019 etsi

658 3074 846 3115 omnes
867 3057 1196 3112 infirmitatis
1244 3065 1443 3112 nostra:
1474 3054 1790 3115 affectiones
1818 3056 1872 3110 in
1919 3069 1979 3110 se
2023 3055 2237 3119 habuit,

2342 1877 2505 1923 tatem
2536 1884 2695 1922 unam
2723 1868 2879 1924 simul
2915 1884 3035 1923 cum
3062 1868 3223 1923 Patre
3244 1874 3431 1923 servat.
3466 1865 3582 1920 Nam
3604 1865 3801 1937 proprium

2338 1974 2423 2020 est
2444 1979 2656 2034 semper
2683 1965 2947 2029 hominis,
2999 1963 3140 2019 nolle
3189 1963 3299 2033 pati
3344 1961 3527 2031 aliquid
3557 1959 3728 2014 doloris.
3761 1958 3804 2011 Et

2340 2054 2459 2110 ideo
2489 2054 2626 2109 forte
2657 2054 2734 2107 ait
2766 2072 2778 2108 :
2812 2054 2996 2108 Tristis
3019 2064 3096 2108 est
3133 2055 3313 2108 anima
3333 2069 3440 2107 mea
3478 2067 3617 2121 usque
3637 2050 3691 2102 ad
3709 2062 3804 2102 ator-

2338 2152 2461 2208 tem,
2486 2144 2741 2214 quoniam
2773 2162 2909 2197 mors
2949 2145 3025 2197 illi
3057 2144 3198 2197 ultra
3221 2159 3325 2197 non
3347 2140 3661 2196 dominabitur
3679 2137 3803 2208 (non.

2338 2253 2415 2302 vr,
2448 2237 2525 2308 9).
2560 2237 2673 2293 Etsi
2705 2252 2868 2307 supra
2896 2237 3124 2291 dixerim
3151 2251 3324 2305 usque
3374 2234 3438 2290 ad
3474 2232 3726 2291 terminum,
3748 2243 3807 2279 an-

2340 2339 2555 2399 tequam
2589 2345 2735 2385 mors
2763 2330 3043 2399 inciperet,
3067 2338 3249 2399 potest
3273 2339 3442 2382 tamen
3467 2324 3657 2395 intelligi
3682 2322 3807 2380 etiam.

2338 2436 2509 2489 usque
2542 2419 2610 2473 ad
2643 2419 2933 2474 terminum
2962 2419 3126 2473 liniue
3162 2419 3378 2479 mortis,
3419 2416 3469 2471 in
3502 2429 3595 2483 quo
3639 2407 3811 2465 lluisluit

2341 2507 2462 2578 ejus
2493 2508 2732 2564 tristitia:
2755 2517 2811 2562 et
2840 2506 3059 2569 doloris,
3084 2515 3139 2562 et
3168 2508 3280 2562 hoc
3311 2507 3380 2561 sit
3420 2505 3599 2566 dicere,
3621 2499 3747 2569 Usque
3768 2496 3812 2549 ad

2339 2608 2579 2662 mortem,
2596 2598 2748 2652 idest
2764 2614 2933 2667 usque
2952 2598 3017 2651 ad
3037 2596 3202 2653 liniue
3217 2596 3409 2653 mortis
3425 2596 3588 2650 linem.
3602 2591 3675 2646 Sic
3692 2591 3814 2656 itaque

2339 2689 2673 2746 consuetudo
2713 2687 2964 2757 loquendi
2990 2695 3075 2741 est
3101 2700 3444 2757 quamsazpe,
3484 2698 3602 2757 cum
3640 2677 3812 2735 dicimus.

2342 2744 2513 2850 usque
2544 2780 2611 2833 ad
2642 2744 2930 2835 terminum
2954 2779 3052 2835 loci
3077 2795 3094 2843 ;
3119 2744 3208 2834 vel
3240 2744 3454 2849 quahdo
3472 2744 3682 2834 dicimus,
3702 2776 3816 2837 usque

2350 2873 2416 2928 ad
2444 2873 2682 2937 tertiam,
2747 2870 2832 2925 vel
2876 2879 3102 2931 sextam,
3147 2870 3374 2941 quando
3397 2866 3617 2924 volumus
3635 2854 3817 2928 intelligi.

2348 2980 2522 3035 usque
2544 2964 2610 3018 ad
2633 2963 2843 3034 plenam
2900 2962 3064 3025 illam,
3115 2962 3202 3017 vel
3263 2962 3407 3016 illam
3446 2960 3627 3014 horam.
3655 2952 3716 3007 lix
3743 2959 3816 3017 qua

2345 3056 2542 3128 quippe
2582 3053 2851 3109 locutione
2899 3051 3126 3109 solvitur
3170 3060 3228 3106 et
3258 3050 3413 3105 ‘illud
3459 3048 3586 3117 quod
3618 3037 3820 3113 Apostolus

659 3146 800 3203 nulla
831 3162 1017 3202 earum
1053 3146 1153 3202 fuit
1201 3154 1261 3202 ut
1296 3147 1407 3217 pati
1437 3155 1642 3217 posset,
1674 3146 1775 3201 nisi
1824 3161 1929 3216 qua
1964 3146 2155 3212 voluit,
2186 3154 2242 3201 et
2268 3142 2314 3205 C
2346 3147 2456 3211 ait,
2480 3147 2605 3216 quia
2659 3145 2889 3215 regnavit
2938 3159 3079 3198 mors
3103 3144 3167 3197 ab
3193 3142 3373 3196 Adam
3397 3136 3620 3210 usquead
3656 3132 3817 3201 How».

659 3235 712 3291 in
742 3246 1001 3308 quantum
1032 3235 1221 3301 voluit,
1267 3245 1322 3293 et
1361 3236 1415 3291 in
1460 3252 1519 3291 se
1544 3235 1778 3290 admisit.
1812 3236 1878 3291 Et
1924 3251 2242 3306 progressus

657 3329 934 3400 pusillum,
959 3327 1156 3383 cecidit
1180 3342 1286 3384 non
1319 3339 1640 3392 retrorsum,
1660 3328 1755 3382 sed
1781 3328 1834 3382 in
1848 3326 2040 3382 faciem
2064 3344 2240 3394 suam,

658 3420 801 3490 quod
831 3427 1147 3475 sanctorum
1170 3427 1274 3484 est,
1311 3433 1474 3475 orans
1517 3426 1572 3474 et
1615 3418 1838 3474 dicens:
1870 3415 2035 3472 Pater
2062 3420 2157 3483 mi,
2195 3419 2242 3474 si

657 3510 899 3583 possibile
925 3520 1022 3576 est,
1047 3518 1279 3564 transeat
1301 3508 1445 3564 calix
1469 3510 1564 3564 iste
1583 3526 1617 3564 a
1664 3527 1762 3564 me.
1788 3510 2059 3577 Quantum
2111 3526 2242 3580 ergo

656 3617 975 3675 progressus
1006 3601 1078 3657 sit
1098 3600 1269 3659 Lucas
1298 3600 1554 3666 insinuat,
1584 3609 1639 3657 et
1682 3602 1831 3665 dicit,
1860 3611 2116 3672 quantum
2147 3603 2242 3672 ja-

658 3704 771 3747 ctus
796 3701 871 3746 est
893 3689 1085 3761 lapidis
1120 3689 1273 3762 (Luc.
1316 3704 1452 3758 xxn,
1477 3690 1588 3762 41).
1645 3689 1871 3746 Nolebat
1896 3691 2040 3745 enim
2090 3692 2244 3746 beni-

660 3780 955 3854 gnissimus
976 3780 1224 3836 Salvator
1244 3780 1398 3851 longe
1414 3782 1526 3836 fieri
1543 3782 1611 3836 ab
1637 3782 1737 3846 eis,
1753 3781 1847 3836 sed
1865 3790 1923 3835 ut
1944 3782 2239 3847 discerent,

660 3874 715 3929 in
750 3882 1042 3945 conspectu
1071 3888 1258 3930 eorum
1304 3874 1648 3939 constitutus,
1702 3889 1880 3929 orare.
1921 3872 2031 3929 Nec
2080 3874 2241 3944 igitur

658 3968 878 4032 mirum,
903 3968 947 4022 si
977 3968 1083 4022 ruit
1131 3967 1185 4021 in
1234 3964 1427 4023 faciem
1476 3981 1668 4031 suam;
1724 3965 2000 4021 lmmiliter
2050 3980 2236 4028 orans,

658 4061 749 4132 qui
769 4058 953 4114 factus
975 4067 1057 4114 est
1081 4058 1187 4113 Deo
1213 4058 1357 4112 Patri
1397 4056 1635 4112 obrdiens
1682 4073 1843 4128 usque
1892 4057 1960 4110 ad
2022 4068 2237 4110 mortem

660 4148 880 4224 (Philip.
905 4166 965 4214 ιι,
1004 4148 1076 4219 6),
1104 4158 1159 4203 et
1183 4150 1393 4204 discere
1410 4149 1567 4219 jubet
1590 4150 1730 4219 quod
1762 4149 1901 4203 mitis
1935 4158 2037 4211 est,
2061 4159 2106 4203 et
2134 4149 2237 4201 Iis-

659 4242 799 4297 milis
835 4241 989 4296 corde
1016 4239 1230 4312 (Matth.
1267 4256 1341 4304 st,
1370 4240 1490 4309 29).
1522 4240 1659 4307 Quid
1681 4249 1861 4293 autem
1887 4254 2054 4295 orans
2090 4240 2239 4295 dicat

659 4336 712 4389 in
746 4346 933 4406 aperto
962 4342 1045 4390 est
1070 4331 1179 4387 :Mi
1206 4342 1371 4402 pater,
1402 4332 1448 4387 si
1476 4330 1719 4402 possibile
1745 4340 1841 4394 est,
1884 4339 2115 4387 transeat
2142 4348 2233 4384 ca-

657 4425 732 4478 lix
752 4425 849 4478 iste
881 4441 911 4477 a
944 4440 1045 4478 me.
1094 4421 1424 4477 Blandientis
1453 4420 1670 4491 quidem
1711 4418 1928 4485 all‘ectu,
1958 4429 2014 4476 et
2040 4420 2235 4490 depre-

656 4520 831 4572 cantis
863 4514 1116 4586 postulat,
1141 4524 1197 4568 ut
1217 4514 1261 4570 si
1290 4512 1542 4584 possibile
1559 4520 1643 4567 est
1672 4520 1912 4567 transeat
1933 4511 2001 4565 ab
2020 4527 2232 4577 eo,non
2264 4499 2312 4557 Ι)

657 4617 865 4662 tantum
895 4606 1058 4671 calix,
1095 4606 1187 4660 sed
1215 4605 1357 4661 calix
1397 4605 1515 4660 iste.
1549 4604 1615 4659 Et
1643 4604 1745 4659 hoc
1779 4619 1886 4659 non
1936 4606 2233 4658 secundum

656 4698 1008 4751 substantiam
1041 4692 1276 4751 divinam
1298 4704 1353 4750 et
1376 4695 1787 4767 impassibilem,
1813 4696 1907 4750 sed
1934 4696 2233 4749 secundum

658 4782 906 4849 naturam
938 4790 1288 4848 humanitatis
1311 4790 1578 4845 infirmam
1602 4798 1657 4844 et
1684 4789 2015 4860 passibilem.
2046 4788 2237 4844 Postu-

656 4884 731 4937 lat
755 4894 935 4938 autem
968 4900 1071 4940 non
1105 4884 1298 4938 timore
1329 4880 1584 4952 patiendi,
1615 4897 1810 4951 neque,
1840 4899 1945 4938 non
1976 4892 2033 4937 ut
2058 4884 2234 4953 patia-

657 4983 764 5037 tur,
795 4975 886 5045 qui
917 4975 1038 5030 ideo
1069 4982 1310 5039 venerat,
1336 4981 1392 5029 et
1424 4974 1489 5027 de
1513 4988 1571 5029 se
1618 4973 1855 5030 futurum
1904 4991 2067 5045 quam
2097 4992 2239 5045 stepe

655 5065 771 5132 ipse
791 5065 901 5125 suis
924 5064 1267 5136 prmdixerat.
1286 5062 1500 5116 Sciebat
1515 5063 1659 5117 enim
1687 5066 2068 5132 proculdubio,
2094 5068 2237 5138 quod

654 5152 813 5207 aliter
844 5153 1197 5223 evenit-enen
1225 5160 1455 5223 poterat,
1493 5152 1589 5205 sed
1634 5153 1999 5210 misericordia
2040 5157 2236 5224 prioris

652 5245 870 5318 populi,
919 5259 986 5305 ne
1013 5247 1079 5301 ab
1118 5245 1223 5300 illis
1250 5246 1460 5301 biberet
1488 5244 1709 5300 calicem
1753 5249 2054 5317 passionis,
2110 5258 2237 5305 ante

655 5335 840 5392 saeculi
879 5335 1346 5398 constitutionem,
1377 5336 1478 5389 sibi
1511 5335 1820 5405 praescitmn
1860 5345 1915 5390 et
1957 5338 2233 5406 praedesti-

653 5433 861 5480 natum.
892 5422 1043 5480 Unde
1068 5434 1122 5479 et
1141 5425 1416 5497 signanter
1440 5426 1538 5489 ait,
1563 5422 1715 5478 Catia:
1748 5425 1862 5479 iste.
1916 5424 2031 5479 Non
2087 5428 2232 5496 quod

654 5514 878 5571 «dicem
909 5516 1099 5571 inertis
1124 5513 1372 5586 refugiat,
1408 5516 1501 5569 sed
1529 5515 1711 5578 istum,
1742 5516 1834 5584 qui
1879 5532 1909 5570 a
1958 5515 2156 5572 Judteis
2183 5518 2234 5572 ei

652 5608 1055 5675 intendebatur,
1086 5624 1156 5665 ne
1190 5625 1289 5680 per
1321 5625 1437 5675 eos,
1466 5610 1557 5679 qui
1599 5608 1799 5663 nullam
1829 5611 2231 5664 excusationem

658 5694 892 5755 habituri
912 5705 1057 5761 sunt,
1091 5695 1261 5752 fieret.
1291 5697 1472 5765 Neque
1500 5696 1640 5751 enim
1670 5695 2114 5752 dixitz'l‘ranseat
2151 5712 2235 5751 me

2344 3240 2501 3294 etiam
2530 3238 2584 3292 in
2608 3254 2696 3293 eos
2732 3237 2822 3308 qui
2842 3253 2945 3291 non
2979 3244 3325 3307 peccaverunt
3352 3233 3515 3305 (Rom.
3545 3247 3590 3297 v,
3633 3226 3717 3293 lii-
3740 3221 3817 3278 N0“

2346 3331 2489 3401 quod
2521 3330 2758 3386 solutum
2805 3326 2972 3383 fuerit
3001 3342 3223 3399 regnum
3279 3327 3486 3389 mortis,
3525 3320 3647 3392 quod
3668 3325 3822 3384 super

2344 3432 2543 3488 catum,
2573 3436 2671 3492 per
2700 3420 2940 3490 Moysen,
2970 3428 3061 3473 aut
3083 3434 3180 3490 per
3205 3418 3404 3489 legem,
3430 3415 3517 3473 sed
3530 3413 3637 3485 quia
3656 3408 3818 3478 κομῶ.

2342 3515 2429 3570 vel
2455 3514 2563 3579 lex,
2595 3513 2693 3568 fuit
2739 3527 2906 3583 usque
2927 3498 2993 3566 ad
3016 3510 3326 3567 Christum.
3370 3510 3433 3566 Et
3471 3510 3563 3564 hoc
3602 3511 3672 3559 est
3693 3500 3819 3554 diem

2343 3621 2512 3677 usque
2533 3606 2599 3661 ad
2629 3604 2871 3676 Moysen,
2901 3603 3045 3673 quod
3069 3609 3173 3667 est,
3202 3602 3389 3658 donec
3413 3600 3603 3673 Moyses
3627 3591 3771 3662 legitur
3788 3592 3827 3639 et

2342 3700 2528 3756 finitur
2556 3717 2570 3753 :
2599 3700 2678 3754 sic
2704 3707 2758 3754 et
2787 3698 2840 3752 in
2867 3705 3094 3753 mortem
3116 3696 3352 3761 Christi,
3388 3695 3507 3765 quia
3532 3688 3681 3746 omnis
3711 3678 3824 3753 gemi-

2343 3799 2431 3846 tus
2451 3800 2506 3847 et
2536 3806 2740 3846 masror
2763 3790 3002 3845 omnium
3048 3788 3324 3852 aboletur,
3363 3795 3419 3842 et
3441 3782 3602 3843 omnis
3634 3769 3826 3842 αιηυμίθ

2342 3891 2585 3947 sanatur,
2617 3896 2724 3937 non
2750 3879 3190 3936 inconvenienter
3220 3880 3438 3935 tristem
3467 3889 3523 3931 se
3546 3884 3649 3929 esse
3667 3870 3825 3922 ιεευιητ

2339 3991 2439 4046 pro
2466 3974 2737 4037 omnibus,
2762 3988 2924 4044 usque
2947 3972 3016 4026 ad
3046 3980 3293 4037 mortem,
3344 3970 3509 4025 donec
3551 3978 3633 4037 per
3667 3962 3825 4050 ιιιοιιςαι

2341 4066 2458 4135 ejus
2479 4064 2658 4119 omnis
2687 4078 2835 4117 mors
2853 4071 2907 4118 et
2932 4074 3138 4117 maror
3160 4060 3430 4116 solvatur.
3455 4057 3740 4126 Ουηιποιιιει
3755 4052 3819 4095 9"

2341 4165 2399 4209 ut
2441 4156 2574 4210 duas
2606 4154 2952 4224 operationes
2976 4153 3030 4207 in
3074 4151 3302 4208 Christo
3328 4163 3535 4221 semper
3575 4137 3827 4201 αιιιείιιεηη

2339 4246 2619 4309 debemus,
2651 4261 2746 4314 per
2767 4260 2902 4314 quas
2930 4252 3188 4313 operatur
3227 4258 3377 4298 unus
3405 4240 3633 4307 idemque
3652 4225 3827 4286 Christus

2340 4354 2459 4409 qua:
2487 4337 2665 4392 divina
2693 4344 2839 4400 sunt,
2866 4336 2920 4390 in
2946 4334 3290 4391 humanitate
3320 4349 3442 4397 sua,
3468 4338 3640 4398 etquze
3663 4322 3827 4377 liqu

2342 4408 2687 4484 nihilominus
2720 4426 2771 4481 in
2803 4426 3103 4481 divinitate.
3133 4424 3264 4496 Agit
3288 4425 3436 4480 enim
3474 4427 3673 4486 utraque

2339 4537 2462 4577 eum
2499 4521 2721 4575 alterius
2750 4519 3130 4575 communione
3158 4518 3309 4588 quod
3343 4514 3604 4587 proprium
3625 4514 3696 4563 est
3725 4499 3826 4597 sibi:

2339 4614 2416 4669 sic
2444 4621 2500 4667 et
2524 4612 2659 4666 duas
2673 4610 2977 4665 voluntates
3006 4610 3059 4665 in
3090 4624 3156 4665 eo
3178 4625 3291 4666 non
3314 4609 3592 4677 abnegare.
3611 4609 3735 4669 quas.
3756 4599 3828 4642 αι’

2339 4714 2398 4758 ιιι
2428 4705 2628 4774 ubique
2656 4702 2817 4757 simul
2860 4703 2913 4757 in
2960 4701 3197 4766 Christo,
3230 4702 3314 4757 sic
3350 4708 3596 4768 utrasque
3629 4692 3714 4746 hoc
3750 4680 3829 4735 l0“

2338 4796 2703 4866 intelligimus.
2731 4793 2855 4851 Vult
2872 4794 3018 4851 enim
3031 4804 3087 4849 et
3110 4803 3254 4859 orat,
3279 4793 3431 4865 quod
3451 4779 3826 4867 humanitatisesh

2340 4903 2465 4943 cum
2491 4888 2568 4941 ait
2602 4908 2614 4941 :
2645 4887 2804 4942 Pater
2824 4888 2922 4949 mi,
2947 4884 3183 4941 transfer
3208 4900 3239 4940 a
3270 4901 3361 4941 me
3403 4881 3621 4940 calicem
3642 4872 3828 4962 istlltllo.SI

2343 4979 2455 5034 fieri
2485 4987 2683 5048 potest.
2722 4978 2941 5039 Deinde,
2982 4976 3109 5046 quia
3140 4991 3245 5032 non
3296 4982 3497 5045 potest,
3530 4963 3767 5026 revertitur
3795 4965 3830 5004 ιιι

2340 5071 2616 5125 voluntate
2638 5083 2753 5131 sua,
2787 5083 2948 5139 quam
2973 5068 3135 5123 habet
3165 5082 3288 5124 cum
3317 5067 3500 5130 Patre,
3520 5068 3716 5133 quorum
3734 5055 3830 5139 50?:

2340 5178 2436 5232 per
2464 5176 2569 5215 una
2613 5171 2718 5225 est,
2762 5130 2819 5214 et
2862 5158 3090 5214 indivisa
3130 5158 3407 5222 voluntas,
3461 5130 3631 5211 ιιι-ιιι
3682 5130 3831 5233 ιιιβ

2338 5225 2480 5318 ιιιιοιι
2508 5249 2810 5305 divinitatis
2833 5258 2937 5314 est,
2967 5251 3062 5319 ﬁat
3090 5249 3337 5306 voluntas
3358 5259 3471 5303 tua.
3501 5242 3608 5300 Non
3624 5232 3740 5311 quod
3760 5225 3829 5324 “:1

2337 5339 2499 5394 fuerit
2521 5341 2636 5410 ejus
2663 5340 2908 5396 voluntas
2932 5357 3194 5411 unquam,
3220 5351 3277 5398 et
3304 5341 3413 5395 alia
3443 5335 3632 5397 Patris.
3653 5324 3829 5388 ³α¹⁴ῐ¹¹³

2339 5430 2499 5486 homo
2517 5439 2654 5496 erat,
2688 5432 3041 5491 humanitatis
3059 5434 3233 5490 oravit
3260 5431 3482 5495 affectu,
3509 5438 3564 5484 et
3607 5419 3714 5495 quia

2337 5530 2471 5586 erat,
2506 5523 2557 5577 in
2589 5524 2818 5594 idipsum
2849 5527 3244 5582 reditvolunlas
3272 5524 3396 5595 ejus
3421 5538 3529 5595 quo
3552 5525 3732 5585 sem?"

2338 5613 2405 5667 Et
2434 5616 2533 5668 hoc
2564 5593 2815 5684 magnum
2846 5628 3244 5674 sacramentum
3299 5593 3354 5672 in
3397 5593 3605 5673 Christo
3636 5604 3693 5661 ad
3715 5593 3833 5653 ίιιῖθτ·

2340 5702 2566 5758 mandes
2587 5704 2974 5774 discipulorum
2990 5709 3217 5771 animos,
3241 5715 3306 5761 ut
3318 5707 3365 5761 si
3388 5699 3656 5774 aliquando
3665 5690 3837 5762 quisq”
