4016 6354
919 274 1286 337 ωρειπε)
1321 276 1391 336 IN
1427 276 1868 337 MATTHEUM.
1906 309 1978 321 -
2012 279 2144 341 LIB.
2183 279 2301 349 In.
2337 280 2491 347 6A2.
2533 282 2723 343 ιιπ.

3349 288 3461 361 οιρ

166 394 403 454 volun-it
426 394 574 467 quod
601 393 787 460 homo,
834 407 947 449 non
982 402 1043 448 ut
1086 409 1186 449 sua
1235 393 1478 449 voluntas
1510 392 1625 458 ﬁat,
1662 394 1757 451 sed
1788 398 1836 459 Α
1864 401 1969 459 est,
1998 393 2085 450 vel
2130 404 2444 453 sanctorum
2488 399 2766 467 omnium;
2812 414 3045 477 quorum
3089 403 3195 463 etsi
3240 418 3458 479 semper

166 492 287 553 Dei,
314 489 587 546 orandum
614 497 702 545 est
736 502 975 559 semper.

241 584 535 654 Postquam
571 598 806 641 reversus
831 580 900 636 ad
950 579 1235 651 discipulos
1290 579 1481 634 invenit
1529 594 1615 634 eos
1642 577 1764 633 dor-

172 678 414 741 mientes,
448 675 651 729 «dixit
690 672 850 727 Pe:ro
876 687 895 724 :
945 670 1036 728 Sic
1090 689 1193 727 non
1234 673 1450 741 potuisti
1481 689 1587 727 una
1632 672 1773 728 hora.

174 766 659 839 πίθηαι-(ωροκωῖ
684 764 789 820 [sta
821 780 923 819 vox
956 765 1293 836 increpantis
1330 765 1414 820 vel
1466 780 1766 837 coarguen-

176 858 264 913 tis.
292 856 361 911 Et
387 856 512 911 ida)
536 854 810 921 soliPetro
828 855 1047 917 dicitur,
1072 869 1170 908 cur
1185 855 1265 910 vel
1292 871 1397 910 una
1424 856 1555 911 hora
1579 870 1775 919 secum,

175 964 279 1005 non
307 946 549 1017 potuerit
572 945 818 1017 vigilare,
839 945 966 1016 quia
994 961 1104 1015 prae
1127 948 1342 1002 caeteris
1386 962 1490 1002 non
1516 962 1575 1002 se
1605 963 1766 1003 scan-

173 1038 539 1096 dalizaturum
580 1038 757 1092 fuerat
785 1037 1053 1108 gloriatus
1076 1076 1092 1102 ,
1127 1045 1184 1091 et
1238 1037 1633 1109 repromiserat
1680 1054 1765 1105 se,

172 1138 363 1188 contra
388 1129 608 1186 Domini
657 1142 865 1193 vocem,
919 1144 1026 1183 non
1062 1136 1404 1199 negaturum.
1456 1128 1573 1184 Non
1618 1129 1765 1184 enim

171 1228 507 1293 praeceperat
532 1221 613 1277 eis
631 1220 857 1290 vigilare
877 1234 909 1274 a
932 1234 1122 1274 somno
1145 1222 1414 1290 corporis,
1446 1220 1602 1291 cujus
1630 1229 1766 1277 tem-

172 1328 273 1384 pus
317 1328 428 1368 non
481 1321 604 1368 erat
637 1312 956 1367 imminente
994 1312 1308 1368 discrimine
1342 1315 1637 1383 passionis.
1669 1315 1765 1371 sed

172 1421 201 1461 s
228 1421 425 1461 somno
443 1405 782 1461 inﬁdelitatis
807 1413 861 1459 et
877 1419 1074 1474 sopore
1100 1406 1320 1461 mentis.
1338 1407 1502 1462 Forte
1527 1407 1619 1476 qui
1647 1406 1767 1476 jam

171 1496 505 1567 operabatur
535 1496 588 1551 in
612 1496 797 1551 animo
823 1495 992 1559 Petri,
1022 1503 1078 1552 et
1101 1496 1223 1551 ideo
1248 1512 1358 1567 prie
1386 1499 1623 1553 tristitiae
1652 1514 1766 1553 ma-

171 1588 454 1661 gnitudine
489 1604 737 1644 somnum
765 1589 984 1646 vincere
1019 1607 1124 1646 non
1154 1599 1367 1661 poterat
1406 1591 1760 1647 inﬁdelitatis.

79 1670 87 1674 ’
170 1677 281 1734 Nec
304 1678 445 1734 adeo
470 1678 635 1750 igitur
658 1679 1015 1741 defendimus,
1057 1691 1114 1735 ut
1166 1697 1271 1738 non
1300 1691 1642 1752 premeretur
1670 1697 1761 1737 so-

168 1783 300 1838 pore
326 1771 600 1840 corporis,
627 1771 722 1840 qui
754 1771 867 1842 jam
913 1787 943 1826 a
990 1771 1097 1828 ﬁde
1145 1772 1500 1844 elongabatur
1530 1789 1763 1830 maerore

167 1861 387 1917 mentis.
446 1861 654 1929 Quibus
682 1864 883 1919 dicitur
915 1881 928 1917 :
961 1863 1188 1935 Vigilare
1236 1876 1283 1920 et
1335 1878 1501 1931 orate,
1553 1877 1609 1921 ut
1659 1864 1762 1923 non

165 1954 374 2009 intretis
399 1955 455 2010 in
484 1957 842 2009 tentationem.
876 1954 1258 2021 Considerate,
1307 1973 1513 2028 qmcso,
1563 1958 1764 2014 Christi

164 2046 454 2115 mysteria.
482 2045 729 2112 Quantliu
755 2062 878 2101 cum
908 2046 1014 2101 illis
1037 2046 1212 2100 adfuit
1244 2045 1421 2110 Jesus,
1458 2047 1606 2102 nullo
1634 2063 1757 2118 gra-

164 2144 369 2191 vantur
394 2150 587 2191 somno
616 2136 886 2205 discipuli.
919 2136 1303 2208 Progrediente
1356 2151 1485 2207 ergo
1509 2139 1761 2208 pusillum

161 2242 231 2289 eo
252 2227 323 2282 ab
342 2227 440 2291 eis,
472 2243 572 2282 nec
601 2243 704 2285 una
729 2229 860 2283 hora
890 2238 1186 2300 potuerunt
1217 2229 1461 2301 vigilare,
1507 2230 1598 2285 illo
1637 2231 1764 2286 abs-

163 2329 327 2387 ente;
386 2330 606 2391 propter
634 2321 776 2390 quod
830 2336 1049 2391 semper
1089 2323 1377 2388 orandum,
1436 2333 1492 2378 ut
1547 2334 1766 2380 maneat

162 2412 476 2477 nobiscum,
531 2413 987 2483 quemadmodum
1032 2414 1146 2485 ipse
1201 2424 1286 2469 est
1328 2415 1615 2485 pollicitus.
1649 2416 1764 2472 Duo

161 2504 387 2575 quidem
402 2502 580 2572 jubet,
608 2504 854 2576 vigilare,
879 2514 935 2560 et
959 2520 1152 2572 orare;
1186 2508 1310 2576 quia
1346 2522 1445 2562 nec
1471 2509 1647 2562 oratio
1670 2522 1762 2562 va-

162 2593 240 2651 let
266 2596 390 2652 sine
419 2596 603 2667 vigilia
634 2596 850 2660 mentis,
883 2612 983 2653 nec
1011 2614 1163 2654 mens
1212 2607 1359 2655 recte
1405 2600 1631 2671 vigilare
1666 2615 1761 2670 po—

165 2694 275 2744 test
301 2686 423 2743 sine
451 2687 711 2744 instantia
734 2689 933 2759 precis.
963 2687 1162 2761 Vigilat
1209 2707 1340 2761 ergo
1383 2692 1477 2762 qui
1529 2691 1762 2747 sollicite

164 2783 309 2840 bona
337 2782 723 2854 operajugiter
747 2784 846 2849 ait,
889 2794 943 2839 et
967 2785 1172 2840 intente
1212 2785 1526 2850 meditatur,
1567 2801 1637 2841 ne
1664 2802 1763 2841 un-

165 2889 335 2945 quam
363 2874 579 2943 peccati
630 2873 867 2943 caligine
883 2876 1250 2946 opprimatur.
1287 2876 1423 2943 Quia
1443 2876 1536 2946 qui
1583 2876 1665 2931 sic
1684 2876 1764 2932 vi-

164 2966 322 3038 gilat,
348 2964 498 3020 illius
520 2964 843 3020 exaudietur
876 2966 1074 3021 oratio.
1103 2965 1312 3021 Idcirco
1343 2974 1399 3021 ut
1449 2966 1764 3022 exaudiaris

164 3054 505 3127 vigilandum
544 3063 629 3111 est
660 3057 854 3126 prius;
882 3057 1077 3112 deinde
1114 3065 1175 3110 ut
1195 3057 1423 3128 vigilare
1472 3057 1610 3113 bene
1635 3071 1761 3127 pos-

165 3150 263 3211 sis.
292 3157 514 3219 semper
531 3149 817 3203 orandum.
845 3148 981 3216 Q‘uia
1026 3158 1279 3204 neutrum
1310 3150 1502 3204 horum
1540 3149 1658 3204 sine
1687 3147 1766 3202 al-

166 3249 291 3301 tem
324 3239 489 3295 valet.
517 3239 587 3295 Et
606 3240 734 3310 quid
760 3256 920 3296 orare
948 3240 1148 3296 debeas
1178 3240 1295 3311 ipse
1336 3241 1531 3296 salutis
1570 3250 1765 3296 auctor

166 3336 351 3391 docet.
376 3334 647 3403 Quoniam
686 3336 791 3389 vita
822 3335 1176 3390 humanitatis
1200 3335 1426 3390 teutatio
1466 3342 1553 3396 est
1604 3349 1766 3405 super

166 3436 402 3493 terram,
427 3425 583 3495 jubet
633 3440 793 3480 orare
851 3440 919 3480 ne
973 3426 1240 3481 intremus
1284 3426 1336 3479 in
1388 3426 1761 3481 tentationem.

167 3515 363 3587 Neque
389 3517 534 3573 enim
570 3516 720 3581 dicit,
754 3514 920 3572 Orate
950 3531 1019 3572 ne
1059 3516 1360 3581 tentemini,
1392 3516 1487 3571 sed
1517 3534 1580 3572 ne
1607 3517 1767 3573 intre-

171 3611 238 3666 tis
281 3610 335 3665 in
374 3608 745 3673 mutationem,
776 3608 829 3662 id
852 3617 1025 3665 estne
1057 3607 1283 3663 tentatio
1306 3621 1403 3662 vos
1431 3607 1636 3671 vincat,
1667 3606 1766 3663 sed

169 3711 229 3761 ut
285 3702 519 3758 victores
550 3716 672 3757 eam
726 3712 986 3772 superare
1019 3699 1262 3770 possitis.
1316 3698 1421 3768 lpsi
1471 3699 1615 3753 enim
1655 3704 1768 3754 ten-

170 3792 327 3851 tendi
352 3800 515 3849 erant
537 3792 772 3863 fortiter,
808 3797 865 3846 et
902 3791 1022 3846 ideo
1077 3798 1379 3860 praemonet
1421 3797 1484 3845 ut
1530 3791 1769 3851 victores

169 3902 292 3947 esse
330 3890 637 3947 decertant.
706 3884 861 3945 Unde
906 3883 1247 3953 Apostolus:
1297 3882 1466 3938 Omne
1513 3883 1769 3956 gaudium

169 3980 495 4042 existimate,
515 3977 706 4047 fratres
726 3978 844 4040 mei,
868 3976 1062 4047 inquit,
1085 3992 1204 4030 cum
1226 3976 1281 4030 in
1295 3975 1455 4031 rariis
1474 3976 1773 4031 tentationi«

171 4071 269 4129 bus
296 4070 599 4126 incideritis
633 4069 831 4143 (Jac.t,
865 4069 975 4140 l2),
1009 4067 1265 4138 quoniam
1284 4068 1511 4123 tentatio
1548 4066 1761 4122 lucrum

174 4163 397 4234 1117
421 4163 586 4218 habet
629 4162 831 4231 gaudii.
873 4158 1101 4228 Spiritus
1129 4159 1340 4232 quidem
1377 4168 1646 4229 promptus
1672 4166 1766 4223 est,

172 4272 296 4310 caro
329 4263 514 4308 autem
540 4252 775 4321 inﬁrma.
824 4250 972 4307 Multi
995 4253 1141 4322 quod
1189 4252 1255 4306 tle
1285 4267 1344 4307 se
1374 4250 1626 4306 Salvator
1670 4252 1772 4309 hoc

173 4346 405 4409 dixerit,
452 4345 643 4399 volunt
685 4353 935 4400 astruere
986 4345 1130 4414 quod
1179 4344 1365 4414 utique
1419 4358 1525 4398 non
1558 4342 1773 4400 videtur

172 4455 543 4512 coitsequens,
583 4440 679 4495 sed
706 4438 774 4493 ad
811 4454 907 4494 eos
936 4447 1082 4493 totus
1110 4436 1202 4491 hic
1223 4452 1407 4492 sermo
1435 4443 1542 4502 est,
1573 4435 1770 4506 quibus

174 4532 525 4604 loquebatur.
559 4529 813 4601 Alioquin
862 4530 1133 4599 quomodo
1160 4543 1306 4582 nunc
1346 4527 1582 4599 Spiritus
1615 4528 1772 4583 Chri-

173 4626 242 4682 sti
266 4625 355 4681 vel
380 4624 566 4680 anima
595 4629 840 4695 prompta
866 4637 986 4677 esse
1011 4619 1233 4682 dicitur,
1257 4634 1377 4688 qum
1404 4618 1564 4688 paulo
1609 4632 1769 4689 supe-

175 4720 295 4777 rius
353 4716 537 4775 tristis
587 4730 759 4787 usque
812 4716 881 4770 ad
941 4724 1170 4771 mortem
1212 4713 1612 4783 proclamatur?
1665 4712 1774 4770 Sed

175 4811 319 4869 [orte
344 4809 533 4865 adhuc
554 4808 606 4863 in
640 4807 725 4864 his
754 4805 994 4878 tangitur
1017 4804 1105 4859 Pet
1117 4820 1233 4868 rus,
1274 4804 1430 4874 quasi
1465 4803 1680 4859 dicatur
1701 4803 1774 4870 ei,

176 4898 426 4962 oPretse,
448 4896 580 4968 quid
605 4904 692 4952 est
732 4897 881 4967 quod
920 4895 1143 4973 spiritus
1185 4902 1311 4950 tuus
1359 4903 1467 4950 tam
1498 4905 1780 4965 promptus

177 4990 280 5059 fuit
308 4991 389 5051 ad
428 4988 852 5061 promittendum
901 4987 1041 5043 mori
1089 5002 1190 5058 pro
1233 5001 1342 5053 me,
1384 4996 1442 5042 et
1478 4984 1622 5042 nunc
1649 5001 1778 5043 caro

178 5096 272 5149 tuo
300 5095 421 5142 tarn
448 5082 667 5141 inﬁrma
697 5081 962 5152 probatur
990 5087 1049 5136 ut
1087 5095 1190 5137 nec
1218 5096 1324 5136 una
1353 5082 1487 5137 hora
1539 5080 1781 5152 potueris

180 5174 452 5248 vigilare?
472 5172 629 5242 Quod
668 5173 716 5239 si
757 5172 828 5229 de
849 5171 1093 5228 omnium
1121 5171 1317 5240 spiritu
1354 5171 1441 5228 vel
1472 5186 1639 5228 carne
1658 5172 1781 5229 Sal-

179 5275 345 5327 vator
387 5267 494 5323 ista
516 5265 785 5336 loquitur,
809 5264 1266 5321 considerandum
1295 5265 1343 5321 si
1381 5274 1667 5338 congruat,
1711 5280 1782 5321 an

181 5360 538 5426 solummodo
561 5360 630 5415 de
650 5357 850 5429 spiritu
870 5366 1205 5414 sanctorum.
1225 5357 1360 5425 Quia
1385 5359 1511 5414 licet
1534 5359 1777 5414 ninnium

182 5462 318 5507 euro
345 5446 569 5507 inﬁrma
592 5447 687 5523 sit,
711 5448 900 5505 nescio
918 5448 964 5504 si
996 5447 1220 5519 spiritus
1240 5448 1481 5504 omnium
1502 5459 1782 5520 promptus

184 5558 313 5602 me
341 5541 549 5615 possit;
586 5543 714 5612 quia
747 5542 1044 5609 inﬁdelium
1089 5555 1306 5613 semper
1340 5542 1565 5612 spiritus
1602 5544 1784 5614 segnis

186 5645 276 5691 est
303 5637 376 5691 ad
400 5637 627 5700 bonum,
650 5635 816 5709 etiam
839 5641 895 5689 et
917 5647 1107 5688 eorum
1139 5633 1228 5703 qui
1262 5633 1427 5703 tepidi
1459 5634 1777 5702 probanhm

186 5726 420 5795 uideo
446 5723 593 5793 forte
632 5724 702 5791 de
745 5723 950 5795 Spiritu
996 5722 1360 5794 apostolorum
1410 5723 1782 5793 accipiendum

1866 485 2092 555 spiritus
2118 484 2357 552 fervens,
2378 497 2434 543 et
2460 498 2743 560 promptus
2762 500 2872 558 est,
2897 493 3022 564 quia
3048 496 3383 566 concupiscit
3402 506 3462 573 et

1866 574 2102 633 luctatur
2136 587 2325 635 contra
2356 580 2490 641 vitia
2511 583 2713 648 carnis,
2744 599 2874 640 caro
2904 595 3082 644 tamen
3113 603 3329 661 semper
3371 594 3456 649 in-

1866 669 2023 726 ﬁrma
2050 680 2156 738 est,
2204 675 2458 744 quamvis
2488 682 2599 731 tota
2632 677 2884 733 videatur
2913 695 2942 735 a
2964 681 3157 751 spiritu
3195 686 3455 755 edomita,

1866 766 1954 822 vel
1984 782 2256 838 possessa.
2282 769 2486 826 Tamen
2517 780 2579 826 ut
2600 787 2726 829 vera
2754 774 2825 829 sit
2845 778 3115 832 sententia
3134 777 3453 847 Salvatoris,

1866 868 2182 915 sanctorum
2212 859 2376 916 virtus
2405 862 2459 916 in
2480 863 2788 931 inﬁrmitate
2810 867 3099 935 perﬁcitur.
3131 869 3286 927 Unde
3315 886 3455 928 unus

1865 962 2079 1015 eorum,
2107 948 2242 1006 Cum
2292 952 2552 1022 inﬁrmor,
2603 954 2799 1024 inquit,
2853 966 2975 1010 tunc
3002 968 3183 1028 potens
3207 977 3326 1015 sunt
3368 960 3456 1030 (11

1865 1041 1989 1099 Cor.
2024 1060 2122 1110 χιι,
2156 1045 2210 1109 9,
2239 1045 2347 1115 lO).
2382 1046 2447 1100 Et
2486 1048 2607 1102 ideo
2636 1048 2762 1116 quia
2802 1047 2883 1102 sic
2937 1058 3249 1105 sanctorum
3283 1052 3459 1119 virtus

1864 1135 2168 1205 perﬁcitur,
2196 1137 2365 1193 dicit:
2404 1136 2628 1208 Vigilate
2648 1147 2697 1192 et
2726 1150 2902 1205 orate,
2930 1140 3055 1210 quia
3086 1142 3191 1196 etsi
3229 1143 3458 1212 spiritus

1864 1236 2046 1283 vester
2078 1239 2360 1301 promptus
2388 1240 2470 1286 est
2499 1244 2599 1299 pro
2627 1247 2712 1286 me
2745 1231 2912 1286 multa
2942 1231 3054 1302 pati
3088 1242 3143 1287 et
3158 1236 3453 1301 sustinere,

1865 1331 1992 1372 caro
2023 1325 2202 1374 tamen
2255 1318 2469 1373 inﬁrma
2514 1327 2630 1379 est;
2665 1321 2928 1376 intendite
2970 1321 3171 1378 idcirco
3200 1326 3456 1393 precibus

1865 1418 1921 1464 et
1960 1425 2146 1479 opere,
2183 1428 2246 1465 ne
2294 1412 2498 1466 intretis
2526 1413 2579 1466 in
2607 1414 2976 1479 tentationem,
3023 1415 3074 1469 id
3102 1425 3278 1472 estne
3307 1416 3458 1472 inﬁr-

1866 1501 2027 1557 mitas
2056 1503 2239 1557 carnis
2285 1517 2380 1558 vos
2416 1504 2616 1568 vincat,
2661 1503 2788 1573 quia
2836 1504 3079 1576 deprimit
3109 1515 3314 1562 terrena
3354 1508 3456 1563 Ita-

1866 1591 2050 1653 bitatio
2073 1594 2314 1663 spiritum
2354 1593 2520 1648 multa
2552 1596 2861 1666 cogitantem
2891 1597 3045 1668 (Βίῳ.
3069 1613 3148 1661 1x,
3182 1598 3291 1669 l5).

1938 1682 2137 1737 Iterum
2162 1684 2389 1739 secundo
2420 1685 2549 1739 abiit
2573 1694 2622 1739 et
2652 1687 2819 1741 oravit
2859 1687 3035 1742 dicens
3064 1704 3083 1743 :
3109 1686 3272 1743 Pater
3287 1690 3379 1755 mi,
3405 1690 3454 1747 si

1868 1794 1970 1832 non
1994 1788 2161 1848 potest
2191 1780 2276 1832 hic
2299 1780 2440 1833 calix
2463 1780 2690 1833 transire
2716 1781 2818 1835 nisi
2843 1781 3014 1836 bibam
3038 1781 3207 1848 illum,
3230 1782 3327 1853 ﬁat
3362 1799 3453 1847 vo-

1866 1866 2044 1923 luntas
2067 1880 2179 1923 tua.
2211 1871 2423 1925 Patrem
2454 1878 2635 1925 autem
2657 1881 2990 1927 vocatsuum
3023 1889 3128 1929 non
3156 1875 3455 1945 secundum

1867 1961 2234 2030 adaptionem,
2259 1962 2353 2017 sed
2378 1962 2674 2017 secundum
2726 1962 3115 2033 proprietatem
3150 1973 3357 2019 naturae
3399 1965 3457 2021 in

1866 2066 1971 2122 qua
1998 2063 2160 2106 natus
2190 2061 2275 2107 est
2300 2053 2366 2108 tle
2406 2051 2587 2107 Patre.
2617 2052 2683 2107 Et
2714 2053 2911 2124 repetit
2946 2054 3197 2108 eumdem
3241 2068 3453 2111 sermo-

1865 2160 2013 2208 nem,
2065 2145 2241 2200 sciens
2272 2146 2414 2216 quod
2459 2160 2564 2200 non
2594 2155 2778 2216 posset
2822 2146 3072 2202 transire.
3102 2145 3305 2203 Tamen
3350 2147 3456 2204 ista

1865 2234 2196 2302 possibilitas
2224 2234 2401 2290 Patris
2424 2242 2479 2290 et
2504 2235 2625 2290 Filii
2658 2250 2764 2293 non
2811 2236 2880 2292 de
2920 2236 3239 2306 impotentia
3284 2238 3453 2304 venit,

1866 2325 1991 2394 quia
2013 2324 2197 2380 subest
2219 2326 2299 2380 eis
2319 2339 2481 2381 omne
2506 2340 2688 2395 posse,
2710 2341 2924 2397 unaque
2948 2327 3053 2383 illis
3074 2336 3316 2399 potestas
3344 2338 3452 2395 est,

1865 2416 2003 2473 sicut
2031 2423 2085 2469 et
2113 2431 2215 2471 una
2235 2416 2505 2471 voluntas.
2534 2416 2741 2471 idcirco
2761 2417 2952 2488 magis,
2984 2418 3109 2487 quia
3141 2420 3454 2487 misericors

1866 2517 1949 2563 est
1978 2515 2034 2562 et
2055 2507 2235 2578 justus
2276 2506 2440 2561 Pater
2464 2506 2807 2576 omnipotens
2850 2508 3011 2572 Deus,
3045 2492 3454 2578 impossibilitas

1865 2597 1968 2654 ista
2013 2598 2079 2653 de
2121 2597 2332 2665 iustitia
2361 2597 2510 2652 venit
2540 2604 2596 2651 et
2646 2596 2889 2652 bonitate
2918 2598 3029 2653 Dei.
3075 2597 3212 2667 Quia
3241 2600 3321 2654 sic
3370 2607 3455 2675 est

1865 2688 2207 2758 omnipotens
2238 2697 2295 2743 ut
2316 2695 2371 2742 et
2388 2684 2572 2755 justus
2600 2686 2704 2754 sic,
2732 2702 2795 2741 ac
2821 2688 2993 2743 bonus
3032 2698 3086 2743 et
3115 2689 3450 2765 misericors.

1866 2780 1932 2836 Et
1978 2780 2098 2835 ideo
2143 2789 2403 2851 quantum
2435 2780 2503 2835 ad
2534 2789 2824 2851 utramque
2853 2789 3100 2835 naturam
3146 2790 3446 2850 exspectat,

1867 2871 2197 2942 impossibile
2225 2880 2365 2937 erat,
2394 2886 2461 2927 ne
2506 2887 2605 2927 nos
2647 2872 2891 2927 bonitate
2915 2888 3032 2936 sua,
3064 2887 3268 2943 suaque
3285 2870 3452 2940 justi-

1867 2961 1941 3017 tia
1987 2970 2041 3017 ct
2075 2961 2450 3017 misericordia
2497 2961 2735 3017 salvaret
2783 2962 3001 3035 1118
3045 2978 3181 3032 quos
3218 2972 3452 3019 crearat.

1866 3055 2012 3113 Petit
2053 3064 2235 3112 autem
2267 3067 2329 3111 ut
2364 3064 2609 3111 transeat
2636 3056 2915 3127 signanter
2944 3056 3085 3112 calix
3117 3056 3220 3113 iste
3249 3058 3318 3112 ab
3363 3072 3451 3114 eo.

1872 3149 1938 3204 Et
1961 3149 2007 3205 si
2038 3164 2147 3205 non
2190 3148 2334 3206 sicut
2377 3148 2493 3204 vult
2514 3148 2816 3221 ipse,rogal
2851 3149 3099 3205 voluntas
3127 3150 3224 3205 ﬁat
3250 3150 3453 3225 Patris,

1870 3248 1930 3296 ut
1957 3253 2079 3296 cum
2106 3238 2306 3299 biberit
2342 3255 2491 3306 eum,
2519 3239 2572 3294 id
2600 3249 2688 3295 est
2712 3255 2835 3295 cum
2865 3241 3163 3311 gustaverit
3201 3250 3454 3311 mortem,

1870 3339 2115 3389 transeat
2163 3333 2232 3387 ab
2259 3346 2325 3388 eo
2368 3340 2423 3387 et
2455 3332 2524 3386 ab
2562 3332 2832 3386 universis
2872 3346 2973 3402 pro
3011 3332 3209 3402 quibus
3257 3334 3459 3407 biberit

1867 3437 2014 3479 eum.
2039 3421 2175 3489 Quia
2196 3421 2240 3476 si
2264 3437 2373 3477 non
2401 3421 2611 3476 biberet
2630 3435 2776 3484 eum,
2800 3421 2870 3475 ab
2899 3419 3015 3492 ipso
3035 3422 3252 3493 quidem
3277 3432 3452 3480 trans-

1870 3514 2022 3578 isset,
2045 3514 2171 3584 quia
2215 3528 2320 3568 non
2355 3520 2607 3585 tangeret
2625 3527 2772 3579 eum,
2802 3513 2896 3569 sed
2918 3514 2988 3568 ab
3018 3514 3329 3570 hominibus
3346 3531 3454 3594 non

1872 3604 2149 3669 transiret,
2193 3603 2288 3659 sed
2308 3612 2559 3660 maneret
2583 3619 2704 3675 quae
2732 3604 2997 3676 regnabat
3023 3604 3076 3659 in
3106 3606 3187 3660 eis
3215 3621 3361 3661 mors
3387 3606 3458 3664 ab

1870 3698 2044 3753 Adam
2068 3711 2238 3768 usque
2259 3698 2329 3754 ad
2370 3697 2614 3769 Moysen,
2638 3698 2691 3763 id
2713 3705 2797 3753 est
2820 3713 2990 3768 usque
3015 3700 3084 3755 ad
3112 3699 3273 3755 ﬁnem
3302 3701 3457 3774 legis,

1871 3805 2035 3861 quam
2081 3789 2331 3847 Christus
2371 3804 2479 3844 non
2521 3789 2667 3845 venit
2712 3788 2955 3857 solvere,
2996 3791 3091 3846 sed
3139 3791 3456 3863 adimplere,

1872 3881 2044 3939 donec
2083 3893 2273 3937 omnes
2298 3894 2482 3935 secum
2518 3881 2862 3950 pertraheret
2889 3889 2946 3936 et
2971 3892 3372 3939 consummaret
3398 3882 3457 3953 ip

1871 3982 2122 4031 mortem.
2156 3972 2309 4029 Hunc
2341 3988 2471 4044 ergo
2497 3974 2721 4030 calicem
2743 3974 3013 4044 passionis
3044 3983 3101 4031 et
3142 3975 3333 4032 mortis
3356 3990 3457 4039 vo:-

1872 4063 2017 4120 lebat
2036 4080 2096 4120 se
2124 4064 2358 4120 transire
2387 4072 2444 4120 et
2468 4079 2499 4119 a
2525 4065 2667 4131 suis;
2699 4064 2778 4120 sic
2813 4063 2956 4120 forte
2994 4073 3053 4120 ut
3081 4080 3188 4120 non
3211 4072 3457 4143 gustaer

1871 4157 2124 4228 poculum
2148 4156 2733 4218 tantaatnaritudinis,
2761 4158 2805 4213 si
2828 4166 3006 4213 tamen
3036 4158 3294 4229 possibile
3314 4166 3463 4227 esset

1874 4250 2019 4320 quod
2047 4251 2269 4306 omnino
2303 4266 2409 4306 non
2457 4260 2612 4316 erat,
2643 4250 2770 4321 quia
2812 4250 3018 4320 justum
3050 4266 3157 4307 non
3203 4260 3344 4308 erat.
3391 4251 3463 4330 Et

1874 4342 2000 4407 ideo
2031 4351 2089 4398 ut
2115 4341 2293 4398 omnis
2327 4342 2380 4397 in
2403 4356 2469 4398 eo
2487 4341 2699 4412 justitia
2722 4341 3077 4414 compleatur,
3102 4341 3196 4400 ﬁat
3215 4341 3464 4401 voluntas

1879 4434 2073 4492 Patris.
2107 4434 2377 4503 Quoniam
2420 4451 2488 4491 eo
2517 4434 2630 4491 sola
2675 4435 2952 4506 possibilia
2996 4444 3123 4492 sunt
3156 4451 3275 4507 quae
3313 4434 3465 4506 just:

1879 4538 2025 4594 sunt,
2066 4529 2322 4599 quoniam
2357 4529 2471 4599 ipse
2508 4528 2658 4585 solus
2682 4529 2855 4585 bonus
2881 4539 2938 4585 et
2955 4528 3134 4597 justus
3155 4544 3221 4585 ac
3245 4538 3463 4600 potens.

1881 4616 1950 4674 Et
1973 4619 2108 4674 venit
2138 4620 2350 4682 iterum,
2372 4628 2419 4673 et
2448 4618 2640 4674 invenit
2668 4635 2756 4683 eos
2784 4605 3123 4685 dormientes,
3151 4630 3298 4675 erant
3322 4620 3464 4692 estin

1881 4710 2022 4767 oculi
2046 4728 2226 4767 eorum
2250 4712 2473 4783 gravati.
2498 4710 2736 4769 Necdum
2761 4713 2905 4769 enim
2933 4728 3222 4787 gravamen
3243 4713 3313 4768 ab
3337 4728 3465 4771 ocu-

1884 4802 1951 4858 lis
1976 4818 2163 4859 eorum
2193 4810 2311 4858 erat
2338 4802 2600 4867 ablatum,
2627 4818 2737 4874 quo
2774 4805 3182 4875 premebantur,
3216 4804 3463 4869 caecitate

1885 4892 2086 4955 cordis.
2113 4893 2349 4950 Necdum
2379 4901 2501 4949 erat
2523 4893 2746 4963 spiritus
2780 4904 3001 4955 sanctus
3025 4894 3201 4957 datus,
3224 4894 3353 4964 quia
3375 4891 3466 4965 iq-

1880 5007 1976 5048 sus
2011 4991 2240 5049 necdum
2287 4989 2640 5060 gloriﬁcatus.
2671 4989 2742 5047 Et
2788 4991 2910 5047 ideo
2949 4990 3062 5060 jam
3094 4989 3269 5045 vicina
3296 5004 3464 5061 nega-

1883 5081 2031 5138 tione
2066 5081 2410 5152 przegravati,
2440 5081 2668 5152 vigilare
2693 5097 2799 5137 non
2829 5089 3102 5153 poterant,
3132 5081 3297 5136 nimia
3328 5095 3468 5147 inte-

1884 5174 2032 5231 stitia
2060 5174 2243 5232 cordis
2263 5174 2525 5245 oppressi.
2563 5173 2717 5233 Unde
2753 5188 2859 5232 non
2885 5188 2981 5233 eos
3003 5174 3373 5243 reprehendit.
3409 5181 3473 5235 ut

1885 5264 2065 5335 prius;
2099 5265 2192 5323 sed
2222 5265 2423 5322 vadens
2453 5265 2654 5332 iturum
2672 5265 2832 5329 tertia
2861 5265 2979 5328 vles
3021 5274 3160 5327 erat.
3197 5261 3331 5335 Nam
3361 5263 3474 5337 υνδ-

1891 5372 2038 5411 mum
2068 5371 2316 5411 reversus
2334 5370 2430 5411 eos
2458 5355 2728 5426 objurgat,
2755 5355 3012 5423 secundo,
3042 5357 3260 5435 ςιιιυρόρ

1893 5452 2206 5523 increpandi
2229 5451 2579 5513 videbantur,
2603 5450 2751 5514 silet,
2774 5465 2876 5509 nec
2898 5464 2997 5510 eos
3024 5458 3241 5521 amovet
3264 5466 3294 5510 a
3324 5462 3472 5515 som-

1882 5560 2007 5601 no:
2032 5542 2219 5607 tertio,
2258 5541 2370 5612 jam
2411 5542 2698 5611 quiescere
2729 5539 2903 5608 jubet.
2934 5540 3049 5603 Non
3102 5551 3239 5610 puto
3261 5539 3473 5609 absque

1894 5636 2103 5693 ratione
2139 5633 2352 5697 iecisse,
2383 5633 2477 5703 qui
2500 5648 2563 5690 se
2599 5632 2740 5689 viam
2781 5646 2903 5693 esse
2931 5640 3180 5695 testatur.
3209 5631 3469 5700 quoniam

1894 5727 2073 5784 omnia
2104 5726 2222 5795 ejus
2243 5738 2428 5796 opera,
2462 5733 2553 5781 aut
2579 5725 2835 5796 mysteria
2862 5710 3196 5781 sunt'rerutn
3219 5722 3476 5795 praeﬁga-
