4016 6354
629 262 730 321 9η

1404 254 1411 261 ”
1440 257 1498 313 S.
1537 256 1897 316 PASCHASII
1932 255 2279 314 RADBEllTl
2317 256 2606 314 ABBATIS
2640 256 3089 316 CORBEIFNSIS
3697 282 3773 338 9η

627 389 892 444 ratarum,
919 386 1014 432 aut
1036 374 1280 444 exempla
1308 373 1591 428 virtutum.
1615 372 1767 438 Quod
1794 372 1839 426 si
1860 372 2042 427 omnia
2064 385 2211 442 qua:-
2236 378 2285 438 Α
2314 371 2547 462 Surgite,
2575 388 2754 426 eamus
2784 388 2803 426 :
2831 388 2947 426 ecce
2980 374 3395 445 appropinquavit
3424 383 3501 451 qui
3536 401 3605 441 me
3633 394 3775 462 tradet,

627 485 840 541 cunque
862 469 1052 541 gessit,
1078 466 1245 521 multo
1267 464 1439 535 magis
1460 465 1592 526 lucc,
1621 464 1673 518 in
1695 463 1891 532 quibus
1912 462 2217 532 triumphus

628 563 811 635 glorize
850 560 960 614 Deo
1004 557 1150 612 Patri
1183 556 1436 628 precibus
1456 554 1891 629 commendatur.
1923 552 2091 608 Nemo
2121 552 2216 624 qui

628 655 867 725 ambigat
895 653 1040 722 quod
1088 650 1271 703 omnia
1310 648 1524 702 inﬁrma
1579 645 1751 701 nostri
1792 644 2040 715 corporis
2088 651 2217 699 tunc

628 750 682 804 in
714 763 774 803 se
803 746 1037 809 exibuit;
1067 757 1224 798 nemo
1242 742 1332 811 qui
1378 740 1583 810 ignoret
1615 737 1758 808 quod
1786 736 1933 792 cruci
1963 735 2215 791 universa

627 843 822 898 delicta
852 850 1036 895 nostra
1072 853 1169 907 pro
1208 836 1403 904 quibus
1426 832 1802 887 inﬁrmabatur
1820 839 1877 885 et
1905 829 2097 893 doluit,
2130 826 2215 881 af-

627 933 780 1000 ﬁxit;
811 934 1030 1003 insuper
1064 928 1119 985 et
1142 929 1412 1000 quomodo
1453 925 1608 980 nobis
1629 925 1701 979 sit
1729 931 1785 978 et
1809 924 1863 978 in
1893 924 2091 993 quibus
2120 922 2215 976 de-

627 1026 944 1083 certandum
961 1022 1217 1079 ostendit.
1231 1020 1383 1089 Quod
1406 1020 1665 1073 adversus
1679 1032 1869 1073 aereas
1895 1025 2211 1087 potestates,

626 1129 683 1177 et
703 1120 964 1191 legiones,
995 1117 1137 1172 bello
1163 1114 1433 1185 passionis
1471 1125 1879 1182 congressurus,
1917 1109 2067 1179 prius
2092 1123 2216 1163 ora-

630 1212 775 1267 tione
806 1209 1022 1273 devicit,
1055 1217 1112 1262 ut
1136 1207 1317 1262 omnia
1346 1204 1503 1259 nobis
1537 1204 1878 1258 adversantia
1906 1202 1959 1257 in
1983 1201 2073 1256 illo
2104 1214 2214 1255 uno

625 1306 959 1369 moriantur;
978 1302 1118 1357 unde
1137 1302 1268 1356 abiit
1285 1299 1431 1355 solus
1454 1307 1664 1363 etorat,
1686 1298 1940 1367 quoniam
1955 1296 2104 1350 solus
2116 1308 2214 1365 pro

624 1396 878 1452 omnibus
900 1407 1158 1463 passurus
1172 1401 1310 1445 erat.
1327 1389 1459 1445 Orat
1481 1404 1613 1460 ergo
1626 1387 1792 1444 semel
1808 1398 1861 1442 et
1877 1387 2115 1442 secundo
2130 1393 2214 1439 at-

625 1500 732 1559 que
754 1492 914 1545 tertio
934 1503 1039 1541 non
1058 1485 1261 1554 absque
1282 1484 1559 1555 mysterio.
1577 1484 1818 1538 Primum
1841 1490 1899 1536 ut
1914 1481 2209 1546 discamus,

624 1586 900 1652 nunquam
919 1594 1134 1636 cessare
1151 1579 1219 1633 ab
1234 1576 1483 1633 oratione
1501 1576 1757 1640 maxime,
1775 1575 1829 1629 in
1857 1575 1944 1629 die
1967 1574 2214 1629 certami-

2317 460 2452 516 Nam
2485 461 2698 517 videtur
2731 462 3015 517 Mattbams
3057 463 3161 518 sibi
3210 480 3319 522 esse
3364 460 3776 544 contrarius;eerte

2316 560 2411 606 aut
2437 552 2551 622 ipse
2578 551 2827 607 Salvator
2852 553 2954 607 sibi
2977 554 3248 609 contraria
3272 557 3465 631 1120
3479 563 3654 632 jubere,
3667 574 3780 639 quasi

2316 643 2521 714 aliquid
2550 644 2702 714 prius
2728 643 3021 714 improvise
3048 647 3120 700 sit
3148 645 3368 715 locutus,
3402 654 3614 711 nesciens
3638 658 3782 719 ludant

2315 750 2439 790 cum
2469 735 2643 791 turbis
2664 736 3145 806 appropinquasse,
3172 747 3228 794 et
3253 740 3365 796 ideo
3382 743 3556 801 dixisse
3576 766 3588 801 :
3607 748 3785 809 Domiti

2305 828 2425 899 jam
2453 838 2501 882 et
2530 831 2853 901 requiescite.
2901 830 3006 885 Sed
3039 847 3162 886 cum
3202 833 3369 889 subito
3393 841 3692 910 comperisset
3720 861 3787 903 eos

2309 919 2422 990 jam
2454 920 2508 974 in
2534 922 2780 992 proximo
2807 938 2948 988 esse,
2963 939 3029 979 ac
3049 924 3094 979 si
3115 923 3290 981 subito
3313 941 3578 997 permotus,
3601 935 3791 994 immutat

2316 1012 2661 1077 sententiam,
2694 1020 2749 1067 et
2782 1013 2914 1068 dicit
2961 1015 3254 1071 continuo:
3285 1015 3495 1089 Surgite,
3515 1039 3679 1079 eamus.
3714 1026 3790 1084 Sed

2315 1106 2458 1161 absit
2492 1122 2523 1161 a
2565 1107 2821 1163 cordibus
2860 1108 3121 1177 ﬁdelium,
3153 1121 3212 1167 ut
3255 1113 3387 1170 ullus
3412 1116 3504 1172 hoc
3534 1118 3593 1172 de
3632 1119 3792 1178 Christo

2316 1199 2518 1254 sentire
2542 1199 2693 1266 velit,
2736 1202 2894 1270 quasi
2923 1202 3124 1272 aliquid
3158 1204 3471 1275 ignoraverit
3509 1211 3629 1278 quod
3660 1210 3790 1278 ﬁebat,

2314 1293 2407 1363 qui
2435 1293 2633 1364 ubique
2676 1309 2890 1366 semper
2910 1304 2995 1351 est
3020 1306 3185 1353 totus.
3215 1297 3542 1371 Nequaquam
3565 1303 3697 1373 igitur
3722 1306 3795 1361 hoc

2316 1385 2581 1440 catholica
2611 1387 2801 1456 recipit
2826 1387 2982 1444 ﬁdes.
3001 1388 3209 1445 Idcirco
3229 1391 3455 1459 quidam,
3482 1393 3609 1447 velut
3624 1398 3793 1464 quadam

2304 1469 2572 1533 'commoti
2594 1481 2981 1535 sententiarum
3003 1484 3373 1553 repugnantia,
3386 1487 3549 1541 conati
3561 1495 3681 1552 sunt,
3695 1488 3794 1558 quod

2313 1571 2467 1641 prius
2495 1572 2696 1627 dictum
2720 1582 2826 1638 est,
2865 1574 3088 1630 demite
3107 1576 3225 1646 jam
3247 1586 3293 1630 et
3318 1579 3610 1648 requiescite,
3630 1580 3798 1649 itapro-

622 1673 868 1739 nis,,etin
901 1682 1141 1741 tempore
1168 1669 1552 1725 tribulationis.
1574 1668 1735 1722 Forte
1763 1667 1888 1737 quia
1906 1665 2101 1721 Petrus
2129 1674 2213 1720 ter
2316 1664 2566 1719 nuntiare
2586 1705 2600 1729 ,
2654 1673 2914 1735 tanquam
2965 1667 3343 1736 exprobrantis
3386 1670 3453 1724 sit
3477 1686 3569 1725 vox
3595 1679 3641 1726 et
3667 1670 3798 1741 objur-

622 1779 917 1836 negaturus
938 1775 1077 1829 erat,
1094 1781 1200 1819 non
1223 1763 1499 1819 hominem
1528 1760 1744 1831 1119
1761 1769 1988 1820 tantum.
2013 1768 2072 1813 ut
2092 1760 2212 1829 qui-
2241 1745 2289 1807 Β
2314 1758 2510 1843 gantis,
2539 1758 2714 1831 magis
2738 1775 2900 1829 quam
2938 1760 3299 1831 impetrantis.
3331 1762 3520 1817 Deinde
3547 1771 3598 1816 ut
3621 1762 3799 1818 absolute

623 1855 747 1911 dam
772 1856 977 1916 dicunt,
997 1854 1091 1911 sed
1110 1856 1277 1909 Deum
1294 1852 1627 1922 ctintegrum
1641 1851 1938 1904 Christum.
1954 1848 2208 1915 Quinimo

623 1954 709 2001 ter
738 1954 892 2015 rogat
920 1946 975 1997 in
1014 1944 1261 1998 oratione
1295 1941 1604 2004 Dominum,
1642 1939 1766 2008 quia
1799 1940 1973 1994 tribus
2020 1938 2210 1994 diebus

623 2034 838 2090 futurus
864 2034 1055 2088 eratin
1080 2033 1245 2088 corde
1277 2040 1457 2095 terrae,
1489 2045 1587 2100 pro
1614 2030 1787 2084 salute
1815 2029 1982 2084 totius
2001 2029 2206 2095 tnttndi,

621 2133 683 2180 ut
707 2126 861 2195 prius
888 2124 1243 2179 exaudiretur
1292 2138 1453 2193 quam
1486 2121 1552 2175 ad
1591 2119 1800 2175 inferna
1830 2119 2204 2175 descenderet.

621 2216 763 2272 Hinc
789 2216 949 2281 forte,
991 2224 1046 2269 et
1090 2214 1287 2268 Paulus
1338 2221 1420 2267 ter
1473 2211 1760 2266 Dominum
1812 2219 1987 2281 rogat,
2034 2211 2209 2265 donec

622 2325 942 2380 responsum
987 2316 1104 2373 cst,
1169 2306 1312 2377 quod
1368 2306 1532 2359 virtus
1585 2304 1890 2373 inﬁrmitate
1938 2304 2211 2374 perﬁcitur

623 2402 709 2475 (II
739 2402 860 2458 Cor.
898 2418 1000 2466 xit,
1036 2403 1115 2472 9).
1149 2399 1305 2456 Patet
1334 2399 1497 2471 igitur
1545 2414 1758 2463 sensus,
1788 2399 1932 2468 quod
1960 2413 2063 2453 non
2093 2397 2210 2452 sine

620 2500 801 2570 magni
826 2498 1067 2570 mysterii
1099 2511 1262 2550 causa
1296 2494 1396 2550 sub
1420 2494 1523 2548 boc
1547 2507 1774 2546 numero
1806 2491 2064 2546 Dominus
2084 2505 2210 2545 ora-

619 2565 779 2655 verit,
812 2565 904 2661 qui
936 2565 1030 2643 aut
1057 2588 1376 2642 continuare
1401 2599 1589 2655 preces
1616 2599 1741 2638 suas
1779 2591 2012 2653 poterat,
2037 2589 2131 2636 aut
2152 2581 2208 2636 in

620 2680 789 2737 semel
819 2681 1140 2750 impetrare;
1174 2678 1269 2732 sed
1299 2676 1461 2731 tertio
1482 2683 1605 2729 orat
1637 2685 1697 2728 ut
1727 2688 1827 2728 nos
1852 2672 2065 2728 doceat.
2099 2671 2208 2727 Nos

620 2782 802 2827 autem
852 2787 949 2842 pro
996 2770 1172 2825 tribus
1200 2783 1450 2832 oramus,
1484 2774 1543 2821 ut
1569 2766 1635 2821 de
1659 2764 1950 2836 pra-teritis
1992 2773 2047 2818 et
2074 2778 2208 2834 prie-

619 2861 863 2918 seutibus
887 2862 1077 2930 eripiat
1104 2859 1280 2923 malis,
1298 2859 1461 2913 etiam
1477 2866 1534 2912 et
1557 2858 1623 2912 de
1650 2858 1867 2912 futuris.
1884 2856 1949 2910 Et
1974 2872 2079 2912 non
2103 2855 2207 2910 nisi

620 2955 690 3007 ad
740 2961 985 3006 sanctam
1026 2951 1371 3015 Trinitatem,
1401 2950 1493 3019 qni
1537 2951 1679 3004 Deus
1727 2957 1810 3004 est
1856 2965 2031 3013 unus,
2061 2956 2209 3003 recte

619 3056 863 3107 oramus,
899 3042 991 3110 qui
1039 3055 1103 3095 ac
1125 3041 1172 3094 si
1206 3041 1366 3094 tertio
1393 3040 1460 3095 ad
1487 3054 1587 3095 nos
1616 3039 1959 3103 revertimur,
1993 3037 2117 3107 quia
2150 3038 2205 3092 in

2313 1848 2612 1919 accipiatur
2630 1864 2733 1904 vox
2758 1851 2859 1905 ista
2882 1851 2999 1903 sive
3043 1850 3149 1905 ulla
3189 1851 3556 1906 contrarietate
3586 1851 3798 1921 impetran-

2314 1939 2403 2004 tis,
2437 1938 2673 2010 Surgite,
2700 1956 2901 1995 eamus.
2922 1939 3078 2007 Quod
3112 1941 3158 1996 si
3195 1941 3297 1997 hoc
3334 1957 3541 1997 necesse
3565 1951 3698 2007 esset,
3723 1955 3797 1994 me-

2313 2031 2417 2086 lius
2439 2040 2617 2086 tamen
2649 2033 2726 2088 sic
2748 2033 2994 2102 accipere
3016 2041 3318 2103 oporteret,
3341 2031 3493 2102 quatit
3513 2041 3595 2086 aut
3613 2031 3657 2085 in
3676 2031 3798 2084 Evan-

2305 2118 2577 2195 ‘gelistam,
2603 2133 2698 2178 aut
2727 2125 2781 2178 in
2803 2124 3141 2181 Salvatorem
3186 2126 3352 2180 ullam
3376 2124 3561 2179 inferre
3587 2124 3800 2193 reprehen-

2312 2218 2540 2273 sionem.
2583 2216 2735 2273 Nuuc
2765 2228 2942 2274 autem
2983 2220 3109 2290 quia
3138 2219 3353 2275 Marcus
3382 2218 3798 2289 Evangelista,cutn

2311 2308 2537 2363 dixisset
2560 2326 2574 2359 :
2602 2308 2833 2363 Dormite
2847 2310 2965 2379 jam
2988 2319 3035 2363 et
3061 2310 3385 2381 requiescite,
3408 2310 3631 2381 subjecit,
3653 2308 3799 2378 reﬁcit,

2311 2398 2505 2453 deinde
2527 2400 2726 2463 intulit,
2755 2401 2887 2454 venit
2916 2401 3069 2467 liora,
3091 2412 3148 2456 et
3168 2411 3367 2465 cetera
3405 2417 3519 2473 qua:
3557 2408 3797 2470 sequuntur.

2313 2490 2414 2546 Ubi
2447 2492 2606 2546 datur
2644 2492 2895 2562 intelligi,
2942 2493 3084 2562 quod
3137 2503 3423 2564 postquam
3451 2492 3575 2548 dixit
3603 2491 3804 2546 :Domite

2303 2582 2421 2653 jam
2450 2592 2499 2637 et
2530 2584 2854 2654 requiescite,
2896 2583 3294 2654 aliquantulum
3335 2584 3537 2640 siluisse
3570 2582 3801 2643 Dominum,

2311 2685 2371 2731 ut
2395 2678 2495 2731 hoc
2524 2676 2678 2731 ﬁeret
2700 2678 2843 2747 quod
2863 2678 3227 2746 przcmiserat,
3251 2687 3308 2733 et
3327 2687 3450 2733 tunc
3470 2684 3581 2747 post
3602 2671 3805 2745 muluium

2312 2769 2546 2823 dixisse:
2568 2768 2704 2822 Ecce
2730 2769 3159 2839 appropinquavit
3181 2770 3339 2823 liora.
3364 2769 3430 2823 Et
3455 2768 3565 2822 ideo
3582 2780 3683 2821 cum
3704 2762 3805 2816 dicat

2310 2869 2433 2930 post
2455 2859 2542 2913 illa
2571 2860 2769 2929 prioris
2791 2852 2919 2915 dicti
2943 2860 3128 2924 verba,
3167 2861 3383 2932 suﬂicit,
3405 2869 3463 2915 ut
3480 2858 3730 2928 intelligere
3745 2853 3808 2907 de-

2311 2952 2502 3008 bemus
2541 2952 2683 3022 quod
2726 2952 2804 3006 sic
2847 2951 3052 3007 dictum
3094 2960 3201 3018 est,
3237 2953 3391 3023 quasi
3433 2952 3634 3014 diceret,
3670 2943 3807 3002 suﬁicit

2310 3046 2454 3116 quod
2487 3060 2657 3114 usque
2697 3060 2841 3099 nunc
2858 3045 3106 3100 dormitis
3147 3046 3238 3101 vel
3280 3044 3621 3117 requievistis.
3649 3037 3808 3108 Quodsi

619 3147 785 3188 came
825 3141 881 3186 ει
925 3132 1129 3196 “Bima.
1173 3145 1238 3186 ac
1283 3131 1498 3201 spirit".
1554 3130 1784 3184 ViVimUS
1830 3137 1886 3184 ει
1910 3144 2117 3187 Sumus.
2146 3127 2204 3182 In
2232 3129 2276 3192 C
2310 3138 2363 3192 in
2378 3136 2627 3192 Mattbteo
2649 3137 2763 3191 haec
2784 3137 3046 3207 particula
3070 3139 3249 3208 posita
3271 3132 3808 3204 esset,nullavideretar

619 3226 816 3295 quibus
840 3225 1053 3295 quoties
1082 3239 1207 3279 cum
1233 3238 1545 3295 gravantur,
1587 3237 1800 3293 semper
1825 3221 2202 3277 revertendum

619 3328 705 3373 est
724 3318 790 3372 ad
815 3318 1005 3382 Deum,
1030 3328 1090 3372 ut
1135 3318 1460 3388 quandoque
1490 3331 1587 3387 per
1616 3317 1783 3371 Deum
1810 3325 1866 3370 et
1896 3317 1949 3370 in
1980 3316 2090 3370 Deo
2121 3329 2206 3369 re-

618 3410 981 3481 quiescamus.
1008 3410 1113 3465 Sed
1133 3419 1190 3465 et
1221 3409 1479 3464 Dominus
1500 3410 1553 3463 in
1587 3410 1688 3464 hoc
1717 3409 1858 3463 trino
1883 3408 2205 3463 visitationis

616 3516 731 3557 suae
755 3513 1098 3557 sacramento
1125 3501 1320 3556 trinam
1344 3509 1723 3572 pnemonstrat
1760 3510 2032 3572 gestorum
2058 3516 2201 3570 pra:-

619 3595 1018 3666 ﬁguratiouem.
1064 3595 1201 3662 Quid
1255 3610 1385 3664 ergo
1415 3595 1575 3651 tertio
1622 3610 1715 3648 eos
1742 3596 1979 3650 revisere
2019 3594 2199 3661 vellet,

618 3685 724 3740 nisi
757 3686 973 3756 aliquod
1013 3701 1265 3761 magnum
1309 3687 1362 3739 in
1409 3699 1474 3739 eo
1513 3685 1913 3755 praeﬁguraret?
1937 3684 2069 3738 Nam
2092 3685 2203 3755 pri-

618 3794 789 3841 mum,
825 3787 883 3833 ut
907 3780 1036 3841 dixi,
1073 3779 1139 3832 ad
1165 3794 1259 3833 eos
1282 3793 1555 3839 reversus,
1581 3775 1898 3848 oijurgatet
1923 3777 2196 3847 increpat;

617 3868 856 3923 secundo
882 3877 1061 3933 tacet;
1110 3869 1269 3923 tertio
1294 3883 1455 3933 vero,
1502 3867 1743 3931 dormite,
1789 3868 1989 3938 inquit,
2033 3877 2081 3921 et
2121 3883 2201 3921 re-

614 3960 881 4032 quiescite.
915 3961 1240 4016 Futurorum
1264 3977 1393 4032 ergo
1419 3962 1635 4016 habitus
1660 3962 1798 4016 ineo
1823 3971 2201 4031 praemonstra-

615 4060 725 4119 tur,
757 4052 943 4123 quales
974 4054 1073 4123 ipsi
1099 4053 1262 4108 futuri
1293 4062 1470 4108 erant.
1501 4051 1634 4106 Nam
1661 4068 1782 4106 mox
1808 4061 1925 4122 post
1954 4065 2199 4107 resurre-

613 4144 870 4206 ctionem,
902 4145 1174 4213 dispersos
1217 4158 1331 4207 eos,
1373 4159 1437 4198 ac
1473 4143 1702 4213 fugatos,
1736 4142 2034 4198 dilIidentes
2063 4158 2198 4212 quo-

612 4251 718 4305 que
747 4244 799 4289 et
828 4235 1082 4304 trepidos,
1136 4218 1481 4303 reprehendit
1508 4243 1562 4287 et
1606 4233 1887 4305 objurgat;
1930 4235 2194 4302 secundo,

609 4329 777 4383 misso
811 4326 1015 4396 Spiritu
1042 4335 1249 4389 sancto,
1280 4326 1455 4380 adhuc
1486 4335 1739 4397 gravatos
1768 4327 1972 4380 invenit
2003 4342 2195 4384 somno

609 4418 763 4490 legis,
793 4420 947 4489 cujus
1003 4420 1234 4488 caligine
1279 4418 1418 4473 oculi
1472 4434 1659 4472 eorum
1694 4418 2079 4489 gravabantur,
2124 4434 2193 4475 ne

612 4484 916 4564 libertatein
948 4484 1138 4580 gratiae
1155 4517 1209 4563 et
1231 4510 1533 4564 claritatem
1556 4484 1830 4578 Evangelii
1862 4510 2043 4565 videre
2063 4526 2190 4581 pos-
2219 4484 2271 4544 D

610 4609 749 4656 scut.
774 4598 885 4654 Nec
914 4613 1091 4653 tamen
1121 4600 1254 4656 dure
1299 4615 1393 4655 eos
1433 4600 1676 4670 increpat
1717 4601 2025 4656 visitatione
2070 4618 2187 4670 sua,

610 4691 782 4745 donec
814 4691 913 4761 ipsi
945 4691 1410 4762 expergiscantur,
1437 4707 1503 4747 ne
1542 4691 1697 4763 longe
1721 4692 1811 4748 diu
1844 4694 1978 4765 legis
2005 4710 2192 4753 amore

608 4782 810 4837 detenti
843 4784 999 4853 quasi
1026 4785 1146 4837 ﬁdei
1172 4786 1361 4839 sdmuo
1386 4786 1560 4856 pressi
1585 4786 1858 4857 Iaetargum
1892 4790 2186 4858 patiantur.

609 4873 793 4929 Tertio
832 4891 959 4929 vero
977 4878 1088 4946 jam
1115 4876 1415 4945 impetratis
1442 4879 1692 4934 omnibus
1719 4895 1749 4933 a
1780 4880 1962 4946 Patre,
1991 4882 2043 4936 in
2073 4883 2190 4939 luce

609 4964 872 5020 claritatis
898 4982 1009 5020 suae
1040 4981 1262 5022 securos
1291 4981 1387 5023 eos
1412 4969 1752 5038 requiescere
1776 4970 1948 5040 jubet,
1976 4981 2031 5026 et
2062 4974 2189 5027 bor-

608 5064 754 5110 tatur
778 5072 874 5112 eos
915 5072 1106 5113 somno
1134 5059 1286 5128 pacis
1315 5060 1572 5124 dormire,
1616 5076 1683 5116 ne
1706 5060 1931 5117 ulterius
1956 5062 2070 5130 jam
2101 5064 2185 5118 ul-

607 5146 715 5201 lum
746 5148 1024 5218 patiantur
1045 5149 1383 5205 inﬁdelitatis
1413 5150 1729 5205 discrimen.
1767 5150 1903 5217 Quia
1927 5151 2186 5222 impetra-

605 5247 721 5294 tmn
749 5250 832 5296 est
859 5242 1114 5312 precibus
1149 5240 1468 5306 Salvatoris,
1495 5255 1564 5297 ne
1591 5256 1623 5296 a
1670 5240 1776 5297 ﬁde
1817 5242 1957 5298 ullus
1996 5258 2184 5301 eorum

605 5330 838 5388 deﬁcere
863 5341 1068 5402 posset,
1100 5332 1244 5389 unde
1265 5334 1342 5387 ait
1365 5350 1382 5387 :

673 5420 914 5477 Dormite
957 5424 1071 5492 iam
1122 5433 1171 5477 et
1212 5425 1513 5494 requiescite
1535 5464 1550 5489 ,
1605 5441 1721 5480 ecce
1757 5428 2187 5500 appropinquavit

603 5514 758 5579 liora,
778 5522 826 5568 et
845 5512 989 5582 ﬁlius
1021 5515 1247 5570 hominis
1271 5516 1510 5571 tradetur
1536 5517 1591 5571 in
1616 5533 1803 5574 manus
1830 5531 2181 5589 peccatorum.

2310 3233 2656 3303 ambiguitas,
2678 3247 2840 3301 quam
2867 3232 2983 3301 ipsa
3019 3231 3266 3289 brevitas
3290 3233 3548 3288 dictorum
3583 3223 3805 3299 generavit.

2310 3320 2446 3376 Ecce
2474 3322 2606 3376 venit
2634 3322 2784 3387 hora,
2824 3321 3038 3392 surgite,
3067 3339 3278 3378 eamus.
3325 3322 3599 3391 Postquam
3615 3330 3718 3387 ergo
3733 3323 3807 3367 ter-

2310 3412 2385 3466 tio
2405 3412 2602 3475 oravit,
2647 3422 2707 3465 ut
2747 3411 2891 3467 sicut
2915 3413 2971 3466 in
2996 3427 3086 3466 ore
3136 3412 3373 3467 duorum
3398 3410 3472 3466 vel
3501 3410 3639 3464 trium
3662 3404 3811 3459 testim

2305 3512 2410 3557 stat
2439 3518 2590 3557 omne
2617 3502 2825 3557 verbum
2856 3501 3073 3574 (Matth.
3105 3518 3268 3570 xvm,
3320 3503 3443 3574 l6);
3480 3503 3548 3557 ita
3589 3508 3638 3554 et
3675 3497 3717 3551 in
3754 3491 3811 3545 his

2307 3594 2480 3649 tribus
2501 3594 2983 3665 supplicationibus
3009 3595 3188 3651 omnis
3211 3597 3396 3653 oratio
3417 3602 3590 3650 nostra
3610 3600 3812 3647 mmma-

2305 3686 2487 3752 datur,
2508 3687 2635 3757 quia
2684 3686 2737 3741 in
2761 3687 2846 3741 his
2866 3687 3120 3758 precibus
3140 3690 3334 3745 omnia
3355 3689 3547 3744 donata
3564 3691 3671 3741 sunt
3690 3681 3728 3735 ei
3745 3689 3811 3747 pro

2306 3781 2484 3846 nobis,
2506 3796 2627 3851 qua:
2648 3780 2913 3851 poposcit.
2939 3780 3007 3835 Et
3026 3781 3149 3837 ideo
3161 3780 3285 3852 jam
3310 3797 3534 3840 securus
3551 3780 3611 3836 de
3631 3772 3815 3851 passio“e

2305 3889 2433 3939 sua,
2473 3874 2648 3945 pergit
2674 3873 2889 3929 obviam
2919 3877 3373 3944 persecutoribus
3414 3876 3523 3932 suis
3566 3866 3809 3939 intrepidus.

2304 3961 2465 4019 Vadit
2492 3964 2637 4018 enim
2663 3962 2940 4019 ultroneus
2973 3965 3040 4020 ad
3076 3966 3498 4031 immolandum,
3526 3973 3578 4020 et
3596 3977 3687 4018 non
3717 3953 3814 4011 invi-

2305 4062 2411 4110 tus.
2441 4054 2505 4109 Et
2544 4056 2663 4110 ideo
2701 4056 2778 4110 ait
2807 4073 2820 4109 :
2871 4054 3104 4127 Surgite,
3139 4074 3352 4113 eamus.
3397 4059 3510 4129 Ipsa
3537 4065 3611 4111 est
3644 4059 3812 4117 namtine

2303 4144 2459 4211 bora,
2482 4146 2550 4200 de
2587 4160 2695 4215 qua
2717 4161 2879 4216 supra
2912 4146 3025 4215 jam
3052 4148 3187 4213 dixi,
3215 4167 3248 4204 a
3276 4150 3478 4205 saeculo
3516 4154 3629 4203 nota
3651 4145 3752 4205 Deo,
3775 4137 3813 4191 in

2304 4234 2508 4305 Spiritu
2536 4244 2727 4291 sancto
2753 4253 2915 4308 quam
2944 4254 3085 4309 stupe
3124 4244 3499 4310 pronuntiata.
3522 4240 3616 4295 Ista
3640 4234 3813 4291 esthora

2302 4340 2422 4396 qua:
2455 4326 2691 4381 nondum
2723 4337 2858 4391 erat,
2907 4330 3120 4398 quando
3162 4334 3336 4387 matri
3358 4323 3816 4402 loqueltatuerott-

2299 4418 2426 4469 dum
2457 4420 2590 4471 venit
2621 4417 2753 4471 liora
2800 4436 2915 4473 mea
2946 4420 3129 4491 (Joan.
3159 4438 3223 4489 ll,
3248 4424 3331 4496 4).
3376 4425 3445 4479 Ει
3480 4439 3629 4485 nunc,
3654 4429 3702 4474 ut
3730 4428 3814 4471 eam

2300 4521 2653 4577 recognoscas
2691 4508 2856 4563 dicit:
2888 4507 3026 4565 Ecce
3050 4518 3188 4567 venit
3218 4515 3395 4586 ﬂora,
3425 4515 3634 4587 surgite,
3665 4519 3815 4567 eam".

2298 4613 2367 4653 ne
2394 4598 2689 4669 imparatos
2714 4615 2813 4656 nos
2856 4601 3151 4659 inveniant.
3181 4606 3320 4674 Quae
3349 4608 3601 4663 nimirum
3621 4617 3706 4659 vox
3739 4610 3813 4652 ιιθιΙ

2298 4690 2509 4747 timoris
2555 4701 2661 4759 est,
2689 4709 2811 4763 quae
2857 4704 2967 4750 tam
2997 4697 3245 4754 ultronea
3277 4701 3560 4771 discipulis
3591 4693 3817 4767 alloquitur

2296 4790 2356 4836 ut
2376 4791 2620 4852 surgant,
2645 4800 2711 4840 ac
2738 4786 2785 4840 si
2820 4784 3102 4843 fortissimi
3131 4789 3454 4850 bellatores.
3486 4791 3690 4848 Videbat
3710 4782 3813 4840 enim

2301 4873 2344 4942 ι
2357 4873 2509 4944 121
2535 4874 2589 4929 in
2606 4875 2797 4946 spiritu
2815 4875 2928 4948 (ubi
2945 4877 3029 4933 vel
3053 4878 3189 4950 ubi),
3212 4880 3242 4935 .l
3248 4881 3414 4937 udam
3431 4876 3721 4952 proditionis
3737 4884 3815 4928 sua

2298 4963 2567 5019 insaniam
2597 4966 2972 5035 meditantem,
3010 4970 3229 5027 videbat
3253 4988 3387 5029 eum
3417 4972 3811 5045 appropinquare;

2297 5074 2402 5113 non
2427 5059 2553 5125 title,
2586 5076 2692 5116 non
2715 5063 3003 5121 charitatis
3032 5081 3241 5133 amore,
3268 5070 3365 5139 qui
3403 5085 3464 5125 se
3481 5069 3815 5139 elongaverata

2293 5150 2486 5215 salute,
2504 5154 2744 5221 peccatis
2767 5156 3112 5227 exigentibus
3132 5159 3267 5214 suis.
3292 5154 3815 5231 Appropinquante!!-

2293 5247 2402 5294 tem
2430 5249 2492 5295 ιιι
2519 5243 2753 5297 traderet
2802 5257 2964 5314 quem
2998 5245 3111 5315 jam
3149 5250 3496 5307 vendiderat.
3524 5247 3662 5305 Fecit
3681 5245 3814 5312 itali“

2290 5332 2456 5391 Judas
2479 5337 2623 5406 quod
2650 5352 2841 5393 omnes
2876 5338 3084 5396 faciunt
3114 5351 3573 5417 transgressores,
3601 5340 3680 5412 qui
3704 5336 3814 5408 Pri“

2286 5425 2523 5495 produnt
2579 5425 2805 5493 Jesum,
2869 5439 3053 5499 postea
3115 5433 3373 5503 tradunt,
3427 5435 3551 5506 quia
3602 5434 3814 5503 pem!!!

2284 5531 2405 5569 eum
2437 5528 2856 5573 consummatum
2900 5518 3083 5589 fuerit,
3128 5535 3345 5593 generat
3397 5533 3611 5579 mortem
3650 5511 3808 5588 (Imb.

604 5602 713 5659 Sed
739 5620 808 5660 ex
837 5606 943 5661 hoc
970 5604 1200 5692 diﬁlcilis
1232 5609 1410 5663 oritur
1432 5609 1682 5678 quaestio,
1712 5611 1841 5680 quia
1867 5628 1988 5667 cum
2016 5615 2183 5669 dixis-
2284 5619 2326 5670 1,
2356 5604 2466 5676 15)-

602 5701 723 5753 ut:
761 5694 995 5752 Dormite
1034 5696 1150 5767 jam
1178 5708 1227 5752 et
1273 5699 1594 5770 requiescite,
1644 5703 1901 5757 continuo
1940 5703 2176 5772 adjecit:

2356 5708 2539 5765 Adhuc
2580 5728 2640 5765 eo
2669 5711 2927 5783 loquente,
2979 5732 3094 5772 ecce
3128 5717 3302 5773 ludas
3341 5736 3481 5776 unus
3501 5734 3565 5774 ea:
3589 5708 3811 5771 dum
