4016 6354
167 334 271 393 915

904 326 1264 387 EXPOSITIO
1300 328 1366 386 IN
1406 324 1838 385 MATTHEUM.
1877 359 1950 417 -έ
1986 326 2113 384 LIB.
2153 324 2267 396 XII,
2307 328 2457 385 CAP.
2497 328 2683 385 XXVI.
2738 346 2742 350 ‘

3325 334 3430 395 9N

166 446 322 509 venit,
342 453 391 497 et
412 459 533 497 cum
554 457 615 497 eo
637 441 791 495 turba
811 440 977 495 multa
1032 458 1149 495 cum
1195 441 1386 510 gladiis
1424 451 1468 495 et
1495 441 1749 511 fustibus,
1777 444 1831 503 Α
1855 439 1909 494 in
1941 450 2123 496 monte
2149 440 2564 513 transﬁguratus
2588 441 2806 513 legitur.
2845 442 3017 511 Quam
3047 459 3178 501 sane
3198 446 3430 505 formam

165 549 227 589 ac
281 532 512 602 reliqua.
570 530 778 598 Quaerit
822 529 964 585 forte
1006 530 1206 599 aliquis
1239 545 1338 585 cur
1365 539 1473 585 tam
1522 530 1748 585 multam

168 621 416 683 miserint
449 623 660 678 turbam
694 638 817 678 cum
840 621 1036 693 gladiis
1066 628 1123 677 et
1168 620 1422 686 fustibus,
1451 630 1505 677 et
1532 622 1746 676 univer-

162 736 277 778 sam
298 720 580 775 cohortem
604 715 838 771 militum
857 714 1318 786 comprehendere
1336 713 1544 778 Jesum,
1576 714 1751 769 homi-

162 828 284 870 nem
323 810 787 881 simplicissimum
843 817 1004 880 atque
1034 808 1318 875 inermem,
1350 809 1442 878 qui
1469 808 1627 863 nullis
1650 810 1751 863 hu-

159 902 338 959 manis
366 900 689 956 fulciebatur
712 897 998 967 prasidiis.
1040 896 1156 952 Non
1186 907 1361 967 potest
1405 898 1523 953 fieri
1551 907 1610 952 ut
1634 907 1752 953 tan-

160 1004 269 1049 tam
300 994 422 1049 sine
448 1006 614 1047 causa
664 990 1026 1046 conduxeriut
1074 989 1308 1059 plebem.
1340 990 1505 1045 Forte
1526 1000 1751 1061 propter

158 1085 561 1142 multitudinem
583 1082 675 1154 qui
692 1082 804 1153 jam
830 1081 1173 1137 crediderant
1200 1082 1253 1135 in
1282 1097 1404 1136 eum
1434 1098 1501 1136 ex
1530 1082 1748 1153 populo,

160 1181 417 1237 timentes
448 1160 516 1236 ne
543 1194 738 1249 magna
788 1177 1075 1233 multitudo
1124 1179 1457 1234 credentium
1508 1194 1630 1235 eum
1685 1181 1752 1236 de

158 1273 415 1328 manibus
444 1287 632 1327 eorum
676 1271 1007 1341 prmriperet.
1041 1268 1146 1326 Sed
1179 1287 1279 1342 ego
1303 1272 1530 1327 alteram
1558 1273 1749 1328 existi-

157 1380 246 1418 mo
274 1378 499 1419 causam
528 1360 888 1417 multitudinis
908 1370 1095 1416 contra
1112 1361 1294 1417 Iesum
1316 1363 1549 1418 venisse.
1568 1363 1748 1429 Forte,

156 1454 279 1522 quia
327 1452 595 1522 putabant
621 1451 842 1520 quidam
887 1466 1075 1507 eorum
1129 1453 1187 1506 in
1234 1451 1523 1508 Beelzebub
1564 1455 1753 1523 ejicere

155 1543 421 1599 dwmonia
447 1540 599 1613 (Luc.
626 1541 837 1613 xt,15),
867 1543 1019 1611 quasi
1042 1558 1109 1597 ex
1131 1544 1452 1613 quibusdam
1473 1546 1751 1602 maleﬁciis

154 1634 398 1706 sﬂ'ugere
442 1649 624 1705 posse,
682 1644 743 1688 ut
781 1643 1004 1704 possent
1059 1649 1181 1689 eum
1241 1636 1507 1692 violenter
1537 1644 1750 1705 tenere;

153 1726 407 1782 nonnulli
430 1742 562 1797 vero
588 1741 776 1781 eorum
805 1726 1095 1782 audierant
1118 1730 1262 1797 quod
1292 1729 1603 1799 aliquando,
1626 1746 1753 1787 cum

1853 533 1933 587 sic
1960 533 2198 588 vicissim
2226 534 2562 603 temperabat
2592 544 2651 587 ut
2678 534 2970 609 unicuique
3011 547 3318 607 appareret,
3343 553 3435 596 se-

1851 623 2085 678 cundum
2127 623 2272 694 quod
2299 622 2483 679 fuerat
2510 624 2726 695 dignus,
2759 634 2815 680 et
2847 626 2960 695 ipse
3005 629 3260 698 expedire
3310 645 3437 702 pro-

1850 717 2035 773 babat.
2068 718 2217 773 Alias
2263 728 2468 785 autem,
2527 719 2655 789 quid
2704 719 2823 786 fuit,
2881 722 3022 790 quod
3073 721 3310 781 Joannes
3360 726 3438 783 ait

1851 809 1989 880 (cap.
2037 826 2193 877 xvm,
2239 811 2321 880 4),
2369 827 2492 867 cum
2545 812 2788 875 dixisset,
2846 813 3011 879 Quem
3066 819 3344 886 quteritis?
3380 828 3439 875 et

1852 900 1930 956 illi
1974 904 2404 974 respondissent,
2449 903 2633 958 Iesum
2689 904 3029 960 Nazarenam
3082 906 3230 978 (quid
3280 918 3440 980 putas

1852 994 2031 1064 qualis
2083 1005 2395 1065 quantaque
2444 997 2618 1052 virtus
2644 1012 2712 1051 ex
2758 1013 2825 1053 eo
2874 999 3120 1069 emicuit)
3172 1002 3261 1070 qui
3316 1018 3441 1058 cum

1853 1083 2100 1151 dixisset,
2145 1102 2240 1155 ego
2264 1103 2403 1150 sunt,
2440 1102 2629 1142 omnes
2655 1089 2907 1143 abierunt
2932 1098 2985 1144 et
3015 1091 3329 1147 ceciderunt
3356 1108 3443 1149 re-

1854 1183 2112 1231 trorsum.
2147 1176 2285 1244 Quid
2306 1180 2474 1248 ergo?
2500 1180 2603 1235 Istc
2656 1189 2831 1236 terror
2864 1182 2915 1236 in
2956 1198 3088 1238 voce
3117 1182 3258 1240 fuit?
3282 1202 3351 1243 an
3386 1186 3442 1243 in

1853 1265 2045 1321 vultu?
2069 1284 2137 1321 an
2166 1268 2221 1323 in
2250 1271 2512 1339 utroque?
2537 1269 2739 1326 Tamen
2765 1272 2892 1340 quid
2918 1272 3100 1339 fuerit,
3138 1283 3193 1330 et
3218 1277 3444 1332 ubicun-

1854 1371 1980 1426 que,
2009 1359 2062 1411 in
2092 1374 2225 1414 voce
2247 1375 2315 1413 an
2349 1362 2403 1415 in
2440 1361 2612 1426 vultu,
2645 1377 2737 1417 seu
2783 1363 3227 1435 qualitercunque
3255 1366 3441 1434 fuerit,

1854 1446 2205 1503 manifestum
2233 1450 2317 1504 es't
2347 1450 2475 1519 quia
2502 1451 2680 1505 divina
2729 1452 2901 1508 virtus
2936 1455 2988 1508 in
3032 1470 3096 1509 eo
3137 1455 3267 1521 fuit;
3302 1458 3446 1514 sicut

1856 1546 1911 1593 ct
1938 1538 1991 1592 in
2025 1539 2225 1609 templo
2283 1543 2501 1610 quando
2531 1558 2722 1598 omnes
2750 1544 2930 1614 ejecit.
2973 1532 3207 1602 Decebat
3242 1557 3442 1615 tamen,

1855 1637 1917 1682 ut
1937 1630 2123 1684 osculo
2158 1631 2484 1697 traderetur,
2508 1634 2600 1703 qui
2630 1650 2758 1689 suos
2795 1636 3017 1707 diligere
3063 1639 3219 1709 jubet
3268 1641 3448 1696 inimi—

1853 1730 1973 1782 cos,
2004 1717 2080 1772 ita
2104 1727 2162 1772 ut
2187 1720 2455 1788 proditori
2486 1738 2605 1787 suo,
2630 1723 2682 1777 in
2708 1724 2824 1794 ipso
2846 1727 3151 1781 traditionis
3180 1730 3290 1783 sua:
3312 1729 3449 1785 arti-

149 1817 267 1890 jam
292 1819 719 1889 praecipitandus
740 1827 887 1874 esset
907 1819 975 1873 de
1003 1820 1292 1889 supercilio
1333 1822 1553 1888 montis,
1590 1831 1645 1877 et
1672 1821 1755 1877 I'u-

1863 1805 2020 1872 culo,
2073 1809 2224 1877 pacis
2275 1810 2518 1865 osculum
2569 1828 2675 1867 non
2733 1824 2974 1884 negaret.
3029 1815 3146 1882 Quo
3203 1819 3447 1889 profecto

154 1918 316 1979 gerat
346 1925 542 1964 manus
569 1910 866 1965 tenentium
896 1925 979 1976 se,
1005 1911 1267 1982 putabant
1305 1928 1412 1968 non
1468 1913 1591 1984 fuga
1620 1914 1752 1970 sim—

153 1998 312 2069 plici,
329 2014 526 2054 manus
552 2001 852 2054 tenentium
874 2016 932 2056 se
954 2002 1214 2065 evasisse,
1234 2003 1328 2058 sed
1352 2004 1479 2059 talia
1506 2006 1753 2074 quaedam

155 2100 320 2145 extra
372 2098 622 2145 naturam
670 2091 963 2146 humanam
1012 2093 1272 2163 potuisse.
1329 2093 1492 2149 Multa
1535 2097 1754 2165 quidem

155 2180 353 2250 opinio
399 2181 463 2235 de
505 2197 572 2236 eo
620 2190 739 2236 erat
793 2183 846 2237 in
894 2183 1113 2252 populo.
1148 2184 1301 2241 Unde
1348 2195 1404 2240 et
1436 2186 1648 2241 Marcus
1680 2189 1757 2244 ait

154 2268 374 2324 dixisse
402 2270 641 2325 Iudam:
685 2271 1056 2345 Quemcunque
1110 2276 1377 2330 osculatus
1422 2276 1591 2345 fuero,
1647 2278 1758 2345 ipse

154 2369 258 2425 est,
305 2370 472 2415 tenete
502 2378 620 2414 eum
646 2362 841 2431 (Marc.
879 2379 989 2428 xiv,
1020 2363 1135 2435 44),
1191 2374 1248 2420 et
1274 2365 1559 2436 diligenter
1584 2367 1754 2422 abdu-

156 2452 299 2507 cite.
328 2450 565 2522 Maligne
594 2452 810 2522 quidem
852 2461 908 2507 et
952 2453 1228 2521 insidiose,
1282 2470 1403 2509 cum
1447 2456 1615 2511 multa
1667 2473 1759 2512 ca-

153 2544 377 2598 lumnia
407 2543 508 2598 hoc
533 2543 745 2598 videtur
766 2543 986 2609 dixisse,
1022 2552 1279 2615 tanquam
1303 2547 1348 2600 si
1377 2546 1612 2602 diceret:
1641 2547 1756 2603 Nisi

154 2634 459 2704 diligenter
500 2633 1022 2703 comprehendentes
1053 2651 1117 2690 ac
1146 2644 1392 2692 tenentes
1422 2638 1758 2695 abduxeritis

153 2740 313 2791 eum,
341 2734 401 2781 et
420 2725 808 2791 custodieritis,
839 2725 957 2795 ipse
998 2741 1121 2781 cum
1148 2727 1397 2793 voluerit,
1426 2729 1761 2799 quibuslibet

156 2817 403 2882 artibus,
436 2815 677 2886 qualibet
697 2816 920 2883 virtute,
948 2816 1166 2889 effugiet
1192 2834 1223 2873 a
1262 2819 1438 2876 vobis.
1474 2821 1569 2875 llis
1595 2823 1760 2894 igitur

156 2918 214 2965 et
263 2908 586 2978 bujusmodi
634 2907 941 2974 calumniis,
1001 2912 1297 2966 secundum
1352 2913 1760 2983 persuasionem

155 2997 345 3063 Judm,
371 2998 531 3069 quasi
562 3014 669 3054 non
693 2998 746 3052 in
771 3014 869 3053 sua
899 2999 1204 3067 divinitate,
1221 3009 1275 3056 et
1294 3004 1505 3073 paterni
1528 3004 1763 3061 nominis

156 3093 473 3157 consortio,
502 3092 606 3147 ista
635 3102 845 3162 ageret,
873 3094 959 3149 vel
987 3093 1090 3149 alia
1121 3096 1439 3166 quamplura
1468 3112 1589 3166 qua:
1619 3096 1764 3154 fece-

1856 1896 2104 1966 exemplo
2131 1898 2387 1954 docemur
2430 1902 2732 1957 evidentius
2784 1905 3031 1960 inimicos
3062 1907 3305 1977 diligere,
3349 1924 3447 1979 pa-

1858 1985 2047 2056 cisque
2088 1989 2272 2044 oscula
2301 2006 2406 2045 non
2441 2007 2657 2063 negare,
2685 2010 2859 2063 neque
2886 1995 3011 2052 ﬁcte
3042 1998 3178 2054 tales
3199 1999 3444 2071 d.ligere.

1857 2074 1974 2131 Non
2022 2079 2165 2133 enim
2195 2090 2456 2151 quantum
2494 2100 2563 2139 ex
2597 2085 2711 2155 ipso
2740 2084 2860 2151 fuit,
2892 2096 2983 2141 aut
3013 2088 3137 2145 ficte
3163 2107 3284 2145 eum
3310 2094 3449 2148 amio

1858 2182 1982 2223 cum
2012 2171 2203 2237 vocat,
2224 2182 2318 2226 aut
2342 2174 2396 2227 in
2426 2174 2550 2229 dolo
2579 2177 2650 2241 ci,
2685 2177 2766 2230 vel
2813 2178 3158 2236 simulatione
3201 2183 3450 2243 osculum

1856 2260 2106 2329 porrigit.
2170 2263 2323 2318 Unde
2368 2274 2425 2319 et
2461 2265 2620 2334 juxta
2659 2267 2862 2323 Lucam
2901 2271 2978 2324 ait
3011 2290 3023 2324 :
3057 2271 3222 2338 Juda,
3270 2274 3449 2329 osculo

1857 2348 2029 2418 ﬁlium
2082 2353 2307 2408 hominis
2337 2355 2503 2410 tradis
2544 2356 2696 2429 (Luc.
2729 2375 2845 2424 xxx,
2870 2361 2963 2431 xi)?
2991 2362 3157 2417 Multa
3180 2364 3449 2433 siquidem

1862 2439 2286 2512 interrogatione
2313 2454 2367 2499 et
2392 2445 2584 2502 affectu
2613 2449 2685 2519 pii
2709 2452 2910 2505 amoris
2949 2453 3001 2505 in
3030 2469 3096 2508 eo
3133 2465 3445 2526 exaggerat,

1863 2528 2128 2599 culpando
2148 2532 2231 2587 vel
2267 2534 2615 2606 increpando.
2651 2537 2816 2593 Multa
2848 2540 3049 2596 doloris
3079 2552 3134 2598 et
3160 2545 3361 2601 amoris
3388 2546 3447 2602 in

1862 2635 1929 2677 eo
1955 2624 2231 2693 pr0ponit,
2264 2628 2405 2682 unde
2428 2629 2531 2682 etsi
2580 2629 2968 2702 interrogative
2990 2649 3112 2689 cum
3144 2638 3289 2692 omni
3326 2653 3450 2706 gra-

1863 2713 2032 2769 vitate
2061 2715 2344 2787 Iegeadum
2376 2718 2586 2791 1123
2617 2732 2798 2788 est,ac
2824 2724 2868 2778 si
2900 2725 3206 2796 plangentis
3225 2729 3444 2797 affectu;

1865 2804 2100 2860 maxime
2126 2806 2250 2875 quia
2272 2807 2439 2863 tilium
2466 2811 2701 2867 hominis
2729 2828 2786 2868 se
2808 2824 2992 2881 vocat;
3040 2832 3106 2871 ac
3146 2818 3191 2873 si
3216 2819 3448 2887 diceret,

1865 2893 2000 2951 Cum
2028 2911 2206 2953 essem
2235 2898 2404 2956 Filius
2435 2901 2550 2968 Dei,
2584 2912 2804 2975 propter
2841 2914 2891 2961 te
2923 2906 3101 2963 factus
3144 2924 3265 2965 sum
3307 2910 3452 2966 ﬁlius

1868 2986 2123 3043 hominis.
2151 2988 2196 3045 Ο
2224 2991 2331 3060 pie,
2365 3008 2398 3047 ο
2425 2992 2824 3051 infelicissime!
2858 2998 2987 3067 quid
3013 3008 3116 3067 est,
3155 3002 3299 3071 quod
3329 3001 3453 3058 Sal-

1868 3088 2112 3134 vatorem
2142 3088 2312 3148 tuum,
2338 3085 2481 3152 quod
2506 3084 2945 3157 Redemptorem,
2965 3091 3109 3159 quod
3132 3089 3452 3163 Magistrum

156 3191 273 3239 nl.
333 3182 435 3239 vel
480 3192 762 3239 armantur
806 3185 1152 3242 multitudine
1199 3187 1452 3255 militum,
1479 3200 1764 3246 “manu”.
1790 3174 1837 3239 α
1868 3177 1923 3224 et
1949 3169 2238 3227 Dominum
2263 3181 2372 3228 tam
2396 3175 2658 3232 vilissime
2683 3179 2886 3235 tradis?
2923 3180 3037 3237 Hoc
3063 3183 3261 3254 quippe
3284 3186 3454 3240 tradis

155 3276 362 3348 gladiis
382 3284 440 3332 et
458 3276 713 3344 fustibus,
733 3288 1017 3335 armantur
1038 3280 1163 3336 dolo
1177 3288 1232 3337 et
1254 3282 1445 3339 fraude
1474 3284 1525 3339 in
1552 3284 1759 3351 osculo,

156 3384 228 3425 ne
252 3368 372 3423 ullo
396 3378 558 3440 pacto
586 3370 803 3425 virtutis
826 3372 996 3440 possit
1015 3373 1266 3429 evadere.
1302 3372 1450 3430 Unde
1473 3376 1718 3445 sequitur
1744 3391 1760 3430 :

154 3456 271 3527 Qui
302 3469 485 3513 autem
518 3460 736 3515 tradidit
767 3462 841 3516 eis
887 3464 1093 3533 signum
1121 3464 1298 3518 dicens
1326 3482 1344 3518 :
1392 3464 1764 3537 Quemcunque

156 3550 444 3605 osculatus
475 3552 626 3620 fuero
655 3554 764 3623 ipse
788 3563 883 3619 est,
919 3563 1086 3609 tenete
1113 3572 1253 3611 eum.
1290 3556 1334 3611 Ο
1374 3556 1542 3621 fraus,
1574 3572 1607 3611 ο
1635 3558 1765 3612 insi-

152 3640 292 3706 diae,
329 3657 362 3696 ο
392 3642 499 3696 doli
530 3642 827 3697 calliditas!
865 3644 959 3713 qui
990 3659 1088 3713 per
1117 3645 1362 3713 singulas
1392 3646 1666 3709 civitates,
1709 3657 1764 3703 et

154 3733 352 3796 vicos,
381 3740 439 3787 et
485 3749 788 3804 synagogas
819 3735 1210 3804 prmdicaverat
1253 3737 1464 3806 1122
1488 3736 1600 3806 jam
1653 3738 1763 3805 diu,

153 3822 241 3879 ita
278 3833 347 3878 ut
373 3823 517 3878 fama
542 3825 658 3896 ejus
687 3827 864 3881 exiret
917 3826 972 3880 in
1021 3842 1237 3883 omnem
1267 3830 1562 3900 regionem,
1597 3830 1769 3885 virtu-

156 3925 369 3987 tesque
398 3915 598 3971 multas
648 3918 701 3972 in
748 3918 945 3989 populo
974 3918 1199 3987 fecerat,
1242 3921 1296 3975 in
1328 3922 1526 3992 templo
1554 3937 1768 3993 quoque

154 4020 345 4078 quam
373 4020 520 4076 saepe
547 4022 733 4063 coram
787 4010 1039 4065 omnibus
1088 4011 1366 4078 docuerat,
1420 4013 1564 4068 unde
1610 4023 1666 4069 et
1715 4014 1768 4069 in

154 4096 369 4155 Iudaea
400 4098 776 4157 habitantibus
797 4103 1092 4157 secundum
1122 4102 1313 4160 faciem
1336 4121 1474 4175 pene
1519 4106 1770 4163 omnibus

152 4186 504 4244 manifestus
530 4201 666 4257 erat,
697 4192 826 4260 quid
856 4200 939 4247 est
960 4195 1104 4263 quod
1139 4204 1249 4249 tam
1273 4196 1561 4267 diligenter
1578 4198 1670 4253 dat
1690 4200 1771 4256 eis

150 4279 436 4350 signum?
465 4280 534 4334 Et
582 4298 689 4336 non
731 4284 1091 4355 quodcunque
1141 4286 1374 4356 signum,
1436 4289 1528 4343 sed
1556 4289 1771 4360 signum

148 4373 353 4445 pacis,
376 4371 591 4444 signum
623 4374 928 4431 concordiae
954 4382 1011 4430 et
1038 4376 1342 4443 charitatis,
1396 4379 1591 4448 quibus
1630 4379 1769 4449 ipse,

147 4465 301 4534 quia
332 4473 500 4520 notus
528 4474 666 4530 erat,
697 4467 790 4537 qui
820 4476 1105 4533 venerant,
1128 4469 1171 4523 si
1201 4470 1426 4541 nesigno
1455 4470 1594 4527 forte
1620 4482 1773 4544 pote-

147 4565 298 4613 rant
333 4557 804 4626 comprehendere
834 4573 979 4613 eum.
1003 4558 1136 4614 Nam
1161 4562 1286 4631 quia
1314 4561 1631 4620 manifestus
1652 4576 1770 4621 erat

143 4652 269 4719 eis,
330 4651 574 4705 ostendit
604 4650 721 4721 ipse
746 4651 964 4708 dicens:
995 4651 1162 4718 Quasi
1184 4654 1267 4708 'rad
1310 4653 1564 4711 latronem
1589 4659 1770 4713 existis

142 4760 287 4799 am
311 4741 514 4814 gladiis
536 4752 585 4796 et
613 4744 838 4814 fustibus
880 4745 1314 4816 comprehendere
1335 4765 1435 4813 me,
1479 4765 1596 4804 cum
1639 4767 1771 4821 quo-

140 4836 303 4890 tidie
358 4833 416 4887 in
454 4833 648 4904 templo
688 4834 951 4889 vobiscum
1008 4836 1271 4901 sedebant,
1322 4838 1531 4905 docens,
1578 4849 1627 4893 et
1664 4857 1771 4895 non

142 4925 428 4979 tenuistis
461 4940 563 4977 me.
618 4923 880 4979 Similiter
928 4932 983 4980 et
1024 4924 1262 4982 Joannes
1309 4926 1478 4982 refert
1522 4928 1766 4985 dixisse:

137 5016 286 5089 Ego
343 5015 527 5086 palam
569 5016 774 5071 locutus
827 5034 943 5072 sum
991 5018 1113 5072 huic
1162 5020 1379 5084 mundo,
1426 5036 1520 5091 ego
1573 5038 1775 5093 semper

137 5109 337 5163 docui
366 5108 423 5161 in
442 5123 709 5178 synagoga
730 5118 777 5162 et
799 5110 855 5163 in
877 5108 1087 5180 templo,
1114 5110 1201 5163 ubi
1227 5111 1406 5166 Judazi
1427 5125 1771 5171 convenerant

134 5199 371 5273 (Joan.
400 5214 554 5261 xvm,
584 5199 696 5267 20).
727 5200 793 5254 Ει
814 5200 935 5256 ideo
960 5201 1084 5270 quia
1127 5210 1236 5257 tam
1280 5203 1602 5261 manifestus
1653 5217 1772 5263 erat

132 5289 458 5354 omnibus,
478 5305 584 5343 non
614 5290 712 5344 abs
728 5305 785 5344 re
809 5292 1047 5347 arbitror
1066 5290 1266 5348 factum
1282 5294 1425 5365 quod
1447 5296 1587 5351 oculi
1610 5298 1768 5369 signo

1868 3263 2010 3333 quod
2044 3273 2265 3334 propter
2293 3274 2345 3321 te
2368 3269 2611 3338 suscepi;
2634 3281 2690 3324 et
2715 3286 2820 3325 non
2864 3274 3334 3347 qualitercunque,
3359 3278 3458 3333 sed

1866 3354 2053 3409 osculo
2076 3370 2163 3410 me
2192 3356 2384 3423 tradis,
2421 3360 2563 3427 quod
2592 3370 2675 3415 est
2709 3362 2920 3432 signum
2970 3366 3192 3430 amoris,
3233 3375 3289 3422 et
3315 3368 3460 3422 indi~

1868 3445 2012 3501 cium
2042 3463 2186 3503 vera:
2215 3448 2540 3506 dilectionis.
2567 3451 2770 3524 Pignus
2789 3454 2952 3511 offers
2978 3472 3120 3513 verae
3164 3461 3334 3529 pacis,
3359 3459 3457 3515 sed

1868 3537 2065 3593 vulnus
2088 3539 2266 3611 intigis
2294 3550 2350 3596 et
2376 3558 2641 3599 venenum
2666 3548 2951 3618 serpentis.
2985 3549 3112 3606 Haec
3161 3552 3362 3617 omnia,
3394 3560 3456 3607 ut

1868 3628 2002 3695 dixi,
2033 3639 2087 3685 et
2119 3632 2222 3687 alia
2249 3647 2409 3702 quam
2449 3635 2629 3705 plura,
2679 3653 2777 3707 per
2808 3630 3286 3712 interrogatiunem
3327 3657 3454 3713 pro-

1870 3722 2164 3778 nuntianda
2194 3732 2342 3790 sunt,
2392 3727 2549 3796 quasi
2579 3729 2810 3784 amantis
2854 3738 2908 3785 et
2960 3731 3189 3787 dolentis
3234 3731 3453 3788 affectu.

1870 3810 2138 3878 Quoniam
2170 3813 2243 3869 ita
2273 3816 2476 3871 dictum
2522 3818 2756 3887 videtur,
2793 3830 2853 3877 ut
2893 3831 2947 3878 et
2993 3827 3265 3896 correptio
3302 3834 3458 3881 sonet

1871 3902 1926 3957 in
1957 3918 2111 3971 voce,
2141 3914 2197 3960 et
2239 3905 2465 3963 allectus
2516 3910 2720 3966 amoris
2744 3926 2808 3966 ac
2849 3914 3099 3969 mmroris
3127 3914 3458 3988 intelligatur

1872 3992 1927 4048 in
1980 4005 2182 4050 mente.
2214 3996 2349 4052 Nam
2393 4007 2451 4054 et
2491 4015 2652 4070 supra
2698 4017 2839 4058 unus
2867 4017 2932 4058 ex
2964 4005 3246 4061 duodecim
3292 4006 3460 4063 fuisse

1874 4097 2352 4156 commemoratur,
2402 4099 2464 4146 ut
2489 4093 2722 4164 amplius
2767 4095 3005 4152 inculcet
3032 4084 3242 4169 culpam
3277 4102 3458 4170 prodi-

1876 4178 2028 4245 toris,
2059 4188 2114 4234 et
2138 4181 2417 4251 prophetia
2453 4182 2505 4237 in
2529 4198 2595 4239 eo
2644 4186 2911 4257 completa
2940 4188 3254 4260 diligentius
3281 4191 3459 4247 decla-

1875 4280 2025 4327 retur
2070 4290 2191 4344 quae
2234 4275 2367 4330 dicit
2405 4290 2471 4331 ex
2522 4292 2754 4348 persona
2792 4278 3049 4334 Domini:
3094 4278 3270 4335 Homo
3313 4284 3460 4353 pacis

1870 4377 2023 4428 mete,
2049 4365 2139 4435 qui
2184 4365 2365 4419 edebat
2385 4383 2547 4433 panes
2576 4383 2740 4435 meos,
2767 4369 3043 4439 ampliavit
3065 4370 3344 4427 adversum
3374 4389 3459 4428 me

1875 4456 2349 4526 supplantationem
2377 4457 2547 4530 (Psal.
2590 4476 2681 4527 xL,
2714 4462 2822 4533 10).

1795 4534 1849 4595 Β
1946 4546 2049 4613 Qui
2081 4550 2354 4620 confestim
2374 4551 2622 4606 accedens
2641 4552 2709 4605 ad
2726 4552 2911 4607 Iesum
2931 4553 3065 4610 dixit
3086 4567 3106 4607 :
3119 4555 3246 4623 Ave,
3265 4555 3454 4621 Rabbi,

1876 4652 1922 4697 et
1950 4642 2214 4698 osculatus
2254 4653 2329 4698 est
2355 4660 2493 4698 eum.
2539 4643 2683 4700 Proh
2713 4640 2917 4702 dolor!
2962 4636 3148 4704 adhuc
3193 4664 3252 4703 se
3300 4648 3458 4719 lupus

1877 4734 2053 4790 celare
2082 4735 2287 4801 vult,et
2314 4737 2434 4793 ideo
2461 4752 2584 4793 eum
2608 4739 2843 4810 primum
2867 4740 3087 4807 salutat,
3112 4740 3265 4813 quasi
3291 4739 3450 4811 pudi-

1878 4824 2271 4895 citia-pressus.
2297 4826 2415 4884 Nec
2442 4838 2620 4887 tamen
2647 4846 2770 4886 eum
2801 4832 3083 4887 Dominum
3107 4840 3284 4898 vocat,
3314 4832 3455 4888 sicut

1878 4934 1978 4976 nec
2005 4920 2058 4975 in
2076 4935 2264 4989 omna;
2289 4923 2381 4992 qui
2411 4940 2517 4979 non
2542 4940 2664 4981 eum
2694 4927 2980 4982 sinceriter
3003 4935 3222 4982 secutus
3251 4925 3451 4990 fuerat,

1880 5028 2040 5085 quem
2076 5029 2177 5071 nec
2201 5015 2370 5070 Deum
2397 5017 2668 5084 credebat,
2698 5035 2799 5075 nec
2826 5020 2987 5075 alium
3022 5036 3143 5075 eum
3175 5019 3455 5074 existima-

1878 5103 1972 5162 bat
2021 5123 2184 5178 quam
2231 5124 2396 5163 unum
2454 5124 2521 5164 ex
2579 5109 2786 5166 Scribis
2829 5120 2883 5167 et
2929 5112 3238 5169 Pharismis.
3300 5110 3455 5165 Unde

1878 5198 2062 5262 etiam,
2109 5198 2251 5267 quod
2283 5199 2513 5268 nequius
2548 5209 2654 5265 est,
2708 5202 2931 5272 magicis
2975 5202 3184 5258 artibus
3230 5201 3456 5272 putabat

1877 5300 1999 5341 eum
2016 5300 2197 5357 agere,
2213 5286 2403 5341 etideo
2429 5296 2537 5341 tam
2568 5288 2693 5343 licte
2717 5290 2770 5343 in
2791 5290 3059 5357 omnibus,
3079 5301 3240 5362 atque
3262 5289 3457 5346 callide

126 5384 315 5442 tradi
325 5391 439 5436 tur.
466 5381 621 5438 Unde
640 5398 768 5438 vera
785 5384 996 5440 videtur
1016 5384 1104 5439 illa
1133 5387 1373 5453 traditio,
1393 5389 1457 5444 de
1479 5406 1584 5459 qua
1605 5405 1766 5460 supra

115 5476 265 5547 jam
306 5473 542 5529 memini
573 5487 660 5529 me
679 5473 901 5540 dixisse,
933 5476 1057 5544 quia
1083 5485 1203 5531 erat
1228 5477 1281 5532 in
1310 5478 1447 5534 facie
1476 5480 1600 5535 Jesu
1638 5495 1770 5534 non-

114 5582 467 5638 nunquam
493 5567 741 5636 quazdam
767 5568 1064 5624 divinitatis
1092 5571 1209 5640 ejus
1248 5574 1582 5642 conspersio,
1617 5574 1689 5626 ita
1712 5582 1772 5627 ut

115 5664 277 5720 dua:
304 5659 515 5714 forma:
544 5659 596 5712 in
620 5674 686 5714 eo
710 5659 945 5715 vicissim
971 5671 1312 5731 apparerent,
1346 5679 1449 5717 una
1474 5663 1767 5718 secundum

107 5769 334 5831 quam
371 5766 569 5808 omnes
599 5767 725 5807 eum
757 5751 1035 5819 videbant,
1064 5754 1239 5810 altera
1270 5758 1563 5811 secundum
1605 5772 1767 5827 quam

1877 5378 2026 5434 illum
2079 5394 2143 5435 ac
2196 5380 2241 5434 si
2302 5380 2652 5435 vilissimum‘
2688 5383 3054 5449 pertractabat
3102 5384 3450 5453 mancipium.

1874 5469 1972 5524 Cui
1997 5470 2293 5525 Dominus:
2331 5472 2528 5535 Amice,
2561 5472 2629 5525 ad
2654 5458 2779 5542 quid
2801 5474 3022 5528 venisti?
3052 5473 3300 5528 Amicum
3329 5488 3454 5528 eum

1872 5575 2049 5629 vocat,
2073 5565 2209 5620 forte
2237 5582 2331 5636 per
2357 5567 2717 5635 antiphrasin,
2765 5568 2919 5637 quasi
2968 5568 3204 5622 amicum
3236 5564 3457 5620 nomine

1874 5665 1929 5711 et
1975 5674 2078 5711 non
2129 5659 2364 5712 amicum
2416 5674 2512 5727 per
2544 5660 2932 5729 operationem.
2970 5660 3168 5714 Verum
3196 5663 3457 5728 quantum

1873 5767 1939 5809 ex
1973 5752 2171 5823 seipse,
2221 5753 2268 5807 ei
2300 5754 2507 5808 amicus
2552 5763 2669 5809 erat
2710 5754 2978 5821 Christus,
3012 5771 3172 5826 quem
3203 5752 3459 5827 diligebat
